4044 5360
462 266 567 322 9η

1667 258 1980 316 VlC'fOlllS
2018 257 2034 311 l

2135 257 2317 312 una
2421 225 2432 234 ’
3630 263 3733 320 972

464 379 551 433 cui
580 379 694 448 ipse
720 383 947 447 praeerat
979 374 1207 429 adducto.
1238 383 1339 429 est.
1370 373 1579 428 Etcum
1610 374 1677 427 ab
1708 374 1789 427 eis
1813 372 1903 443 qui
1925 387 2044 426 eam
2078 375 2121 429 Α
2152 372 2476 435 anensem,
2518 370 2857 440 postmodum
2905 386 3031 426 vero
3082 372 3380 428 Romanam
3438 374 3732 431 Ecclesiam

462 473 769 535 duxerant,
799 479 858 523 ut
882 485 979 539 pro
1007 484 1071 523 eo
1103 467 1384 522 Dominum
1436 476 1779 536 precaretur,
1836 465 2046 534 magnis

464 560 717 630 precibus
782 560 969 615 fuisset
1029 560 1351 620 obstrictus,
1418 558 1728 612 convocatis
1788 556 2047 610 fratribus

461 649 761 703 oratorium
809 648 1063 712 intravit,
1111 657 1274 715 atque
1321 645 1505 700 multis
1551 644 1736 699 etl'usis
1793 645 2046 715 lacrymis

462 755 649 810 preces
674 754 770 808 pro
792 754 852 793 ea
880 738 1104 793 Domino
1136 737 1272 792 fudit
1293 777 1308 803 ,
1336 737 1633 807 statimque
1660 736 1728 790 ab
1758 750 1821 789 ea
1846 736 2046 790 daemo-

463 833 613 887 nium
642 830 919 901 elfngavit.

535 920 640 976 Sed
674 906 847 989 neque
894 922 996 975 hoc
1042 920 1252 986 sileatn,
1300 920 1442 990 quod
1496 918 1748 975 veridicis
1801 919 1931 975 viris
1980 920 2047 974 de

462 1011 657 1066 eodem
718 1011 1010 1065 venerabili
1064 1012 1187 1066 viro
1233 1011 1586 1065 narrantibus
1627 1010 1869 1079 agnovi,
1900 1010 2049 1079 quod

461 1099 714 1155 videlicet
746 1100 816 1154 ita
846 1100 1052 1155 clarum
1083 1109 1194 1166 est,
1232 1109 1289 1154 ut
1333 1099 1495 1155 nullis
1550 1115 1685 1169 pene
1710 1141 1724 1165 ,
1778 1101 1869 1170 qui
1902 1101 2042 1154 intra

461 1194 660 1249 muenia
712 1191 953 1260 ejusdem
1010 1193 1249 1264 praefatae
1305 1193 1457 1249 urbis
1509 1192 1769 1249 Lucensis
1797 1208 2040 1248 commo-

462 1295 688 1348 rantur,
753 1285 1026 1340 occultum
1078 1286 1149 1341 sit
1201 1285 1282 1338 vel
1341 1286 1697 1353 incognitum.
1748 1284 2043 1353 Cujusdam

461 1391 699 1444 namque
740 1378 967 1433 illustris
997 1375 1098 1431 viri
1148 1390 1288 1429 uxor
1315 1375 1629 1429 inﬁrmitate
1657 1375 1871 1429 detenta
1893 1376 2042 1445 jace-

458 1464 550 1517 bat
575 1466 629 1520 in
663 1467 887 1531 lectulo,
918 1480 1042 1535 qua:
1077 1465 1220 1519 adeo
1243 1473 1523 1519 crescente
1550 1464 1807 1535 languore
1837 1468 1905 1520 ad
1944 1481 2043 1519 ex-

456 1566 630 1611 trema
660 1561 919 1628 perducta
946 1567 1049 1622 est,
1082 1566 1138 1610 ut
1167 1573 1263 1626 per
1293 1566 1402 1610 tres
1424 1557 1539 1611 dies
1565 1556 1683 1611 sine
1712 1572 1900 1623 sensu,
1925 1558 2043 1613 sine

466 1660 594 1701 voee
645 1648 951 1710 recubans,
1000 1646 1146 1700 velut
1186 1656 1394 1700 nwrtua
1443 1645 1758 1700 haberetur.
1796 1646 2040 1716 Cumque

460 1751 647 1793 crimes
673 1739 763 1807 qui
797 1738 1060 1801 aderant,
1102 1736 1343 1791 funditus
1385 1737 1453 1791 de
1490 1736 1607 1805 ejus
1648 1738 1756 1792 vita
1787 1738 2040 1807 despera-

459 1836 597 1890 rent,
650 1828 717 1881 ad
763 1826 857 1881 Dei
890 1827 1171 1881 hominem
1218 1827 1439 1881 missum
1476 1836 1580 1891 est,
1613 1838 1671 1881 ut
1698 1844 1796 1898 pro
1827 1844 1889 1883 ea
1920 1844 2042 1883 om»-

456 1919 723 1988 nipotenti
773 1920 998 1974 Domino
1029 1919 1233 1973 hostias
1264 1934 1563 1989 precesque
1614 1918 1811 1975 offerre
1856 1920 2045 1989 digna-

460 2024 637 2071 retur.
665 2015 733 2069 At
764 2016 873 2077 ille,
905 2026 964 2068 ut
1004 2023 1122 2069 erat
1168 2014 1459 2069 benevolus
1500 2014 1704 2079 animo,
1737 2024 1791 2069 et
1825 2015 1891 2069 ad
1919 2031 2047 2085 sup-

463 2105 779 2176 plicantium
831 2116 954 2159 vota
1010 2115 1267 2174 paratus,
1310 2122 1433 2160 mox
1474 2106 1903 2161 sacerdotalibus
1957 2108 2039 2160 in-

464 2198 628 2251 dutus
665 2197 906 2252 vestibus
967 2196 1033 2251 ad
1092 2195 1265 2251 altare
1306 2197 1661 2265 omnipotenti
1714 2197 1822 2251 Deo
1873 2197 2043 2252 sacri-

456 2290 638 2344 ficium
678 2288 967 2344 oblaturus
1008 2290 1259 2345 accessit.
1310 2288 1481 2359 igitur
1524 2304 1646 2344 cum
1698 2288 1837 2343 intra
1885 2304 2043 2345 sacra

455 2383 745 2438 missarum
780 2382 1042 2437 solemnia
1079 2397 1273 2437 nomen
1324 2381 1468 2437 illius
1506 2392 1921 2447 memoraretur,
1950 2381 2039 2437 illa

460 2474 515 2530 in
548 2474 711 2529 domo
758 2472 1006 2544 propria,
1056 2473 1214 2544 longe
1266 2487 1296 2527 a
1356 2471 1691 2527 monasterio
1733 2471 1931 2541 posita,
1971 2486 2041 2525 ex

453 2564 652 2622 lectulo
680 2565 731 2619 in
761 2580 871 2636 quo
893 2565 1047 2634 quasi
1094 2564 1361 2619 exanimis
1405 2563 1645 2633 iacebat,
1693 2570 1950 2632 tanquam
1991 2562 2042 2616 si

455 2656 523 2711 ab
548 2655 730 2725 aliquo
752 2664 1063 2720 vocaretur,
1098 2653 1400 2723 respondit.
1447 2653 1691 2723 Cumque
1716 2653 1784 2708 ab
1814 2652 1921 2708 illis
1943 2654 2039 2722 qui

453 2745 677 2800 aderant
709 2745 1136 2814 interrogaretur
1163 2744 1292 2814 quid
1320 2744 1552 2806 diceret,
1573 2744 1661 2800 vel
1690 2744 1776 2800 cui
1809 2757 2035 2813 reSpou-

456 2853 574 2892 sum
602 2838 859 2903 dedisset,
884 2837 975 2892 illa
1008 2838 1182 2906 inquit
1222 2856 1235 2891 :
1276 2838 1537 2892 Dominus
1561 2836 1795 2893 Joannes
1826 2852 2033 2907 praepo-

456 2931 595 2984 situs
623 2930 870 3000 nunquid
908 2945 1013 2984 non
1062 2938 1147 2985 est
1178 2930 1302 2985 hic?
1338 2931 1453 2999 ipse
1491 2930 1636 2985 enim
1675 2931 1888 2985 vocavit
1917 2947 2031 2997 me,

454 3019 643 3090 illique
676 3021 952 3091 respondi.
998 3021 1068 3075 At
1110 3020 1185 3075 illi
1234 3020 1593 3091 obstupefacti
1616 3037 1685 3077 ex
1725 3031 1833 3077 tam
1867 3022 2032 3078 inusi-

452 3120 584 3175 tato,
614 3120 725 3166 tam
753 3111 978 3178 celebri,
1006 3121 1225 3183 tamque
1245 3113 1583 3183 obstupendo
1610 3113 1896 3179 miraculo,
1922 3124 2030 3169 tum

450 3202 574 3271 quia
609 3202 752 3258 illam
777 3219 899 3274 quae
921 3204 1034 3260 fere
1057 3206 1325 3260 exanimis
1348 3205 1617 3276 jacuerat,
1648 3221 1837 3261 sanam
1896 3222 2033 3276 pene

454 3304 511 3349 et
538 3295 865 3353 incolumem
892 3296 1179 3363 videbant;
1211 3305 1322 3353 tum
1349 3299 1475 3368 quia
1516 3312 1704 3353 vocem
1731 3298 1877 3353 illius
1920 3306 2030 3353 tam

454 3384 612 3458 longe
648 3388 809 3458 positi
845 3388 1063 3444 audisse
1087 3404 1146 3446 se
1172 3388 1464 3455 referebat,
1484 3389 1669 3444 statim
1701 3398 2033 3444 curaverunt

449 3481 517 3533 ad
541 3482 932 3537 monasterium
962 3482 1181 3538 nuntios
1212 3483 1456 3548 mittere,
1482 3490 1541 3536 ut
1565 3481 1695 3551 quid
1723 3496 1915 3536 servus
1937 3481 2028 3535 Dei

448 3583 630 3641 ageret
684 3583 1075 3645 agnoscerent,
1122 3583 1179 3630 et
1232 3574 1581 3629 indicarent:
1616 3572 1802 3643 procul
1866 3572 2030 3627 dubio

450 3664 759 3727 credentes,
788 3666 930 3731 quod
960 3680 1065 3719 non
1098 3665 1194 3719 abs
1229 3679 1288 3718 re
1316 3664 1515 3718 mulier
1544 3672 1651 3717 tam
1685 3662 1942 3719 celeriter
1970 3663 2023 3718 in

452 3753 654 3808 lectulo
682 3755 1049 3819 surrexisset,
1082 3770 1510 3825 responsumque
1562 3755 1816 3809 dedisset.
1863 3754 2028 3811 Cum-

454 3859 564 3913 que
593 3844 666 3898 illi
720 3844 813 3914 qui
846 3845 995 3900 missi
1028 3848 1243 3901 fuerant
1276 3846 1344 3900 ad
1376 3845 1693 3901 monasterii
1721 3847 2024 3901 oratorium

450 3938 769 4002 intrassent,
799 3938 973 4000 virum
1007 3937 1105 3992 Dei
1149 3937 1470 3991 invenerunt
1501 3936 1655 4005 juxta
1685 3936 1855 3993 altare
1880 3948 2027 3993 stan-

449 4038 578 4092 tem,
611 4043 674 4083 ac
704 4043 803 4097 pro
827 4044 891 4083 ea
924 4028 1333 4099 longinquitatis
1359 4029 1567 4083 auctori
1605 4028 1831 4085 Domino
1852 4030 2022 4084 saeri~

446 4119 627 4173 licium
667 4118 1012 4186 offerentem;
1047 4129 1103 4175 et
1152 4118 1423 4175 subtiliter
1478 4128 1734 4175 notantes
1802 4120 2019 4186 horam,

445 4220 764 4280 repererunt
790 4212 981 4267 eodem
1005 4221 1303 4277 momento,
1332 4227 1438 4283 quo
1467 4212 1607 4267 intra
1634 4228 1794 4268 sacra
1821 4214 2019 4269 missa—

444 4316 563 4355 rum
587 4302 851 4358 solemnia
875 4304 1147 4359 nominata
1171 4314 1275 4371 est,
1293 4320 1415 4361 eam
1440 4320 1508 4361 ex
1536 4305 1678 4361 lecto
1692 4307 2019 4371 surrexisse,

444 4409 880 4466 responsumque
914 4397 1150 4452 dedisse.

514 4488 707 4544 Felicis
728 4490 890 4546 etiam
920 4490 1196 4545 memoria:
1216 4489 1294 4561 (9)
1322 4489 1380 4545 S.
1406 4490 1712 4547 Alexander
1760 4505 1896 4561 papa
1941 4491 2024 4544 vir

442 4574 837 4633 disertissimus
857 4593 921 4633 ac
957 4577 1357 4634 eruditissimus
1380 4579 1591 4634 exstitit
1624 4599 1638 4634 λ
1671 4582 1759 4650 qui
1788 4581 2022 4649 primum

513 4748 593 4822 (9)
619 4748 726 4822 Hie
755 4749 855 4806 fuit
878 4751 1184 4809 Alexander
1214 4767 1347 4822 papa
1384 4751 1449 4818 ll,
1480 4761 1695 4808 creatus
1740 4769 1883 4809 anno
1924 4754 2021 4807 llo-

608 4820 734 4875 1061
764 4837 778 4887 ;
825 4823 1055 4877 moritur
1082 4820 1570 4879 Retnie’miraculis
1591 4823 1841 4889 illustris,
1876 4839 2020 4878 anno

513 4959 625 5029 (10)
660 4958 916 5031 Relertur
940 4962 1104 5016 etiam
1126 4963 1229 5017 hoc
1258 4962 1577 5017 miraculum
1606 4978 1635 5016 a
1671 4963 1851 5018 Leone
1876 4964 2017 5031 Ost.,

440 5026 536 5099 lib.
564 5026 629 5099 μ’,
654 5044 774 5098 cap.
803 5029 894 5091 92,
919 5040 974 5083 et
998 5047 1027 5083 a
1056 5030 1276 5099 Darem,
1321 5048 1463 5086 anno
1510 5032 1719 5087 Domini
1768 5034 1927 5098 l070,
1961 5026 2015 5089 n.

439 5097 535 5153 εξ.
561 5098 618 5151 In
642 5097 818 5168 grmca
843 5099 1008 5172 etiam
1032 5102 1249 5155 natione
1264 5097 1444 5163 elucet
1469 5102 1569 5157 ista
1598 5102 1771 5172 pietas
1799 5097 2014 5158 bibendi

442 5183 639 5252 aquam
655 5183 765 5252 qua
786 5169 1043 5252 sacerdos
1070 5173 1504 5252 post'missarnm
1536 5169 1794 5252 solemnia
1829 5188 2019 5227 manus

801 5238 867 5262 αδ
893 5239 1072 5266 ’.καῖρε
1088 5241 1428 5274 ωρηῖΙ-ιιηηης
1455 5242 1788 5280 νοηθΙΙαηιΙςια
1811 5260 1823 5271 ⁸
1857 5252 2017 5284 Inclu-

2150 465 2307 528 rexit,
2335 480 2399 518 ex
2433 463 2586 532 cujus
2610 479 2704 519 ore
2740 480 2824 529 ea,
2862 480 2982 535 qua:
3012 481 3155 521 nunc
3182 467 3358 522 refero
3384 508 3400 532 ,
3440 468 3508 522 de
3538 469 3735 523 eodem

2151 554 2439 611 venerabili
2486 555 2599 609 \‘iro
2647 554 2862 609 audisse
2914 571 2999 610 tne
3027 556 3270 626 contigit.
3319 555 3453 611 Cum
3497 558 3733 626 quodam

2150 656 2390 717 tempore
2450 646 2590 701 idem
2644 644 2898 716 praefatus
2947 646 3185 716 pontifex
3237 645 3384 701 febre
3450 656 3733 717 correptus

2146 738 2381 806 graviter
2408 746 2753 807 :rgrotasset,
2786 746 2841 792 et
2874 738 3113 806 quotidie
3148 737 3403 809 languore
3450 748 3733 794 crescente

2148 828 2523 883 vehementius
2573 827 2919 898 fatigaretur,
2968 841 3184 897 repente
3225 832 3275 885 ei
3309 832 3375 885 ad
3414 833 3725 886 memoriam

2149 918 2301 972 rediit
2350 920 2498 988 quod
2538 916 2680 972 fama
2724 918 2977 989 vulgante
3030 921 3095 974 de
3134 920 3397 989 praadicto
3434 936 3591 975 servo
3632 910 3732 974 Dei

2146 1008 2343 1077 sa‘pius
2380 1008 2624 1063 audierat
2656 1026 2670 1063 :
2702 1011 2845 1079 quod
2896 1010 3162 1076 videlicet,
3220 1011 3525 1082 quicunque
3579 1013 3728 1066 febre

2146 1099 2394 1154 detentus
2446 1100 2716 1155 hausisset
2748 1102 2858 1171 (l0)
2913 1117 2978 1155 ex
3018 1117 3156 1172 aqua
3193 1118 3313 1173 quae
3361 1104 3428 1158 de
3479 1104 3732 1159 manibus

2146 1193 2314 1260 ipsius
2379 1190 2678 1258 deﬂuebat,
2743 1194 2869 1248 dum
2947 1206 3064 1265 post
3123 1197 3413 1252 missarum
3466 1199 3731 1253 solemnia

2145 1281 2473 1347 ablueretur,
2503 1298 2625 1336 mox
2661 1294 2879 1351 recepta
2902 1286 3133 1340 sanitate
3161 1286 3498 1341 liberaretur.
3526 1286 3725 1341 Laten-

2147 1380 2229 1424 ter
2259 1372 2423 1441 igitur
2462 1372 2608 1426 misit
2637 1373 2729 1442 qui
2753 1374 2853 1429 sibi
2897 1390 2966 1429 ex
3009 1376 3096 1431 illa
3146 1391 3283 1446 aqua
3331 1378 3727 1446 aliquantulum

2145 1462 2337 1515 all‘erte
2364 1463 2699 1518 debuissent.
2732 1464 2975 1534 Cumque
3019 1467 3103 1531 hi,
3154 1469 3245 1537 qui
3294 1470 3441 1523 missi
3475 1469 3727 1533 fuerant,

2144 1568 2337 1621 aquam
2385 1569 2546 1622 quam
2598 1554 2966 1623 postulaverat
2992 1557 3333 1623 attulissent,
3363 1575 3485 1614 mox
3522 1560 3731 1622 ebibit.

2146 1656 2306 1715 atque
2337 1647 2411 1699 ita
2445 1657 2665 1716 repente
2697 1650 2914 1704 sanitati
2952 1651 3191 1719 pristina:
3221 1654 3500 1709 restitutus
3527 1663 3636 1717 est,
3670 1664 3728 1709 ut

2072 1718 2113 1775 Β
2144 1739 2287 1792 nulla
2319 1740 2369 1792 in
2399 1755 2463 1794 eo
2492 1741 2763 1812 languoris
2791 1742 2932 1797 illius
2962 1744 3154 1799 indicia
3181 1758 3541 1801 remanerent.

2212 1832 2365 1886 Alius
2394 1850 2607 1904 quoque
2656 1835 2738 1889 vir
2779 1837 3102 1893 venerabilis
3127 1840 3283 1904 vitm,
3320 1840 3584 1894 Guinizzo
3611 1842 3654 1911 (l
3677 1842 3725 1907 Ι)

2144 1924 2379 1987 nomine,
2410 1934 2586 1980 mente
2609 1934 2662 1981 et
2688 1926 2874 1982 habitu
2905 1930 3204 1985 monachus
3231 1929 3349 1992 fuit,
3374 1931 3464 2000 qui
3495 1947 3559 1986 ex
3590 1932 3727 1986 ulte-

2145 2013 2274 2065 riori
2303 2012 2553 2083 llispauia
2574 2027 2816 2071 nostrum
2849 2019 2915 2072 ad
2946 2020 3250 2074 etenobium
3276 2022 3520 2085 veniens,
3545 2022 3596 2075 in
3624 2023 3727 2075 hac

2145 2104 2318 2158 vicina
2372 2105 2503 2159 silva
2550 2122 2653 2161 non
2704 2124 2869 2178 parvo
2907 2120 3146 2180 tempore
3195 2112 3358 2165 vitam
3426 2112 3726 2166 solitariam

2143 2195 2319 2259 duxit,
2373 2197 2571 2266 ubique
2610 2198 2663 2253 in
2705 2199 3089 2270 omnipotentis
3127 2201 3335 2255 Domini
3362 2200 3487 2257 Iesu
3518 2204 3723 2258 Chriszi

2142 2284 2365 2337 Servilio
2386 2285 2546 2338 vitam
2570 2286 2761 2341 finivit.
2796 2287 2870 2341 De
2892 2304 2998 2357 quo
3028 2289 3316 2343 venerabili
3342 2291 3458 2344 viro
3484 2290 3723 2345 Joannes

2141 2374 2309 2427 abbas
2343 2374 2653 2428 monasterii
2685 2374 2742 2429 S.
2776 2376 3066 2442 Viueentii,
3095 2378 3183 2431 siti
3211 2378 3367 2447 juxta
3396 2390 3570 2433 ortum
3602 2379 3723 2433 Vul-

2144 2463 2284 2516 turni
2332 2464 2539 2530 anmis,
2572 2466 2660 2534 qui
2697 2465 2744 2519 ei
2786 2466 3242 2523 familiarissimus
3269 2467 3399 2535 fuit,
3430 2470 3594 2524 multa
3624 2472 3723 2524 mi-

2142 2556 2309 2609 ramla
2335 2557 2487 2622 mihi,
2512 2572 2634 2612 cum
2666 2558 2842 2613 adhuc
2865 2560 2918 2613 in
2943 2568 3129 2615 nostro
3151 2564 3480 2618 monasterio
3508 2579 3717 2633 prapo-

2138 2648 2323 2701 δίωκε
2374 2664 2560 2703 curam
2612 2657 2858 2719 gereret,
2905 2651 3108 2707 referre
3158 2652 3348 2709 solitus
3383 2662 3520 2709 erat.
3557 2653 3721 2721 Cujus

2139 2738 2430 2809 discipulus
2452 2739 2741 2796 Ianuarius
2766 2741 2877 2812 (l2)
2897 2742 3134 2807 nomine,
3151 2758 3355 2812 magna:
3377 2743 3717 2807 obedienti.r,

2139 2847 2453 2903 magnaeque
2483 2832 2821 2888 abstinentiae
2863 2835 3158 2889 monachus
3197 2836 3428 2889 exstitit.
3457 2835 3557 2902 Qui
3589 2836 3713 2890 dum

2136 2926 2367 2992 qundam
2403 2934 2645 2994 tempore
2668 2942 2698 2980 a
2727 2927 2987 2997 magistro
3016 2942 3134 2994 suo,
3153 2928 3443 2983 venerabili
3468 2929 3716 2982 videlicet

2136 3016 2487 3083 Gniuizzone,
2503 3024 2563 3070 ut
2585 3016 2913 3073 ferramenta
2936 3018 3130 3088 quibus
3149 3020 3362 3089 operari
3392 3020 3534 3075 soliti
3560 3030 3715 3074 erant

2139 3110 2401 3175 reficeret,
2452 3109 2725 3179 Aquinum
2776 3112 2973 3165 missus
3016 3110 3246 3176 fuisset,
3305 3112 3522 3166 domum
3575 3112 3708 3165 fabri

2135 3200 2345 3255 ferrarii
2388 3202 2514 3255 adiit
2536 3242 2550 3267 ,
2579 3211 2741 3272 atque
2786 3202 2854 3256 ab
2884 3217 2947 3257 eo
2975 3205 3159 3259 eadem
3192 3204 3519 3260 ferramenta
3560 3220 3711 3274 repa-

2134 3292 2275 3355 rari,
2306 3293 2428 3347 data
2468 3294 2741 3359 mercede,
2774 3293 3035 3363 poposcit.
3066 3292 3240 3349 Faber
3277 3310 3405 3351 vero
3449 3296 3706 3351 ferrarius

2132 3385 2296 3453 cmpit
2324 3400 2447 3438 eum
2480 3385 2733 3451 irridere,
2757 3386 2983 3440 dicens:
3018 3384 3154 3442 Num
3197 3404 3261 3443 ex
3304 3402 3441 3457 [iane
3479 3397 3533 3443 et
3570 3403 3705 3457 aqua

2133 3475 2410 3529 solitarius
2438 3476 2538 3529 iste
2587 3487 2693 3529 tam
2742 3476 3073 3532 rubicundus
3117 3487 3330 3548 tamque
3360 3481 3578 3550 pinguis
3608 3497 3699 3533 ex-

2130 3574 2236 3620 stat
2263 3567 2395 3637 (l3).
2429 3566 2614 3619 ltubor
2640 3567 2763 3631 istc,
2789 3577 2841 3619 ut
2871 3567 2999 3622 mihi
3031 3569 3263 3635 videtur,
3292 3571 3459 3642 magis
3488 3587 3553 3625 ex
3586 3573 3703 3626 vino

2130 3674 2291 3729 quam
2314 3674 2379 3712 ex
2411 3659 2568 3713 latice
2608 3660 2801 3715 hausto
2834 3662 3098 3731 procedit.
3138 3664 3207 3716 At
3240 3664 3325 3718 ille
3352 3682 3363 3719 :
3400 3664 3593 3730 llodie,
3626 3669 3700 3720 iu-

2128 3754 2265 3822 quit,
2297 3753 2389 3807 tibi
2419 3764 2599 3806 utrum
2628 3769 2693 3807 ex
2722 3764 2916 3808 natura
2945 3770 3013 3808 an
3050 3772 3115 3810 ex
3147 3756 3357 3811 assidua
3398 3758 3504 3811 viui
3554 3766 3701 3827 pota-

2131 3847 2275 3901 tione
2318 3846 2512 3901 rubore
2552 3862 2915 3917 conspergar,
2950 3849 3247 3904 ostendam.
3283 3849 3416 3905 Cum
3442 3866 3569 3904 Vero
3598 3850 3699 3903 (ςι-

2130 3956 2246 3993 rum
2271 3940 2323 3993 in
2351 3939 2529 4008 ignem
2560 3939 2783 3993 missum
2809 3939 3156 3996 vehementer
3178 3942 3440 4003 ferveret,
3467 3951 3522 3995 ct
3553 3943 3700 3995 faber

2128 4029 2429 4095 ferrarius,
2485 4028 2537 4083 id
2590 4039 2870 4099 acceptum
2938 4032 3183 4100 forcipe,
3232 4048 3397 4103 super
3453 4033 3697 4087 incudem

2126 4119 2428 4187 posuisset,
2458 4134 2523 4173 ac
2546 4119 2826 4184 scintillae,
2859 4119 2964 4174 huc
2990 4121 3223 4190 illucque
3250 4122 3488 4190 undique
3511 4121 3693 4177 volan-

2128 4218 2231 4273 tes,
2258 4218 2423 4262 totam
2451 4224 2588 4278 pem:
2619 4208 2837 4263 domum
2870 4208 3305 4276 illustravissent,
3340 4226 3467 4265 casu
3498 4210 3695 4265 ferrum

2124 4315 2190 4353 cx
2222 4300 2414 4354 incude
2451 4300 2503 4353 in
2539 4308 2737 4353 terram
2761 4300 3017 4355 desiliens
3041 4301 3253 4356 cecidit.
3283 4303 3451 4373 Igitur
3473 4318 3696 4357 venera-

2054 4413 2103 4471 ι)
2131 4392 2252 4447 bilis
2305 4393 2387 4446 vir
2428 4391 2717 4447 Ianuarius
2747 4433 2761 4457 ,
2807 4392 3007 4448 ferrum
3055 4412 3118 4449 ex
3171 4396 3363 4449 incude
3438 4396 3695 4451 cecidisse

2127 4482 2498 4551 conspiciens,
2552 4483 2817 4538 inclinans
2860 4498 3016 4548 sese,
3047 4482 3259 4539 fervens
3302 4484 3506 4540 ferrum
3557 4488 3693 4540 nuda

2124 4590 2285 4632 manu
2313 4576 2502 4635 tenuit.
2530 4584 2586 4631 et
2606 4591 2767 4646 super
2790 4576 3035 4633 incudem
3058 4593 3280 4647 ponens,
3307 4578 3691 4645 malleatorem.

2124 4753 2240 4814 dus.
2271 4761 2326 4808 et
2354 4753 2414 4823 in
2444 4751 2718 4823 Martyrol.
2764 4751 3108 4823 Benedictino
3140 4752 3282 4823 inter
3308 4763 3550 4818 sanctos.
3596 4752 3691 4809 sub

2122 4824 2209 4877 die
2228 4824 2298 4877 26
2323 4822 2443 4876 Maii
2478 4822 2797 4886 recensitus,
2824 4822 2977 4889 cujus
3008 4832 3125 4876 acta
3149 4822 3418 4891 descripta
3445 4826 3688 4879 videntur

2121 4895 2261 4961 apud
2284 4893 2517 4947 Leonem
2546 4893 2687 4956 0st.,
2720 4893 2809 4947 lib.
2842 4909 2924 4953 ιιι.
2957 4907 3006 4947 c.
3039 4892 3126 4957 47,
3155 4902 3209 4944 et
3243 4894 3687 4958 Petr.Diac.,lib.

2121 4962 2199 5016 De
2215 4975 2334 5016 ortu
2376 4962 2517 5015 Just.
2542 4964 2747 5026 t.‘asin.,
2792 4978 2840 5017 c.
2872 4962 2980 5023 50;
3016 4978 3124 5031 quo
3154 4962 3273 5017 loco
3298 4965 3466 5017 etiam
3492 4979 3692 5019 memo-

2122 5044 2311 5086 rant-ar
2330 5032 2454 5085 dial.
2491 5032 2769 5088 Desidcrii.

2192 5101 2303 5171 (t2)
2346 5102 2419 5154 De
2450 5100 2708 5171 Januario
2745 5102 2975 5158 habetur
3013 5104 3216 5158 mentio
3248 5104 3301 5157 in
3328 5102 3449 5159 Vita
3477 5102 3691 5157 Guiniz-

2120 5170 2271 5244 zonis
2297 5173 2562 5244 descripta
2595 5170 2713 5244 a_P.
2748 5173 2993 5238 Diacon.,
3040 5172 3136 5226 lib.
3188 5174 3264 5229 De
3308 5190 3394 5227 or.
3418 5174 3687 5244 justorum

2118 5240 2393 5286 Caninium-
2431 5240 2603 5286 minito.
2633 5242 2724 5286 λη-
