4044 5360
210 4845 243 4917 'i‘.

285 390 390 444 973

1525 381 1816 442 Dl.\l.03l.
1844 417 1912 425 —
1951 382 2073 440 LIB.
2116 381 2156 438 Ι.

3427 382 3534 438 973

284 518 342 561 ιιι
371 503 693 576 quantocius
722 498 772 560 id
797 512 1124 576 percuteret,
1153 505 1400 559 hortatus
1426 513 1526 558 cst.
1559 505 1628 557 At
1657 503 1732 557 illi
1769 502 1862 572 qui
1890 505 1934 564 Α
1964 497 2328 568 egredientem
2349 508 2378 549 e
2400 509 2622 564 corpore
2650 495 2884 550 animam
2918 491 3056 551 illius
3079 496 3259 553 videre
3281 500 3533 567 potuerit,

281 596 510 650 aderant
537 594 652 650 viso
675 603 820 648 tanto
849 593 1128 657 miraculo,
1155 592 1319 648 nimio
1343 607 1539 662 pavore
1565 593 1858 661 perterriti,

284 686 515 755 pedibus
546 684 663 754 ejus
690 683 979 754 provoluti,
1009 683 1217 737 veniam
1245 698 1311 737 ex
1340 683 1586 736 irrisione
1617 697 1778 751 quam
1807 683 1858 735 iu

280 795 410 834 cum
449 787 829 844 exercuerant,
863 777 1139 832 humiliter
1166 775 1445 846 deprecati
1476 784 1621 830 sunt.
1663 775 1860 842 Sicque

283 870 492 925 factum
549 879 632 925 est
677 879 736 924 ut
792 869 968 923 omnis
1012 867 1104 923 illa
1146 867 1327 923 irrisio
1373 867 1424 922 in
1456 865 1859 921 venerationem

282 974 439 1014 versa
474 960 564 1024 sit,
595 973 758 1030 quam
787 957 935 1012 stulti
973 956 1220 1011 homines
1267 956 1319 1009 in
1372 955 1463 1010 Dei
1496 969 1711 1010 servum
1738 967 1857 1022 pro-

281 1050 490 1106 caciter
518 1049 720 1105 inferre
761 1057 1230 1119 priesumpserant.
1265 1047 1448 1115 Itaque
1477 1063 1598 1102 cum
1634 1061 1860 1101 venera-

280 1141 407 1196 bilis
431 1140 514 1194 vir
545 1139 612 1194 ad
645 1140 984 1210 magistrum,
1028 1149 1192 1208 atque
1237 1140 1303 1194 ail
1350 1139 1542 1194 cellam
1575 1146 1860 1209 propterea

284 1241 612 1297 remeasset,
644 1231 711 1287 ab
736 1247 801 1286 eo
842 1231 1190 1286 vehementer
1237 1239 1515 1298 correptus
1562 1239 1674 1292 est,
1718 1227 1860 1297 quod

282 1325 667 1380 insultantibus
699 1325 916 1390 cedens,
945 1323 1073 1377 talia
1102 1324 1155 1376 iii
1180 1323 1350 1377 oculis
1381 1323 1657 1377 hominum
1683 1321 1860 1375 facere

281 1417 731 1486 prtesumpsisset.
787 1415 1027 1484 Cumque
1083 1414 1170 1468 ille
1205 1415 1347 1468 unde
1400 1416 1503 1469 hoc
1555 1413 1742 1478 sciret,
1772 1411 1857 1467 vel

280 1508 404 1576 quis
437 1507 537 1561 sibi
566 1507 876 1571 indicasset,
909 1503 1512 1574 percunctaretunllle,
1544 1505 1735 1574 inquit,
1765 1503 1855 1574 qui

284 1594 378 1650 tibi
406 1595 658 1666 prmstitit
686 1604 744 1650 ut
765 1610 950 1666 posses
973 1592 1186 1660 facere,
1211 1593 1342 1647 mihi
1371 1594 1533 1649 etiam
1567 1603 1622 1647 iit
1651 1595 1856 1664 possim

279 1702 441 1742 θαι-θ.

353 1775 686 1847 TheOpliilus.
767 1777 901 1832 Cum
981 1776 1241 1832 Dominus
1289 1776 1434 1831 dicat
1472 1793 1485 1828 :
1517 1775 1710 1831 Luceat
1766 1776 1858 1830 tua:

280 1879 448 1922 vestra
500 1886 677 1922 coram
740 1869 1069 1931 hominibus,
1127 1877 1182 1922 ut
1237 1865 1444 1925 rideant
1499 1880 1665 1922 vestra
1723 1869 1858 1922 bona
1891 1846 1930 1901 Β

278 1978 438 2028 opera
457 2001 471 2024 ,
497 1970 544 2014 et
571 1959 862 2030 glori/irent
895 1959 1105 2014 Patrem
1135 1970 1357 2013 vestrum
1386 1961 1475 2030 qui
1513 1961 1565 2013 in
1607 1958 1745 2014 curiis
1785 1970 1857 2013 est

279 2051 435 2122 (Luc.
465 2054 590 2123 xu),
623 2053 750 2122 quid
779 2063 856 2108 est
890 2052 1033 2122 quod
1069 2052 1243 2107 sancti
1269 2051 1368 2106 viri
1397 2053 1534 2107 bozia
1559 2068 1652 2106 sua
1679 2051 1861 2107 occul-

278 2155 418 2208 tant,
448 2155 501 2201 et
529 2162 595 2200 ne
623 2147 690 2200 ab
736 2143 1009 2215 aliquibus
1067 2139 1372 2210 videantur,
1397 2144 1545 2199 omni
1591 2143 1711 2198 nisu
1743 2142 1858 2198 ela-

277 2234 508 2290 boraut?

349 2320 675 2379 Desiderius.
733 2322 844 2396 (lt)
875 2321 1058 2378 Sancti
1089 2321 1190 2376 viri
1218 2323 1318 2377 etsi
1345 2322 1668 2392 quandoque
1695 2337 1857 2393 opera

276 2430 374 2471 sua
421 2416 710 2472 ostendant
759 2416 808 2470 in
850 2416 1098 2486 publico,
1151 2415 1378 2470 intentio
1426 2427 1602 2471 tamen
1645 2415 1857 2471 illorum

279 2515 463 2560 manet
494 2507 547 2561 in
588 2507 832 2573 occulto;
869 2522 964 2577 per
993 2507 1095 2562 hoc
1125 2507 1269 2561 enim
1299 2509 1440 2576 quod
1487 2507 1628 2562 intus
1659 2519 1856 2578 agunt,

276 2595 465 2652 laudes
528 2596 771 2651 exterius
813 2611 920 2650 non
981 2596 1448 2666 requirunt,quia
1490 2604 1543 2650 et
1597 2595 1661 2651 de
1718 2597 1858 2650 bono

274 2700 442 2756 Opere
483 2687 747 2757 proximis
784 2687 1011 2756 cupiunt
1058 2688 1299 2755 pra'bere
1341 2686 1666 2756 exemplum,
1696 2696 1749 2742 et
1779 2697 1860 2741 ta-

276 2793 423 2842 men,
454 2793 553 2848 per
581 2778 970 2844 intentionem,
996 2794 1100 2849 qna
1131 2778 1228 2832 soli
1265 2777 1374 2833 Deo
1405 2779 1616 2849 placere
1649 2779 1858 2835 deside-

277 2877 423 2934 rant,
463 2885 676 2940 semper
697 2879 886 2940 optant
929 2886 1048 2926 esse
1084 2881 1372 2927 secretum.
1405 2871 1576 2939 Tunc,
1615 2875 1855 2944 inquam,

274 2958 418 3014 bona
457 2976 553 3015 sua
619 2962 881 3016 occultari
931 2973 1218 3034 appetunt,
1271 2967 1486 3035 quando
1555 2984 1621 3024 ex
1669 2984 1857 3024 eorum

276 3053 650 3124 propalatione
681 3055 881 3109 nullum
911 3057 1212 3110 animarum
1249 3056 1478 3122 lucrum,
1519 3061 1724 3114 nullum
1748 3061 1858 3115 fra-

277 3153 450 3199 terna:
506 3145 667 3200 saluti
734 3147 1156 3202 emolumentum
1212 3160 1445 3204 ccrniint
1520 3152 1924 3242 adfuturunnc

276 3235 411 3291 Cum
447 3245 624 3292 autem
680 3238 874 3293 exinde
922 3240 990 3295 ad
1044 3241 1272 3310 gloriam
1321 3242 1706 3312 onniipotentis
1762 3245 1854 3300 Dei

277 3323 486 3399 aliquid
513 3343 572 3384 se
603 3326 801 3385 lucrari
828 3347 987 3402 posse
1017 3333 1389 3403 conspiciunt,
1437 3342 1565 3390 tunc
1592 3336 1726 3390 bona
1759 3354 1856 3391 sua

275 3418 540 3475 declarari
585 3436 650 3476 ac
702 3422 966 3492 propalari
1017 3424 1316 3492 patiuntur,
1344 3425 1470 3494 quia
1511 3439 1616 3480 non
1662 3443 1853 3492 suam,

275 3508 370 3564 sed
395 3509 703 3567 Conditoris
738 3513 820 3567 sui
852 3513 1063 3569 laudem
1095 3514 1395 3584 requirunt.

347 3597 684 3671 Theophilus.
737 3603 883 3659 Satis
912 3613 1098 3675 aperta
1131 3605 1267 3661 ratio
1295 3615 1485 3676 patet,
1522 3622 1621 3663 nec
1655 3608 1856 3679 aliquid

275 3693 402 3750 inde
433 3694 574 3747 ultra
607 3696 988 3766 requirendum
1012 3706 1162 3766 puto.

347 3784 673 3840 Desiderius.
734 3787 808 3842 Ea
845 3803 1059 3857 quoque
1083 3804 1202 3858 quae
1240 3788 1306 3844 de
1339 3789 1440 3845 hoc
1463 3791 1678 3861 egregio
1704 3792 1819 3846 viro
1839 3833 1852 3856 ,

273 3877 528 3933 videlicet
571 3877 930 3945 Guinizzone,
953 3877 1186 3937 Joannes
1215 3882 1501 3952 religiosus
1537 3884 1854 3947 monachus,

274 3968 367 4040 qui
401 3967 452 4021 in
485 3968 589 4022 bac
637 3969 811 4022 vicina
857 3969 991 4024 silva
1021 3972 1120 4026 sub
1160 3956 1540 4027 anachoretica
1571 3973 1854 4044 disciplina

276 4057 553 4114 solitarius
599 4069 986 4125 commoratur,
1015 4062 1205 4116 solitus
1246 4072 1330 4117 est
1377 4061 1603 4128 referre,
1633 4064 1853 4134 ilignum

275 4147 407 4207 duxi
449 4153 577 4209 huic
623 4165 811 4210 nostro
855 4157 1127 4212 associare
1168 4158 1383 4225 libello;
1421 4159 1631 4214 dicebat
1659 4162 1801 4214 enini
1835 4177 1852 4212 :

274 4242 412 4308 Quia
470 4259 594 4298 cum
638 4246 813 4300 adhuc
868 4246 922 4301 in
977 4247 1351 4302 Beneventana
1397 4248 1614 4304 civitate
1669 4251 1723 4303 in
1756 4267 1855 4305 suo

275 4335 608 4390 tiionasterio
639 4336 875 4406 degeret,
900 4336 1132 4406 quadam
1163 4338 1248 4392 die
1287 4338 1502 4408 quidam
1547 4337 1638 4393 Dei
1668 4354 1856 4394 servus

274 4427 417 4491 sibi,
461 4425 694 4496 aliisque
745 4427 1003 4483 fratribus
1048 4429 1137 4498 qui
1177 4428 1248 4482 ibi
1290 4429 1547 4494 aderant,
1582 4429 1851 4494 intulerit,

1963 600 2015 641 et
2046 602 2150 640 non
2179 584 2498 640 adhibentes
2521 585 2704 650 fidem,
2729 588 3002 642 subtiliter
3031 590 3353 644 studuerunt
3387 590 3538 646 inda-

1962 691 2109 746 gare.
2172 675 2238 729 Et
2290 683 2562 744 repertum
2602 685 2685 730 est
2731 691 2795 730 eo
2841 676 2927 730 die
2977 676 3126 731 illiini
3177 679 3537 734 venerabilem

1965 765 2137 818 virum
2168 765 2417 820 emisisse
2464 766 2734 833 animam,
2772 782 2877 837 quo
2907 769 3198 838 praalictus
3230 770 3322 825 Dei
3348 786 3538 826 serius

1960 852 2251 910 Beneventi
2283 857 2490 926 positus
2516 857 2754 928 agnovit.

2036 943 2139 1000 Sed
2166 960 2340 1016 neque
2363 948 2464 1002 hoc
2497 949 2710 1014 tacebo,
2735 950 2874 1018 quod
2904 949 2968 1004 de
2996 948 3250 1006 Maizciiso
3275 952 3541 1008 monacho

1961 1033 2222 1092 fratribus
2245 1035 2604 1092 referentibus
2632 1038 3020 1109 agnmi,qncxu
3053 1039 3164 1109 ipse
3189 1041 3242 1094 in
3273 1051 3540 1095 monaste-

1962 1127 2044 1182 rio
2075 1127 2282 1196 positus
2328 1127 2466 1194 vidi,
2506 1128 2931 1197 nosuoiucjazn
2977 1139 3218 1199 tempore
3253 1128 3541 1185 defunctus

1961 1227 2063 1272 est.
2097 1217 2198 1286 Qui
2231 1234 2353 1274 cum
2384 1234 2450 1274 ex
2490 1220 2697 1290 Apulia:
2725 1221 2971 1290 partibus
3020 1222 3390 1277 conversionis
3417 1238 3540 1292 gra-

1965 1309 2034 1363 tia
2061 1308 2165 1362 huc
2189 1309 2452 1373 venisset,
2483 1325 2511 1362 a
2539 1308 2792 1363 ltidierio
2828 1309 2938 1380 (-15)
2969 1311 3162 1365 abbate
3189 1319 3372 1366 nostro
3392 1327 3538 1382 pra:-

1963 1400 2248 1456 deccssore
2277 1411 2580 1470 susceptus,
2599 1400 2824 1455 fratrum
2855 1404 3258 1474 congregationi
3301 1405 3541 1459 sociatus

1959 1499 2062 1546 est.
2095 1491 2279 1562 Itaque
2311 1492 2366 1546 in
2398 1492 2725 1547 monasterio
2753 1507 3006 1561 corpore,
3037 1493 3091 1547 in
3124 1493 3320 1549 Sit-culo
3360 1503 3540 1549 mente

1961 1583 2180 1656 degens,
2207 1599 2421 1654 semper
2448 1593 2662 1638 ttrrcna
2696 1600 2924 1654 quaeque
2945 1586 3306 1642 meditabatur
3337 1605 3540 1644 :omize

1962 1676 2338 1746 magisterium
2389 1675 2652 1746 regularis
2681 1677 2978 1746 disciplina:
3009 1679 3108 1732 sibi
3138 1695 3303 1750 εν..γο
3332 1691 3389 1735 et
3431 1682 3537 1736 im-

1960 1766 2222 1834 portabilc
2254 1766 2557 1822 videbatur.
2588 1765 2738 1823 Tunc
2765 1770 2931 1839 cwpit
2957 1769 3023 1822 ab
3050 1770 3244 1824 abbate
3265 1771 3538 1826 licentiam

1961 1869 2169 1928 petere,
2224 1857 2532 1930 multasque
2579 1860 2894 1914 occasiones
2933 1862 3248 1917 adinveiiire
3291 1878 3397 1934 qua
3442 1879 3540 1933 pa-

1965 1951 2122 2005 triam
2173 1962 2529 2022 parentesque
2551 1961 2732 2024 posset
2779 1953 3038 2008 revisere.
3082 1955 3324 2024 Cumque
3353 1957 3422 2010 ab
3452 1955 3542 2010 ab-

1960 2043 2086 2107 bate
2115 2058 2213 2097 suo
2232 2043 2434 2111 sacpius
2460 2041 2646 2098 fuisset
2674 2044 3000 2110 admonitus,
3027 2055 3085 2098 ut
3107 2045 3245 2099 viam
3271 2048 3537 2111 veritatis,

1961 2149 2123 2204 quam
2155 2135 2322 2190 semel
2353 2137 2681 2207 arripuerat,
2709 2137 2763 2191 in
2806 2138 2997 2193 melius
3027 2139 3316 2209 proﬁciens
3353 2142 3420 2197 de
3451 2142 3538 2196 die

1963 2227 2016 2280 in
2047 2227 2186 2283 diem
2217 2230 2284 2282 ad
2328 2231 2489 2284 linem
2539 2245 2708 2300 usque
2738 2231 3054 2299 perducere,
3089 2234 3333 2304 deposita
3358 2237 3538 2292 omnis

1963 2320 2195 2390 torporis
2223 2320 2458 2391 ignavia,
2488 2335 2830 2391 summopere
2858 2323 3122 2390 studeret,
3141 2340 3208 2379 ne
3230 2324 3538 2398 fuitejusta

1959 2411 2286 2466 sententiam
2339 2409 2550 2465 Domini
2598 2409 2751 2481 (Luc.
2794 2427 2880 2478 ix,
2930 2413 3044 2483 6'2),
3077 2424 3318 2470 aratrum
3349 2427 3541 2472 tenens

1963 2514 2214 2574 retroque
2254 2491 2550 2575 reSpiciens
2583 2518 2749 2576 iegno
2785 2506 3046 2561 cmlorum
3086 2491 3243 2579 aptus
3281 2525 3400 2565 esse
3431 2527 3538 2565 no.i

1961 2607 2172 2664 posset;
2202 2606 2351 2652 etne
2381 2612 2606 2653 uxorein
2649 2597 2752 2652 Lot
2801 2599 3023 2655 iinizans
3052 2600 3106 2654 in
3144 2611 3382 2658 statuam
3409 2605 3541 2660 satis

1962 2702 2150 2742 versus
2175 2682 2327 2758 (Gen.
2380 2703 2497 2753 xix,
2550 2686 2658 2761 16),
2692 2689 3022 2745 horrendum
3075 2693 3290 2748 cunctis
3327 2702 3541 2764 specta-

1959 2778 2140 2832 culum
2166 2779 2434 2848 przcberet
2453 2797 2465 2832 :
2487 2779 2575 2835 ille
2604 2780 2956 2837 nihilominus
2988 2781 3164 2854 (cuius
3189 2767 3344 2842 mens
3369 2788 3542 2842 semel

1960 2884 1989 2921 a
2020 2868 2260 2939 maligno
2287 2870 2508 2924 obsessa
2549 2869 2761 2941 fuerat)
2808 2873 2953 2926 nullo
3000 2874 3158 2930 modo
3202 2876 3539 2947 quiescebat,

1958 2960 2054 3014 sed
2070 2960 2311 3030 quotidie
2340 2959 2592 3016 abbatem
2623 2961 2934 3034 fratresque
2962 2966 3214 3033 precibus
3240 2967 3538 3038 fatigando.

1960 3061 2019 3103 ut
2050 3064 2172 3105 eum
2198 3051 2428 3119 patriam
2456 3052 2694 3108 revisere
2722 3053 2986 3118 sinerent,
3014 3070 3082 3109 0.;
3108 3055 3323 3112 nimode
3349 3067 3538 3128 postu-

1960 3140 2124 3196 labat.
2158 3141 2402 3212 Cumque
2446 3158 2596 3212 spcm
2626 3144 2886 3198 redeundi
2931 3143 3247 3199 frusratam
3291 3147 3393 3203 sibi
3420 3164 3541 3203 esse

1958 3232 2298 3301 conSpiceret
2325 3271 2339 3297 ,
2372 3233 2511 3286 claui
2559 3233 2624 3286 de
2668 3235 3000 3289 monasterio
3047 3251 3296 3306 egressus
3323 3276 3336 3300 ,
3390 3253 3542 3292 more

1958 3326 2164 3398 fugacis
2190 3327 2328 3381 servi
2366 3338 2660 3382 nocturnas
2707 3330 2961 3383 tcnebras
3006 3342 3248 3399 captans,
3303 3340 3360 3384 ut
3387 3331 3543 3385 canis

1957 3420 2026 3474 ad
2071 3435 2228 3474 suum
2281 3418 2543 3473 vomitum
2573 3420 2641 3473 ad
2695 3421 2922 3488 patriam
2956 3422 3101 3491 (ιδ),
3131 3420 3346 3476 diabolo
3383 3421 3541 3476 insti-

1957 3519 2140 3583 gante,
2174 3525 2426 3566 reversus
2457 3521 2571 3576 est,
2603 3520 2767 3581 atque
2797 3512 2850 3566 in
2882 3522 3165 3582 parentum
3201 3514 3358 3568 domo
3383 3528 3539 3568 nian-

1957 3607 2154 3670 sitans,
2187 3603 2521 3660 szeculariter
2549 3603 2647 3670 ibi,
2679 3603 3073 3675 utjamduduiii
3123 3616 3319 3671 mente,
3343 3621 3541 3663 conce-

1956 3706 2132 3766 perat,
2167 3697 2347 3752 vivere
2389 3697 2576 3768 cmpit.
2622 3696 2732 3752 Sed
2773 3713 2896 3752 cum
2949 3697 3020 3753 ab
3045 3698 3243 3754 abbate
3291 3715 3392 3755 suo
3441 3715 3540 3769 per

1956 3790 2205 3844 nuntium
2236 3804 2379 3860 sape
2419 3789 2613 3845 fuisset
2649 3791 2957 3847 admonitus
3002 3801 3061 3846 ut
3102 3793 3170 3847 ad
3222 3794 3542 3859 monasterii.

1954 3880 2190 3936 claustra
2226 3881 2454 3948 rediret,
2487 3890 2543 3937 et
2572 3881 2685 3949 ille,
2732 3883 2988 3937 saliitazia
3013 3887 3214 3939 monita
3245 3886 3537 3956 parvipei_.-

1957 3973 2126 4039 deus,
2179 3974 2558 4044 obtemperare
2603 3975 2927 4046 negligerct,
2977 3978 3047 4032 ab
3100 3979 3290 4032 colem
3338 3977 3538 4034 abbate

1957 4065 2337 4121 communione
2385 4066 2626 4135 privatus
2676 4077 2779 4122 est.
2848 4067 3005 4122 Cuur
3030 4068 3216 4137 itaque
3259 4083 3367 4122 non
3415 4080 3538 4139 post

1959 4154 2158 4209 inultos
2197 4155 2313 4209 dies
2344 4155 2620 4224 paululum
2650 4155 2911 4224 languore
2945 4167 3224 4227 correptus
3254 4157 3309 4214 in
3337 4157 3536 4214 lectulo

1959 4247 2247 4312 resideret,
2281 4249 2574 4301 immanem
2630 4247 2842 4303 leonem
2889 4249 3283 4317 ingredientem
3324 4251 3525 4306 ostium

1953 4351 2018 4391 ac
2043 4347 2230 4391 contra
2264 4351 2321 4391 se
2345 4346 2533 4404 aperto
2559 4350 2653 4390 ore
2681 4337 2986 4392 venientem
3016 4340 3211 4393 cernit.
3240 4341 3311 4394 At
3347 4340 3435 4397 ille
3459 4342 3528 4395 ad

1957 4427 2253 4496 ingressum
2277 4426 2472 4481 ferocis
2511 4426 2700 4482 bestia:
2730 4428 2981 4496 territus,
3012 4433 3175 4501 (cepit
3197 4433 3409 4503 magnis
3440 4448 3533 4486 vo-

275 4514 469 4572 dicens
499 4533 513 4570 :
545 4516 650 4572 Pro
686 4527 836 4572 certo
868 4519 1052 4573 sciatis
1095 4519 1257 4573 hodie
1310 4519 1544 4588 aliquem
1596 4537 1848 4590 magnum
1887 4524 1929 4577 Ι)
1955 4519 2108 4572 cibus
2135 4517 2393 4582 clamare,
2425 4518 2612 4573 dicens
2652 4536 2666 4572 :
2708 4517 2957 4586 Currite,
2998 4523 3232 4588 currite,
3266 4525 3394 4594 quia
3444 4525 3534 4580 leo

274 4611 455 4663 virum
485 4624 516 4664 e
547 4611 830 4665 monachis
872 4611 1011 4681 apud
1050 4621 1286 4666 montem
1335 4611 1587 4666 Casinum
1634 4628 1697 4668 ex
1749 4615 1852 4669 hoc

275 4685 480 4755 mundo
505 4699 766 4770 migrasse
801 4700 869 4754 ad
912 4701 1197 4756 Dominum
1228 4719 1241 4754 :
1271 4701 1412 4771 quod
1443 4701 1516 4756 illi
1549 4703 1849 4768 audientes,

277 4790 463 4845 mirati
509 4800 670 4859 sunt,
722 4793 866 4863 quod
909 4807 1007 4862 per
1051 4793 1322 4864 octoginta
1380 4790 1551 4848 ferme
1603 4793 1852 4850 milliaria

348 4917 1074 5024 (14)Videntur'desumpta
1110 4962 1175 5002 ex
1207 4947 1392 5002 homil.
1439 4947 1500 5002 tl
1533 4947 1586 5002 in
1645 4948 1850 5024 Evang.

279 5015 337 5068 S.
376 5015 604 5086 Gregor.
637 5033 761 5086 pan.

347 5086 459 5126 “Si
489 5079 790 5126 “nichil-oin:
835 5095 1054 5126 omnlin-
1119 5087 1284 5126 aliine
1325 5086 1510 5126 Cain,
1557 5103 1698 5126 onnn
1747 5093 1822 5126 nn

1956 4609 2058 4665 iste
2080 4624 2167 4664 me
2197 4609 2462 4664 devorare
2493 4611 2792 4666 contendit.
2821 4612 2932 4668 Leo
2963 4629 3092 4669 vero
3121 4614 3342 4687 rugiens
3373 4617 3534 4671 irruit

1957 4701 2008 4755 in
2055 4717 2212 4768 eum,
2260 4711 2312 4758 et
2357 4705 2632 4771 mordens,
2667 4722 2861 4770 coxam
2912 4707 3056 4763 illius
3091 4710 3528 4778 apprehendens.

1955 4796 2248 4852 maximum
2279 4813 2346 4852 ex.
2384 4815 2448 4854 ea
2490 4798 2673 4854 carnis
2724 4799 2956 4856 frustum
2997 4803 3296 4870 abstraxit,
3347 4805 3536 4872 sicque

1955 4951 2116 5007 hodie
2139 4952 2344 5008 ostendi
2376 4953 2551 5006 locum
2597 4952 2650 5006 in
2681 4953 2943 5009 descensu
2993 4956 3196 5011 montis
3241 4956 3423 5012 Casini
3470 4954 3538 5008 ad

1958 5022 2217 5104 Sanctum
2248 5023 2598 5088 Germanum,
2617 5022 2668 5110 iii
2693 5039 2798 5107 quo
2823 5026 2995 5080 Draco
3023 5027 3313 5110 monacho,
3343 5028 3395 5082 in
3423 5040 3541 5079 mo-

1959 5093 2196 5126 IIOL'ILIII:I\
2221 5106 2534 5126 ΠΩΡΙΙὶηΙΊΩΡΔ
2561 5092 2761 5126 ηιιΙΩηΙῖ
2792 5107 2838 5126 Δ.
2868 5108 3051 5126 Mal-‘1:
3082 5099 3298 5126 ηυρλ-..10⁵
3361 5109 3532 5126 ann“-

3599 871 3620 923 ξ
