4044 5360
491 351 602 410 9ἷ5’

1743 339 2056 396 VICTORIS
2107 338 2170 392 lil
2219 335 2417 393 PAPrE

3645 331 3760 416 sta

488 459 610 522 eum
641 471 1058 525 ementatumac
1083 468 1406 524 seminecem
1444 463 1752 534 relinquens
1781 463 2058 532 disparuit.
2097 469 2136 526 Α
2172 462 2330 515 tintos
2365 475 2426 514 ex
2465 457 2632 514 latere
2689 473 2786 513 suo
2835 457 2978 512 viros
3021 455 3260 525 Capuam
3290 454 3505 510 mittere
3546 453 3748 524 placuit

487 561 736 631 Cumque
773 561 953 631 plures
999 561 1064 614 ad
1107 559 1396 615 clamorem
1445 558 1593 613 vocis
1639 557 1780 610 illius
1813 557 2069 625 obstupe—

491 651 620 708 facti
668 663 1090 718 concurrerent,
1139 654 1351 708 leonem
1403 651 1617 722 quidem
1667 649 1888 704 minime
1917 647 2070 702 vide-

493 750 639 809 runt,
667 745 760 800 sed
795 753 1122 800 emcnlatum
1161 758 1226 797 ac
1275 742 1600 796 setttineccm
1659 737 1983 794 monachum
2019 737 2071 790 itt

495 843 638 888 terra
689 841 1020 904 prostratum
1072 834 1415 888 invenerunt.
1471 831 1654 902 Itaque
1706 845 1827 886 cum
1873 845 1995 885 ettm
2043 844 2072 882 a

495 931 639 1004 torta
669 921 976 986 elevarent,
1025 921 1297 1004 paululum
1351 930 1564 990 recepto
1618 921 1835 992 spiritu,
1881 929 2074 1000 cuncta

505 1027 626 1081 ane
675 1013 777 1069 sibi
829 1016 1140 1070 acciderant
1195 1029 1294 1084 per
1341 1014 1583 1070 ordinem
1651 1011 1877 1084 pandit,
1915 1019 1970 1066 et
2019 1018 2076 1065 ut

495 1101 822 1174 quantocius
871 1122 929 1161 se
959 1107 1026 1160 ad
1063 1106 1450 1162 monasterium
1484 1105 1824 1170 reducerent,
1851 1103 2076 1174 prepiu-

497 1210 632 1264 quos
654 1211 716 1252 ac
739 1197 950 1251 vicinos
974 1183 1453 1268 obnixeprecatus
1482 1203 1587 1251 est.
1624 1193 1949 1266 Propinquis
1979 1193 2078 1264 igi-

497 1296 584 1338 tur
635 1285 750 1354 ejus
799 1294 923 1342 voto
955 1285 1480 1356 obtemperantibus,
1537 1286 1604 1339 ad
1659 1273 1852 1339 cellam
1917 1279 2077 1354 hujus

499 1379 666 1432 nostri
697 1377 1010 1434 monasterii
1034 1418 1049 1444 ,
1073 1393 1194 1450 qnte
1222 1386 1411 1432 contra
1455 1373 1780 1430 Asculanum
1821 1375 2074 1444 oppidum

495 1470 598 1524 sita
629 1477 727 1536 est,
760 1485 882 1524 eunt
909 1477 1298 1539 portaverunt,
1327 1467 1508 1537 ibique
1540 1453 1662 1538 pust
1693 1464 1962 1535 paululum
1995 1481 2079 1519 re-

497 1573 753 1632 cuperata
776 1563 1031 1630 sanitate,
1060 1562 1163 1616 huc
1190 1560 1254 1615 ad
1283 1559 1665 1616 monasterium
1693 1567 1776 1615 est
1803 1572 2076 1622 reversus,

501 1668 562 1707 ac
587 1670 650 1707 ex
680 1663 986 1724 perpetrata
1027 1653 1182 1722 culpa
1203 1694 1217 1718 ,
1249 1651 1565 1722 pcenitentia
1615 1659 1834 1721 accepta
1853 1691 1867 1716 ,
1895 1649 2078 1720 plures

505 1753 692 1812 postea
721 1744 772 1798 itt
804 1751 1004 1798 sanctae
1050 1741 1476 1796 conversationis
1511 1741 1694 1794 habitu
1725 1739 1858 1794 vixit
1883 1753 2074 1793 annos.

495 1807 522 1832 Γ
576 1831 910 1902 Tamphilus.
988 1831 1280 1888 Monachus
1333 1831 1467 1897 istc,
1517 1843 1576 1887 ut
1629 1831 1824 1896 video,
1871 1829 2076 1885 idcirco
2111 1807 2150 1863 η

499 1921 674 1985 leoni,
717 1921 772 1976 id
799 1933 882 1977 est
907 1921 1154 1987 diabolo,
1191 1921 1472 1978 visibiliter
1502 1922 1568 1976 ad
1598 1930 1808 1992 tempus
1845 1921 2084 1976 traditus.

498 2013 620 2074 est,
655 2021 712 2066 ut
754 2005 1099 2082 postmodum
1146 2011 1488 2068 invisibiliter
1533 2011 1602 2067 ab
1645 2010 1762 2080 ejus
1811 2019 2080 2082 poteStata

503 2105 714 2160 liberari
747 2105 800 2159 in
829 2101 1145 2175 perpetuum
1176 2115 1496 2159 mereretur.

521 2195 526 2200 ⁷
575 2196 894 2250 Desiderius.
949 2195 1039 2251 Vis
1083 2197 1244 2251 etiam
1294 2204 1352 2250 ut
1424 2209 1643 2250 narrem
1697 2194 1790 2250 tibi
1847 2195 2079 2265 qualiter

499 2287 840 2358 omnipotens
870 2285 1010 2340 Dens
1053 2285 1154 2341 hoc
1205 2286 1596 2340 monasrerium
1627 2285 1691 2340 de
1721 2295 2078 2357 tyrannorum

499 2379 747 2433 manibus
811 2391 1026 2447 semper
1087 2377 1323 2447 eripuit,
1395 2387 1558 2445 atque
1615 2376 1682 2430 ab
1734 2375 2076 2430 inimicorum

497 2471 878 2535 infestatione,
929 2469 1140 2525 meritis
1187 2470 1330 2525 beati
1387 2469 1442 2524 ιι.
1499 2467 1805 2534 Benedicti,
1857 2471 2078 2526 dextera

503 2579 617 2618 suae
638 2563 938 2620 divinitatis
954 2563 1221 2633 protexit?

575 2655 907 2726 Theophilus.
957 2653 1124 2709 Narra
1182 2655 1458 2724 quodlibet
1513 2669 1632 2710 nam
1680 2655 1843 2711 alacri
1875 2656 2082 2722 animo,

497 2747 690 2801 devota
723 2755 900 2802 tuente
929 2747 1256 2817 attentisque
1285 2748 1506 2804 auribus
1527 2763 1611 2803 me
1653 2760 1813 2805 cunct
1841 2747 1955 2804 lucc
1984 2764 2080 2804 au-

500 2837 734 2892 scultare
763 2837 1038 2908 proﬁteor.

567 2927 886 2982 Desiderius.
913 2927 1256 2998 Pandulpltus
1277 2925 1562 2998 Capttantts
1584 2943 1832 3000 princeps
1849 2929 1981 3002 (li).
2001 2931 2080 2985 vir

497 3018 911 3088 potentissimus.
950 3033 1014 3073 ac
1053 3019 1349 3075 ditissimus
1381 3019 1503 3082 fuit,
1535 3020 1626 3089 qui
1673 3017 2074 3084 latrocinando,

498 3115 793 3166 humanum
861 3111 1178 3182 sanguinem
1237 3109 1532 3178 fundendo,
1576 3111 1844 3176 civitates,
1882 3113 2074 3184 oppida

495 3217 560 3255 ac
601 3199 830 3254 aliornut
861 3201 1060 3270 przcdia
1093 3201 1444 3256 circumcirca
1487 3201 1816 3256 manentium
1849 3200 2076 3256 crudeli-

498 3303 578 3348 ter
607 3291 877 3357 auferens,
901 3307 998 3347 suo
1027 3291 1262 3347 subdidit
1291 3291 1616 3347 dominatui:
1643 3294 1842 3362 quique
1863 3301 2074 3363 stupra,

495 3385 700 3450 caedes,
735 3385 953 3455 rapinas
977 3379 1471 3454 'distractionesque
1525 3385 1787 3440 bonorum
1819 3385 2075 3440 ecclesia-

497 3493 614 3532 rum
655 3477 820 3531 tnttlta
855 3493 952 3548 per
988 3486 1260 3548 tempora,
1291 3479 1496 3548 absque
1536 3478 1643 3533 ulla
1695 3479 2072 3544 miseratione,

497 3567 875 3623 insatiabiliter
903 3569 1194 3624 "exercuit.
1255 3569 1420 3639 igitur
1471 3583 1594 3624 cum
1642 3569 1905 3638 plurimas
1947 3585 2079 3640 opes

493 3653 696 3712 Christi
735 3657 980 3713 ecclesiis
1004 3657 1259 3727 diripiens
1285 3657 1623 3722 abstulisset,
1655 3661 1835 3714 omnia
1865 3673 2073 3725 casua,

493 3744 654 3802 villas
701 3761 766 3802 ac
790 3747 992 3816 praedia
1019 3743 1177 3816 hujus
1207 3749 1520 3802 monasterii
1567 3749 1859 3817 cupiditate
1888 3751 2079 3806 ductus

495 3836 758 3912 sacrilega
817 3836 1060 3903 abstulit,
1115 3840 1190 3892 ita
1238 3847 1298 3892 ut
1345 3853 1444 3893 nec
1481 3854 1644 3893 unum
1697 3839 1956 3895 rusticum
1985 3841 2074 3911 qui

498 3943 621 3986 rura
653 3927 880 3991 coleret,
907 3927 994 3980 vel
1022 3943 1146 3980 rura
1167 3942 1286 3996 qua:
1309 3943 1336 3980 a
1367 3927 1568 3983 rustico
1597 3929 1922 3996 colerentur,
1963 3946 2077 3986 tuo-

497 4019 686 4072 nacbis
714 4017 1042 4085 reliquisset.
1071 4016 1296 4085 Insuper
1323 4018 1488 4072 etiam
1515 4033 1732 4073 omnem
1765 4020 2074 4075 thesaurum

497 4105 656 4176 hujus
684 4107 1000 4166 monasterii
1047 4107 1302 4162 auferens
1343 4109 1672 4177 asportavit,
1703 4123 1768 4164 ac
1815 4109 1868 4164 in
1919 4123 2073 4176 arce,

495 4216 792 4271 quamnon
825 4202 979 4274 longe
1006 4217 1034 4256 a
1063 4203 1316 4273 Capuana
1369 4204 1520 4269 urbe,
1565 4204 1616 4258 in
1675 4213 1858 4259 monte
1885 4206 1975 4274 qui
2016 4205 2073 4259 S.

493 4299 718 4366 Agatltze
766 4299 1036 4369 martyris.
1079 4297 1275 4354 dicitur
1301 4298 1435 4370 (l8),
1457 4307 1858 4362 construxerat,
1889 4300 1941 4352 in
1970 4313 2072 4369 qua

497 4393 660 4447 multa
691 4393 860 4464 spolia
896 4395 1296 4463 orpltanorum,
1323 4396 1608 4450 viduarum
1640 4403 1693 4450 ct
1719 4395 2072 4450 ecclesiarum

2173 549 2488 619 Pandulpha
2513 547 2765 618 principi,
2787 547 2892 610 cui,
2921 555 2988 600 ut-
3004 547 3142 602 boua
3167 545 3226 600 S.
3249 543 3522 600 Benedicti
3553 541 3756 611 injuste

2175 655 2203 694 a
2234 655 2292 696 se
2321 637 2520 702 ablata,
2566 637 2712 693 omni
2761 635 3054 707 postposita
3083 634 3645 702 tutorarrestiuteret,
3699 643 3755 687 et

2176 734 2386 791 nobiles
2407 734 2492 788 vel
2528 731 2816 804 cujuslibet
2855 730 3069 802 generis
3095 732 3264 796 viros,
3305 745 3442 800 quos
3467 739 3662 799 captos
3689 745 3758 783 ac

2179 839 2376 895 magno
2427 823 2554 879 ferri
2599 823 2835 893 pondere
2879 835 3150 878 connexos
3189 821 3388 876 multos
3427 821 3482 875 in
3529 833 3754 876 carcere

2177 917 2486 980 detinebat,
2543 913 2866 978 dimitteret,
2923 927 3218 980 omnesque
3267 927 3352 968 res
3383 911 3620 966 illorum
3674 910 3760 965 eis

2177 1005 2497 1061 festinanter
2523 1004 2806 1070 redderet,
2841 1018 2940 1073 per
2957 1003 3176 1058 eosdem
3201 1003 3346 1056 vires
3380 1001 3548 1056 vetuit
3579 1001 3752 1070 impe-

2179 1111 2336 1164 rare;
2366 1111 2490 1150 nam
2517 1096 2764 1151 voluntas
2797 1095 3054 1150 veniendi
3081 1094 3148 1150 ad
3171 1095 3284 1148 'ltas
3323 1102 3507 1162 partes
3533 1093 3760 1146 minime

2179 1190 2362 1244 animo
2403 1187 2520 1258 ejus
2575 1186 2884 1252 insederat,
2923 1185 2966 1241 si
3017 1201 3082 1240 ea
3123 1185 3386 1256 perlicere
3432 1191 3614 1253 posset
3639 1195 3760 1250 qua:

2177 1295 2274 1350 per
2305 1278 2560 1349 prtefatos
2607 1279 2754 1332 viros
2797 1277 2974 1332 cidem
3022 1276 3338 1346 Pandulplto
3385 1273 3754 1345 praecipiebat.

2181 1375 2286 1430 Sed
2313 1375 2458 1429 Deus
2486 1373 2850 1445 omnipotens,
2879 1373 2972 1441 qui
3016 1387 3111 1428 eor
3141 1371 3438 1428 Pharaonis
3483 1368 3760 1424 induravit

2183 1467 2251 1521 ob
2274 1465 2437 1521 multa
2464 1481 2582 1534 qua:
2603 1465 2654 1519 in
2683 1463 2938 1534 populum
2969 1463 3059 1517 Dei
3090 1461 3208 1518 sine
3233 1477 3393 1516 causa
3423 1462 3760 1530 irrogavcra-t

2191 1558 2424 1622 mala,ut
2445 1555 2581 1612 Mosi
2602 1569 2758 1611 servo
2779 1567 2875 1609 suo
2905 1555 3053 1623 signa
3083 1561 3140 1608 et
3171 1551 3410 1622 prodigia
3441 1550 3762 1607 mirabil'ter

2179 1649 2480 1706 ostendenti
2497 1663 2600 1704 non
2617 1648 2859 1704 crederet
2875 1645 3225 1718 (Emod.x,l)-.
3243 1643 3510 1699 induravit
3527 1644 3690 1700 etiam
3705 1653 3764 1698 et

2181 1757 2275 1796 cor
2296 1741 2470 1806 istius,
2486 1755 2551 1794 ne
2560 1737 2789 1807 jussioni
2811 1737 3171 1808 imperatoria:
3187 1737 3446 1792 obediret'.
3463 1735 3703 1806 Cumque
3722 1736 3768 1790 ii

2179 1833 2270 1903 qui
2305 1832 2450 1887 missi
2479 1831 2548 1886 ab
2571 1831 2894 1900 imperatore
2933 1827 3146 1882 fuerant
3173 1827 3410 1897 Capuam
3447 1827 3762 1890 venissent,

2181 1923 2364 1978 multis
2387 1939 2510 1978 cum
2535 1922 2726 1978 eodem
2757 1919 3074 1990 Pandulpho
3099 1919 3276 1974 verbis
3309 1918 3509 1974 frustra
3537 1918 3759 1981 habitis.

2179 2019 2247 2071 ad
2295 2019 2676 2088 imperatorem
2725 2015 2850 2071 sine
2889 2013 3081 2070 effectu
3127 2014 3328 2069 reversi
3362 2023 3508 2069 sunt.
3537 2013 3607 2068 At
3629 2028 3762 2069 vero

2179 2117 2464 2178 postquam
2495 2107 2790 2177 imperator
2809 2119 2869 2160 se
2888 2114 3252 2174 contemptum
3277 2120 3312 2159 a
3335 2103 3580 2176 principe
3603 2103 3764 2168 vidit,

2183 2201 2257 2253 ira
2289 2207 2614 2262 commotus,
2645 2196 2816 2252 Roma
2847 2196 3093 2250 exercitu
3130 2203 3284 2252 moto
3302 2195 3628 2265 egrediens,
3653 2193 3760 2248 Ca.-

2180 2289 2357 2344 sinum
2389 2289 2562 2352 venit,
2587 2301 2652 2344 ac
2677 2288 2744 2342 ad
2789 2286 2846 2341 Β.
2878 2287 2938 2341 P.
2965 2286 3240 2342 Benedicti
3287 2287 3470 2342 limina
3493 2294 3755 2343 consten-

2181 2381 2280 2436 dit.
2321 2379 2481 2435 Facta
2513 2380 2646 2434 hora
2679 2380 2908 2434 fratrum
2938 2377 3230 2450 capitulum
3257 2377 3502 2442 intravit,
3531 2391 3758 2446 congre-

2181 2471 2428 2542 gatisque
2493 2471 2545 2525 in
2593 2485 2758 2524 unutn
2807 2469 3088 2535 fratribus,
3113 2477 3173 2524 ut
3220 2485 3320 2540 pro
3373 2483 3434 2524 se
3471 2469 3756 2526 Dominum

2183 2569 2554 2632 precarentur,
2587 2559 2834 2631 rogavit;
2867 2561 3047 2630 ibique
3089 2574 3274 2614 coram
3311 2560 3392 2615 eis
3429 2559 3600 2615 Deum
3631 2559 3756 2614 bea-

2185 2661 2406 2722 tumque
2436 2650 2786 2705 Benedictum
2819 2664 2924 2704 non
2955 2651 3025 2706 ob
3050 2650 3196 2706 aliud
3235 2665 3294 2705 se
3341 2649 3407 2704 ad
3447 2649 3546 2704 has
3573 2657 3764 2718 partes

2181 2741 2420 2805 venisse,
2449 2740 2550 2794 nisi
2581 2748 2640 2794 ut
2663 2739 2782 2810 ejus
2821 2740 3206 2794 monasterium
3248 2739 3317 2794 de
3363 2753 3522 2792 manu
3561 2737 3758 2794 erude-

2183 2833 2369 2889 lissimi
2403 2831 2614 2904 tyranni
2645 2832 2902 2901 eriperet,
2925 2834 3153 2887 testatus
3175 2839 3278 2886 est.
3308 2830 3508 2886 Deinde
3537 2831 3756 2886 benedi-

2181 2927 2362 2982 ctione
2387 2925 2551 2996 petita
2583 2925 2708 2980 inde
2733 2924 3006 2995 ingressus
3033 2925 3270 2995 Capuam
3293 2923 3468 2990 venit;
3498 2923 3762 2980 satellites

2181 3033 2310 3073 vero
2355 3015 2561 3088 pnefati
2607 3015 2898 3086 principis,
2948 3016 3039 3084 qui
3093 3015 3410 3070 monasterii
3460 3015 3602 3070 bona
3642 3013 3756 3084 ejus

2125 3152 2147 3168 ,
2185 3109 2405 3180 imperia
2438 3109 2505 3163 ad
2533 3109 2613 3163 sui
2647 3123 2800 3162 usum
2839 3107 3188 3172 detinebant,
3213 3117 3495 3178 postquam
3537 3107 3604 3162 de
3651 3108 3754 3160 Att-

2181 3203 2321 3274 gusti
2365 3203 2600 3256 adventu
2645 3201 2930 3257 eertiticati
2977 3212 3375 3272 cognoverunt,
3416 3215 3610 3256 omnes
3653 3201 3760 3256 huc

2180 3293 2415 3365 illucque
2457 3293 2726 3364 fugientes
2764 3292 2992 3362 dispersi
3023 3299 3168 3347 sunt.
3214 3291 3413 3362 Sicque
3447 3292 3650 3346 factum
3675 3301 3756 3344 est

2181 3397 2239 3442 ut
2269 3385 2654 3442 monasterium
2685 3385 2866 3440 omnia
2893 3393 3094 3445 castra,
3147 3383 3300 3438 villas
3332 3399 3396 3438 ac
3423 3383 3622 3454 prmdia
3653 3381 3753 3436 sibi

2179 3477 2358 3531 ablata
2390 3490 2498 3530 uno
2523 3475 2610 3530 die
2638 3475 2940 3543 reciperet,
2967 3481 3022 3528 et
3047 3489 3108 3528 ea
3137 3489 3257 3543 qua:
3284 3473 3364 3528 ibi
3405 3474 3472 3528 ad
3517 3471 3756 3527 alienum

2179 3583 2334 3624 usum
2379 3566 2612 3621 ministri
2643 3566 2930 3620 scelerum
2969 3573 3434 3636 congregaverant
3469 3565 3522 3620 in
3565 3581 3754 3619 mena-

2179 3660 2406 3714 cltorum
2435 3665 2758 3726 potestatem
2791 3657 3127 3711 devenirent.
3162 3656 3315 3712 Unde
3346 3657 3427 3712 eis
3459 3657 3592 3712 mihi
3623 3673 3750 3712 con-

2181 3745 2365 3822 tigisse
2391 3751 2605 3806 videtur
2628 3749 2755 3804 illttd
2783 3751 2924 3819 quod
2954 3749 3013 3802 B.
3045 3748 3106 3803 P.
3131 3749 3458 3804 Benedictus
3479 3749 3756 3820 discipulis

2179 3841 2290 3895 suis
2320 3855 2385 3895 ex
2413 3839 2594 3910 inOpia
2626 3853 2822 3908 panum
2857 3838 3197 3896 tristantibus
3227 3837 3355 3893 olim
3385 3837 3707 3907 praedixerat
3736 3855 3747 3890 :

2182 3930 2248 3986 Ut
2277 3930 2436 3984 hodie
2459 3927 2654 3993 minus,
2689 3928 2925 3983 crastina
2955 3943 3082 3982 vero
3107 3927 3446 3983 abundanter
3471 3927 3748 3984 haberent.

2177 4022 2440 4076 Prtefatus
2469 4021 2634 4091 igitur
2653 4021 2926 4090 Augustus
2947 4020 3185 4090 Capuam
3225 4020 3534 4093 ingressus,
3579 4021 3753 4076 eidem

2178 4111 2498 4180 Pandulpbo
2537 4109 2882 4180 principatus
2923 4111 3180 4166 honorem
3210 4110 3496 4176 auferens,
3527 4111 3754 4166 alterum

2179 4205 2232 4260 in
2265 4203 2440 4259 locum
2464 4201 2585 4271 ejus
2615 4202 2914 4257 constituit.
2943 4203 3062 4270 Ipse
3084 4217 3212 4258 vero
3251 4203 3304 4256 in
3343 4217 3526 4258 arcem
3549 4243 3564 4267 ,
3593 4217 3755 4272 quam

2179 4296 2230 4351 in
2265 4304 2448 4350 monte
2475 4293 2532 4349 S.
2556 4293 2779 4364 Agathe:
2809 4294 3068 4365 martyris
3100 4308 3313 4349 summo
3339 4294 3520 4349 studio
3549 4293 3752 4348 munie-

2177 4399 2282 4456 rat,
2311 4405 2379 4445 cx
2406 4390 2596 4445 eadem
2619 4387 2754 4442 urbe
2779 4387 3009 4458 fugiens,
3041 4401 3100 4442 se
3125 4387 3374 4442 contulit.
3405 4385 3560 4440 Unde
3579 4385 3756 4440 divina

492 4500 560 4538 ac
588 4497 884 4553 pauperum
911 4485 1199 4551 intulerat,
1230 4487 1467 4540 condens
1495 4487 1748 4555 reposuit.
1777 4487 1912 4540 Cum
1945 4501 2072 4540 vero
2104 4491 2150 4550 ο
2175 4481 2530 4551 dispositione
2597 4479 2825 4549 contigit
2865 4488 2924 4533 ut
2969 4478 3154 4554 omnia
3199 4493 3318 4548 qua:
3361 4477 3753 4539 latrocinando,

492 4574 603 4640 jam
626 4575 967 4644 omnipotens
1009 4575 1150 4630 Deus
1191 4577 1358 4630 tantis
1389 4575 1686 4631 sceleribus
1719 4577 1878 4632 linem
1913 4575 2075 4631 vellet

499 4665 808 4731 imponere,
835 4675 890 4720 et
937 4667 1186 4738 laerymze
1215 4677 1270 4721 et
1305 4681 1462 4723 voces
1497 4667 1851 4738 pupillorum,
1881 4667 2072 4723 vidua-

499 4767 618 4805 rum
659 4768 724 4808 ac
769 4770 1061 4824 pauperum
1087 4797 1102 4820 ,
1157 4769 1255 4810 nec
1289 4771 1400 4811 non
1448 4755 1726 4812 orationes
1777 4770 2073 4826 precesque

501 4855 784 4896 servorum
810 4843 938 4908 Dei,
985 4846 1038 4898 in
1075 4853 1366 4915 conspectu
1401 4845 1707 4902 Diviuitatis
1743 4844 1864 4913 ejus
1893 4853 2082 4900 essent.

501 4929 772 4994 admissa),
801 4931 941 4984 sicut
971 4933 1228 4996 scriptum
1259 4942 1342 4986 est
1371 4947 1386 4986 :
1416 4933 1521 4987 Cor
1549 4935 1682 4996 regis
1705 4936 1760 4989 in
1789 4949 1945 4990 manu
1975 4935 2072 4988 Dei

2173 4573 2474 4652 pejorando
2495 4612 2512 4638 ,
2555 4559 2959 4639 multorumque
2989 4584 3238 4624 cruorem
3270 4569 3550 4622 innoxium
3587 4565 3754 4621 effun-

2177 4663 2370 4730 dendo,
2389 4661 2553 4717 multa
2567 4675 2663 4732 per
2686 4671 2924 4729 tempora
2953 4659 3301 4728 acquisierat,
3325 4659 3377 4712 in
3401 4658 3579 4728 spatio
3600 4656 3754 4710 unius

2177 4757 2498 4826 septimana:
2523 4753 2827 4810 amitteret:
2869 4751 3108 4820 nihilque
3145 4751 3250 4807 sibi
3291 4765 3358 4805 ex
3389 4757 3472 4805 tot
3511 4759 3562 4804 et
3597 4749 3752 4802 tantis

2187 4845 2470 4917 acquisitis
2496 4843 2826 4913 municipiis,
2857 4852 3060 4914 przeter-
3084 4857 3265 4898 arcem
3313 4856 3474 4912 quam
3505 4840 3754 4911 praedixi-

2155 4953 2330 4996 .nuts,
2363 4944 2692 4996 remaneret,
2719 4944 2774 4988 et
2812 4935 2904 4996 qui
2955 4932 3152 4990 multos
3179 4933 3412 4988 aliorum
3436 4941 3615 4995 natos,
3645 4931 3750 4986 suis
