4044 5360
325 393 394 449 ’Π
1529 387 1818 446 μιλιοίιι.
1844 419 1887 428 --

1990 391 2078 444 ,lB.
2107 391 2150 446 Ι.

3437 395 3551 450 ’9η

289 507 512 577 quando
534 521 718 562 coram
749 504 1008 561 fratribus
1037 504 1291 573 prmfatus
1337 505 1630 574 imperator
1671 517 1774 557 non
1806 503 1874 556 ob
1907 505 1946 558 Α
1977 517 2192 570 verant;
2251 507 2344 560 sed
2381 507 2526 562 feras
2553 509 2776 577 egressi,
2819 509 3082 574 sacculos,
3115 527 3250 578 quos
3297 511 3552 580 impleve-

289 599 462 666 aiiud,
489 599 592 654 nisi
614 599 684 653 ob
709 596 1076 653 defensionem
1103 597 1288 652 Sancti
1311 595 1586 652 Benedicti
1603 603 1876 651 monaste-

289 692 360 746 rii
391 705 450 748 se
480 693 704 747 Romam
736 691 998 747 transisse
1029 701 1255 747 testatus
1277 701 1380 750 est.

365 781 692 836 Desiderius.
752 783 874 836 Alio
923 791 1164 854 tempore
1220 786 1380 852 (anno
1443 783 1602 855 1049)
1655 783 1872 854 quidam

285 873 615 942 Capuanus,
651 873 992 944 l‘andulpbus
1021 875 1262 940 nomine,
1309 873 1550 930 collectis
1578 891 1642 930 es
1687 875 1875 928 amicis

289 972 349 1018 ct
383 963 576 1020 vicinis
609 964 844 1034 undique
871 965 1170 1034 equitibus,
1199 981 1264 1020 ac
1309 981 1414 1020 non
1447 981 1614 1036 parvo
1643 965 1872 1019 militum

293 1069 526 1109 numero
555 1065 900 1126 congregato,
933 1055 1212 1111 castellum
1235 1057 1398 1127 hujus
1421 1057 1732 1112 monasterii
1760 1073 1877 1125 qua:

291 1145 514 1200 Concha
540 1145 758 1210 dicitur,
785 1147 998 1202 diabolo
1021 1147 1332 1218 instigante,
1354 1147 1568 1218 aggredi
1591 1163 1653 1204 ac
1685 1161 1877 1218 capere

295 1237 618 1292 conabatur.
651 1235 752 1304 Qui
785 1253 816 1292 c
854 1235 1106 1307 Capuana
1141 1237 1276 1292 urbe
1299 1237 1416 1294 suis
1453 1253 1580 1293 cum
1629 1238 1876 1308 sequaci-

295 1333 424 1396 bus,
451 1331 710 1386 inclinato
727 1331 836 1400 jam
861 1333 928 1386 ad
959 1345 1238 1403 vesperam
1263 1332 1370 1396 dic,
1401 1347 1669 1403 egressus,
1701 1343 1756 1385 ut
1785 1349 1879 1402 per

287 1437 470 1482 totam
525 1436 738 1482 noctem
788 1427 1176 1492 deambulans,
1237 1437 1526 1497 antequam
1584 1415 1726 1482 dies
1759 1425 1878 1478 illn-

293 1527 578 1585 cesceret,
619 1517 830 1573 cunctis
875 1517 1052 1572 adhuc
1091 1531 1280 1573 secure
1315 1515 1425 1572 illic
1457 1515 1876 1580 dormientibus,

293 1609 620 1679 prmdictum
647 1609 924 1664 castellum
957 1609 1176 1678 aggredi
1207 1619 1262 1663 et
1305 1623 1502 1679 capere
1527 1616 1730 1678 posset,
1775 1607 1880 1661 iter

293 1699 548 1769 arripuit.
575 1699 712 1754 Cum
747 1714 874 1754 vero
897 1700 1098 1768 egressi
1135 1699 1268 1752 urbe
1289 1740 1305 1762 ,
1335 1696 1730 1769 aliquantulum
1757 1713 1880 1766 pro-

295 1793 618 1856 cessissent,
645 1799 808 1862 atque
857 1792 910 1846 in
947 1807 1070 1847 eum
1107 1791 1306 1856 locum,
1337 1807 1402 1846 ex
1459 1805 1566 1861 quo
1613 1789 1720 1862 ipsi
1766 1787 1878 1860 jam

297 1899 409 1938 non
441 1884 496 1938 in
521 1885 632 1942 die.
659 1884 752 1937 sed
777 1885 828 1936 itt
861 1892 1036 1948 nocte,
1063 1899 1128 1938 ne
1159 1885 1226 1939 ab
1253 1883 1524 1954 aliquibus
1547 1883 1876 1948 viderentur,

297 1973 584 2028 arnbuiare
611 1973 1027 2042 disposuerant,
1053 1973 1446 2044 pervenissent,
1485 1975 1565 2030 eis
1603 1973 1880 2044 paululum

293 2063 376 2118 ibi
405 2064 826 2130 rcmmantibus,
845 2073 1030 2134 optata
1055 2080 1160 2118 nox
1187 2064 1516 2136 supervenit.
1541 2063 1662 2132 Qui,
1701 2075 1758 2118 ut
1789 2063 1882 2118 lilii

299 2152 676 2216 tenebrarum,
710 2153 882 2226 magis
906 2155 1156 2210 tenebras
1184 2171 1348 2232 quam
1369 2155 1548 2222 lucem
1577 2155 1882 2226 diligentes.

295 2259 368 2298 ac
392 2243 523 2300 illud
548 2247 694 2313 quod
717 2245 977 2301 Dominus
1007 2245 1060 2300 in
1093 2245 1385 2316 Evangelio
1414 2245 1548 2302 dicit
1579 2263 1594 2300 :
1629 2243 1734 2312 Qui
1765 2264 1882 2301 ant-

291 2333 449 2386 bulat
497 2335 556 2388 in
595 2343 763 2400 nocte,
805 2337 1024 2406 offendit
1079 2334 1262 2406 (Joun.
1289 2335 1394 2405 XI),
1442 2335 1666 2391 minime
1711 2343 1886 2390 atcu-

297 2426 517 2490 dentes,
542 2443 637 2497 per
665 2443 857 2498 agrum
887 2429 1046 2483 unius
1083 2427 1234 2484 fundi
1259 2437 1547 2497 cmperutrt
1569 2427 1883 2492 ambulare,

303 2532 360 2576 ct
403 2523 472 2577 ad
519 2524 854 2578 invasioncm
903 2523 1112 2596 prtefati
1161 2525 1328 2578 castri
1357 2523 1676 2593 quantocius
1701 2539 1888 2594 propc-

299 2628 452 2667 rare.
469 2613 634 2683 Igitur
657 2613 812 2684 equis
841 2614 1142 2670 calcaribus
1182 2615 1476 2670 cruentatis
1499 2655 1515 2678 ,
1548 2623 1694 2668 recto
1721 2629 1778 2668 sc
1809 2615 1890 2667 it?-

301 2719 440 2758 uere
465 2703 542 2758 ire
553 2695 822 2774 putantes,
841 2693 937 2776 per
951 2714 1115 2759 totam
1131 2715 1340 2760 noctem
1359 2703 1679 2775 praedictum
1693 2719 1882 2774 agrum

305 2794 718 2860 discurrentes,
764 2797 1150 2852 circumierunt
1197 2797 1382 2864 (l8').
1425 2793 1531 2849 Sed
1571 2795 1751 2866 cperis
1797 2793 1888 2848 Dei

305 2883 550 2940 mirabili
584 2886 936 2955 dispositione
965 2887 1106 2942 facto
1141 2902 1318 2948 mane,
1357 2887 1427 2939 ibi
1459 2901 1517 2942 se
1559 2901 1652 2940 cos
1705 2885 1792 2940 ubi
1827 2899 1884 2939 se

305 2993 420 3032 nox
464 2989 678 3048 ceperat
710 2981 1054 3045 invenerunt;
1083 2979 1272 3049 sicque
1313 2979 1394 3034 eis
1443 2994 1562 3048 qua:
1611 2978 1892 3048 cupierunt

305 3071 592 3137 frustrati,
625 3071 832 3136 confusi
865 3089 930 3128 ac
967 3071 1290 3128 mirabili-ter
1319 3070 1556 3144 fatigati,
1581 3071 1648 3124 ad
1675 3071 1892 3124 domum

305 3179 468 3220 suam
489 3165 644 3221 vacui
677 3173 802 3220 sunt
828 3166 1048 3222 reversi.

383 3255 507 3310 Alio
534 3271 749 3326 quoque
782 3265 1022 3326 tempore
1067 3256 1201 3328 (19).
1251 3257 1378 3310 dum
1407 3255 1704 3325 piscatores
1733 3253 1892 3324 hujus

305 3345 634 3400 monasterii
659 3345 793 3400 retia
814 3345 868 3400 in
901 3360 1051 3400 mare
1071 3387 1086 3410 ,
1111 3345 1202 3414 qui
1227 3346 1408 3415 pisces
1437 3345 1503 3398 ad
1539 3343 1892 3400 refectionem

307 3435 547 3490 fratrum
576 3445 866 3508 caperent,
911 3435 1208 3501 misissent,
1242 3434 1608 3490 Nortmannus
1651 3433 1890 3504 quidam,

314 3533 502 3580 mente
527 3527 768 3582 tumidus
803 3541 865 3582 ac
892 3524 1106 3580 inﬂatus
1131 3524 1401 3596 superbia,
1433 3525 1758 3579 furibundus
1783 3524 1893 3590 spi-

311 3616 446 3680 ritu,
481 3617 813 3686 supervenit,
835 3627 896 3672 et
927 3627 984 3672 ut
1007 3625 1134 3672 sunt
1157 3617 1226 3671 ad
1254 3617 1497 3688 rapinam
1533 3615 1697 3678 avidi,
1723 3615 1790 3668 ad
1815 3616 1899 3668 in-

309 3707 564 3786 vadenda
587 3705 761 3763 aliena
783 3708 925 3763 bona
951 3707 1346 3780 incaplebiliter
1364 3707 1530 3774 anxii,
1547 3708 1898 3775 comprehcn-

307 3813 440 3852 sum
462 3815 628 3853 unum
656 3817 722 3854 ex
746 3799 1122 3870 piscatoribus,
1145 3799 1528 3856 vestimentum
1559 3797 1630 3864 ei,
1645 3811 1753 3869 quo
1778 3805 1898 3852 crat

313 3887 560 3952 indutus,
590 3890 874 3958 abstraxit,
903 3889 1116 3960 sibique
1137 3905 1263 3945 mox
1291 3889 1498 3956 induit;
1529 3889 1722 3944 deinde
1747 3889 1900 3942 navi-

317 3979 500 4032 culam
539 3979 814 4051 ingressus
839 4023 854 4046 ,
883 3981 1207 4051 piscatorem
1235 3995 1433 4054 cogere
1457 3979 1642 4051 cepit,
1679 3989 1737 4034 ut
1757 3979 1895 4034 retia

315 4083 386 4122 ex
417 4067 528 4123 alto
551 4071 826 4136 educeret,
857 4081 1125 4140 quatenus
1145 4071 1355 4140 pisces,
1387 4069 1480 4140 qui
1511 4072 1562 4124 in
1590 4069 1668 4125 eis
1691 4069 1898 4124 inventi

309 4165 527 4223 essent,
557 4172 740 4214 secum
762 4159 1083 4215 abstrahens
1105 4161 1436 4230 deportaret.
1467 4161 1708 4231 Cumque
1727 4161 1898 4232 pisca-

320 4257 410 4302 tor
449 4257 724 4314 reuueret,
755 4257 809 4304 et
839 4263 897 4304 se
927 4250 1106 4319 pisces
1137 4251 1204 4304 ad
1231 4250 1654 4316 monachorum,
1699 4265 1804 4305 non
1831 4252 1898 4304 ad

319 4335 781 4394 Nortmannorum
815 4337 1162 4396 refectionem
1201 4353 1396 4410 capere
1423 4339 1560 4394 velle
1587 4355 1646 4394 se
1674 4340 1896 4404 diceret,

321 4427 482 4483 valde
505 4443 678 4484 cmsus
701 4429 769 4484 ab
793 4431 981 4485 eodem
1008 4429 1344 4486 Nortmanno
1375 4431 1428 4484 in
1451 4445 1602 4485 mare
1623 4429 1899 4501 proiectus

1977 603 2119 660 rant,
2149 595 2323 650 levare
2347 597 2523 651 conati
2551 599 2768 652 minimc
2789 606 3076 668 potucnmt
3103 615 3116 663 ;
3149 599 3338 654 deinde
3367 601 3552 658 relicta

1976 687 2188 743 sarcina
2218 697 2488 744 tentantes
2525 687 2730 759 fugere,
2759 706 2856 758 per
2881 699 3048 746 totam
3081 699 3292 754 noctem
3319 693 3556 750 hacillac

1969 792 2070 848 per
2101 777 2332 834 claustra
2369 781 2682 838 monasterii
2735 780 3164 849 deambulaulcs,
3193 781 3344 840 foras
3371 786 3562 856 egredi

1977 872 2601 928 nullatenusvaineruut.
2624 873 2794 942 igitur
2816 873 2966 930 facto
2993 891 3174 942 mane,
3192 892 3313 932 cum
3329 892 3389 934 se
3413 877 3556 934 intra

1979 963 2290 1018 monasterii
2330 963 2564 1020 claustra
2611 965 3014 1034 conspicerent,
3065 965 3262 1024 timore
3305 967 3558 1024 exterriti

1979 1073 2041 1110 ac
2067 1057 2149 1110 sui
2179 1065 2360 1112 reatus
2392 1057 2615 1120 conscii,
2663 1057 2790 1124 quid
2821 1055 2998 1112 facere
3031 1058 3368 1114 nesciebant.
3416 1056 3562 1112 Tan-

1980 1147 2098 1202 dem
2135 1157 2347 1218 reperto
2377 1148 2517 1202 inter
2541 1163 2600 1202 sc
2625 1149 2874 1212 consilio,
2901 1159 3164 1204 exeuntes
3203 1165 3304 1224 per
3343 1157 3558 1220 portant

1981 1239 2318 1304 mou.:stcrii,
2367 1239 2412 1294 si
2458 1254 2566 1309 quo
2617 1240 2775 1292 modo
2827 1248 3046 1310 possent
3097 1240 3349 1305 evadere,
3403 1239 3562 1310 quasi

1981 1331 2110 1384 nihil
2143 1329 2642 1400 maliperpetrassc
2673 1330 3020 1395 viderentur,
3070 1329 3286 1385 caeteris
3335 1344 3414 1396 se,
3468 1329 3562 1397 qui

1981 1421 2046 1476 de
2069 1422 2396 1476 monasterio
2425 1423 2490 1474 ad
2521 1421 2795 1491 quodlibet
2823 1437 2962 1492 opus
2991 1423 3432 1491 egrediebantur,
3459 1422 3560 1476 ιιιίο-

1981 1521 2264 1578 scuerunt,
2299 1521 2354 1566 ct
2399 1511 2546 1566 lento
2581 1512 2735 1581 peric,
2761 1527 2835 1566 ne
2873 1512 3052 1582 aiiqua
3101 1517 3168 1568 de
3215 1512 3295 1570 eis
3323 1512 3562 1582 suspicio

1979 1603 2239 1668 oriretur,
2284 1613 2568 1674 carpentes
2597 1604 2724 1668 iter,
2759 1603 2900 1658 haud
2924 1603 3256 1676 longiuscule
3303 1621 3332 1660 a
3377 1621 3564 1660 mona—

1983 1695 2150 1749 sterio
2197 1696 2574 1750 substiterant.
2609 1694 2743 1750 Cum
2775 1695 2982 1750 interea
3011 1695 3262 1752 cellarius
3303 1693 3568 1749 fratribus

1983 1783 2137 1840 solita
2167 1787 2432 1856 stipendia
2481 1785 2824 1856 praebiturus,
2859 1784 3138 1844 ccdlarium
3167 1785 3568 1858 ingrederetur,

1987 1876 2216 1936 refertos
2241 1887 2368 1934 ante
2409 1879 2613 1932 aditum
2668 1877 2912 1932 sacculos
2963 1877 3188 1940 invenit,
3217 1885 3272 1930 et
3317 1877 3568 1940 miratus,

1981 1961 2348 2040 ignoransque
2375 1969 2503 2040 quid
2531 1978 2696 2034 esset,
2737 1984 2964 2039 quaeque
3011 1969 3230 2024 condita
3259 1968 3564 2038 requisivit.

1983 2057 2120 2114 Cum
2169 2067 2350 2113 autem
2403 2058 2632 2128 reposita
2680 2058 2854 2113 ablata
2907 2059 3263 2130 conspiterct,
3320 2059 3573 2112 turbatus

1987 2155 2204 2220 damno,
2231 2153 2674 2224 forascgressus,
2705 2153 2963 2230 quidquid
2994 2154 3322 2222 perdiderat,
3353 2154 3404 2208 in
3437 2153 3568 2222 ipsis

1987 2245 2218 2300 sacculis
2247 2245 2488 2316 reperiit.
2521 2245 2644 2312 Qui,
2673 2245 3024 2300 vehementer
3065 2246 3328 2300 attonitus
3363 2255 3418 2300 et
3449 2245 3566 2312 jam

1987 2338 2116 2410 quid
2145 2347 2289 2393 esset
2315 2337 2639 2410 intelligens,
2667 2353 2790 2392 mox
2819 2337 3129 2412 convocatis
3159 2336 3226 2390 ad
3271 2352 3330 2392 se
3359 2337 3572 2392 duobus

1989 2425 2072 2481 vel
2104 2427 2272 2482 tribus
2307 2427 2508 2498 pueris,
2537 2441 2635 2496 per
2661 2427 2802 2480 viam
2831 2426 3106 2497 vergentis
3131 2427 3382 2480 deorsum
3413 2441 3558 2478 mon-

1993 2519 2081 2587 tis,
2105 2521 2150 2576 si
2173 2519 2316 2576 forte
2347 2519 2680 2576 latrunculos
2733 2520 2823 2590 qui
2863 2521 2914 2574 id
2959 2521 3290 2575 admiserant
3331 2519 3572 2574 invenire

1991 2621 2230 2679 possent,
2249 2609 2464 2666 mittere
2489 2612 2722 2666 curavit.
2747 2609 2826 2666 Illi
2850 2611 3191 2680 autemjussa
3213 2609 3571 2680 complentes,

1989 2721 2114 2761 cum
2151 2703 2480 2759 monasterio
2501 2704 2706 2774 egressi
2739 2703 3011 2774 paululum
3045 2703 3454 2774 processissent,
3483 2718 3570 2756 rc-

1997 2805 2255 2866 pererunt
2289 2793 2408 2850 illos
2431 2793 2584 2865 juxta
2622 2804 2831 2850 stantes
2871 2793 2926 2848 in
2953 2795 3070 2864 ipso
3113 2794 3307 2849 itinere
3351 2792 3574 2846 montis.

1994 2887 2238 2958 Cumque
2260 2888 2370 2960 jam
2397 2899 2535 2955 pene
2565 2885 2980 2956 pertransissent
3022 2900 3134 2950 eos,
3181 2899 3245 2939 ac
3273 2883 3471 2938 nullam
3520 2881 3574 2934 in

1995 2991 2108 3042 eos,
2161 2979 2288 3048 quia
2341 2977 2448 3032 neti
2490 2985 2664 3042 erant,
2717 2977 3078 3047 suspicionem
3127 2975 3409 3038 baberent,
3462 2983 3574 3028 cite

1995 3083 2181 3140 gressu
2237 3069 2342 3124 iter
2391 3069 2534 3138 quod
2566 3077 2846 3138 ceperant,
2899 3077 3247 3138 peregerunt.
3291 3063 3374 3119 Illi
3419 3077 3572 3122 vero.

1915 3182 1968 3244 ρ
1998 3157 2253 3213 divinitus
2269 3157 2516 3213 exterriti
2544 3173 2604 3211 ac
2631 3157 2779 3212 velut
2805 3165 3048 3211 amentes
3073 3155 3267 3222 ctl‘ecti,
3292 3163 3574 3224 creperum.

1999 3257 2121 3320 post
2150 3263 2244 3304 eos
2269 3247 2508 3305 clamare
2532 3257 2586 3304 et
2612 3249 2793 3304 dicere
2817 3266 2832 3301 :
2865 3247 3103 3312 Scimus,
3121 3247 3346 3314 domini,
3363 3247 3488 3318 quia
3515 3257 3576 3300 ut.

1998 3353 2098 3393 nos
2126 3337 2597 3410 compreltcndatis
2625 3337 2877 3404 venistis;
2901 3337 2996 3392 sed
3017 3337 3345 3392 miseremini
3367 3335 3574 3402 nostri;

1999 3428 2134 3484 nihil
2162 3429 2306 3484 enim
2345 3429 2468 3484 inde
2497 3429 2915 3498 asportavimus,
2956 3427 3049 3484 sed
3083 3427 3261 3483 ablata
3293 3429 3476 3482 omnia
3517 3429 3574 3484 in

2001 3521 2118 3590 ipso
2143 3519 2344 3576 cellarii
2376 3521 2619 3591 ingressu
2649 3507 3049 3590 dereliquitnus.
3079 3521 3149 3574 At
3191 3521 3289 3585 iili,
3321 3521 3444 3574 talia
3476 3537 3572 3574 au-

1999 3611 2231 3678 dientes,
2270 3610 2797 3680 comprehenderunt
2837 3599 2950 3678 eos,
2987 3611 3274 3682 ligatisque
3304 3619 3424 3680 post
3468 3605 3575 3666 ter-

1997 3717 2123 3771 gum
2161 3702 2408 3758 manibus
2452 3701 2520 3758 ad
2563 3703 2948 3757 monasterium
2986 3705 3369 3773 perdurerunt,
3416 3713 3580 3773 atque

2001 3791 2097 3858 ita,
2123 3800 2184 3848 ut
2215 3792 2618 3848 erantcounexi
2643 3789 2893 3858 vinculis,
2919 3787 3184 3848 fratribus
3216 3801 3578 3862 pra‘scntave-

2003 3895 2146 3942 runt.
2174 3886 2438 3942 Praeterea
2463 3885 2677 3943 fuerunt
2703 3885 2942 3941 nonnttlli
2961 3887 3051 3958 qui
3074 3887 3252 3942 minus
3271 3887 3414 3942 circa
3441 3901 3578 3958 prae-

1993 3987 2214 4049 ceptum
2247 3977 2458 4034 Domini
2484 3979 2652 4044 cauti,
2679 3980 2810 4034 caedi
2837 3993 2930 4033 eos
2955 3987 3121 4050 atque
3153 3979 3224 4033 ita
3271 3979 3348 4033 sic
3377 3977 3579 4032 dimitti

1997 4071 2402 4140 iudicaverunt;
2431 4073 2613 4128 (δέδιθι-ἰ
2659 4082 2859 4138 autem,
2910 4087 3138 4141 quorum
3190 4085 3341 4125 meus
3387 4071 3472 4140 pia
3523 4071 3580 4123 in

2006 4163 2236 4218 Domino
2263 4172 2404 4228 erat,
2441 4172 2496 4218 et
2525 4163 2696 4232 magis
2739 4178 2869 4232 erga
2908 4162 3158 4216 mandata
3195 4149 3372 4217 divina
3429 4160 3579 4222 solli-

2004 4257 2109 4312 cite
2137 4255 2416 4312 studentcs
2435 4256 2584 4325 jussa
2605 4254 2874 4324 complere
2904 4251 3200 4317 Dominiea,
3230 4252 3436 4306 solutos
3459 4251 3577 4305 viu-

2004 4346 2159 4409 culis,
2191 4343 2312 4400 cibo
2352 4353 2586 4413 potaque
2619 4343 2871 4407 refectos,
2918 4342 3117 4398 liberos
3151 4341 3302 4397 abire
3353 4341 3582 4411 permit-

2007 4449 2144 4493 tunt.
2177 4437 2224 4493 0
2257 4438 2390 4491 mira
2425 4436 2634 4490 Domini
2671 4433 2796 4491 Jesu
2825 4435 3026 4490 Christi
3069 4435 3393 4506 benignitas,
3441 4435 3578 4488 mira

318 4530 430 4574 est.
480 4519 616 4576 Cum
670 4535 801 4578 vero
849 4523 990 4578 idem
1035 4523 1404 4578 Nortmannus
1447 4523 1674 4594 piscium
1705 4525 1900 4594 pra'tltc
1929 4529 2198 4603 Dpietas,
2227 4527 2362 4582 mira
2407 4543 2568 4598 qnam
2613 4526 2796 4581 docuit
2841 4525 3132 4597 patientia;
3183 4539 3305 4579 cum
3342 4527 3392 4579 in
3441 4521 3584 4593 Lege

319 4609 520 4666 avidus
547 4612 684 4666 retia
711 4627 776 4666 ex
803 4612 914 4668 alto
935 4629 1032 4682 per
1057 4613 1404 4684 semetipsum
1430 4615 1644 4670 trahere
1659 4624 1712 4669 et
1727 4617 1901 4684 pisces

321 4702 506 4776 tegere
529 4705 808 4774 coepisset,
835 4707 1012 4762 subito
1039 4706 1165 4762 inde
1189 4723 1256 4763 ex
1287 4705 1532 4762 navicula
1561 4709 1788 4772 cecidit,
1817 4721 1900 4763 at-

323 4808 430 4864 que
455 4795 786 4852 interclusus
815 4797 884 4851 ab
910 4811 1128 4867 aequore
1173 4798 1420 4868 spiritum
1445 4797 1736 4855 exhalavit.
1770 4800 1900 4864 Sed,

323 4887 574 4944 mirabile
605 4887 794 4944 dictu!
829 4887 974 4944 ante
1001 4889 1152 4944 illum
1184 4891 1327 4946 unda
1375 4899 1646 4948 mortuum
1675 4889 1902 4961 proiecit

323 4979 376 5034 in
405 4980 590 5036 littore
611 4993 775 5050 quam
797 4979 1056 5050 piscator,
1073 4985 1165 5053 qui
1195 4982 1264 5039 ab
1283 4983 1634 5055 coprojectus
1651 4984 1704 5038 in
1733 4998 1903 5055 aquas

321 5071 498 5102 reuna-nl
559 5072 710 5102 *νει-ιιι·
743 5072 978 5102 ν-ῆίειηιΙΑ
1005 5075 1290 5102 ,διδαιιηηξαη
1322 5078 1582 5102 ᾌΑΙ-.ξι-Αηο

2002 4618 2262 4689 scriptum
2302 4619 2373 4673 sit
2408 4616 2554 4688 (Lee.
2581 4635 2705 4684 xu;
2763 4615 3022 4688 Hath‘t.v)
3057 4635 3070 4671 :
3115 4615 3305 4687 Diliges
3355 4617 3582 4670 anticum

2005 4723 2175 4776 tuum,
2189 4721 2237 4766 et
2263 4711 2382 4766 odio
2402 4710 2610 4765 habebis
2628 4711 2894 4764 inimicum
2914 4720 3056 4764 tuum
3079 4725 3094 4774 ;
3123 4723 3220 4764 nec
3234 4723 3337 4763 non
3363 4721 3585 4762 manum

2002 4819 2102 4876 pro
2149 4820 2339 4870 manu,
2382 4804 2595 4859 dentem
2627 4815 2724 4871 pro
2751 4803 2932 4867 dente,
2984 4802 3198 4856 oculum
3255 4815 3352 4870 pro
3400 4799 3584 4858 oculo,

2007 4896 2266 4951 talionem
2293 4911 2391 4965 pro
2421 4893 2618 4948 talione
2648 4893 2796 4947 reddi
2829 4893 3142 4948 mandatum
3171 4891 3280 4955 sit;
3311 4892 3428 4961 ipse
3466 4888 3594 4942 dili—

2007 5001 2133 5056 gere
2149 4986 2418 5046 inimicos,
2445 4981 2761 5037 benefacere
2775 4997 2834 5039 se
2853 4979 3184 5046 odientibns,
3209 4979 3450 5035 salutare
3487 4989 3591 5028 non

2041 5077 2372 5102 κιιιιΙι-ΙΑ-ιΙΑμι
2413 5071 2676 5102 aurae-nul:
2701 5074 2934 5102 Ιιιυιῖηηηιι
2967 5073 3243 5102 Ᾱξ-κῖιιλυιη
3265 5071 3488 5102 Ἀκιλῖιοιὶὶ
3535 5077 3596 5102 ηρ
