4044 5360
492 389 598 446 9ἶ9
1805 395 2089 455 VlCTORI:

2169 398 2206 454 il
2232 401 2431 460 PAP.‘E
3651 403 3766 468 98ιῖ

472 524 477 530 ·
565 505 886 562 Drsidcrim.
921 508 1024 563 Res
1059 519 1137 563 est
1180 510 1441 563 mirabilis
1484 519 1537 564 et
1581 511 1930 568 vehementer
1957 523 2068 568 stu-
2100 514 2146 572 A
2178 517 2413 574 insinuet
2443 522 2578 591 (25).
2610 522 2796 579 Atille
2835 544 2850 578 ε
2896 525 3034 593 Quid
3083 525 3321 596 prodest,
3375 526 3573 598 inquit,
3626 530 3669 584 si
3700 530 3749 583 ci

486 599 685 666 penda,
709 614 868 669 quam
898 614 1058 654 narro
1085 599 1219 669 (2t),
1246 600 1337 654 scd
1367 601 1439 654 ita
1475 616 1502 654 a
1545 599 1788 671 pluribus
1831 603 2068 675 cognita.
2177 612 2534 668 nuntiavere?
2576 630 2682 668 non
2711 616 2859 670 enim
2889 617 3033 687 quod
3064 626 3117 673 te
3147 618 3423 683 vidissem,
3473 618 3554 674 vel
3605 621 3751 691 quod

488 698 548 745 ut
572 690 636 745 de
657 706 719 746 ea
752 692 820 746 ab
850 691 1029 762 aliquo
1061 691 1114 745 in
1142 692 1286 745 nullo
1316 693 1511 747 debeat
1536 694 1794 749 dubitari.
1827 693 2070 762 Quodam
2176 703 2300 758 talia
2324 705 2571 775 patiaris,
2604 706 2736 761 mihi
2761 708 3032 761 creditura
3047 716 3148 764 est.
3183 709 3282 764 Cui
3312 709 3401 764 ille
3431 690 3744 780 respondit:

488 779 672 850 itaque
696 788 938 852 tempore
963 780 1185 852 Sergius
1213 783 1472 854 magister
1497 782 1755 849 militum,
1794 787 1887 856 qui
1934 783 2070 870 Nea-
2176 795 2286 850 Hoc
2315 796 2415 850 sibi
2448 797 2660 866 signum
2690 813 2757 853 ex
2789 799 2891 853 mei
2933 807 3086 869 parte
3115 800 3393 865 denuntia,
3428 779 3570 870 quod
3613 801 3752 854 Pan-

485 873 740 942 politana:
763 875 1165 944 praeeraturbi,
1194 885 1446 930 venatum
1503 876 1554 930 in
1593 877 1708 946 ipso
1748 879 1920 933 sancti
1972 875 2070 933 Pa-
2172 888 2404 957 dulphus
2434 888 2616 944 Gnatae
2677 889 2820 945 ﬁlius
2866 891 3092 946 calicem
3138 891 3312 961 ipsum
3377 908 3476 961 pro
3525 893 3749 962 pignore

489 965 662 1018 schali
689 963 950 1030 Sabbato,
980 980 1213 1036 pergens
1249 966 1438 1020 silvam
1470 967 1582 1020 suis
1617 983 1736 1021 cum
1769 969 1968 1038 pueris,
2013 978 2071 1022 ut

2173 981 2390 1047 habeat,
2433 990 2575 1037 etut
2625 984 2765 1038 datis
2814 983 3022 1048 solidis,
3065 999 3202 1054 quos
3241 985 3289 1039 ei
3317 984 3602 1038 debuimus
3632 984 3748 1039 red-

488 1068 679 1124 aprum
713 1064 957 1124 caperet,
999 1065 1083 1110 est
1114 1055 1410 1126 ingressus,
1451 1058 1723 1127 tensisque
1763 1059 1968 1114 retibus
2003 1063 2067 1115 ad

2171 1073 2321 1139 dere,
2365 1073 2511 1128 illum
2557 1074 2798 1144 recipiat,
2835 1083 2996 1144 atque
3022 1073 3079 1128 S.
3114 1074 3387 1129 Benedicti
3423 1075 3747 1129 monasterio

483 1146 845 1216 insequendos
870 1162 964 1202 eos
985 1163 1102 1202 sese
1127 1163 1248 1202 cum
1273 1149 1496 1202 canibus
1537 1150 1640 1204 huc
1674 1149 1907 1220 illucque
1939 1167 2070 1204 nna-
2171 1164 2316 1217 omni
2349 1165 2648 1235 ροειροείιη
2685 1180 2834 1219 mora
2867 1165 3151 1231 restium;
3191 1165 3579 1230 δίιιίοειονίιθν,
3599 1181 3747 1238 res".

485 1232 704 1291 nimite'r
718 1252 908 1292 omnes
933 1253 1028 1307 per
1059 1239 1246 1293 silvam
1276 1237 1614 1311 diffundunt;
1646 1242 1738 1296 sed
1779 1250 2069 1314 antequam
2171 1254 2451 1311 insinuare
2475 1232 2566 1312 ine
2595 1254 2833 1312 differas,
2885 1255 3092 1324 Quibus
3143 1257 3305 1313 diclis
3349 1258 3483 1314 visio
3535 1258 3624 1312 illa
3662 1232 3752 1314 *εδ

484 1343 618 1398 aper
639 1344 668 1382 a
700 1330 831 1384 retis
859 1329 1050 1400 laqueo
1087 1330 1296 1402 fugiens
1350 1331 1738 1399 involveretur,
1774 1346 2069 1406 occupatus

2168 1348 2339 1403 oculis
2377 1349 2494 1420 eius
2541 1351 2720 1404 ablata
2743 1359 2848 1406 est.
2894 1350 3035 1405 Puer
3064 1366 3194 1406 vero
3219 1351 3402 1407 statim
3432 1360 3494 1406 ttt
3528 1351 3747 1406 domum

484 1435 516 1512 ξι
541 1422 912 1488 "maioribus.
937 1422 1219 1478 οοηῖοεειιε
1241 1435 1539 1496 captusque
1569 1435 1672 1482 εει.
1715 1428 1846 1483 Cum
1883 1437 2062 1485 autem
2171 1454 2449 1510 regressus
2485 1450 2592 1505 est,
2620 1441 2934 1496 inﬁrmitate
2955 1443 3205 1496 detentus
3236 1442 3374 1496 intra
3403 1457 3607 1512 paucos
3633 1443 3753 1497 dies

482 1511 615 1567 hora
635 1512 747 1582 iam
782 1514 988 1568 tardior
1013 1523 1176 1575 esset.
1215 1525 1266 1570 et
1303 1515 1402 1578 sol,
1437 1517 1504 1570 ad
1533 1534 1784 1574 occasum
1813 1536 2065 1590 vergens,
2169 1531 2455 1588 defunctus
2503 1543 2619 1598 est;
2663 1547 2724 1588 ea
2781 1548 2910 1588 vero
2955 1547 3076 1602 quae
3129 1533 3360 1597 viderat,
3405 1511 3598 1602 quave
3647 1533 3749 1588 sibi

481 1605 730 1658 umbram
758 1614 929 1659 atram
958 1605 1071 1674 jam
1103 1621 1237 1676 pene
1267 1607 1545 1664 induceret
1578 1611 1756 1676 terris,
1780 1613 2067 1681 prmdictus

2169 1623 2309 1678 dicta
2341 1623 2574 1686 fuerant.
2618 1624 2873 1678 omnibus
2906 1625 2972 1676 ad
3012 1639 3072 1678 se
3103 1624 3442 1678 venientibus
3471 1622 3744 1693 patefecit.

483 1699 741 1770 magister
769 1700 1016 1760 militum,
1068 1716 1136 1755 ne
1186 1702 1360 1756 noctis
1411 1702 1644 1758 tenebris
1685 1715 2062 1773 occuparetur,

2168 1712 2516 1785 I‘andulpltus
2543 1716 2702 1769 etiam
2753 1717 2887 1783 ipse,
2934 1716 3026 1785 qui
3070 1731 3229 1770 causa
3261 1715 3496 1784 pignoris
3522 1714 3745 1769 calicem

483 1799 699 1860 sumpta
727 1807 888 1861 quam
912 1801 1127 1861 ceperat
1158 1793 1468 1854 venatione,
1495 1795 1643 1848 omni
1669 1810 1790 1848 cum
1815 1795 2062 1850 clientela

2169 1807 2309 1876 apud
2357 1821 2416 1861 se
2457 1807 2708 1871 habebat,
2736 1807 2834 1861 hoc
2868 1807 2983 1876 ipsa
3018 1816 3284 1875 tempore,
3317 1807 3499 1862 nescio
3530 1822 3635 1878 qua
3679 1807 3746 1863 de

481 1881 701 1935 domum
725 1885 1042 1951 quantocius
1070 1886 1330 1953 repedare
1352 1887 1546 1956 cmpit;
1574 1887 1662 1940 uni
1692 1889 2065 1944 tantummodo
2099 1857 2138 1912 Β
2170 1915 2354 1964 causa,
2388 1901 2662 1972 Neapolim
2693 1917 2940 1971 pergens,
2974 1902 3090 1957 lucc
3138 1903 3317 1956 omnia
3363 1918 3426 1956 ex
3457 1918 3554 1957 ore
3581 1903 3748 1973 ipsius

481 1967 676 2043 puero,
703 1974 1023 2048 Pythagora:
1054 1979 1288 2045 nomine,
1340 1990 1396 2033 ut
1435 1981 1568 2035 retia
1603 1982 1878 2052 colligeret
1919 1991 1970 2035 et
2004 1999 2065 2037 se
2172 1967 2516 2064 Pythagorae
2549 2008 2607 2047 se
2637 1967 2854 2048 audisse
2901 1993 3124 2059 retulit;
3181 2009 3274 2062 per
3323 2009 3483 2063 quem
3534 1967 3747 2064 quoque

485 2069 783 2137 perniciter
809 2084 1148 2140 sequeretur,
1180 2072 1481 2142 imperavit.
1534 2075 1702 2146 lgi'ur
1749 2091 1870 2130 cum
1907 2091 2062 2145 puer,

2169 2084 2308 2138 idem
2339 2083 2671 2154 Pythagoras
2700 2085 2854 2138 uxori
2882 2084 3024 2139 illius
3049 2086 3228 2139 omnia
3259 2101 3377 2155 qua?
3401 2086 3468 2140 dc
3492 2086 3607 2140 viro
3631 2087 3745 2154 ejus

484 2162 574 2229 qui
609 2162 828 2218 relictus
856 2164 1051 2222 fuerat.
1077 2165 1545 2230 collectisretibus
1574 2177 1720 2222 recto
1747 2168 1882 2223 c‘zllc
1909 2184 2063 2222 suum
2170 2177 2394 2239 viderat,
2422 2175 2506 2230 vel
2528 2191 2647 2245 qum
2678 2177 2790 2246 ipse
2817 2176 2864 2231 ei
2897 2177 3262 2238 mandaverat,
3290 2177 3485 2247 Capua)
3529 2178 3738 2231 nuntia-

482 2255 756 2309 domiuum
784 2267 1124 2326 sequeretur,
1151 2259 1329 2313 subito
1364 2260 1468 2313 duo
1495 2260 1740 2315 monachi
1779 2260 2062 2314 reverendi
2166 2271 2262 2324 γῑι,
2281 2270 2367 2323 lzla
2386 2279 2565 2322 autent
2579 2270 2677 2323 sibi
2710 2269 2886 2338 potius
2905 2284 3064 2338 quam
3084 2269 3279 2323 marito
3298 2269 3606 2326 consulens.
3629 2285 3742 2338 pre-

481 2347 769 2402 admOUum
801 2349 980 2404 "ullus
1007 2349 1054 2404 εἷ
1091 2365 1150 2405 Sc
1182 2350 1233 2405 ill
1267 2350 1460 2406 Ῐιῖηθΐϐ
1502 2352 1868 2406 οοηιηιοτιιηῐο
1899 2352 2061 2406 Ουηι-
2169 2364 2323 2428 tium,
2347 2363 2588 2432 quodvir
2609 2361 2726 2427 eius
2748 2363 3277 2426 accomznodaverat,
3298 2360 3734 2422 reddereuolens,

482 2452 587 2504 que
631 2437 824 2496 timore
861 2441 1175 2505 exterritus,
1229 2442 1450 2512 quinam
1497 2452 1680 2497 essent
1731 2442 2060 2512 inquireret;

2182 2469 2283 2509 nec
2306 2455 2532 2508 calicem
2559 2453 2804 2523 recipere
2818 2468 2915 2507 nec
2937 2452 3261 2506 monasterio
3275 2451 3500 2506 reddere
3515 2453 3737 2507 curavit.

478 2536 678 2593 illizNe
709 2538 920 2604 timeas,
950 2539 1225 2610 inquiunt;
1262 2543 1634 2598 tantummodo
1683 2557 1912 2611 sequere
1943 2556 2061 2596 nos.
2244 2544 2582 2615 Theophilus.
2626 2544 2924 2599 Mirandum
2956 2543 3111 2598 valde
3154 2553 3236 2597 cst
3282 2558 3346 2598 ac
3387 2559 3578 2614 magna
3621 2560 3739 2598 cum

477 2629 611 2685 Cum
643 2631 825 2702 itaque
853 2631 1240 2702 aliquantulum
1271 2633 1428 2688 simul
1466 2650 1562 2705 per
1588 2635 1832 2690 eamdem
1869 2633 2060 2690 silvam
2165 2637 2376 2692 cautela
2410 2635 2742 2708 pensandum
2774 2651 2872 2690 cur
2902 2635 3244 2704 omnipotens
3281 2634 3420 2689 Deus
3461 2635 3587 2688 talia
3614 2635 3733 2689 huic

475 2723 856 2790 graderentur,
885 2734 1149 2778 venerunt
1175 2725 1239 2778 ad
1258 2725 1542 2794 quemdam
1574 2726 1749 2782 locum
1781 2740 2063 2782 cmuosum
2167 2744 2333 2801 puero
2353 2730 2638 2785 ostendere
2659 2728 2842 2794 voluit,
2859 2743 2980 2782 cum
2999 2726 3085 2781 ille
3104 2726 3190 2794 qui
3216 2726 3315 2781 sibi
3339 2735 3560 2781 ostensa
3582 2735 3682 2780 scst
3708 2741 3737 2780 a

474 2815 629 2870 valde
684 2825 845 2887 atque
900 2817 1210 2871 horribilem
1273 2828 1524 2888 aspectu;
1577 2819 1774 2889 ubique
1832 2819 2063 2873 Pandul-
2165 2817 3496 2889 pinnaliberatusnonest,vel,cumtottantisque
3531 2816 3738 2870 sceleti-

473 2905 638 2974 phum
680 2904 991 2975 Capuanmn
1053 2908 1372 2978 prine’pcm,
1425 2910 1576 2979 cujus
1629 2910 1880 2977 superius
1921 2926 2068 2964 men-
2166 2907 2825 2979 busoccultatis,prosolo
2852 2923 3014 2963 aureo
3039 2907 3731 2962 calicecruciarivisusest.

477 2995 679 3049 tionem
714 2995 836 3059 feci,
882 2997 970 3065 qui
1002 3015 1105 3052 nou
1151 2998 1308 3068 longo
1335 3007 1460 3053 ante
1489 3009 1731 3070 tempore
1767 3000 2058 3056 defunctus
2240 3000 2563 3056 Desiderius.
2605 3001 2756 3068 Quod
2799 3002 2880 3055 vir
2925 3001 3024 3056 iste
3069 3004 3120 3054 in
3172 3001 3346 3069 poenis
3375 3001 3520 3054 visus
3558 3011 3658 3062 est,
3688 3006 3739 3051 et

481 3085 680 3151 fuerat,
712 3087 903 3143 ferreis
955 3107 1150 3145 nexum
1183 3092 1409 3148 vinculis
1435 3102 1598 3162 atque
1646 3093 1697 3148 in
1733 3093 1876 3148 illius
1907 3108 2064 3148 emno
2169 3102 2346 3148 tamen
2413 3108 2581 3146 uxore
2641 3092 2864 3148 calicem
2919 3091 3144 3146 reddere
3207 3089 3659 3160 parvipendcute,
3708 3103 3735 3142 ι

477 3179 579 3234 laci
632 3180 700 3235 ad
747 3179 922 3252 gulam
975 3199 1144 3252 usque
1192 3187 1523 3251 demersum,
1576 3189 1624 3243 ei
1681 3187 2060 3242 miserabiliter
2089 3197 2134 3256 (ς
2167 3186 2341 3255 paruis
2373 3185 2631 3239 liberatus
2663 3199 2768 3237 non
2793 3191 2897 3245 est,
2915 3181 3082 3251 justo,
3111 3183 3322 3237 occulto
3347 3193 3548 3247 tamen,
3571 3182 3738 3233 omni-

476 3273 891 3343 ostemlunt(2‘2)
929 3275 1252 3334 lutercadtzo
1274 3279 2066 3350 nigerrimispiritus,retortas
2169 3279 2406 3346 potentis
2462 3277 2556 3331 Dei
2596 3276 2802 3344 judicio
2849 3275 3050 3329 factum
3101 3284 3225 3330 est.
3280 3275 3503 3344 ejusque
3555 3273 3638 3341 pia
3678 3287 3738 3326 ac

479 3380 546 3419 ex
579 3367 880 3436 agrestibus
908 3369 1106 3423 vitibus
1141 3369 1421 3436 facientes,
1453 3387 1547 3441 per
1579 3373 1754 3443 gulam
1779 3387 1902 3426 eum
1936 3372 2067 3442 liga-
2167 3370 2400 3439 benigna
2429 3367 2770 3438 providentia
2799 3368 2851 3422 in
2893 3367 3140 3422 notitiam
3187 3367 3460 3421 hominum
3515 3365 3736 3420 deducta

479 3465 785 3523 verunt,_ac
813 3459 865 3512 in
897 3459 1067 3528 ipsam
1095 3461 1244 3516 lacus
1274 3461 1695 3532 profunditatem
1730 3471 2061 3526 merserunt,
2165 3471 2269 3524 est,
2301 3472 2355 3514 ut
2389 3459 2636 3514 videlicet
2666 3459 2973 3528 quicunque
3018 3457 3130 3513 hare
3179 3457 3446 3521 audierit,
3491 3467 3738 3525 pertnne-

478 3552 781 3623 iterumque
804 3568 1018 3608 sursum
1040 3564 1410 3611 extraxerunt.
1439 3555 1684 3626 Cumque
1716 3557 1833 3610 iure
1864 3555 2064 3625 sarpius
2167 3562 2306 3616 seat,
2341 3562 2394 3607 et
2421 3568 2450 3606 a
2493 3552 2696 3622 rapinis
2745 3551 3097 3607 ecclesiarum
3157 3558 3387 3605 mentem
3443 3561 3740 3617 manusque

481 3644 746 3707 facerent,
772 3645 1059 3714 pra-dictus
1098 3647 1232 3714 puer
1273 3646 1628 3718 Pythagoras,
1661 3647 1889 3702 tremula
1939 3646 2066 3701 licet
2165 3653 2502 3715 compescat;
2535 3659 2601 3698 ne
2635 3651 2689 3696 et
2723 3652 2850 3698 ante
2895 3651 3120 3696 mortem
3171 3656 3291 3696 sese
3332 3641 3594 3711 pmuitere.
3634 3654 3738 3692 non

479 3749 632 3796 voce,
664 3750 787 3788 eum
813 3735 1122 3804 alloquitur,
1157 3748 1214 3792 ttt
1242 3738 1340 3793 sibi
1363 3755 1468 3807 qua
1501 3739 1569 3793 de
1606 3753 1767 3793 causa
1797 3738 1922 3793 talia
1961 3753 2062 3808 pa-
2165 3737 2348 3801 liceat,
2405 3744 2460 3790 et
2502 3742 2624 3804 post
2675 3743 2904 3790 mortem
2953 3733 3270 3804 parentibus
3323 3730 3740 3802 propinquisque

481 3835 683 3879 teretur
710 3826 969 3882 ediceret.
999 3828 1088 3884 Ille
1121 3844 1266 3896 vera.
1307 3829 1436 3890 licus
1467 3840 1521 3889 ct
1545 3829 1770 3901 eiulans,
1803 3831 1869 3888 ad
1899 3832 2060 3885 verba
2165 3845 2249 3895 ca,
2279 3843 2376 3898 pro
2403 3827 2600 3896 quibus
2648 3826 2760 3896 ipse
2807 3841 2834 3879 a
2868 3826 3148 3896 suppliciis
3204 3824 3482 3885 liberetur,
3528 3821 3736 3891 operari

481 3919 870 3990 interrogantis
917 3923 1066 3990 pueri
1121 3939 1241 3978 mox
1293 3925 1396 3981 tale
1450 3942 1763 3998 reapousum
1813 3925 2060 3997 protulit,
2167 3937 2272 3979 non
2296 3921 2488 3984 libeat;
2523 3919 2710 3990 sicque
2757 3917 2850 3974 fiat
2893 3927 2951 3974 ttt
2998 3932 3095 3989 pro
3123 3916 3205 3972 eis
3232 3914 3492 3986 supplicia
3539 3923 3736 3968 :cterua

479 4011 665 4066 dicens
698 4029 712 4066 ε
747 4013 1022 4080 Quamvis,
1053 4035 1084 4071 ο
1116 4033 1270 4088 puer,
1299 4037 1365 4076 ex
1397 4023 1694 4080 innumeris
1723 4025 1859 4080 meis
1893 4026 2060 4081 scele-
2163 4017 2460 4088 possideat,
2490 4015 2581 4085 qui
2617 4015 2708 4068 Dei
2749 4014 2946 4068 timore
2972 4012 3269 4084 postposito
3301 4011 3351 4064 in
3389 4011 3494 4062 vita
3537 4006 3738 4078 positus

478 4101 629 4162 ribus
685 4103 815 4160 mihi
865 4106 1096 4176 plurima
1145 4119 1200 4165 et
1248 4110 1454 4167 inﬁnita
1502 4127 1662 4184 pmua
1720 4126 1909 4184 parata
1963 4117 2058 4176 sit,
2163 4110 2800 4178 nullatenusperpetrare
2830 4105 3105 4168 formidat,
3146 4116 3199 4157 et
3235 4103 3346 4172 jam
3380 4102 3591 4156 veniam
3635 4112 3732 4151 non

476 4201 657 4274 tamen
690 4195 758 4252 ob
808 4197 1008 4253 nullam
1043 4217 1261 4257 causam
1300 4203 1438 4258 hanc
1474 4221 1637 4275 quam
1667 4207 1846 4262 cernis
1882 4208 2061 4277 patior
2163 4209 2439 4256 mereatur
2465 4199 2516 4254 in
2543 4199 2652 4253 vita
2698 4198 2786 4253 illa
2828 4199 2918 4267 qui
2951 4198 3106 4253 bonis
3131 4197 3442 4265 sanctisque
3487 4193 3738 4263 cperihus

473 4271 713 4356 poenam,
745 4290 846 4345 nisi
871 4302 1094 4363 propter
1116 4309 1340 4351 aureum
1379 4296 1629 4364 calicem,
1665 4314 1825 4369 quem
1851 4301 1916 4356 de
1940 4316 2059 4356 mo-
2160 4298 2402 4367 neglexit
2429 4295 2724 4367 promereri
2765 4295 2816 4348 in
2847 4295 2973 4349 ista.
3006 4292 3160 4360 Quod
3193 4306 3324 4345 vero
3355 4288 3566 4344 caeteris
3611 4285 3738 4340 faci-

474 4379 716 4433 ttasterio
747 4379 805 4434 S.
847 4380 1146 4450 Benedicti,
1194 4387 1456 4458 sacrilega
1489 4388 1684 4444 ductus
1737 4390 2054 4460 cupiditate,
2161 4391 2384 4446 noribus
2410 4389 2612 4452 tacitis,
2641 4387 2708 4443 de
2751 4387 2867 4441 solo
2911 4399 3078 4440 aureo
3129 4381 3546 4452 caliccjttdirari
3596 4380 3736 4432 visus

472 4468 734 4534 abstraxi,
771 4472 931 4541 eique
959 4475 1119 4529 etiam
1152 4478 1391 4531 moriens
1423 4479 1646 4536 reddere
1679 4481 1912 4553 neglexi.
1945 4481 2053 4538 Sed
2162 4493 2269 4550 est,
2303 4491 2492 4553 aperte
2520 4482 2680 4535 datur
2702 4479 2927 4549 intelligi
2953 4493 3112 4548 quam
3155 4477 3385 4536 fortiter,
3417 4488 3575 4541 quam
3605 4483 3738 4523 atro-

473 4560 670 4616 obnixe
701 4563 984 4632 deprecor,
1011 4581 1074 4620 ac
1108 4581 1204 4636 per
1231 4567 1413 4623 Jesum
1446 4570 1723 4626 Christum
1769 4574 2054 4629 Dominum
2085 4577 2132 4637 D
2161 4577 2320 4641 citer,
2354 4588 2628 4644 quamque
2659 4568 3046 4626 miserabiliter
3072 4583 3170 4637 pro
3197 4566 3316 4645 aliis
3345 4563 3608 4634 pluribus,
3641 4562 3735 4615 im-

476 4649 814 4706 Salvatorcm
838 4656 1282 4727 omnium,cujus
1304 4673 1402 4727 ego
1427 4659 1590 4714 miser
1619 4672 1887 4732 praecepta
1921 4679 2056 4718 con-
2162 4668 2476 4736 mensisque
2536 4664 2832 4720 sceleribus
2890 4661 3268 4730 torquebatur,
3314 4655 3531 4727 quando
3587 4652 3732 4724 parvi

467 4755 744 4808 ινιηηοηε,
783 4744 834 4798 in
867 4745 1006 4802 hanc
1035 4763 1152 4802 sum
1176 4751 1486 4820 voraginem
1519 4753 1710 4806 mortis
1754 4755 2056 4822 demersus,
2163 4760 2349 4815 calicis
2379 4760 2566 4829 rapina
2593 4768 2703 4811 tam
2741 4757 2861 4810 dire
2892 4765 3110 4823 tamque
3144 4751 3434 4807 crudeliter
3461 4747 3735 4803 cruciaba-

464 4843 517 4887 te
544 4834 814 4898 obtestor,
848 4847 906 4890 ut
955 4837 1192 4909 Capuam
1241 4841 1306 4894 ad
1349 4859 1572 4898 uxorem
1623 4861 1798 4898 meam
1830 4847 1912 4902 vel
1947 4848 2060 4916 ipse
2165 4861 2267 4904 tur.
2298 4849 2433 4904 Nam
2461 4848 2709 4916 superius
2739 4836 3022 4899 retulimus
3051 4843 3193 4912 quod
3233 4842 3373 4896 idem
3423 4839 3735 4910 Pythagone

458 4942 686 4997 pergas,
723 4930 804 4984 vel
833 4933 1081 4988 nuntium
1109 4936 1328 5006 dirigas,
1353 4937 1443 5006 qui
1469 4937 1540 4999 ei,
1570 4946 1624 4990 et
1651 4947 1914 4994 tormenta
1939 4956 2060 5010 quae
2161 4953 2332 5010 puero
2363 4938 2582 5001 dixerit,
2611 4936 2754 5006 quod
2798 4933 2966 4988 multa
2998 4941 3054 4988 et
3084 4933 3348 4986 immensa
3383 4927 3592 4984 delictis
3620 4924 3735 4978 aliis

462 5019 675 5088 patior,
691 5029 745 5075 et
773 5032 831 5075 ut
859 5021 1082 5077 calicem
1112 5027 1442 5081 monasterio
1467 5027 1524 5082 S.
1546 5026 1820 5083 Benedicti
1846 5031 2057 5094 reddat,
2161 5030 2376 5086 fuerant
2404 5030 2504 5084 sibi
2532 5035 2831 5098 przeparata
2860 5033 3150 5082 tormenta.
3194 5020 3348 5089 Quod
3390 5034 3520 5074 vero
3549 5019 3615 5082 is,
3644 5015 3731 5086 qui

545 5134 989 5214 (alinReeitatur
1040 5153 1068 5189 a
1115 5138 1293 5194 Leone
1328 5140 1458 5214 ΔΟξιλ.
1510 5144 1561 5196 ἰιι
1607 5141 1809 5198 Chron.
1854 5142 1946 5199 lib.
1995 5160 2056 5209 ιι,
2164 5143 2369 5206 12,13,
2401 5153 2703 5212 competere
2743 5143 3077 5214 Pandulpho,
3108 5139 3429 5214 cognomine
3456 5134 3733 5214 Caput-fee

475 5205 872 5296 caphtiohcta
900 5205 1127 5296 Paron"
1164 5211 1476 5296 anu..10§8,
1503 5230 1651 5295 nutu.
1686 5216 1791 5296 il;
1891 5284 1902 5296 _
1947 5284 1959 5296 Ι

2163 5229 2274 5276 reo,
2302 5204 2774 5294 pfiucipilCapum,
2809 5215 2900 5281 qui
2929 5204 3056 5294 viin
3079 5204 3246 5294 usque
3274 5210 3339 5260 ad
3372 5222 3497 5261 ann.
3535 5204 3731 5292 BSlIi-‘t
