4044 5360
304 402 404 461 981

1559 422 1858 516 ιιιΑιοϐι.
1901 408 1968 468 ’—
2000 424 2122 486 LIB.
2169 427 2224 487 ιι.

3461 439 3568 500 illi!

302 536 429 576 eum
466 519 521 577 in
568 523 848 595 suppliciis
878 527 1031 594 vidit,
1082 531 1340 590 continuo
1397 535 1652 608 languore
1705 557 1885 596 corrc-
1918 550 1959 606 Λ
1995 555 2173 602 tentus
2225 551 2292 604 ad
2328 559 2568 606 extrema
2616 554 2866 610 devenit?
2914 554 3018 610 Sed
3074 555 3125 609 in
3177 556 3261 609 his
3313 556 3566 610 omnibus

303 619 450 680 puts,
501 629 607 668 non
656 625 777 685 post
834 619 1062 674 multum
1115 630 1322 694 tempus
1366 637 1449 682 est
1482 639 1747 698 mortuus,
1781 650 1886 689 non

305 702 534 757 multum
568 706 847 774 miremur,
885 711 929 765 si
978 712 1107 767 illud
1143 717 1284 783 quod
1336 717 1568 786 Danicli,
1599 722 1720 778 viro
1747 724 1890 780 desi-

304 791 579 847 deriorum
609 805 664 849 et
686 799 1038 855 sommiorum
1053 803 1293 860 veridico
1309 809 1732 878 interpretatori,
1757 829 1887 868 con-

305 883 801 955 tigitattendamus;
822 907 944 946 nam
960 905 1082 965 post
1098 897 1359 956 visionem
1376 902 1737 970 spiritualium
1754 921 1895 978 mys'

305 978 588 1042 teriorum,
622 981 877 1038 continuo
897 987 1198 1054 aegrotavit,
1235 997 1289 1043 et
1313 1004 1410 1060 per
1443 992 1560 1048 dies
1589 993 1874 1064 plurimos,

301 1071 364 1124 Sit
382 1081 443 1123 ut
472 1072 586 1140 ipse
610 1084 862 1142 testatur,
879 1079 1295 1150 elanguitlDan.
1311 1087 1450 1157 vui).
1469 1085 1526 1141 Si
1557 1098 1737 1145 autem
1756 1092 1880 1148 talis

301 1171 598 1234 tantusque
621 1168 704 1222 vir
735 1171 1037 1240 spiritualia
1068 1175 1180 1231 visa
1213 1193 1319 1233 non
1344 1179 1485 1246 tulit,
1505 1182 1600 1238 sed
1620 1186 1878 1242 continuo

299 1253 560 1325 languore
590 1261 958 1328 apprehensus
976 1279 1079 1334 per
1119 1266 1235 1322 dies
1278 1267 1546 1338 plurimos
1579 1273 1882 1330 infirmatus

299 1347 426 1409 fuit,
458 1350 588 1418 quid
611 1353 835 1417 mirum,
870 1355 914 1410 si
948 1373 1079 1426 puer
1107 1359 1211 1413 iste
1229 1361 1380 1417 curis
1413 1364 1760 1421 smcularihus
1782 1367 1879 1422 de-

296 1440 466 1503 ditus,
496 1443 807 1500 carnalibus
831 1446 1114 1504 desideriis
1151 1466 1394 1520 pressus,
1423 1454 1683 1511 visionem
1715 1458 1878 1526 spiri-

296 1533 527 1588 tualiqu
554 1552 732 1592 rerum
771 1538 920 1596 ferre
946 1557 1052 1596 non
1097 1545 1290 1614 potuit,
1319 1547 1415 1602 sed
1447 1547 1765 1605 inﬁrmitate
1790 1551 1881 1605 de-

1987 635 2170 690 divina
2213 636 2417 706 judicia
2477 643 2650 712 magis
2702 645 2987 700 metuenda
3041 661 3204 715 quam
3260 645 3563 716 indaganda

1988 738 2134 782 sunt.
2168 727 2299 796 Quae
2322 747 2515 803 magna
2553 744 2608 790 et
2639 735 3006 792 inscrutabilia
3048 747 3194 803 sunt,
3232 746 3373 793 teste
3415 736 3565 792 Psal-

1990 818 2170 885 mista,
2185 822 2276 890 qui
2293 823 2369 877 ait
2385 841 2398 879 :
2414 823 2630 879 Iudicia
2653 837 2744 880 tua
2757 829 2972 899 abyssus
2994 828 3158 882 multa
3173 827 3347 899 (Psal.
3363 829 3562 900 xxxv):

1993 916 2227 964 testante
2255 927 2472 981 quoque
2505 913 2695 981 Paulo,
2717 917 2806 986 qui
2833 918 2962 972 dicit
2987 934 3002 972 :
3027 917 3071 972 ο
3097 917 3322 971 altitudo
3347 917 3532 971 divitia
3562 956 3564 958 τ

1992 1015 2108 1054 rum
2129 1003 2396 1072 sapientia
2420 1015 2467 1060 et
2487 1006 2718 1062 aciemin:
2758 1007 2886 1062 Dri.’
2924 1007 3096 1073 Quam
3121 1006 3564 1078 incomprehensi-

1987 1089 2112 1144 bilia
2157 1101 2279 1146 sunt
2310 1093 2521 1163 judicia
2568 1097 2706 1166 ejus,
2757 1108 2806 1152 et
2857 1097 3241 1168 ittrcstigabiles
3281 1097 3377 1150 viae
3417 1095 3563 1163 ejus!

1989 1179 2119 1244 Quis
2145 1183 2280 1237 enim
2307 1187 2543 1256 cognovit
2573 1204 2780 1242 sensum
2813 1189 3047 1252 Domini,
3093 1199 3183 1243 aut
3232 1189 3346 1259 quis
3385 1189 3561 1242 censi-

1984 1272 2174 1329 liarius
2203 1276 2316 1346 ejus
2338 1278 2434 1346 fuit
2459 1280 2486 1333 .’
2514 1291 2604 1335 aut
2626 1282 2741 1352 quis
2765 1283 2909 1352 prior
2933 1283 3075 1336 dedit
3102 1282 3202 1346 illi,
3233 1291 3280 1336 et
3313 1280 3565 1335 retribue-

1985 1377 2074 1420 tur
2100 1371 2147 1424 ei
2164 1371 2190 1424 ξ’
2221 1369 2484 1436 Quoniam
2509 1389 2574 1428 ea:
2599 1375 2794 1443 ipso,et
2826 1393 2916 1444 per
2937 1377 3128 1446 ipsum,
3158 1384 3204 1429 et
3235 1376 3289 1428 in
3316 1374 3425 1444 ipso
3443 1385 3562 1427 sunt

1987 1464 2196 1514 omnia:
2227 1464 2327 1532 ipsi
2369 1464 2539 1535 gloria
2585 1476 2636 1521 et
2669 1467 2950 1538 imperium
3001 1469 3054 1521 in
3090 1467 3284 1523 sa'cula
3336 1465 3561 1523 szcculo-
3605 1479 3611 1486 ‘

1988 1566 2129 1605 rum.
2162 1553 2324 1606 Arnen
2351 1555 2532 1625 (Rom.
2565 1556 2660 1625 ιι).

1871 1693 3552 1718 MM

1423 1789 1785 1880 LIBER
1852 1765 2505 1923 SECUNDUS,

402 1926 469 1980 In
499 1944 600 1999 qua
635 1929 813 2000 agitur
847 1931 912 1986 tle
941 1934 1212 1990 miraculis
1243 1953 1272 1988 (ι
1300 1936 1359 1990 S.
1396 1936 1677 1991 Benedicto
1707 1938 1886 1993 aliisve
1926 1942 2192 1998 monac/iis
2223 1942 2275 1998 iu
2308 1947 2621 2002 monasterio
2650 1947 2922 2006 Casiucnsi
2960 1969 3052 2023 ope
3087 1953 3261 2008 divino
3286 1952 3458 2023 factis.

293 2131 296 2134 ’
365 2129 655 2185 Prtemisso
710 2139 981 2201 utcunque
1051 2133 1262 2202 primo,
1310 2143 1370 2188 ut
1426 2133 1870 2204 promiseramus,
1906 2138 1951 2198 Β
1984 2137 2168 2205 ditatc,
2218 2139 2285 2195 de
2339 2155 2497 2212 poena
2543 2155 2923 2214 peccatorum,
2959 2164 3022 2204 ac
3053 2150 3117 2205 de
3157 2150 3326 2221 gloria
3368 2145 3580 2224 sempii

290 2221 515 2288 libello,
554 2239 696 2277 utine
732 2225 1063 2290 secundum,
1110 2227 1220 2281 Deo
1253 2225 1582 2290 auxiliante,
1637 2228 1878 2284 scribere

292 2314 583 2385 aggrediar
625 2330 642 2369 :
693 2315 748 2370 in
794 2331 901 2386 quo
945 2325 1162 2380 caetera,
1195 2331 1315 2385 quae
1355 2325 1647 2388 supersunt
1679 2317 1732 2372 in
1773 2321 1879 2375 hoc

290 2409 648 2469 monasterio,
706 2408 787 2464 vel
844 2425 874 2464 a
931 2410 1212 2466 monachis
1255 2410 1412 2480 hujus
1457 2413 1599 2469 sacri
1643 2415 1874 2471 ρωποι)Ῑὶ

290 2497 607 2566 ubicunque
649 2500 828 2555 divina
857 2500 1121 2572 largiente
1152 2503 1439 2559 clementia
1483 2505 1568 2561 his
1617 2508 1876 2577 tempori-

291 2587 393 2640 bus
421 2587 559 2642 facta
590 2590 1004 2662 miracula,quae
1034 2603 1230 2650 nostrae
1255 2605 1553 2652 occurrunt
1574 2599 1873 2667 memoriae,

285 2681 500 2735 curabo
529 2681 875 2738 condudere.

361 2783 500 2837 Cum
548 2785 723 2840 adhuc
768 2801 941 2842 essem
994 2788 1188 2854 laicus,
1219 2799 1274 2846 et
1301 2790 1447 2846 intra
1484 2807 1656 2848 annos
1697 2794 1874 2850 adole-

290 2883 515 2927 scentiae
543 2883 756 2930 :etatem
783 2876 1056 2941 ducerem,
1083 2895 1201 2948 quae
1231 2896 1259 2933 a
1300 2881 1482 2936 multis
1514 2882 1564 2936 in
1599 2882 1873 2939 Beneven-

290 2976 421 3018 tana
487 2966 709 3021 civitate
753 2970 954 3040 degens
1002 2972 1179 3027 audivi
1224 2973 1290 3029 de
1317 2973 1525 3030 Joanne
1576 2975 1688 3046 (24)
1749 2976 1880 3032 tunc

285 3058 536 3128 ejusdem
570 3061 957 3117 Bcncventana:
1004 3064 1260 3122 Ecclesia:
1293 3068 1696 3132 archidiacono,
1726 3079 1874 3138 post-

293 3153 512 3207 modum
539 3169 669 3208 vero
705 3154 862 3224 hujus
897 3155 954 3210 S.
987 3158 1220 3214 camubii
1263 3159 1481 3226 abbate,
1512 3160 1735 3216 silcnter
1763 3179 1868 3217 non

292 3241 562 3297 transibo.
607 3242 742 3298 Cum
788 3245 928 3300 idem
979 3244 1214 3302 Joannes
1263 3247 1330 3303 de
1382 3249 1578 3305 illustri
1621 3253 1870 3322 prosapia

291 3333 562 3402 originem
615 3335 856 3401 duceret,
904 3346 979 3404 et,
1037 3341 1180 3408 quod
1239 3339 1410 3415 majus
1461 3351 1566 3407 est,
1627 3344 1872 3415 religiose

290 3425 484 3480 vivens
499 3427 850 3496 omnipotenti
876 3428 1104 3484 Domino
1127 3431 1438 3487 omnimodo
1459 3433 1669 3503 placere
1692 3438 1872 3491 stude-

290 3527 413 3581 ret,
444 3519 515 3574 ita
550 3535 580 3574 a
622 3522 768 3577 clero
806 3533 862 3578 et
892 3525 1090 3596 popqu
1128 3525 1475 3596 diligebatur,
1511 3537 1568 3582 ut
1607 3545 1796 3586 omnes
1817 3534 1867 3587 ei

289 3611 624 3668 unanimiter
692 3623 816 3684 post
881 3627 1110 3671 mortem
1182 3619 1575 3690 archiepiscopi
1632 3621 1872 3692 ejusdem

288 3703 448 3758 urbis
476 3718 744 3758 summum
777 3707 1142 3768 sacerdotium
1173 3720 1543 3778 peroptarent.
1581 3711 1732 3766 Alter
1758 3715 1874 3782 qui-

289 3794 418 3848 dam
453 3793 506 3848 in
538 3795 727 3850 eadem
756 3796 1028 3863 Ecclesia,
1058 3798 1174 3853 Alix
1200 3799 1312 3870 (9.5)
1341 3800 1582 3867 nomine,
1614 3803 1874 3860 diaconus

292 3892 440 3949 erat,
483 3885 573 3953 qui
622 3887 688 3939 ad
719 3887 1128 3956 adipiscendum
1174 3889 1513 3959 pontiﬁcium
1555 3892 1700 3945 omni
1751 3893 1871 3946 nisu

291 3975 601 4043 aspirabat,
636 3990 753 4039 nec,
786 3993 894 4046 quo
935 3980 1126 4034 ordine
1165 3981 1215 4034 id
1245 3981 1460 4052 assequi
1484 3991 1690 4052 posset,
1719 3983 1872 4053 quid-

290 4080 456 4132 quam
486 4067 638 4136 pensi
674 4068 925 4123 habebat.
958 4068 1065 4125 Sed
1097 4072 1222 4126 dum
1253 4072 1394 4129 idem
1423 4074 1661 4130 Joannes
1693 4077 1874 4131 archi-

290 4157 554 4214 diaconus
607 4171 936 4228 superesset,
987 4164 1054 4216 ad
1101 4164 1313 4220 culmen
1365 4167 1498 4221 tanti
1549 4168 1770 4222 honoris
1814 4185 1872 4224 se

289 4264 454 4319 posse
495 4252 806 4323 pertingere
839 4254 1182 4322 desperabat.
1227 4257 1470 4325 Cumque
1496 4257 1611 4313 hate
1634 4260 1872 4327 quotidie

265 4336 344 4392 ‘in
369 4338 552 4393 animo
581 4338 850 4403 volveret,
891 4356 1027 4394 vana
1053 4341 1201 4396 illum
1237 4343 1496 4413 cogitatio
1533 4344 1677 4399 haud
1722 4346 1871 4414 quie-

285 4444 442 4484 scere
472 4431 835 4500 permittebat.
871 4430 1004 4487 Cum
1027 4431 1260 4501 quadam
1293 4433 1381 4488 die
1409 4443 1634 4509 uterque
1662 4447 1870 4491 secreto

289 4522 346 4575 in
393 4521 514 4576 loco
560 4524 957 4588 consedissent,
994 4534 1048 4578 et
1087 4539 1246 4578 nemo
1276 4523 1414 4579 alius
1447 4540 1570 4580 cum
1600 4526 1680 4580 eis
1705 4539 1866 4591 esset,

287 4630 471 4669 sermo
529 4615 672 4671 inter
719 4629 816 4671 eos
866 4631 1026 4672 orsus
1066 4624 1151 4672 est
1194 4617 1260 4671 de
1307 4615 1612 4685 huiusmodi
1659 4619 1870 4674 misera:

285 4705 414 4759 vita?
443 4705 760 4776 fragilitate,
790 4707 856 4761 de
876 4707 1114 4762 cmlestis
1139 4723 1202 4762 ac
1231 4715 1503 4778 pcrpetum
1531 4707 1868 4778 vitzejucun-

1984 2234 2136 2281 terna
2171 2227 2467 2296 justorum.
2527 2234 2710 2304 Itaque
2760 2246 3066 2292 statuerunt
3117 2239 3258 2295 inter
3300 2257 3358 2296 se
3408 2241 3564 2310 hujus

1980 2319 2207 2390 gloriam
2236 2324 2421 2378 mundi
2459 2326 2789 2397 relinquere,
2819 2343 2882 2384 ac
2914 2340 3117 2385 sancta:
3137 2334 3563 2389 conversationis

1980 2411 2225 2469 habitum
2279 2417 2587 2489 suscipere;
2637 2428 2691 2474 et
2722 2430 2780 2476 ut
2815 2421 2986 2492 magis
3022 2423 3109 2477 ﬁdi
3153 2439 3273 2480 esse
3320 2436 3562 2495 possent,

1972 2499 2307 2573 iuramento,
2336 2511 2480 2578 quod
2505 2519 2825 2578 statuerant,
2859 2513 3232 2571 ﬁrmaverunt.
3259 2517 3389 2572 Dein
3417 2518 3560 2573 diem

1978 2595 2318 2666 decernunt,
2381 2617 2488 2672 quo
2562 2604 2702 2672 apud
2774 2615 3012 2661 castrum
3059 2607 3318 2664 Casinum
3375 2607 3562 2664 limina

1978 2686 2036 2741 Β.
2075 2689 2356 2748 Benedicti
2382 2704 2651 2764 peterent,
2677 2713 2740 2752 ac
2771 2701 2871 2754 sub
2898 2699 3014 2769 ejus
3043 2702 3340 2773 magisterii
3376 2705 3563 2773 regula

1978 2780 2106 2839 Jcsu
2155 2785 2378 2840 Christo
2423 2785 2652 2842 Domino
2681 2789 3040 2846 deservirem.
3079 2793 3248 2864 Igitur
3275 2803 3562 2864 postquam

1977 2877 2044 2930 ad
2093 2883 2355 2929 statutum
2404 2875 2548 2931 diem
2595 2888 2814 2934 ventum
2863 2889 2968 2947 est,
3019 2898 3126 2952 quo
3161 2882 3230 2937 ab
3256 2885 3336 2940 eis
3374 2898 3566 2955 aggre-

1977 2968 2234 3021 diendum
2279 2979 2397 3022 erat
2453 2970 2575 3034 iter,
2629 2971 2789 3038 Alix,
2846 2974 2936 3044 qui
2983 2975 3127 3030 aliud
3173 2977 3374 3044 animo,
3417 2977 3565 3034 aliud

1976 3060 2221 3130 gestabat
2250 3060 2305 3114 in
2339 3076 2468 3126 ore,
2516 3062 2711 3120 Joanni
2763 3067 3150 3122 archidiacono
3198 3069 3383 3124 dixit:
3423 3069 3564 3126 Cha-

1977 3153 2189 3208 rissime
2238 3152 2432 3219 frater,
2459 3156 2714 3224 quoniam
2758 3159 2823 3212 de
2863 3160 3027 3215 rebus
3071 3160 3206 3215 meis
3231 3161 3432 3231 aliquid
3463 3163 3560 3217 ad-

1978 3245 2085 3300 huc
2110 3255 2378 3316 superest,
2407 3253 2550 3316 quod
2579 3250 2874 3304 secundum
2903 3251 3071 3306 Deum
3093 3252 3348 3308 ordinare
3373 3253 3557 3322 cupio,

1978 3337 2318 3403 tu,obsecro,
2354 3340 2616 3408 prmcede,
2646 3349 2700 3395 et
2725 3356 2847 3396 mox
2876 3352 2933 3396 ut
2963 3353 3164 3398 sanctae
3191 3346 3560 3400 conversatio-

1976 3429 2060 3483 nis
2104 3428 2350 3506 habitum
2399 3432 2727 3500 susceperis,
2773 3433 2907 3487 mihi
2951 3435 3197 3488 nuntium
3228 3437 3422 3490 mitte:
3455 3453 3556 3507 ego

1975 3529 2177 3584 autem,
2226 3519 2310 3574 his
2351 3521 2580 3590 expletis
2604 3562 2617 3584 ,
2661 3531 2865 3592 quanto
2893 3524 3054 3579 citius
3087 3535 3137 3580 te
3176 3526 3426 3596 subsequi
3457 3545 3553 3582 cu-

1979 3610 2131 3664 rabo.
2159 3610 2588 3667 Arehidiaconus
2618 3628 2743 3668 vero
2772 3613 2836 3667 ad
2871 3616 3254 3670 monasterium
3287 3615 3345 3669 Β.
3379 3616 3556 3670 Patris

1975 3703 2249 3759 Benedicti
2276 3703 2516 3768 veniens,
2544 3722 2665 3759 mox
2699 3715 2756 3761 ut
2786 3707 3029 3763 habitum
3057 3723 3268 3763 sacrum
3297 3710 3577 3779 suscepit,.

1975 3798 2223 3852 nuntium
2255 3807 2315 3852 ut
2341 3799 2698 3854 decreverant
2735 3800 2882 3856 socio
2937 3802 3155 3867 direxit,
3182 3802 3271 3872 qui
3301 3817 3424 3856 cum
3454 3802 3577 3856 sub-

1974 3899 2174 3946 sanctae
2211 3889 2574 3946 institutionis
2605 3891 2788 3962 regula
2823 3893 2935 3964 jam
2963 3893 3098 3948 colla
3127 3893 3469 3958 submisisse,
3497 3903 3571 3947 et:

1974 3991 2034 4036 ut
2072 3981 2186 4053 ipse
2229 3981 2484 4038 celeriter
2512 3984 2742 4051 veniret,
2781 3994 2839 4040 ut
2881 3986 3153 4055 pollicitus
3190 3986 3388 4051 fuerat,
3418 4001 3554 4039 nun-

1977 4074 2154 4128 tiaret.
2191 4072 2264 4127 At
2302 4073 2391 4129 ille
2425 4090 2549 4129 mox
2584 4085 2644 4129 ut
2676 4076 2802 4130 talia
2844 4078 3068 4140 audivit,
3097 4078 3276 4132 alacer
3305 4076 3556 4136 effectus,

1973 4165 2113 4235 quod
2165 4163 2341 4231 illum,
2383 4164 2474 4234 qui
2522 4165 2622 4220 sibi
2665 4165 2717 4219 in
2758 4165 2997 4222 Ecclesia
3029 4166 3431 4235 praaeminebat,
3467 4182 3552 4220 re—

1973 4259 2204 4314 cessisse
2250 4260 2540 4322 cernebat,
2585 4259 2810 4314 omnino
2853 4273 2912 4313 se
2958 4259 3024 4312 ad
3074 4274 3194 4312 etttn
3252 4257 3546 4317 accedere.

1973 4357 2134 4418 atque
2193 4357 2305 4402 tam
2372 4355 2581 4402 arctam
2631 4349 2840 4418 ingredi
2894 4348 3036 4402 viam
3089 4361 3247 4417 posse
3309 4347 3546 4418 negavit.

1972 4440 2175 4496 Deinde
2203 4441 2271 4494 ad
2301 4439 2692 4510 acquirendum
2714 4439 2925 4494 culmen
2955 4439 3300 4510 pontiﬁcatus
3324 4438 3579 4493 honoris.

1973 4533 2099 4587 totis
2135 4532 2340 4586 viribus
2387 4531 2682 4586 nitebatur.
2729 4532 2833 4587 Sed
2878 4533 3215 4603 omnipotens
3263 4548 3328 4588 ac
3369 4532 3586 4603 justus--

1970 4624 2111 4678 Deus
2138 4623 2299 4676 aliter
2323 4638 2485 4693 quam
2521 4624 2634 4692 ipse
2665 4623 2918 4692 sperabat
2943 4623 3229 4694 disposuit.
3258 4622 3391 4677 Nam
3420 4637 3546 4678 cum
3580 4669 3586 4674 .

1972 4714 2264 4784 imperator
2305 4714 2445 4770 Otho
2479 4729 2728 4786 egressus
2769 4713 3061 4770 Germania
3104 4715 3310 4770 italiam
3349 4715 3564 4768 intras«

356 4839 470 4922 (ξι)
496 4838 752 4923 Joannes,
777 4842 943 4923 abbas
975 4840 1629 4923 tertitts__lutjus_nomiuis
1671 4853 1726 4898 et
1768 4846 1863 4898 tri-
1898 4827 1941 4881 Ῑ)
1970 4850 2171 4906 habere
2226 4852 2482 4923 regnandi
2537 4851 2786 4923 cupidine
2811 4893 2824 4917 ,
2873 4851 3153 4908 irridendo-
3200 4852 3326 4908 Sex.
3379 4851 3540 4907 Pom-

284 4911 526 4965 cesimus
552 4927 582 4964 a
620 4911 678 4965 Β.
711 4913 1022 4978 Benedicto,
1045 4927 1110 4968 ex
1144 4913 1335 4967 illustri
1363 4912 1859 4970 Beneventanorum

283 4980 486 5035 civium
540 4983 792 5053 prosapia
842 4997 1012 5052 genus
1066 4984 1238 5037 duxit.
1289 4983 1540 5053 Suscepit
1589 4984 1858 5040 abbatiam

282 5066 430 5132 anni.
450 5052 666 5132 Domini
691 5053 1340 5132 99:1_et.pervcnit_usque
1367 5055 1434 5108 ad
1462 5052 1670 5108 annum
1695 5055 1856 5132 1910.

1969 4923 2170 4990 peium,
2202 4922 2304 4976 cui
2339 4937 2460 4976 cum
2496 4922 2809 4976 facillimum
2853 4931 2994 4977 esset
3038 4924 3381 4986 adversarios
3416 4937 3550 4977 suos

1970 4991 2169 5046 violata
2217 4991 2322 5046 ﬁde
2364 4992 2729 5052 obtruncare,
2778 5001 2939 5062 atque
2987 4992 3057 5046 ita
3111 5002 3224 5050 toto
3276 5003 3546 5062 terrarum

1969 5064 2101 5116 orbe
2130 5062 2314 5131 potiri,
2347 5062 2518 5131 pluris
2550 5062 2705 5114 ﬁdem
2735 5061 2898 5131 quae!
2923 5063 3206 5132 imperium
3238 5064 3443 5118 fecerit.
3481 5061 3550 5116 Et
