4044 5360
487 315 598 375 933

1764 317 2088 375 VICTORIS
2115 318 2177 374 lli
2209 317 2412 375 PAR-'8

3649 315 3748 374 98$

489 437 602 500 set,
645 441 930 506 postquam
981 433 1254 492 Romanas
1301 449 1430 500 res,
1493 443 1554 490 ut
1605 434 1708 491 sibi
1761 435 2072 502 videbatur,
2101 443 2148 501 Α
2179 437 2277 492 nit.
2303 439 2441 494 Cum
2485 437 2740 507 denique,
2775 437 3022 491 oratione
3049 435 3210 500 facta,
3244 435 3310 489 ad
3352 449 3594 492 mensam
3624 450 3748 490 cou-

487 529 774 600 tlittposuil,
809 529 1174 584 Beneventum
1209 529 1362 594 adiit,
1399 529 1486 585 cui
1515 529 1636 584 Alix
1668 529 1740 584 ita
1783 529 2072 586 familiaris

489 617 716 674 allectus
755 625 866 682 est,
903 627 966 671 ut
995 619 1138 673 idem
1171 618 1452 690 Augustus
1481 633 1604 674 eum
1633 619 1759 688 eligi
1793 620 1847 674 in
1887 620 2068 688 ponti-

489 709 680 772 ficem,
709 707 952 764 Ecclesia
999 718 1284 773 renuente,
1329 709 1665 779 praeciperet.
1711 707 2066 766 Posttnodum

491 813 624 854 vero
661 798 956 869 imperator
992 797 1221 852 Romam
1255 801 1487 866 rediens,
1521 799 1822 857 Romanum
1851 802 2070 873 pontiﬁ-

485 905 606 946 cem
634 907 760 947 eum
785 905 1112 948 consecrare
1142 893 1366 961 rogavit,
1395 907 1449 947 et
1479 901 1859 948 consecratum
1893 895 2063 949 Bene-

485 991 708 1038 ventum
735 984 978 1048 remisit;
1011 985 1312 1053 imperator
1336 985 1555 1052 deinde,
1584 985 1736 1042 l‘ebre
1760 995 2064 1057 correptos,

484 1083 607 1142 post
642 1073 854 1146 aliquos
891 1075 1006 1132 dies
1027 1075 1214 1130 divina
1246 1075 1604 1147 dispositione
1650 1079 1935 1134 der-unctus
1959 1089 2068 1135 est.

483 1165 584 1223 lite
607 1181 740 1224 vero
781 1165 1150 1224 Beneventum
1177 1169 1418 1234 rediens,
1451 1185 1518 1224 ne
1548 1171 1820 1228 mcenibns
1845 1172 2064 1241 quidem

481 1255 724 1316 civitatis
741 1257 1174 1328 appropinquare
1199 1273 1364 1315 ausus
1385 1259 1509 1326 fuit,
1532 1261 1628 1316 sed
1651 1273 1775 1316 cum
1799 1261 2066 1318 dedecore

481 1347 578 1404 ilio
621 1347 864 1419 repulso,
907 1349 1072 1404 alium
1103 1349 1206 1406 sibi
1243 1353 1392 1410 cives
1419 1353 1730 1423 pontiﬁcem
1759 1353 2059 1424 elegerunt.

484 1437 636 1500 Fecit
670 1440 890 1510 quidem
940 1440 1055 1496 haec
1099 1441 1448 1512 ontnipotens
1475 1444 1618 1499 Deus
1661 1444 1728 1498 ad
1769 1445 2063 1500 vindictam

491 1529 930 1597 tnaitfactornm,
976 1531 1188 1590 laudem
1221 1548 1348 1602 vero
1373 1535 1674 1598 bonorum,
1707 1543 1764 1589 ut
1793 1537 1886 1608 qui
1911 1541 2066 1608 cupi-

481 1621 640 1678 ditati
693 1623 915 1680 honoris
961 1613 1158 1679 ductus
1211 1625 1584 1681 fraudulenter
1631 1628 1854 1684 fratrem
1903 1643 2061 1702 suum

481 1713 694 1770 studuit
719 1715 788 1770 ab
817 1714 1059 1770 Ecclesia
1089 1705 1310 1785 pellere,
1333 1717 1447 1790 ipse
1477 1718 1666 1790 pulsus
1689 1720 1890 1788 patria,
1911 1721 2062 1778 exsul

481 1801 540 1858 in
568 1803 752 1860 alieno
783 1803 901 1861 solo
923 1805 1092 1860 vitam
1123 1805 1330 1866 ﬁniret.

549 1895 758 1952 Prteter
781 1897 896 1953 haec
919 1912 1004 1962 ea,
1029 1913 1150 1968 qua:
1173 1910 1499 1970 sequuntur,
1525 1901 1708 1959 Leone
1735 1903 2062 1962 venerabilis

480 1989 633 2056 vitae,
673 1990 767 2060 qui
794 1997 920 2046 ante
949 2006 1152 2062 paucos
1191 2007 1366 2050 annos
1396 1993 1686 2052 defunctus
1719 2006 1826 2066 est,
1853 2007 1908 2064 et
1941 1997 2061 2054 aliis

478 2083 754 2139 veteranis
783 2085 1067 2140 monachis
1096 2087 1468 2154 narrantibus,
1501 2090 1706 2145 audivi.
1733 2089 1868 2146 Cum
1896 2091 2062 2162 igitur

476 2171 622 2230 idem
655 2170 894 2234 Joannes
919 2176 1230 2247 aliquantos
1269 2179 1322 2234 in
1366 2182 1698 2236 tnonasterio
1739 2192 1944 2244 sanctis
1975 2185 2062 2240 in-

478 2266 780 2330 stitutionis
812 2267 1008 2339 regulae
1034 2269 1306 2340 explesset
1333 2286 1536 2338 annos,
1567 2274 1736 2342 pet-ita
1768 2275 1836 2327 ab
1865 2275 2062 2334 abbate

475 2375 576 2418 suo
613 2359 856 2444 licentia,
897 2360 1324 2436 Hierosolymam
1351 2367 1614 2434 terrcxit,
1644 2379 1806 2436 atque
1830 2369 1884 2423 in
1911 2369 2060 2424 Sinni

479 2462 668 2533 monte
691 2467 787 2524 per
807 2469 900 2510 sex
929 2455 1216 2518 continuos
1247 2458 1298 2512 in
1326 2457 1420 2512 Dei
1443 2459 1668 2533 servitio
1695 2459 1842 2530 degit
1861 2475 2058 2526 annos.

477 2531 830 2600 Postutodum
871 2561 1004 2602 vero
1039 2545 1097 2600 in
1143 2545 1352 2604 Graecia
1390 2548 1444 2602 in
1485 2531 1698 2614 monte,
1745 2551 1834 2622 qui
1872 2551 2066 2620 [lngio-

475 2627 646 2688 ttoros
681 2633 798 2706 (ἐϋ)
845 2633 1070 2699 dicitur,
1111 2634 1390 2714 aliquanto
1423 2647 1666 2710 tempore
1698 2637 1917 2694 tnunSit.
1948 2639 2058 2695 Sed

472 2735 562 2802 ea,
590 2737 709 2794 qum
737 2723 828 2778 illo
863 2723 918 2777 in
947 2719 1066 2778 loeo
1105 2741 1228 2782 eum
1256 2725 1456 2784 vidisse
1483 2729 1736 2800 contigit,
1781 2729 2062 2806 haudqua-

475 2826 640 2882 quam
666 2811 798 2867 mihi
829 2811 1080 2868 videntur
1103 2814 1403 2870 reticenda.

547 2903 782 2971 Quidam
819 2919 1055 2974 namque
1105 2909 1334 2962 cremita
1378 2910 1432 2964 in
1479 2910 1670 2966 eodem
1718 2917 1902 2966 monte
1945 2925 2061 2965 ma-

473 2985 633 3062 nens,
675 3010 705 3050 a
751 2997 939 3064 paucis
967 2998 1050 3051 vel
1092 2985 1564 3070 frequentabatur,
1589 3003 1672 3057 vel
1707 3003 2055 3066 noscebatur.

472 3087 613 3140 Dum
635 3085 866 3158 quadam
889 3087 978 3144 die
1009 3085 1179 3144 frater
1203 3091 1294 3160 qui
1335 3093 1384 3147 ei
1419 3079 1782 3160 ministrabat,
1812 3105 1868 3150 et
1895 3097 2060 3152 certis

473 3179 669 3264 diebus
703 3180 910 3236 victum
955 3180 1252 3252 deferebat,
1299 3199 1460 3256 supra
1505 3198 1862 3248 memoratum
1895 3187 2059 3244 Joan.

473 3287 601 3328 nem
646 3271 1016 3330 venerabilem
1064 3275 1242 3346 virum
1282 3277 1352 3332 ad
1397 3280 1646 3334 eumdem
1697 3279 1788 3336 Dei
1837 3296 2057 3336 servum

470 3359 736 3430 duxisset,
777 3363 918 3420 sicut
954 3364 1069 3436 ipse
1097 3368 1442 3436 postmodum
1485 3369 1768 3438 discipulis
1795 3371 1906 3426 suis
1933 3387 2056 3426 cum

475 3444 732 3530 incl-ymis
769 3457 964 3514 solitus
993 3468 1110 3515 crat
1157 3459 1389 3526 referre,
1419 3459 1671 3532 benigne,
1709 3473 1766 3517 ut
1808 3464 2054 3528 decebat,

472 3548 546 3604 ab
585 3563 654 3604 eo
694 3559 981 3618 susceptus
1026 3561 1140 3616 est,
1187 3561 1242 3605 et
1286 3567 1410 3608 cum
1456 3568 1639 3608 sermo
1681 3554 1824 3610 inter
1857 3569 1952 3612 eos
1989 3555 2060 3610 de

469 3639 716 3699 rwlcstis
747 3640 868 3694 vita:
897 3641 1107 3710 gaudiis
1137 3641 1342 3697 diutius
1371 3643 1691 3712 agitaretur,
1721 3661 1914 3700 servus
1961 3645 2055 3701 Dei

472 3731 544 3792 iis
577 3729 670 3802 qui
698 3731 1032 3790 advenerant
1055 3729 1194 3788 dix't
1225 3749 1239 3786 :
1271 3729 1484 3798 Venite,
1540 3733 1760 3798 fratres,
1793 3735 1919 3805 quia
1943 3735 2056 3806 jam

473 3823 605 3876 hora
629 3830 733 3888 est,
756 3819 1009 3876 alimenta
1040 3837 1318 3878 sumamus
1340 3826 1605 3894 corporis,
1631 3842 1698 3882 ne
1722 3837 2060 3886 revertentes

473 3911 528 3967 in
565 3911 648 3966 via
685 3911 997 3970 deficiatis:
1041 3928 1140 3969 nec
1168 3913 1316 3970 enim
1344 3913 1516 3987 jejuni
1548 3935 1577 3971 ει
1616 3917 1773 3974 nobis
1803 3921 2058 3976 recedere

474 4003 712 4084 debetis,
751 4014 972 4076 propter
1015 4020 1180 4076 quem
1227 4007 1363 4063 tanti
1412 4009 1656 4066 subiistis
1692 4011 1796 4066 iter
1831 4010 2052 4067 laboris.

471 4097 542 4154 Et
581 4098 700 4156 haec
735 4097 944 4168 dicens,
973 4113 1218 4162 mensam
1243 4111 1533 4174 praeparat,
1565 4087 1850 4176 prandium
1888 4120 2056 4178 appo-

505 4275 654 4360 ⁸(9.6)
691 4275 768 4332 De
800 4239 1253 4360 peregrinatione
1294 4275 1517 4360 Joannis
1545 4279 1612 4336 ad
1640 4291 1912 4360 montem
1948 4279 2056 4360 iia-
2098 4280 2103 4284 ’

465 4351 726 4422 gionoros
768 4351 1167 4422 sive__tnontem
1227 4359 1512 4422 sanctum,
1561 4354 1652 4422 qui
1710 4351 1840 4408 olim
1885 4353 2057 4409 Athos

466 4415 769 4491 dicebatur,
803 4417 858 4472 in
891 4417 1200 4491 Macedonia
1223 4419 1450 4476 Graecia:
1473 4415 1774 4491 provincia,
1807 4425 2056 4479 meminit

465 4490 632 4566 etiam
675 4489 872 4566 Petrus
913 4489 1062 4566 Dine.
1102 4487 1342 4566 iib.__tns.
1377 4483 1620 4566 De'ortu
1645 4483 1926 4566 justornm
1959 4496 2062 4552 Ca:
2089 4483 2134 4542 D

465 4559 746 4632 βίην-ρῳ.
776 4559 868 4626 55,
890 4570 946 4613 et
965 4560 1391 4632 Dst.in_Cltron.
1415 4561 1507 4616 lib.
1543 4578 1604 4629 ιι,
1635 4559 1754 4632 cap.
1785 4563 1877 4618 22.

541 4627 656 4699 (27)
685 4627 799 4704 Non
823 4629 1367 4704 pancireperiuntur
1384 4633 1558 4704 sancti
1585 4627 1684 4704 qui
1703 4627 1879 4688 'brnta
1912 4649 2058 4704 quac-

467 4698 593 4774 dam
623 4698 939 4774 animantia
990 4698 1298 4774 habuerunt
1342 4698 1663 4774 familiaria,
1712 4698 2054 4774 quibus-aut

465 4769 650 4840 cibum
679 4769 1010 4840 tribuebant,
1038 4777 1132 4824 aut
1159 4771 1227 4838 ab
1252 4771 1319 4830 iis
1347 4773 1706 4840 accipiebant.
1731 4769 2055 4832 Recordare

468 4837 598 4914 vitae
623 4837 850 4907 insignis
874 4839 1002 4906 Elite
1030 4849 1085 4894 et
1114 4855 1401 4900 corvorum
1430 4837 1740 4909 ministerii,
1773 4845 1863 4914 qui
1897 4862 2057 4901 mane

467 4907 690 4986 quidem
721 4925 938 4986 panem,
963 4925 1188 4986 vespere
1214 4919 1399 4968 autem
1433 4915 1480 4968 ei
1528 4907 1774 4986 carnemﬂ
1793 4907 2055 4986 perpetuo

373 4993 398 5054 ξ·
480 4975 783 5054 struebant
821 4995 846 5054 :_
879 4975 1130 5054 similiter
1157 4989 1215 5036 et
1244 4998 1455 5048 eorum,
1505 4975 1624 5054 qua:
1647 4987 1701 5041 in
1732 4975 1854 5040 Vita
1893 4975 2052 5042 'Pauli

473 5047 636 5116 primi
679 5049 923 5102 eremitae
963 5047 1288 5116 referuntur,
1341 5047 1464 5110 licet
1509 5047 1722 5111 soleant
1770 5056 1899 5111 talia
1949 5057 2053 5113 ista

473 5125 792 5172 sanctorum
823 5117 1084 5172 miracula
1125 5131 1409 5181 novatorcs
1439 5126 1676 5182 haeretici
1709 5127 2002 5184 exsibilare
2031 5147 2045 5184 :

477 5187 546 5256 Et
585 5185 680 5242 hoc
727 5197 840 5250 est,
871 5195 926 5239 ιιι
977 5187 1035 5239 S.
1087 5185 1311 5256 August.
1355 5195 1434 5248 ait
1469 5195 1563 5250 lib.
1605 5213 1722 5252 ut.
1759 5195 1836 5252 De
1897 5197 2049 5255 civit.

476 5258 598 5360 Dei:
623 5273 743 5327 cap.
783 5259 1203 5360 5,’e,o.t;'tmt‘:qt‘a
1247 5262 1501 5360 rnliOLttt
1534 5268 1672 5334 quod
1702 5267 1900 5360 experti
1946 5283 2050 5324 non

479 5339 598 5360 nunt
646 5341 973 5360 nnnnnnunnl
1001 5339 1110 5360 acea
1139 5341 1284 5360 nne-.9
1328 5337 1647 5360 ιη-Ιιὶοιι,...ο....
1705 5337 1778 5360 n.‘
1797 5337 1974 5360 :__-__
1995 5356 2042 5360 _-_

583 5339 598 5360 ο
646 5341 973 5360 nnnnnnunnl
1001 5339 1110 5360 acea
1139 5341 1284 5360 nne-.9
1328 5331 1418 5360 ιη-Ιι

2171 531 2453 594 sedissem,
2503 529 2758 585 mirabile
2801 528 2990 584 dictu!
3047 528 3298 583 humanis
3337 543 3550 583 ursuse
3575 528 3748 584 vicina

2169 623 2301 679 silva
2351 623 2577 678 veniens
2645 637 2766 677 sese
2819 631 2946 676 ante
3002 637 3096 676 ora
3147 620 3524 690 prandentium
3567 619 3748 674 favum

2169 713 2406 769 melliilui
2447 711 2620 769 meilis
2665 711 2844 768 ferens
2895 711 3140 768 exhibuit
3197 709 3333 782 (27).
3381 711 3625 780 Cumque
3677 709 3750 764 ilii

2171 804 2326 858 valde
2383 803 2656 874 perterriti
2709 801 2890 873 fugam
2961 801 3098 858 inire
3159 809 3460 864 tentarent,
3527 815 3752 854 venera-

2169 896 2288 950 bihs
2323 896 2552 950 eremita
2592 893 2682 950 ille
2705 910 2799 950 eos
2828 893 3190 964 compescuit,
3226 901 3278 947 et
3308 908 3377 948 ne
3405 901 3752 948 terrerentur

2169 986 2471 1050 admonuit,
2523 987 2708 1042 dicens
2743 985 2939 1040 multos
2983 1000 3104 1041 esse
3137 983 3252 1054 jam
3297 999 3485 1050 annos,
3515 999 3623 1054 quo
3651 985 3752 1039 sibi

2167 1076 2508 1146 omnipotens
2543 1075 2684 1130 licus
2724 1089 2823 1145 per
2867 1075 3095 1130 bestiam
3145 1074 3296 1129 illum
3328 1073 3628 1145 saepissime
3654 1074 3752 1128 hoc

2168 1179 2220 1237 ru
2257 1163 2404 1220 lliﬂui
2451 1165 2694 1220 nectaris
2733 1165 2934 1219 donum
2983 1181 3080 1220 sua
3133 1165 3332 1236 pietate
3369 1163 3748 1230 transmiserit.

2165 1253 2396 1311 Peracto
2445 1256 2628 1325 itaque
2661 1255 2888 1325 prandio
2933 1263 3220 1325 surgentes
3264 1269 3296 1310 e
3325 1268 3532 1318 mensa,
3573 1252 3754 1308 animo

2167 1348 2340 1418 magis
2383 1347 2566 1402 satiati
2597 1362 2760 1418 quam
2789 1363 3050 1418 corpore,
3085 1356 3340 1418 percepta
3373 1345 3754 1403 benedictione

2167 1441 2234 1494 ad
2291 1440 2680 1496 monasterium
2735 1449 2862 1495 sunt
2927 1441 3156 1495 reversi.
3212 1439 3338 1496 Post
3389 1454 3494 1493 non
3557 1437 3755 1498 multos

2166 1543 2297 1586 vero
2323 1529 2440 1586 dies
2477 1529 2828 1588 beatissimus
2875 1529 2935 1584 P.
2983 1527 3305 1584 Benedictus
3347 1528 3524 1584 eidem
3555 1526 3754 1584 Joanni

2165 1635 2263 1690 per
2333 1619 2597 1676 visionem
2664 1621 2942 1689 apparuit,
3014 1629 3069 1675 et
3119 1621 3256 1675 dans
3297 1620 3369 1674 oei
3421 1618 3752 1692 pastoralem

2165 1713 2400 1780 virgam,
2427 1719 2588 1782 quam
2607 1723 2776 1766 manu
2799 1711 3070 1781 gestabat,
3097 1719 3157 1766 ut
3187 1711 3444 1766 Casinum
3483 1711 3552 1764 ad
3591 1726 3753 1766 suum

2093 1789 2138 1848 Β
2166 1805 2554 1862 monasterium
2583 1805 2906 1875 quantocius
2937 1813 3321 1866 reverteretur,
3355 1803 3656 1858 admonuit.

2233 1895 2404 1952 Facto
2444 1897 2628 1968 itaque
2665 1911 2822 1952 mane
2851 1895 3033 1954 abbati
3083 1897 3250 1966 ipsius
3278 1895 3597 1951 monasterii
3630 1895 3754 1948 reli-

2163 1988 2314 2058 gioso
2361 1985 2572 2042 scilicet
2621 1985 2769 2052 viro,
2816 1986 3104 2052 visionem,
3163 2001 3326 2056 quant
3375 1986 3614 2050 viderat,
3659 2001 3756 2056 per

2168 2080 2412 2138 ordinem
2462 2077 2671 2154 pandit.
2703 2079 2912 2145 Atille,
2942 2087 3002 2133 ut
3032 2087 3148 2135 erat
3181 2079 3264 2134 vir
3296 2079 3554 2151 providus
3591 2089 3756 2148 atque

2151 2172 2448 2254 discretus,
2473 2171 2808 2228 voluntatem
2831 2171 2926 2228 Dei
2959 2171 3013 2226 in
3045 2172 3147 2226 hac
3164 2169 3371 2228 visione
3394 2183 3753 2241 cognoscens,

2169 2261 2374 2326 intulit,
2411 2261 2598 2318 dicens
2630 2279 2644 2316 :
2682 2261 2880 2316 Frater
2901 2260 3158 2326 Joannes,
3200 2261 3455 2317 celeriter
3497 2259 3566 2315 ad
3603 2271 3754 2318 tuum

2165 2353 2563 2409 monasterium
2595 2354 2795 2410 reverti
2828 2353 3044 2420 festina,
3071 2369 3138 2408 ne
3167 2363 3314 2409 tanto
3337 2353 3509 2420 Patri,
3537 2356 3628 2426 qui
3659 2355 3753 2412 tibi

2161 2459 2257 2514 per
2289 2444 2555 2502 visionem
2587 2445 2878 2516 apparuit,
2931 2460 3054 2502 esse
3103 2445 3423 2521 inobedit-ns
3473 2445 3750 2502 videaris:

2161 2533 2406 2592 decrevit
2458 2535 2630 2603 enim,
2673 2546 2734 2592 ut
2779 2537 2912 2593 mihi
2957 2538 3194 2610 videtur,
3221 2539 3566 2610 omnipotens
3611 2540 3756 2596 Deus

2163 2641 2214 2686 te
2253 2646 2352 2687 suo
2383 2629 2532 2704 gregi
2576 2647 2924 2704 praeponere,
2951 2641 3023 2698 et,
3055 2643 3115 2688 ut
3148 2648 3276 2688 suas
3305 2633 3537 2688 ﬁdeliter
3561 2647 3754 2702 pascas

2161 2735 2312 2790 oves,
2343 2737 2440 2776 sua
2471 2721 2822 2778 miseratione
2849 2721 3102 2794 elegisse.
3137 2721 3228 2778 llle
3269 2721 3438 2794 igitur
3470 2721 3668 2777 visioui
3697 2731 3754 2778 et

2166 2811 2525 2867 admonitioni
2571 2811 2983 2884 obtemperans,
3031 2814 3393 2870 transmarina
3444 2811 3754 2882 relinquens

2161 2919 2314 2971 arva,
2342 2903 2560 2960 Christo
2591 2905 2749 2972 duce,
2783 2919 3038 2962 reversus
3065 2913 3170 2972 est,
3199 2914 3362 2977 atque
3391 2919 3422 2960 a
3455 2905 3752 2978 religiosis-

2159 2996 2299 3050 sinto
2337 2995 2452 3050 viro
2477 2995 2716 3062 Joanne,
2744 2997 2836 3066 qui
2869 3005 2994 3052 tunc
3029 2994 3291 3054 fratribus
3327 3007 3588 3068 prtecrat,
3617 3011 3752 3065 prae.-

2167 3087 2377 3158 positus
2410 3085 2610 3156 factus,
2642 3103 2746 3142 non
2779 3089 2949 3143 multo
2994 3099 3117 3158 post
3160 3097 3402 3160 tempore
3426 3089 3574 3160 (quia
3614 3090 3748 3144 idem

2163 3178 2331 3237 abbas
2367 3193 2596 3250 corpore
2638 3178 2753 3249 jam
2798 3177 2992 3234 debilis
3019 3188 3154 3250 erat,
3185 3189 3350 3251 atque
3381 3181 3590 3252 pondus
3617 3182 3746 3237 tanti

2162 3269 2350 3326 cneris
2398 3271 2540 3326 ferre
2577 3269 2860 3340 nequibat)
2890 3271 3115 3326 consilio
3143 3281 3198 3328 et
3241 3273 3502 3328 eleCtione
3533 3281 3748 3328 cuncto-

2163 3379 2282 3418 rum
2319 3363 2571 3429 fratrum,
2619 3363 2686 3418 ab
2714 3363 2904 3428 eodem
2945 3365 3240 3420 venerabili
3274 3365 3434 3424 Patre
3465 3365 3636 3422 abbas
3664 3377 3746 3420 est

2159 3455 2460 3510 ordinatus.
2486 3451 2578 3509 ille
2605 3468 2755 3518 vero,
2778 3453 2994 3509 abbatia
3017 3454 3224 3514 relicta.
3243 3455 3294 3511 in
3309 3455 3541 3514 vicinam
3561 3454 3750 3510 silvam

2159 3545 2404 3610 secessit,
2425 3547 2589 3615 atque
2617 3543 2688 3599 ibi
2717 3559 2886 3615 usque
2899 3547 2967 3601 ad
2983 3547 3108 3601 vitze
3121 3562 3232 3602 sua:
3255 3549 3545 3603 terminum
3569 3547 3750 3603 solita-

2162 3638 2278 3698 rius
2308 3637 2510 3710 degens
2527 3639 2579 3693 in
2595 3631 2983 3711 omnipotcniis
3001 3639 3124 3696 Deis
3139 3640 3332 3696 ervitio
3357 3639 3522 3696 vitam
3555 3639 3746 3700 ﬁnivit.

2231 3743 2412 3798 lntera
2443 3759 2544 3802 nec
2570 3759 2632 3800 ca
2655 3760 2775 3815 qute
2803 3744 2868 3800 de
2895 3743 3072 3800 Felice
3097 3743 3209 3814 (28)
3235 3744 3440 3808 audivi,
3479 3743 3744 3799 monacho

2159 3835 2412 3891 videlicet
2438 3835 2596 3904 hujus
2637 3835 2972 3898 monasterii,
3010 3835 3230 3892 silentio
3265 3843 3394 3890 sunt
3431 3833 3750 3906 praetermit-

2163 3927 2343 3981 tenda.
2393 3925 2638 3994 Quodam
2678 3938 2941 3996 tempore,
2968 3927 3154 3984 nescio
3200 3943 3304 3998 qua
3343 3927 3422 3983 de
3466 3943 3655 3993 causa,
3681 3925 3748 3982 ad

2162 4017 2444 4076 Teatinam
2473 4022 2662 4078 urbem
2704 4036 2825 4076 esse
2861 4015 2946 4074 me
2977 4019 3226 4090 contigit,
3255 4029 3312 4075 et
3355 4036 3478 4076 cum
3523 4021 3596 4074 ab
3635 4019 3746 4090 (29)

2161 4113 2418 4184 episcopo
2455 4126 2511 4169 ct
2539 4112 2756 4168 clericis
2792 4111 2937 4184 illius
2966 4111 3223 4170 Ecclesia:
3260 4112 3494 4184 benigne
3523 4120 3578 4166 et
3611 4110 3746 4168 ami‘

2160 4283 2282 4340 Vita
2330 4300 2452 4354 cap.
2478 4285 2582 4354 25.
2621 4283 2975 4354 Pachomium
3025 4299 3180 4350 vero,
3228 4291 3304 4354 ut
3338 4283 3390 4336 in
3435 4281 3554 4354 Vita
3600 4281 3746 4351 ejus,

2159 4372 2278 4426 cap.
2322 4351 2428 4419 i0,
2475 4353 2695 4426 legitur,
2734 4351 3132 4411 crocodilorum
3178 4353 3483 4426 ministerio
3527 4353 3748 4408 fluvium

2163 4421 2560 4489 transeuntem:
2589 4425 2682 4494 qui
2707 4439 2830 4480 eum
2864 4441 2986 4480 cum
3019 4439 3230 4481 summa
3261 4421 3594 4492 sultjectione
3619 4439 3744 4494 por-

2163 4497 2374 4560 tabant,
2405 4509 2740 4564 exponentes
2768 4497 2834 4550 ad
2871 4496 3048 4552 locum
3081 4509 3422 4566 quocumque
3457 4494 3744 4564 prtrccpis-

2162 4578 2264 4638 set.
2299 4567 2518 4638 Simeon
2559 4582 2782 4638 quoque
2805 4567 3052 4638 priscos,
3083 4565 3140 4638 nt
3177 4565 3346 4638 refert
3360 4565 3416 4638 _'l'
3423 4566 3744 4638 heodoretus

2161 4637 2214 4693 in
2250 4637 2550 4698 Philotheo.
2577 4634 2705 4706 cap:
2753 4634 2822 4700 ϐξ
2847 4638 3056 4694 duobus
3087 4635 3332 4706 leonibus
3355 4634 3516 4703 jussit
3553 4645 3614 4690 ut
3652 4635 3742 4688 ho-

2160 4709 2332 4780 spites
2378 4705 2665 4780 ducerent,
2706 4718 2762 4762 et
2801 4724 2834 4762 a
2872 4709 2956 4762 via
2998 4724 3028 4770 ιι
3063 4721 3181 4780 qua
3207 4705 3558 4780 abet-rorant,
3587 4706 3742 4760 redu-

2158 4775 2370 4905 ἷξε-(ξηιλ
2433 4775 2594 4833 Plura
2672 4789 2969 4834 occurrunt
3037 4775 3242 4852 passim
3307 4776 3366 4834 in
3428 4784 3737 4832 sanctorum

2177 4859 2423 4904 nstorns.

2177 4859 2423 4904 liSlOl’liS.

2229 4919 2342 4991 (28)
2382 4920 2506 4991 Agit
2529 4921 2690 4980 etiam
2727 4918 2889 4991 «ιρις.
2933 4918 3112 4991 Felice
3141 4918 3334 4976 Petrus
3361 4919 3512 4976 Diae.
3543 4915 3740 4991 lib.__De

2157 4987 2262 5062 nrt.
2291 4987 2490 5062 justo'r.
2521 5009 2640 5062 cap.
2677 4992 2768 5046 57.
2801 4990 3081 5062 Pertinent
3106 4991 3252 5062 enim
3277 5005 3398 5058 quae
3425 4997 3610 5062 narrat
3639 4987 3733 5062 Dc-

2158 5055 2392 5130 siderius
2442 5062 2512 5116 ad
2555 5055 2684 5116 ann.
2729 5059 2890 5130 105:2,
2927 5069 2986 5114 ut
3029 5055 3336 5130 videt-eest
3370 5060 3514 5130 apud
3545 5055 3736 5112 Camil.

2154 5129 2342 5200 Pereg.
2378 5131 2430 5184 in
2465 5133 2606 5188 serie
2643 5132 2768 5190 abb.
2803 5129 2986 5186 Casin.
3013 5131 3068 5186 in
3083 5129 3382 5200 Desiderio.

2228 5197 2343 5272 (99)
2383 5200 2684 5272 Episcopus
2727 5201 2988 5272 'l‘eatinus
3015 5241 3031 5269 ,
3059 5201 3146 5268 _de
3186 5215 3299 5272 quo
3365 5199 3456 5254 hic
3509 5197 3738 5272 injicitur

2154 5268 2780 5360 tnettti‘ttn,;At'tiitlpltus
2849 5268 3020 5326 fuisse
3073 5268 3734 5360 creditttlr._quetn-circa
