4044 5360
281 321 388 380 985

1543 324 1828 382 υιΑιοοι.
1853 355 1916 366 -—
1954 320 2079 378 LIB.
2113 323 2174 378 ll.

3451 325 3556 383 983

279 439 535 496 cabiiiter
559 446 842 510 susceptus
864 453 1074 504 essem,
1109 448 1272 510 atque
1301 439 1564 495 orationis
1588 441 1766 510 gratia
1795 437 1863 494 ad
1898 442 1944 498 Α
1979 438 2203 493 nuntius
2263 446 2482 508 repente
2544 438 2612 494 ab
2667 419 3002 492 inﬁrmorum
3052 436 3211 492 domo
3258 451 3556 508 properans

280 533 585 589 orationem
631 548 718 588 me
753 533 1057 600 duxissent,
1103 532 1244 589 facta
1276 533 1542 599 oratione,
1569 535 1637 588 ad
1671 535 1861 588 dexte-

280 638 399 677 ram
425 622 671 678 ecclesiae
709 638 797 678 me
824 622 1051 691 contuli,
1076 622 1260 694 ibique
1285 623 1569 678 aediculam
1601 632 1657 678 et
1687 623 1866 678 altare

280 714 563 784 conspexi.
617 713 862 783 Cumque
896 715 1209 785 episcopum
1251 724 1309 769 et
1345 714 1580 770 clericos
1623 715 1864 770 interro.

278 819 535 876 gassem,
582 805 637 860 in
685 806 842 878 cujus
883 807 1144 861 honorem
1191 805 1367 863 altare
1415 807 1548 864 illud
1585 808 1864 863 conditum

279 904 449 961 esset,
492 911 810 968 responsum
847 896 977 952 mihi
1017 906 1129 964 est,
1173 898 1227 952 in
1263 898 1527 956 honorem
1571 897 1633 952 Β.
1671 897 1865 954 Felicis

278 987 614 1044 confessoris
679 989 884 1045 Christi
939 990 1112 1046 altare
1165 991 1295 1046 illud
1351 1006 1472 1048 esse
1533 991 1860 1048 dedicatum.

278 1082 417 1139 Cum
456 1092 640 1138 autem
666 1084 790 1154 quis
819 1082 982 1138 fuerit
1011 1083 1100 1140 ille
1132 1083 1283 1140 Felix
1325 1083 1690 1156 inquirerem,
1721 1083 1868 1139 dicc-

278 1173 413 1230 bant
439 1175 570 1230 mihi
601 1174 743 1244 quod
770 1175 1068 1231 monachus
1089 1174 1404 1230 Casinensis
1427 1173 1866 1245 congregatimis

280 1264 479 1330 fuerit;
507 1274 668 1336 atque
698 1265 766 1320 ab
795 1265 993 1321 abbate
1020 1279 1119 1322 suo
1148 1263 1254 1321 illis
1282 1265 1336 1320 in
1363 1265 1610 1336 partibus
1645 1264 1863 1328 missus,

279 1367 344 1412 ut
382 1358 694 1428 pastoribus
713 1359 933 1431 egregie
981 1369 1262 1430 praeesset,
1305 1359 1376 1415 ibi
1434 1360 1602 1412 vitam
1657 1357 1862 1423 finivit;

278 1457 333 1504 et
385 1464 511 1504 eum
568 1449 636 1506 ad
678 1465 877 1521 corpus
930 1450 1049 1522 ejus
1099 1453 1445 1523 omnipotens
1491 1452 1634 1506 Dens
1697 1450 1864 1506 multa

278 1543 551 1599 mirabilia
599 1554 941 1615 operaretur,
996 1561 1028 1600 a
1081 1545 1378 1617 majoribus
1424 1547 1537 1601 suis
1560 1545 1627 1599 de
1657 1545 1778 1599 loco
1806 1544 1858 1598 in

277 1647 387 1702 quo
433 1633 584 1704 prius
616 1633 864 1703 iacuerat
901 1633 1138 1700 levatus,
1199 1643 1363 1706 atque
1415 1635 1468 1690 in
1527 1635 1630 1689 hac
1683 1633 1860 1689 eccle-

274 1723 382 1790 sia,
410 1724 512 1779 sub
535 1723 670 1790 hoc,
701 1734 761 1780 ut
777 1725 974 1790 cernis,
1006 1724 1164 1779 altari
1197 1725 1446 1781 conditus
1477 1725 1658 1780 fuerit.
1690 1724 1861 1795 Igitur

276 1813 553 1881 quoddam
581 1813 934 1870 memorabile
960 1813 1055 1869 illo
1089 1813 1144 1870 in
1167 1813 1287 1868 loco
1310 1829 1482 1884 nuper
1510 1814 1576 1868 ab
1595 1829 1661 1868 eo
1680 1793 1864 1883 patra-
1895 1793 1940 1852 Β

279 1912 414 1966 tum,
459 1902 830 1974 omnipotente
875 1903 1105 1960 Domino
1165 1903 1448 1975 largiente,
1507 1904 1856 1959 narrabatur.

348 1991 487 2048 Cum
529 1993 750 2063 quidam
792 2007 970 2051 caicus
1014 1993 1083 2049 ad
1130 2003 1328 2051 cuncta
1372 1993 1644 2052 obstantia
1697 1993 1862 2066 pedes

274 2081 590 2152 oﬂ’endeus,
621 2083 1029 2140 misericordem
1062 2085 1350 2141 Dominum
1381 2096 1667 2156 rogaturus
1692 2127 1707 2152 ,
1741 2098 1868 2142 ante

273 2175 399 2246 ejus
426 2177 603 2233 altare
636 2177 899 2244 venisset,
927 2187 984 2233 et
1011 2187 1317 2248 prostratus
1346 2188 1458 2234 toto
1494 2179 1547 2233 in
1574 2188 1719 2234 terra
1746 2193 1868 2234 cor-

276 2286 436 2340 pore,
463 2269 667 2341 gemitu
697 2285 765 2326 ac
796 2271 1070 2341 suspiriis,
1101 2280 1160 2327 ut
1192 2273 1404 2330 meritis
1441 2272 1502 2327 B.
1545 2271 1742 2328 Felicis
1781 2273 1866 2329 sui

276 2362 655 2424 misereretur,
684 2372 898 2418 orasset
931 2380 944 2416 :
988 2379 1112 2418 mox
1147 2364 1388 2435 depulsis
1424 2363 1688 2420 caecitatis
1718 2374 1866 2419 tene-

277 2451 425 2516 bris,
458 2453 533 2508 ita
570 2469 736 2510 sanus
763 2465 816 2509 et
856 2453 1142 2510 incolumis
1171 2456 1408 2511 surrexit
1435 2463 1514 2520 ut,
1546 2455 1867 2512 mirantibus

277 2543 514 2610 cunctis,
571 2544 688 2615 ipse
739 2545 854 2601 suis
907 2545 1082 2602 oculis
1136 2546 1311 2602 lucem
1369 2548 1597 2619 coeperit
1641 2561 1868 2603 cernere

263 2652 446 2707 .quam
474 2652 692 2708 semper
713 2639 785 2692 ab
813 2638 937 2694 aliis
966 2640 1374 2695 desideraverat
1406 2640 1615 2696 audire.

354 2726 694 2800 Theophilus.
745 2727 914 2785 Velim
956 2731 1100 2787 scire
1134 2731 1182 2786 si
1230 2732 1314 2786 vir
1362 2732 1465 2787 iste
1516 2731 1864 2800 venerabilis,

275 2820 372 2890 qui
418 2820 492 2876 ita
541 2821 772 2889 claruit,
822 2832 944 2893 post
990 2833 1220 2879 mortem
1266 2825 1319 2879 in
1371 2825 1476 2882 hac
1509 2825 1619 2881 vita
1657 2828 1864 2898 positus

280 2909 503 2980 aliquod
537 2909 751 2981 signum
781 2913 848 2968 de
876 2913 1000 2968 vita:
1037 2929 1148 2970 suae
1175 2916 1370 2971 merito
1399 2915 1652 2971 dederit?

353 2999 681 3057 Desidertus.
710 3001 824 3057 Non
851 3004 1072 3074 quidem
1101 3005 1243 3061 hunc
1269 3007 1634 3062 venerabilem
1664 3009 1862 3077 virum,

280 3091 413 3146 dum
443 3092 500 3147 in
535 3093 638 3149 hoc
667 3093 867 3149 sarculo
896 3095 1060 3159 visit,
1093 3096 1311 3166 aliquod
1348 3096 1607 3152 indicium
1637 3114 1858 3153 suarum

281 3184 549 3239 virtutum
603 3185 817 3240 dedisse
861 3187 1102 3258 comperi
1151 3203 1164 3239 :
1217 3195 1590 3243 verumtamen
1619 3189 1864 3258 omnipo-

280 3288 410 3340 tens
453 3277 597 3336 Deus
639 3279 955 3351 plerumque
1002 3295 1164 3353 agere
1197 3282 1504 3346 consuevit,
1553 3292 1608 3337 ut
1654 3283 1726 3337 illi
1773 3284 1868 3352 qui

281 3371 478 3426 devota
540 3380 723 3425 mente
775 3370 846 3425 illi
877 3371 1085 3428 servire
1128 3373 1380 3437 student,
1430 3372 1554 3427 licet
1594 3373 1646 3428 in
1707 3389 1870 3429 carne

282 3463 444 3535 positi
477 3462 682 3517 nullum
715 3463 926 3534 signum
949 3477 1062 3520 suae
1081 3466 1391 3520 sanctitatis
1415 3466 1720 3530 ostendant,
1750 3476 1870 3535 post

283 3561 520 3612 mortem
565 3565 745 3614 tamen
792 3555 948 3625 cujus
980 3556 1158 3613 meriti
1202 3556 1419 3622 fuerint,
1458 3557 1620 3612 celari
1649 3557 1872 3614 minime

283 3651 544 3722 patiatur,
564 3659 622 3706 ut
649 3653 776 3709 dum
801 3653 1071 3707 exstincta
1105 3651 1318 3710 illorum
1349 3668 1578 3723 corpora
1604 3652 1676 3706 ita
1708 3653 1873 3706 mira-

281 3745 426 3801 culis
448 3759 739 3801 coruscare
759 3754 1080 3809 cernuntnr,
1108 3744 1158 3798 in
1186 3744 1354 3815 ipsius
1377 3743 1599 3800 servitio
1623 3743 1872 3798 humanzc

283 3848 499 3895 mentes
527 3839 709 3893 acrius
746 3835 1136 3914 accendantur.

359 3929 693 4000 Theophilus.
737 3927 934 3982 Fateor
974 3927 1104 3984 mihi
1135 3927 1347 3999 placere
1392 3943 1512 3998 quze
1541 3927 1711 3993 dicis;
1754 3926 1869 3993 sed,

285 4037 472 4092 quazso
512 4031 584 4087 te,
628 4013 882 4079 inchoata
921 4035 1280 4092 prosequere;
1313 4031 1369 4076 ut
1394 4024 1519 4077 dum
1559 4038 1678 4090 quae
1719 4020 1874 4076 valde

285 4114 482 4185 cupio,
536 4111 721 4178 audio,
769 4113 837 4167 ad
878 4127 1116 4170 amorem
1164 4127 1415 4184 superna:
1460 4112 1653 4183 patria:
1697 4110 1873 4167 fessus

285 4207 504 4260 animus
533 4205 826 4261 relevetur.

360 4295 692 4352 Desiderius.
722 4295 1017 4369 Gregorius
1048 4297 1290 4368 quidam,
1311 4291 1316 4294 ’
1337 4311 1563 4352 summa:
1602 4296 1876 4366 religionis

287 4397 616 4463 monachus,
661 4397 715 4450 in
759 4394 863 4451 hoc
897 4396 1148 4451 coenobio
1183 4395 1358 4450 dictus
1384 4403 1498 4459 est,
1532 4394 1646 4464 qui,
1677 4393 1816 4449 sicut
1845 4411 1875 4448 a

1968 533 2160 598 venit,
2215 531 2307 602 qui
2352 530 2673 602 Gregorium
2726 530 3050 587 monachum
3094 529 3296 585 obiisse
3345 529 3548 584 retulit.

1970 623 2151 679 Voluit
2201 623 2382 692 itaque
2439 623 2788 693 omnipotens
2833 622 2976 677 Deus
3027 622 3314 677 ostendere
3361 623 3550 693 quanti

1968 717 2149 771 meriti
2189 717 2288 770 iste
2329 716 2410 770 vir
2451 714 2634 779 fuerit,
2675 713 2830 782 cujus
2873 713 3190 783 egrediente
3219 714 3400 769 anima
3441 725 3550 770 tam

1969 807 2208 863 mirifico
2235 807 2403 862 odore
2433 807 2743 862 coenobium
2773 815 2934 860 omne
2961 803 3252 874 repleverit
3274 803 3410 876 (30).

2037 899 2192 954 Alter
2234 898 2490 967 quidam,
2539 907 2597 952 ut
2641 896 2838 952 fratres
2898 896 2990 967 qui
3043 896 3218 951 adhuc
3261 905 3554 967 supersunt

1968 991 2236 1059 referunt,
2257 992 2644 1065 Angelus(3'l),
2670 991 2722 1045 in
2750 991 2854 1045 hoc
2876 990 3206 1045 monasterio
3233 989 3549 1049 monachus.

1968 1082 2146 1138 dictus
2195 1093 2323 1148 est,
2373 1083 2528 1152 cujus
2574 1081 2822 1152 profecto
2873 1081 2982 1136 vita
3021 1080 3229 1135 nomini
3274 1079 3552 1134 dissimilis

1969 1191 2074 1230 non
2123 1175 2246 1231 fuit.
2279 1175 2384 1244 Qui
2432 1176 2558 1230 dum
2594 1175 2911 1228 infirmitate
2943 1180 3121 1228 tactus
3150 1171 3394 1240 corporis
3427 1169 3553 1224 ulti.

1968 1285 2117 1326 mum
2149 1269 2290 1325 diem
2322 1269 2643 1332 clausisset,
2675 1267 3040 1322 dannoniacus
3065 1265 3282 1336 quidem
3313 1262 3454 1318 forte
3497 1263 3550 1316 in

1966 1365 2256 1434 eoquinam
2289 1363 2588 1418 intraverat
2617 1368 2710 1415 :ct
2737 1374 2864 1415 eeee
2898 1359 3080 1414 subito
3102 1357 3266 1427 erepit
3285 1364 3550 1424 strepere,

1968 1471 2031 1510 ac
2061 1470 2141 1519 se,
2175 1452 2502 1508 furibumlus
2529 1466 2556 1505 a
2584 1459 2727 1506 terra
2752 1448 3045 1514 dissiliens,
3078 1448 3129 1502 in
3158 1462 3284 1502 acra
3315 1445 3550 1506 elevare,

1967 1547 2288 1618 magnisque
2331 1545 2554 1602 vocibus
2589 1543 2865 1606 clamans,
2911 1556 3034 1596 cum
3086 1554 3146 1596 se
3192 1555 3222 1594 a
3262 1537 3555 1594 Benedicto

1971 1637 2182 1709 perpeti
2221 1635 2680 1707 conquerebatur,
2707 1631 2938 1687 dicens:
2978 1630 3024 1686 Ο
3066 1629 3197 1700 quid
3238 1643 3380 1683 nunc
3421 1627 3550 1682 mihi

1969 1730 2129 1785 modo
2162 1727 2481 1784 Benedictus
2512 1725 2636 1781 fecit
2662 1741 2677 1790 ;
2709 1723 2944 1778 animam
2966 1719 3152 1792 Angeli
3177 1717 3454 1782 monachi,
3484 1717 3550 1770 ob

1969 1835 2196 1890 parvum
2225 1812 2492 1875 cucullum
2523 1815 2665 1888 quod
2694 1815 2924 1886 gestavit
2957 1812 3013 1866 in
3044 1810 3255 1883 capite,
3285 1809 3418 1862 mihi
3459 1822 3556 1860 au-

1972 1915 2155 1970 ferens
2181 1927 2364 1969 secum
2393 1911 2607 1966 detulit.
2632 1910 2877 1980 Cumque
2903 1920 3092 1962 omnes
3120 1903 3212 1975 qui
3241 1903 3468 1956 aderant
3487 1900 3555 1954 ad

1969 2006 2134 2061 verba
2182 2003 2324 2061 illius
2369 2003 2659 2074 stupefacti
2705 2001 3072 2066 intenderent,
3105 2007 3160 2053 ct
3190 1995 3320 2068 quid
3348 1993 3558 2049 diceret

1970 2097 2315 2168 ignorarent,
2359 2101 2581 2164 repente
2635 2091 2848 2162 signum
2877 2131 2892 2155 ,
2942 2102 3051 2160 quo
3097 2087 3326 2142 fratrum
3373 2083 3556 2141 obitus

1969 2186 2264 2258 significari
2295 2183 2451 2248 solet,
2484 2182 2725 2238 insenuit
2757 2199 2771 2235 z
2806 2180 3096 2248 statimque
3124 2178 3323 2232 fratres
3363 2189 3556 2230 enices

1970 2280 2296 2336 festinanter
2340 2278 2408 2332 ad
2449 2277 2670 2331 domum
2708 2273 3046 2329 infirmorum
3079 2277 3329 2342 pergunt,
3356 2279 3412 2325 et
3445 2266 3556 2322 Au-

1970 2373 2148 2444 gelum
2178 2371 2504 2428 monachum
2528 2367 2638 2438 jam
2669 2365 2985 2422 defunctum
3019 2363 3316 2434 reperiunt.
3345 2360 3462 2428 Qua
3489 2361 3556 2414 de

1971 2482 2029 2522 re
2071 2475 2259 2537 aperte
2306 2471 2666 2519 monstratum
2709 2467 2820 2524 cst,-
2873 2456 3018 2527 quod
3061 2455 3254 2517 animai
3310 2452 3452 2507 illius
3493 2451 3547 2508 iu

1970 2560 2153 2629 aliquo
2197 2570 2396 2612 nocere
2439 2567 2544 2608 non
2593 2551 2787 2622 potuit,
2835 2550 2903 2605 de
2949 2547 3106 2616 cujus
3150 2555 3323 2600 morte
3370 2559 3554 2598 coram

1970 2652 2230 2707 fratribus
2277 2660 2385 2705 tam
2440 2647 2670 2713 tristem,
2722 2655 2830 2700 tam
2875 2641 3158 2714 lugubrem
3205 2654 3264 2694 se
3301 2637 3559 2708 antiquus

1971 2745 2149 2803 hostis
2179 2743 2437 2800 ostendit.

2041 2819 2378 2908 Theophilus.
2400 2833 2594 2904 Qureso
2611 2841 2668 2888 ut
2686 2833 2833 2889 dicas
2861 2827 3215 2887 curdiabolus
3246 2833 3455 2881 tantum
3479 2823 3557 2877 iu-

1969 2935 2220 2990 itnicetur
2253 2934 2488 2986 hutnano
2517 2927 2800 3000 generi,nt
2820 2924 2888 2979 ab
2907 2932 3026 2979 ortu
3052 2919 3353 2976 nativitatis
3381 2931 3554 2985 usque

1967 3025 2034 3078 ad
2059 3024 2262 3078 exitum
2294 3021 2416 3076 vita:
2443 3018 2694 3075 omnibus
2724 3016 2897 3071 modis
2936 3015 3179 3069 elaboret
3216 3027 3244 3064 a
3289 3009 3559 3064 mandatis

1968 3115 2243 3170 Creatoris
2271 3112 2352 3168 sui
2384 3113 2656 3167 hominem
2689 3117 2960 3169 avertere.
2992 3115 3155 3173 atque
3202 3102 3270 3157 ad
3298 3110 3557 3154 mteruam

1969 3207 2201 3279 patriam
2230 3203 2467 3259 tendenti
2486 3215 2834 3273 quascunque
2849 3197 3046 3269 poterit
3069 3191 3290 3249 insidias
3312 3189 3554 3246 tendere.

2044 3298 2368 3353 Desiderius.
2420 3295 2626 3364 Aperta
2677 3292 2816 3345 ratio
2867 3296 3048 3360 patet,
3101 3284 3246 3355 quod
3301 3281 3561 3349 antiquus

1972 3389 2177 3455 hastis,
2211 3387 2302 3458 qui
2343 3401 2401 3441 se
2446 3383 2696 3440 Creatori
2735 3382 2842 3436 suo
2864 3377 3204 3448 mquiparare
3249 3371 3558 3432 euntendit,

1974 3495 2165 3552 passus
2223 3493 2474 3549 magnam
2527 3475 2776 3538 ruinam,
2836 3471 2889 3525 in
2941 3467 3257 3538 voraginem
3305 3461 3560 3535 profundi

1973 3569 2213 3626 barathri
2258 3569 2536 3622 demersus
2580 3564 2692 3630 sit;
2743 3572 2799 3619 et
2837 3561 3044 3616 idcirco
3086 3558 3327 3613 humano
3374 3552 3560 3624 generi

1973 3662 2226 3718 omnibus
2269 3658 2445 3714 modis
2481 3655 2792 3712 contrarius
2829 3653 3058 3716 existat,
3099 3649 3224 3719 quia
3266 3645 3396 3700 illuc
3434 3659 3560 3698 eum

1973 3757 2272 3811 ascendere
2312 3751 2509 3815 cernit,
2542 3749 2686 3804 unde
2713 3747 2830 3818 ipse
2860 3759 2958 3816 per
2981 3741 3294 3814 superbiam
3319 3738 3564 3810 dejeetus

1974 3843 2474 3916 irrecuperabiliter
2504 3839 2748 3895 cecidit:
2802 3838 2926 3894 inde
2969 3844 3055 3892 est
3101 3833 3244 3906 quod
3293 3841 3562 3901 strepere,

1977 3939 2242 4004 insanire,
2290 3935 2542 3992 frendere
2585 3933 2640 3988 in
2678 3933 2975 3989 electorum
3023 3929 3114 3985 Dei
3141 3927 3372 3982 transitu
3404 3924 3565 3980 terri-

1976 4032 2159 4088 bilitcr
2189 4031 2421 4085 videtur.

2045 4127 2192 4181 Azzo
2222 4123 2335 4196 (3‘2)
2368 4122 2532 4177 etiam
2566 4119 2788 4192 quidam
2818 4115 3083 4184 religiosre
3119 4111 3253 4166 satis
3288 4108 3414 4162 vitm
3448 4121 3564 4196 mos

1979 4215 2186 4272 nachus
2233 4195 2355 4274 fuit.
2392 4211 2483 4281 qui
2530 4208 2816 4262 ecclesiam
2855 4204 2913 4257 Β.
2947 4201 3225 4256 Michaelis
3251 4195 3564 4264 archangeli

1978 4308 2032 4362 in
2067 4306 2201 4361 valle
2228 4321 2346 4374 qua:
2375 4302 2572 4356 dicitur
2599 4299 2784 4368 ltegis,
2829 4314 2858 4350 a
2898 4295 3172 4350 Ludovico
3207 4289 3561 4353 Christianis-

1979 4397 2118 4456 simo
2151 4398 2483 4466 imperatore
2530 4389 2760 4445 mirifico
2792 4399 2956 4457 opere
2986 4388 3388 4442 constructam,
3421 4387 3567 4450 post-

287 4489 872 4563 plerisquchnjusloei
900 4490 1162 4545 fratribus
1189 4489 1404 4544 audisse
1426 4505 1510 4544 me
1535 4489 1874 4554 reminiscor,
1906 4487 1954 4546 D
1983 4493 2199 4546 modtnn
2248 4503 2377 4541 vero
2432 4500 2462 4538 a
2513 4479 2800 4538 Saracenis
2843 4477 3175 4532 destructum
3231 4471 3379 4525 omni
3439 4483 3564 4563 euut

288 4583 418 4636 dum
457 4581 515 4637 in
554 4582 806 4652 pnesenti
851 4581 962 4636 vita
1007 4589 1248 4636 moratus
1276 4589 1380 4645 est,
1425 4581 1523 4635 sub
1563 4580 1874 4635 monasticae

288 4671 596 4745 disciplina:
633 4673 815 4744 regula
849 4671 1204 4742 omnipotenti
1243 4671 1472 4727 Domino
1511 4671 1715 4726 studuit
1739 4681 1876 4726 stre-

289 4766 555 4822 nuissime
594 4765 886 4821 deservire.
931 4763 1174 4834 Cumque
1219 4763 1436 4835 expleto
1481 4764 1604 4818 vitae
1647 4765 1876 4818 termino

289 4878 359 4920 ea
390 4861 497 4917 hoc
528 4861 728 4916 mundo
755 4859 1063 4928 migrasset,
1097 4867 1244 4914 tanta
1276 4857 1459 4913 odoris
1490 4848 1788 4928 fragrantia
1813 4857 1880 4911 de

293 4952 416 5008 loco
460 4952 516 5006 ire
559 4967 668 5024 quo
723 4949 992 5004 exanimis
1031 4950 1251 5021 jacebat
1295 4949 1590 5014 emanavit,
1622 4955 1682 5003 ut
1719 4963 1880 5006 omne

1978 4584 2158 4639 studio
2204 4572 2549 4642 restauravit,
2602 4575 2782 4643 ibiqtte
2831 4572 3028 4625 fratres
3071 4569 3138 4622 :td
3179 4558 3570 4633 omnipotentis

1981 4678 2074 4733 Dei
2115 4675 2434 4736 servitium,
2481 4677 2643 4741 prout
2678 4666 2883 4735 potuit,
2917 4657 3288 4732 congregavit.
3321 4657 3568 4722 Cumque

1982 4772 2181 4826 ibidem
2229 4769 2282 4823 in
2330 4763 2551 4822 servitio
2597 4759 2691 4816 Dei
2732 4757 3060 4827 complesset
3094 4765 3289 4816 annos,
3321 4748 3568 4804 ultimam
3605 4763 3610 4768 -

1979 4864 2093 4936 jam
2138 4877 2274 4933 pene.
2317 4870 2482 4929 agens
2507 4863 2747 4916 tetatem,
2781 4850 2849 4905 ad
2879 4843 3274 4904 monasterium
3302 4847 3571 4895 nostrum.

1982 4973 2051 5013 ex
2093 4972 2201 5026 quo
2240 4953 2308 5008 ab
2341 4951 2536 5006 abbate
2578 4957 2676 5000 suo
2709 4943 2912 4999 missus
2949 4937 3146 5006 fuerat,
3189 4941 3272 4990 est
3302 4943 3572 4988 reversus.
