4044 5360
515 187 618 245 9η

1807 186 2117 246 VICTORIS
2154 187 2219 244 Ill
2252 188 2450 246 ΡΑΡᾸΞ

3676 190 3790 249 98⁸

512 299 631 371 ejus
669 300 875 358 exitum
899 299 1304 372 exspectabant.
1334 299 1564 368 Quidam
1598 315 1726 356 vero
1755 300 1923 357 frater
1953 303 2092 375 (55),
2124 307 2171 364 Α
2200 300 2434 358 Joannes
2466 302 2754 359 Veneticus
2785 303 2962 361 dictus
2999 314 3104 368 est,
3132 320 3284 361 mtrre
3329 305 3624 377 patientiae,
3649 307 3778 362 obe-

514 391 607 460 qui
658 392 838 447 adhuc
879 398 1167 462 superest,
1224 401 1278 445 et
1329 391 1610 447 nobiscum
1657 391 1709 444 in
1765 395 2094 449 monasterio

517 493 890 550 conversatur,
965 494 1092 539 tunc
1161 485 1420 555 juvenis,
1486 500 1630 542 nunc
1697 495 1878 540 autent
1933 497 2092 542 aetate

513 574 870 645 moribusque
920 576 1264 647 grandaevus,
1313 577 1365 630 iu
1426 577 1743 634 dormitorio
1781 593 1904 634 cum
1933 588 2092 634 cmte~

519 665 595 720 ris
645 664 902 720 fratribus
929 667 1238 736 quiescebat
1264 681 1280 720 :
1309 683 1430 722 cum
1458 683 1586 726 ecce
1616 669 1798 726 subito
1827 679 1982 725 nocte
2012 670 2092 724 iu-

518 764 778 826 tempesta
831 757 1158 828 respiciens,
1219 758 1351 812 vidit
1401 775 1496 829 per
1549 761 1808 816 visionem
1871 761 1932 814 Β.
1993 761 2092 815 Mi-

516 844 756 899 chaelem
807 845 1215 917 archangelum,
1257 849 1429 918 Cujus.
1463 849 1666 904 vultum
1714 852 1924 921 pictura
1955 867 2079 908 eum

517 937 743 992 docente
809 948 1168 1008 cognoverat,
1251 956 1347 1011 per
1422 943 1799 998 dormitorium
1871 945 2090 998 venien-

519 1038 630 1082 tem
665 1046 678 1081 :
713 1027 870 1098 cujus
897 1031 1036 1086 alter
1062 1031 1283 1102 angelus
1312 1033 1532 1102 vestigia
1560 1034 1898 1102 subsequens
1933 1035 2090 1104 paulo

515 1117 730 1190 longius
763 1120 1138 1191 gradiebatur;
1186 1138 1347 1192 quem
1391 1124 1606 1179 intuens
1636 1125 1809 1178 dixit:
1844 1125 2088 1191 Domine,

518 1224 698 1264 nonne
749 1200 800 1262 tu
852 1210 913 1264 Β.
955 1210 1186 1267 Michael
1238 1214 1652 1284 arcltangelus?
1685 1215 1750 1268 Et
1799 1217 1936 1270 ille:
1983 1217 2091 1286 ligo

517 1312 636 1350 sum
680 1297 882 1366 utique.
925 1299 995 1353 At
1042 1300 1171 1356 ille:
1215 1303 1330 1366 Quo
1370 1304 1576 1368 tendis,
1611 1304 1812 1373 inquit,
1839 1307 2091 1362 domine?

516 1388 597 1444 Ad
645 1389 895 1456 domum,
936 1392 1130 1461 inquit,
1186 1394 1546 1460 infirmorum,
1581 1406 1637 1449 ut
1666 1396 1888 1452 fratrem
1921 1399 2093 1451 Azan-

517 1496 640 1538 nem
679 1499 886 1538 mecum
915 1500 1208 1558 assmuam,
1231 1486 1353 1558 quia
1370 1488 1482 1557 jam
1525 1497 1734 1559 tempus
1763 1498 1866 1555 est,
1903 1506 2088 1560 pergo.

519 1573 583 1626 Et
624 1574 707 1627 his
754 1574 950 1642 dictis,
1001 1576 1136 1632 visio
1182 1593 1345 1646 quam
1397 1579 1611 1634 videbat
1655 1579 1937 1648 disparuit.
1988 1581 2088 1648 Qui

2195 394 2410 449 dicntia':
2440 409 2504 450 ac
2535 394 2856 450 humilitatis
2885 396 3215 461 monachus,
3251 397 3342 466 qui
3373 397 3563 466 quanti
3596 398 3776 453 meriti

2195 487 2334 556 apud
2370 486 2555 542 Jesum
2585 489 2867 542 Christum
2916 487 3201 542 Dominum
3236 487 3418 553 fuerit,
3450 504 3608 542 suum
3658 499 3778 558 post

2193 577 2398 633 obitum
2443 577 2886 632 manifestissime
2912 577 3123 631 claruit.
3167 576 3300 632 Cum
3329 579 3549 647 quidam
3585 578 3774 640 frater,

2191 665 2344 734 cujrs
2374 680 2568 720 nomen
2619 681 2649 719 a
2701 667 2960 722 memoria
3012 667 3212 722 excidit
3247 667 3386 737 (56),
3415 683 3545 722 casu
3597 668 3652 722 in
3697 668 3780 722 iu-

2192 753 2354 825 guinc
2384 756 2721 826 crepuisset,
2759 757 2832 812 ita
2869 766 2928 812 ut
2966 757 3224 812 interiora
3271 757 3421 826 ejus,
3460 757 3778 813 membrano

2193 843 2468 914 disrupto,
2526 845 2668 900 inter
2729 861 2958 904 carnem.
3009 856 3063 900 et
3115 848 3324 902 corium
3386 848 3775 915 dilaberentur,

2191 935 2497 1005 sepulcrum
2523 937 2690 1008 ipsius
2717 938 2868 1004 adiit,
2894 953 2958 994 ac
2977 953 3036 994 se
3057 953 3220 1008 super
3249 939 3378 994 illud
3405 947 3775 1010 prosternens.

2191 1024 2450 1097 lacrymis
2476 1028 2894 1098 gemitibusque,
2923 1037 2982 1082 ut
3023 1044 3121 1099 pro
3163 1044 3227 1084 se
3262 1028 3552 1084 Dominum
3589 1045 3779 1099 preca-

2193 1128 2366 1182 retur,
2405 1136 2472 1174 ex
2507 1120 2700 1175 intimo
2741 1121 2923 1176 cordis
2965 1122 3275 1191 postulabat
3315 1122 3511 1176 atl‘ectu
3543 1139 3559 1177 :
3591 1124 3780 1193 procul

2191 1208 2354 1265 dubio
2388 1211 2617 1266 credens
2647 1211 2765 1280 ejus
2793 1211 3004 1268 meritis
3041 1228 3100 1268 se
3131 1228 3289 1282 posse
3313 1214 3607 1268 sanitatem
3639 1214 3778 1268 reci-

2193 1319 2342 1373 pere,
2370 1305 2461 1374 qui
2514 1305 2567 1358 in
2615 1305 2717 1360 hac
2756 1305 2864 1360 vita
2910 1307 3120 1374 positus
3159 1307 3514 1378 omnipotenti
3552 1307 3778 1362 Domino

2195 1396 2322 1450 totis
2362 1396 2567 1451 viribus
2593 1397 2803 1452 studuit
2829 1398 3124 1454 deservire.
3157 1397 3291 1453 Cum
3326 1398 3494 1470 igitur
3531 1399 3778 1468 aliquan-

2195 1486 2364 1541 tulum
2409 1503 2570 1557 super
2592 1488 2898 1559 sepulcrum
2921 1487 3038 1559 ejus
3082 1506 3248 1547 orans
3293 1490 3666 1558 incubuisset,
3706 1491 3780 1546 ita

2195 1579 2475 1633 restitutus
2529 1589 2616 1634 est
2661 1580 2917 1646 sanitati,
2965 1591 3027 1635 ut
3083 1582 3360 1654 languoris
3407 1584 3625 1653 pristini
3681 1600 3781 1640 nec

517 1670 701 1724 statim
749 1671 1010 1748 evigilans
1047 1674 1301 1737 surrexit,
1335 1683 1386 1728 et
1423 1674 1742 1730 festinanter
1777 1676 1844 1730 ad
1871 1678 2088 1729 domum
2125 1647 2164 1703 Β
2195 1671 2359 1726 ullum
2415 1673 2468 1726 in
2520 1688 2586 1729 eo
2645 1675 2863 1745 quidem
2916 1676 3178 1733 indicium
3241 1677 3574 1734 remansisse
3631 1680 3778 1736 vide-

519 1760 854 1816 iulirmormn
882 1765 1138 1834 perrexit,
1165 1765 1494 1836 fratremque
1521 1768 1790 1822 Azzoncm
1815 1782 1845 1821 e
1866 1781 2092 1836 corpore

517 1850 752 1905 animam
797 1851 906 1921 jam
943 1854 1225 1909 exhalasse
1273 1855 1496 1909 invenit.
1545 1858 1659 1920 Qua
1703 1855 1770 1909 de
1810 1870 1868 1910 re
1904 1866 2110 1924 aperte.

517 1941 678 1995 datur
721 1942 942 2014 intelligi
988 1946 1129 2014 quod
1177 1947 1317 2014 idem
1349 1948 1408 2000 Β.
1457 1947 1685 2004 Michael
1734 1963 1856 2018 eum
1906 1963 2089 2002 secum

516 2033 808 2100 detulerit,
868 2037 959 2107 qui
1008 2038 1077 2094 ad
1127 2038 1512 2106 assumendum
1561 2053 1683 2106 eum
1747 2054 1808 2094 se
1864 2040 2081 2095 venisse

519 2135 755 2182 testatus
783 2137 886 2184 est.

585 2219 774 2274 Frater
799 2222 1016 2290 quidam
1043 2223 1098 2277 in
1145 2233 1330 2280 nostro
1385 2225 1715 2280 monasterio
1769 2223 2082 2294 Stephanus

517 2310 936 2384 Veneticus(5t)
973 2314 1272 2380 dicebatur,
1315 2316 1405 2385 qui
1459 2333 1524 2371 ex
1568 2314 1804 2370 Venetiae
1846 2314 2092 2386 partibus

513 2401 826 2468 adveneris,
861 2406 913 2458 in
947 2415 1148 2486 sanptae
1187 2405 1618 2461 conversationis
1659 2406 1844 2460 habitu
1887 2405 2091 2460 studio-

515 2491 729 2558 sissimc
771 2493 920 2558 vixit,
963 2493 1115 2562 cujus
1153 2494 1491 2558 humilitatis,
1526 2495 1801 2566 patientia:
1853 2509 1916 2549 ac
1956 2495 2088 2549 ohe-

515 2581 730 2637 dicntia:
773 2585 972 2638 bonum
1015 2584 1286 2650 omnibus,
1324 2587 1412 2655 qui
1455 2594 1581 2640 tunc
1617 2586 1668 2639 in
1711 2585 2091 2654 onmipotentis

520 2672 613 2727 Dei
654 2676 877 2729 servitio
923 2677 1118 2731 ibidem
1160 2679 1473 2748 congregati
1520 2687 1694 2745 erant,
1737 2678 2092 2748 quuidissime

517 2767 711 2834 patuit.
755 2767 998 2837 Cumque
1044 2769 1154 2838 jam
1210 2780 1421 2838 tempus
1467 2778 1611 2824 esset
1659 2779 1717 2823 ut
1769 2770 1886 2839 ejus
1933 2770 2090 2839 digna

516 2861 858 2914 conversatio
882 2877 909 2915 a
929 2860 1231 2930 justissimo
1260 2863 1483 2917 Domino
1514 2863 1844 2918 remunerari
1874 2863 2094 2918 debuis-

517 2956 634 3013 set,
690 2950 935 3006 molestia
981 2961 1236 3020 gravatus
1282 2952 1555 3024 corporis,
1607 2952 1865 3009 fratribus
1907 2968 2088 3009 coram

512 3042 729 3117 positis,
758 3042 898 3097 diem
928 3035 1471 3100 clausit'extremutn.
1511 3043 1661 3099 Tunc
1689 3046 1935 3114 quadam
1970 3044 2092 3099 reli-

511 3131 818 3210 giosissima
856 3148 1020 3198 anus,
1066 3135 1313 3204 Agnndia
1351 3135 1600 3201 nomine,
1644 3136 1796 3206 virgo
1828 3147 2006 3191 mente
2038 3140 2117 3190 et“

515 3238 758 3293 corpore,
795 3240 914 3295 quae
953 3225 1005 3279 in
1048 3213 1448 3282 Sanctimoniali
1492 3226 1680 3283 habitu
1719 3226 1889 3295 juxta
1920 3227 2092 3283 eccle-

517 3317 654 3370 siam
678 3315 855 3372 Beata:
877 3316 1058 3373 Maria:
1091 3333 1306 3389 semper
1331 3318 1569 3390 Virginis
1603 3320 1763 3385 sitam
1795 3321 1847 3375 in
1874 3320 2091 3376 civitate

510 3423 632 3476 qua:
661 3409 806 3463 circa
839 3410 1072 3464 radicem
1103 3410 1283 3466 Casini
1311 3411 1509 3466 montis
1528 3418 1610 3466 est
1628 3411 1872 3478 condita,
1905 3427 2088 3467 mane-

517 3497 607 3550 bat
635 3514 783 3553 more
809 3499 991 3566 solito,
1021 3510 1310 3572 antequam
1351 3503 1532 3558 clerici
1563 3504 1802 3573 ejusdem
1852 3504 2088 3559 civitatis
2115 3575 2117 3578 Q

519 3589 584 3640 ad
615 3588 913 3644 reddendas
955 3599 1249 3647 nocturnas
1302 3592 1413 3647 Deo
1454 3593 1641 3648 laudes
1691 3582 2088 3660 surrexissent,

519 3689 644 3733 ante
671 3680 981 3748 praedictam
1011 3665 1293 3737 ecclesiam
1328 3685 1418 3738 Dei
1455 3685 1735 3754 genitricis
1773 3695 1922 3739 stans
1944 3725 1958 3749 ,
2000 3701 2092 3754 ge-

520 3768 950 3840 tuitu,'lacrymis
978 3787 1040 3824 ac
1068 3773 1314 3842 suspiriis
1341 3775 1763 3843 omnipotentem
1805 3774 2092 3830 Dominum

518 3859 862 3926 precabatur,
915 3853 1214 3917 cum‘ecce
1281 3865 1459 3919 subito
1532 3866 1852 3935 intempesta
1917 3867 2094 3922 noctis

522 3952 654 4006 hora
699 3953 1015 4024 respiciens,
1044 3955 1174 4008 vidit
1207 3956 1512 4018 columnam
1544 3945 1754 4028 igneam
1785 3971 1814 4010 e
1843 3958 1998 4022 cella,
2041 3947 2113 4013 in

515 4060 622 4114 qua
653 4044 852 4100 infirmi
884 4045 1079 4101 fratres
1109 4046 1393 4116 quiescere
1418 4058 1573 4101 crant
1596 4046 1762 4111 soliti,
1785 4057 2092 4111 exeuntem,

513 4136 821 4208 cazlumquc
851 4140 1178 4193 tendentem.
1219 4138 1347 4206 Qua:
1386 4155 1510 4194 mox
1540 4139 1785 4195 nuntium
1818 4151 2094 4196 monaste-

514 4212 889 4283 riumisubirc
940 4229 1228 4298 prmcepit,
1277 4230 1368 4298 qui
1416 4230 1655 4286 studiose
1706 4231 2002 4300 inquireret
2047 4231 2094 4286 si

2197 1773 2369 1817 retur.

2265 1855 2598 1928 Smaragdus
2641 1863 2964 1928 monachus,
2997 1864 3088 1934 qui
3133 1864 3310 1920 adhuc
3348 1871 3616 1935 superest,
3639 1875 3689 1919 et
3725 1864 3777 1918 in

2192 1953 2381 2001 nostro
2422 1951 2758 2005 monasterio
2794 1963 3187 2017 commoratur,
3238 1953 3424 2008 retulit
3466 1953 3599 2007 mihi
3636 1952 3782 2021 quod

2193 2050 2380 2090 narro.
2413 2037 2568 2104 Quod
2603 2055 2632 2093 a
2665 2039 2844 2097 Leone
2885 2043 3182 2098 venerabili
3230 2043 3578 2116 presbytero,
3619 2059 3782 2097 avun-

2193 2124 2315 2179 culo
2361 2125 2568 2183 scilicet
2615 2145 2735 2197 suo,
2763 2146 2823 2186 se
2860 2133 3078 2188 audisse
3130 2133 3401 2188 referebat
3445 2133 3513 2189 de
3544 2132 3782 2187 Antonio

2193 2217 2462 2272 monacho
2525 2227 2689 2288 atque
2755 2221 3097 2294 presbytero.
3153 2225 3257 2292 Qui
3311 2223 3670 2280 secularibus
3714 2237 3780 2277 ac

2192 2304 2392 2360 divinis
2441 2307 2640 2365 litteris
2679 2310 2821 2365 haud
2857 2314 3206 2368 mediocriter
3245 2314 3509 2374 eruditus,
3545 2313 3615 2367 ab
3648 2312 3783 2366 ado-

2192 2398 2453 2454 lescentia
2503 2417 2674 2471 usque
2715 2404 2784 2458 ad
2831 2405 2956 2460 vita:
2992 2406 3197 2460 exitum
3232 2406 3283 2459 in
3322 2405 3618 2476 sarpedicto
3658 2417 3777 2457 mo-

2193 2495 2430 2545 nasterio
2475 2491 2708 2562 degens,
2764 2494 3020 2550 omnibus
3074 2511 3210 2566 pone
3257 2496 3309 2550 in
3357 2495 3460 2550 hac
3497 2492 3778 2564 provincia

2191 2591 2354 2637 notus
2409 2583 2642 2638 exstitit.
2698 2583 2800 2650 Qui
2855 2583 2984 2638 dum
3036 2586 3269 2654 quodam
3321 2594 3600 2654 tempore,
3647 2597 3777 2638 casu

2195 2675 2498 2740 accidente,
2531 2676 2670 2730 sicut
2707 2677 2998 2746 praedictus
3044 2678 3330 2748 presbyter
3375 2692 3444 2731 ex
3490 2692 3588 2732 ore
3635 2675 3778 2730 illius

2193 2768 2424 2836 accepit,
2464 2768 2582 2823 loco
2633 2770 2683 2822 in
2731 2770 3012 2824 secretiori
3061 2771 3382 2840 crepuisset,
3415 2777 3468 2823 et
3511 2769 3777 2836 languore

2193 2870 2476 2914 crescente
2533 2860 2776 2929 quotidie
2829 2861 3176 2915 vehementer
3229 2860 3569 2930 fatigaretur,
3605 2857 3775 2912 medi—

2195 2965 2338 3014 cum,
2369 2967 2398 3003 a
2431 2965 2540 3019 quo
2581 2951 2752 3005 secari
2787 2951 2869 3004 vel
2912 2951 3064 3006 exuri
3103 2951 3350 3015 deberet,
3385 2951 3430 3005 si
3469 2965 3579 3020 quo
3617 2948 3776 3003 modo

2196 3049 2381 3105 posset
2422 3039 2710 3092 sanitatem
2744 3041 3008 3108 recipere,
3051 3043 3358 3096 conducere
3387 3039 3770 3095 meditabatur.

2197 3131 2445 3186 Timcbat
2478 3139 2656 3186 tamen
2687 3133 2731 3186 si
2761 3125 3042 3189 secaretur
3078 3150 3108 3188 a
3145 3135 3377 3198 medico,
3406 3143 3464 3188 ut
3499 3132 3775 3187 multoties

2195 3225 2415 3280 cveuire
2447 3225 2607 3290 solet,
2643 3242 2710 3280 ne
2741 3227 2878 3282 forte
2911 3239 3233 3290 moreretur,
3276 3235 3330 3282 et
3375 3241 3563 3281 rursus
3593 3225 3638 3279 si
3669 3238 3772 3278 non

2195 3327 2494 3381 secaretur,
2542 3316 2789 3371 sedulum
2843 3317 3141 3372 sustineret
3184 3317 3456 3378 dolorem,
3505 3315 3650 3385 quod
3693 3322 3774 3368 est

2197 3408 2312 3478 ipsa
2366 3416 2542 3463 morte
2594 3406 2865 3472 deterius,
2915 3407 3271 3478 periculosius
3315 3407 3416 3463 sibi
3469 3408 3767 3471 videbatur.

2194 3497 2362 3568 Igitur
2388 3513 2512 3551 cum
2544 3499 2689 3552 intra
2717 3513 2774 3552 se
2803 3498 2918 3552 lucc
2953 3499 3158 3554 diutius
3187 3500 3441 3568 agitaret,
3474 3512 3642 3552 unum
3673 3495 3772 3550 sibi

2195 3589 2312 3643 fore
2371 3588 2670 3643 remedium
2726 3589 2987 3654 credidit,
3038 3599 3096 3643 ut
3143 3589 3210 3644 ad
3265 3590 3571 3658 sepulcrum
3634 3587 3774 3641 beati

2194 3678 2470 3733 Benedicti
2499 3693 2728 3748 pergens
2765 3679 2934 3747 ipsius
2973 3679 3404 3734 misericordiam
3434 3677 3770 3747 imploraret,

2195 3785 2426 3840 sperans
2455 3785 2513 3826 se
2545 3770 2661 3840 ejus
2696 3771 3000 3840 patrocinio
3037 3785 3195 3840 posse
3235 3769 3455 3834 salvari,
3492 3768 3593 3824 sub
3622 3765 3798 3836 cujus

2195 3862 2512 3933 magisterio
2545 3877 2604 3916 se
2636 3863 2898 3917 recedens
2937 3878 2968 3916 a
3009 3862 3209 3917 saiculo
3249 3862 3598 3932 devotissime
3642 3876 3773 3916 con-

2196 3952 2421 4020 tulerat.
2480 3952 2676 4006 Statim
2734 3952 2901 4022 igitur
2956 3952 3244 4008 ecclesiam
3293 3951 3542 4014 intravit,
3598 3968 3662 4006 ac
3717 3965 3774 4005 se

2196 4057 2382 4096 coram
2433 4043 2595 4096 altari
2623 4037 2913 4097 humiliter
2951 4053 3321 4113 prosternens,
3354 4044 3558 4099 diutius
3580 4043 3772 4107 oravit,

2197 4143 2256 4189 ut
2304 4136 2648 4204 omnipotens
2700 4135 2842 4212 Deus
2893 4136 3102 4191 meritis
3153 4136 3289 4191 tanti
3331 4134 3511 4190 Patris
3547 4135 3772 4189 Salutem

2195 4227 2296 4283 sibi
2342 4227 2592 4282 conferre
2619 4228 2956 4298 dignaretur.
3003 4227 3231 4298 Expleta
3277 4242 3404 4282 vero
3437 4227 3706 4290 oratione,
3746 4239 3775 4277 c

515 4316 712 4387 aliquis
736 4333 802 4373 ex
833 4318 1059 4374 infirmis
1088 4321 1349 4374 fratribus
1391 4321 1443 4374 in
1479 4321 1611 4376 cella
1646 4321 1732 4374 illa
1774 4321 2092 4392 degentibus
2124 4352 2170 4410 υ
2197 4319 2537 4387 pavimento,
2582 4318 2636 4372 in
2681 4333 2791 4387 quo
2839 4327 3144 4388 prostratus
3187 4318 3466 4388 jacucrat,
3515 4317 3772 4380 surrexit,

518 4421 584 4459 ex
611 4407 716 4461 hoc
744 4410 945 4463 mundo
969 4410 1277 4478 migrassct.
1308 4411 1442 4466 Tum
1471 4413 1535 4476 is,
1565 4413 1666 4481 qui
1690 4413 1867 4469 fuerat
1895 4414 2091 4468 missus

518 4496 761 4561 nuntius,
793 4489 1085 4566 perniciter
1113 4510 1348 4555 montem
1394 4503 1661 4566 ascendit,
1706 4505 2092 4558 monasterium

498 4584 768 4651 intravit,
809 4587 1026 4644 domum
1072 4592 1408 4646 infirmorum
1458 4593 1611 4658 adiit,
1652 4602 1814 4663 atque
1864 4595 2095 4664 Stepha-

521 4689 648 4728 num
695 4677 1002 4745 religiosum
1032 4683 1353 4738 monachum
1393 4683 1707 4738 defunctum
1752 4685 1968 4753 rcperiit
2002 4694 2095 4738 :et

521 4770 819 4825 studiosius
852 4773 1151 4843 inquirens,
1187 4777 1389 4832 invenit
1427 4795 1549 4833 eum
1589 4794 1652 4833 ea
1685 4779 1820 4832 hora
1850 4777 2095 4832 etiiisissc

521 4859 781 4925 animam,
813 4878 918 4930 qua
949 4865 1196 4920 columna
1242 4869 1394 4939 ignea
1419 4871 1486 4924 ab
1524 4869 1717 4924 ancilla
1749 4868 1840 4924 Dei
1876 4869 1987 4923 visa
2013 4882 2095 4924 est

526 4950 671 5004 celsa
705 4963 988 5020 penetrare
1019 4957 1283 5025 polorum.

589 5040 742 5096 Alter
766 5043 985 5112 quidam
1015 5045 1066 5098 in
1090 5045 1202 5113 jam
1230 5048 1374 5104 dicto
1401 5060 1587 5106 nostro
1617 5041 1953 5106 mona‘sterio
1979 5051 2090 5123 (Ἦ)

547 5226 550 5230 Α
591 5189 830 5313 (5324ουί
852 5205 1055 5248 nomen
1079 5201 1198 5247 erat
1218 5192 1430 5262 Petrus,
1451 5199 1616 5254 refert
1636 5199 1872 5256 Ostiens.
1907 5200 1998 5253 lib.
2033 5217 2091 5266 ιι,

523 5275 644 5314 can.
673 5298 722 5314 ι-
749 5300 761 5314 .

558 5277 644 5328 ap.
673 5277 761 5314 Μ.

595 5332 706 5360 ΙἏΕΧ
742 5331 1022 5360 ΩΛΛῖΙηΙηη
1045 5330 1204 5360 Λιῖηηὶ
1234 5331 1335 5360 ῑυυι
1364 5335 1490 5360 ...2--
1507 5337 1673 5360 ---1--.η
1706 5355 1725 5360 _
1754 5339 1908 5360 II-._-
1943 5340 1998 5360 ηε
2023 5358 2026 5360 .
2050 5355 2066 5360 -

2197 4418 2361 4477 atque
2408 4423 2475 4462 ex
2527 4407 2809 4479 crepidine
2857 4408 3045 4463 altaris
3093 4407 3369 4479 pulverem
3421 4406 3670 4477 collegit,
3721 4415 3774 4460 et

2197 4502 2370 4572 ligans
2404 4502 2458 4556 in
2504 4491 2862 4573 panno,‘loco
2892 4503 2943 4556 in
2973 4518 3081 4572 quo
3111 4502 3416 4572 patiebatur
3446 4502 3776 4571 superimpo-

2198 4593 2306 4648 suit
2333 4610 2348 4647 :
2375 4600 2538 4663 atque
2569 4594 2657 4648 die
2687 4593 2862 4647 altero
2891 4593 2963 4647 ita
2994 4608 3157 4648 sanus
3186 4601 3432 4660 repertus
3457 4600 3559 4656 est,
3590 4600 3652 4644 ut
3681 4603 3774 4642 ιιι-ο

2199 4683 2410 4752 signum
2449 4683 2670 4752 quidem
2701 4684 2996 4753 praeterita:
3034 4681 3369 4737 inﬁrmitatis
3409 4680 3464 4736 in
3499 4695 3565 4736 eo
3603 4679 3774 4735 omni-

2199 4775 2356 4829 modo
2387 4782 2715 4830 remaneret.

2267 4865 2342 4919 De
2404 4864 2569 4918 Paulo
2600 4863 2713 4936 (57)
2767 4873 2972 4918 sancta:
3024 4863 3453 4919 conversationis
3508 4860 3775 4917 monacho

2197 4956 2339 5025 quod
2367 4972 2396 5008 a
2427 4955 2717 5022 fratribus,
2759 4955 2851 5024 qui
2901 4956 3080 5009 adhuc
3128 4956 3177 5008 in
3225 4955 3330 5009 hac
3372 4953 3622 5024 praesenti
3665 4953 3768 5004 vita

2198 5046 2406 5112 vivunt,
2441 5057 2495 5100 et
2532 5061 2656 5100 eum
2685 5046 2886 5116 optime
2918 5055 3142 5112 norunt,
3172 5044 3388 5100 audisse
3418 5059 3504 5098 me
3533 5041 3773 5103 memini,

2197 5202 2302 5251 οη.
2329 5193 2484 5259 just.,
2514 5209 2632 5264 cap.
2661 5195 2750 5257 Η,
2779 5202 2836 5248 et
2860 5192 2971 5248 Leo
2997 5193 3115 5264 0st.
3146 5192 3238 5245 lib.
3271 5205 3358 5255 ιη,
3381 5203 3504 5264 cap.
3537 5189 3632 5264 42.

2269 5265 2381 5333 (56)
2408 5259 2642 5318 Ramiéis
2667 5265 2974 5333 nominatur
3004 5279 3031 5316 a
3063 5263 3205 5316 Petr.
3233 5269 3350 5333 et_a
3381 5260 3549 5314 Leon.
3578 5259 3696 5333 Qst.

2275 5327 2386 5360 ἰπὶ
2420 5334 2617 5360 D...t......
2651 5334 2712 5360 .t..
2737 5332 2900 5360 n....t,.
2932 5333 3192 5360 ...ηηηηιηι
3228 5329 3537 5360 “qutun”...
3567 5329 3634 5360 ..1.
3659 5327 3749 5360 ηερ
