4044 5360
269 316 378 374 98]

1521 313 1627 370 DlA
1639 314 1794 371 LOGI
1809 353 1822 366 .
1849 345 1907 353 —--
1947 312 2074 369 LIB.
2099 315 2161 371 ll.

3431 318 3537 374 $93

271 428 483 485 reierre
511 428 730 484 curabo.
761 427 894 484 Cum
925 427 1066 484 Idem
1099 427 1297 484 Paulus
1333 428 1522 484 salutis
1551 445 1664 484 sine
1691 442 1852 483 causa
1883 427 1930 485 Α
1963 425 2136 484 lucem
2161 447 2213 484 tn
2243 445 2370 485 acre
2405 439 2456 486 et
2481 431 2620 485 intra
2648 431 2817 501 ipsam
2833 431 3158 488 venerabilis
3185 431 3286 488 viri
3310 431 3536 489 Joannis

271 528 519 573 nostrum
570 521 639 575 ad
683 519 993 575 ccenobium
1037 519 1345 575 devenisset
1388 527 1550 588 (anno
1597 521 1781 590 l022),
1821 535 1853 574 a

269 609 589 666 Theobaldo
617 613 832 678 abbate,
869 608 1123 683 religioso
1161 611 1413 668 videlicet
1440 613 1574 675 viro,
1605 612 1696 683 qui
1726 621 1854 668 tunc

270 701 537 759 fratribus
588 702 976 760 honestissime
1026 712 1290 774 praeerat,
1333 705 1524 759 devote
1571 715 1855 774 susceptus

267 803 374 850 est.
419 795 592 863 Quem
637 796 962 852 venerabilis
1014 795 1178 852 Pater
1225 798 1279 852 in
1328 797 1656 853 monasterio
1707 797 1852 852 beati

264 885 450 942 Patris
473 885 774 952 Benedicti,
800 886 945 956 quod
977 887 1120 942 intra
1153 887 1465 958 Capuanam
1498 888 1686 941 urbem
1717 901 1851 943 con-

267 985 537 1032 structum
583 985 690 1042 est,
717 977 967 1034 habitare
1003 981 1304 1049 praecepit:
1335 979 1426 1050 qui
1465 987 1748 1050 postquam
1785 980 1852 1034 ad

263 1068 520 1123 eumdem
563 1069 830 1138 pervenit,
871 1069 943 1124 ita
986 1084 1046 1126 se
1096 1070 1198 1125 sub
1246 1078 1448 1126 sancta:
1496 1069 1851 1125 institutionis

266 1159 460 1228 regula
511 1158 874 1225 constrinxit,
919 1169 981 1214 ut
1025 1159 1096 1214 ob
1141 1161 1244 1216 hoc
1292 1159 1544 1216 omnibus
1590 1161 1852 1217 mirabilis

261 1248 578 1304 haberetur.
605 1248 708 1304 Sed
735 1251 1094 1321 omnipotens,
1119 1251 1431 1308 misericors
1455 1267 1519 1306 ac
1544 1252 1664 1322 pius
1684 1252 1846 1317 Deus,

259 1349 537 1410 (paulum
583 1341 684 1396 sibi
734 1342 854 1414 ejus
900 1343 1062 1412 digna
1105 1343 1448 1399 conversatio
1495 1343 1550 1397 in
1599 1344 1701 1399 hac
1740 1344 1848 1398 vita

265 1431 556 1499 placuerit,
590 1431 734 1487 illius
765 1441 884 1501 post
923 1433 1128 1488 obitum
1158 1433 1443 1490 ostendere
1467 1444 1551 1489 est
1575 1434 1846 1505 dignatus.

265 1520 402 1575 Cum
449 1537 680 1592 namque
713 1523 764 1576 in
797 1523 987 1578 eodem
1017 1524 1348 1580 monasterio
1385 1524 1714 1596 religiosam,
1747 1527 1846 1582 ho-

269 1623 482 1668 nestam
533 1630 596 1670 ac
639 1617 856 1684 dignam
897 1619 1007 1673 Deo
1051 1620 1515 1676 conversationem
1561 1636 1844 1689 exercens,

267 1703 580 1774 aliquantos
645 1706 916 1776 explesset
972 1723 1174 1773 annos,
1235 1709 1550 1766 infirmitate
1606 1712 1848 1781 pulsatus

265 1799 511 1868 corporis
541 1808 596 1856 et
628 1801 811 1855 carnis
844 1802 1136 1873 ergastulo,
1165 1802 1394 1873 jnbente
1425 1801 1672 1871 Domino,
1699 1805 1853 1862 exili-

265 1890 366 1942 vit.
422 1890 589 1960 lgitur
641 1891 860 1960 quidam
907 1893 1234 1949 venerabilis
1285 1895 1408 1950 vita:
1455 1895 1739 1965 episcopus
1785 1912 1851 1952 ex

265 1978 458 2034 Galliae
496 1982 744 2050 partibus
793 1983 1040 2048 veniens,
1067 1984 1332 2040 orationis
1371 1985 1545 2055 gratia
1577 1986 1645 2041 ad
1680 1985 1854 2042 eccle-

266 2069 408 2124 siam
456 2071 603 2128 Beati
652 2071 926 2128 Michaelis
960 2074 1270 2146 archangeli
1303 2076 1356 2130 in
1385 2075 1633 2146 Gargano
1669 2086 1854 2133 monte

266 2161 542 2216 conditam
598 2162 946 2233 properabat.
1001 2165 1134 2220 Cum
1193 2174 1373 2221 autem
1426 2169 1492 2220 ad
1538 2167 1850 2238 Capuanam

266 2251 456 2307 urbem
513 2254 849 2319 devenissct,
896 2255 1049 2326 juxta
1098 2256 1385 2312 ecclesiam
1439 2261 1852 2330 protomartyris

268 2341 530 2412 Stephani
592 2346 708 2417 (38)
769 2347 1048 2413 diversus,
1101 2348 1410 2418 hospitatus
1456 2357 1561 2404 est.
1609 2351 1853 2420 Denique

265 2451 392 2489 cum
439 2448 597 2492 nocte
646 2437 969 2508 intempesta
1017 2454 1049 2494 e
1097 2440 1294 2495 lectulo
1343 2443 1694 2507 surrexisset,
1725 2453 1854 2498 ante

265 2528 557 2582 ecclesiam
611 2531 858 2600 pranlicti
924 2533 1180 2603 martyris
1241 2542 1420 2599 stans,
1482 2535 1687 2590 vicinas
1748 2535 1850 2590 sibi

265 2621 658 2691 omnipotentis
695 2623 788 2677 Dci
828 2639 988 2680 aures
1025 2625 1300 2696 precibus,
1335 2626 1691 2698 lacrymisque
1735 2628 1853 2682 red-

265 2713 429 2768 debat
461 2729 477 2767 :
503 2730 625 2768 cum
664 2730 792 2770 ecce
831 2715 1032 2780 subito,
1064 2719 1129 2771 ad
1169 2719 1446 2773 dexteram
1476 2718 1703 2774 orientis
1730 2735 1854 2789 par-

263 2812 376 2858 tem
427 2803 618 2858 oculos
680 2806 1044 2874 perrexisset,
1098 2807 1230 2862 vidit
1285 2808 1459 2862 instar
1507 2807 1636 2863 solis
1686 2809 1854 2864 radiis

265 2893 443 2949 lucem
474 2894 810 2964 Splendidam
842 2912 873 2952 e
898 2898 1232 2954 monasterio
1257 2915 1354 2970 per
1377 2914 1502 2954 aera
1533 2900 1854 2956 mirabiliter

265 2985 543 3040 advolare.
571 2985 815 3056 Cumque
841 2988 930 3042 diu
959 2988 1132 3044 lucem
1158 3005 1319 3059 quam
1351 2991 1567 3046 videbat
1593 2992 1854 3046 attonitus

1957 524 2193 577 animam
2249 523 2446 578 cmlum
2493 535 2780 594 penetrare
2828 525 3129 594 conspexit.
3178 523 3345 594 Igitur
3390 523 3533 579 facto

1957 631 2135 680 mane,
2176 624 2379 670 certius
2421 617 2562 672 seire
2595 613 2781 669 volens
2823 599 2965 684 quod
3011 615 3240 678 viderat,
3269 615 3419 670 venit
3463 616 3532 669 ad

1954 706 2254 771 Andream,
2297 707 2388 776 qui
2434 705 2581 760 cella:
2637 704 2795 774 hujus
2839 707 3178 770 monasterii,
3217 723 3338 777 qua:
3387 707 3530 762 intra

1955 796 2196 851 eamdem
2220 794 2529 866 Capuanam
2557 795 2744 850 urbem
2772 796 2875 850 sita
2911 806 3016 860 est,
3051 807 3176 851 tunc
3205 798 3529 867 prmpositus

1953 895 2092 952 erat,
2141 887 2378 957 hocque,
2420 886 2562 956 quod
2609 887 2846 951 viderat,
2885 903 2979 956 per
3017 888 3260 943 ordinem
3307 888 3527 944 retulit:

1953 988 2008 1032 et
2039 990 2094 1032 ut
2124 979 2192 1034 ad
2240 978 2344 1033 boe
2391 978 2776 1033 monasterium
2824 978 3072 1032 nuntium
3120 977 3394 1049 dirigeret,
3434 977 3528 1049 qui

1953 1070 2362 1142 diligentissime
2403 1086 2514 1125 rem
2557 1085 2718 1140 quam
2768 1070 2976 1125 viderat
3023 1070 3394 1143 investigaret,
3429 1073 3530 1127 ob-

1953 1164 2078 1218 nixe
2100 1164 2365 1233 poposcit.
2390 1162 2492 1229 Qui
2513 1162 2630 1232 ejus
2653 1173 2777 1217 voto
2797 1177 2989 1232 parcre
3011 1163 3253 1228 studens,
3278 1163 3525 1219 nuntium

1952 1268 2074 1308 mox
2127 1253 2356 1316 direxit,
2408 1253 2498 1322 qui
2549 1252 2836 1324 diligenter
2882 1253 2998 1308 h:re
3037 1269 3156 1323 qua:
3207 1254 3350 1310 dicta
3399 1264 3528 1309 sunt

1951 1354 2316 1414 cognosceret,
2377 1343 2650 1415 citiusque
2698 1360 2948 1400 reversus
2995 1346 3235 1401 indicare
3281 1357 3521 1404 curaret.

1951 1435 2086 1492 Tum
2117 1439 2164 1493 is
2193 1438 2282 1508 qui
2317 1438 2513 1493 missus
2544 1437 2722 1494 fuerat
2761 1442 3000 1502 nuntius,
3039 1440 3164 1494 dum
3207 1440 3528 1496 festinanter

1949 1537 2218 1600 pergeret,
2249 1537 2306 1584 et
2349 1529 2402 1582 in
2443 1529 2560 1598 ipso
2604 1529 2799 1584 itinere
2829 1530 2966 1585 alter
3005 1546 3034 1585 a
3079 1533 3406 1588 monasterio
3434 1548 3527 1588 ve-

1950 1621 2105 1674 uicus
2131 1620 2386 1683 occurrit,
2408 1620 2500 1690 qui
2528 1619 2786 1676 fratribus
2814 1621 2864 1674 in
2895 1621 3149 1690 przedicta
3172 1623 3305 1677 cella
3330 1625 3528 1693 Capua:

1951 1712 2412 1766 commorantibus
2486 1711 2695 1782 prtefati
2763 1713 2906 1768 servi
2971 1713 3061 1767 Dei
3124 1713 3330 1768 obitmn
3391 1731 3529 1768 tntu—

1956 1805 2132 1870 tiavit;
2163 1819 2192 1858 a
2225 1819 2330 1874 quo
2353 1805 2622 1860 subtiliter
2650 1805 2948 1874 inquirens,
2983 1804 3186 1859 invenit
3212 1805 3527 1874 przedictum

1955 1896 2049 1950 Dei
2079 1911 2294 1950 servum
2332 1911 2396 1951 ea
2437 1896 2570 1950 hora
2599 1912 2666 1952 ex
2699 1897 2800 1950 hac
2845 1895 2960 1950 luce
3015 1896 3373 1960 subtractum,
3422 1909 3529 1965 qua

1951 2001 2072 2040 cum
2108 1984 2349 2042 Joannes
2393 1987 2682 2057 religiosus
2731 1987 3046 2050 monachus,
3075 1977 3270 2056 Capua!
3304 1985 3526 2056 positus,

1952 2073 2146 2129 caelum
2191 2074 2513 2130 mirabiliter
2554 2085 2864 2145 penetrasse
2904 2075 3176 2145 cognovit.
3207 2074 3355 2130 Tunc
3387 2084 3532 2128 uter-

1952 2182 2058 2237 que
2095 2168 2162 2221 ad
2215 2183 2309 2222 eos
2355 2184 2383 2222 a
2429 2168 2628 2238 quibus
2688 2169 2836 2224 missi
2880 2167 3094 2223 fuerant
3140 2169 3365 2233 reversi,
3397 2169 3533 2223 alter

1952 2262 2093 2318 servi
2143 2261 2234 2316 Dei
2282 2263 2513 2328 obitum,
2553 2262 2690 2317 alter
2733 2277 2861 2317 vero
2895 2261 3184 2329 visionem,
3219 2277 3339 2332 quae
3371 2262 3436 2317 de
3466 2276 3532 2317 eo

1951 2354 2064 2408 visa
2097 2363 2200 2418 est,
2233 2354 2551 2409 retulerunt.

2023 2441 2310 2496 Multorum
2363 2441 2474 2514 (10)
2516 2442 2744 2498 fratrum
2803 2444 3112 2499 testimonio
3157 2443 3320 2498 didici
3391 2443 3530 2509 hare,

1953 2548 2072 2602 qua:
2112 2542 2294 2587 nostro
2331 2533 2512 2588 curavi
2560 2534 2810 2588 annotari
2844 2535 3044 2590 libello.
3084 2535 3149 2614 Et
3179 2534 3303 2590 licet
3340 2533 3532 2587 Petrus

1954 2623 2281 2677 venerabilis
2315 2623 2583 2679 Ostiensis
2629 2626 2915 2696 episcopus
2964 2627 3016 2680 in
3069 2625 3338 2693 sermone,
3369 2639 3532 2694 quem

1955 2715 2006 2768 in
2041 2714 2237 2785 vigiliis
2268 2715 2325 2769 Β.
2360 2714 2536 2770 Patris
2571 2717 2844 2772 Benedicti
2895 2718 3179 2789 legendum
3218 2716 3537 2772 luculentis-

1954 2805 2088 2861 sime
2114 2806 2434 2876 composuit,
2457 2805 2507 2860 id
2531 2799 2806 2878 eleganter
2830 2809 3192 2878 deeeuterque
3219 2808 3532 2871 inseruerit,

1957 2904 2133 2951 tamen
2161 2900 2304 2951 inter
2328 2908 2522 2952 caetera
2555 2899 2837 2964 miracula,
2860 2915 2978 2969 quae
3017 2900 3362 2968 omnipotens
3395 2901 3534 2953 Deus

1954 2985 2020 3040 ad
2056 2985 2266 3040 laudem
2308 2987 2390 3040 sui
2439 2988 2674 3043 nominis
2708 2999 2892 3043 nostra
2936 2989 3100 3043 etiam
3136 2989 3416 3054 memoria,
3451 2987 3534 3042 vel

265 3080 596 3145 miraretur,
663 3078 875 3150 signum
930 3080 984 3134 in
1040 3081 1371 3136 monasterio
1423 3081 1690 3149 insonuit,
1743 3096 1851 3152 quo

1955 3077 2597 3144 seniorum'nostrorum,
2629 3095 2764 3150 quos
2801 3081 2901 3151 ipsi
2947 3082 3200 3145 vidimus,
3231 3082 3537 3150 quibusque

266 3169 458 3224 fratris
506 3170 685 3225 exitus
727 3169 1163 3241 significabatur.
1213 3171 1483 3227 lntellexit
1529 3174 1778 3242 protinus
1819 3187 1850 3228 e

266 3259 498 3319 fratrum
519 3277 744 3316 numero
771 3261 1002 3332 aliquem
1029 3263 1204 3334 magni
1228 3263 1409 3318 meriti
1431 3278 1496 3318 ex
1521 3264 1624 3318 hoc
1651 3263 1851 3318 mundo

266 3354 561 3425 migrasse,
611 3352 898 3424 simulqud'
929 3369 1051 3409 cum
1104 3354 1218 3423 ipsa
1263 3354 1384 3409 lucc
1430 3355 1554 3409 coeli
1597 3353 1850 3409 sublimia

266 3458 598 3516 penetrasse.
650 3446 771 3500 Mox
829 3447 1009 3516 itaque
1063 3447 1376 3502 convocatis
1427 3447 1676 3511 clericis,
1729 3462 1850 3516 quae

265 3538 476 3592 viderat
521 3536 817 3599 enarravit,
845 3537 1138 3607 statimque
1175 3537 1242 3590 ad
1282 3538 1670 3592 monasterium
1715 3553 1854 3592 nun-

265 3631 400 3682 tium
431 3629 598 3686 misit.
630 3636 690 3682 ut
715 3628 837 3698 quis
894 3628 964 3682 ibi
1009 3628 1294 3686 defunctus
1339 3637 1486 3684 esset
1513 3639 1848 3698 agnosceret.

267 3719 515 3788 Cumque
577 3719 646 3781 is,
671 3719 762 3786 qui
791 3719 988 3774 missus
1010 3718 1206 3783 fuerat,
1232 3721 1620 3774 monasterium
1651 3721 1852 3775 intras-

263 3820 370 3871 set,
401 3811 606 3865 invenit
634 3809 859 3864 Paulum
908 3811 1268 3867 venerabilem
1306 3812 1634 3868 monachum
1669 3828 1700 3868 e
1732 3827 1856 3868 cor-

261 3916 397 3970 pare
425 3901 660 3954 animam
691 3899 958 3954 emisisse.
1211 3943 1214 3947 .
1296 3953 1298 3955 ,

336 3989 575 4045 Joannes
604 3990 717 4059 (59)
750 3991 1039 4044 admodum
1090 3991 1378 4063 religiosus
1425 3993 1752 4058 monachus,
1799 4003 1858 4049 et

266 4083 547 4146 sacerdos,
595 4083 752 4152 cujus
793 4083 1042 4152 superius
1080 4083 1409 4138 mentionem
1453 4085 1580 4150 feci,
1609 4086 1723 4156 qui,
1765 4101 1846 4140 res

265 4170 397 4226 licto
452 4171 716 4241 regimine
774 4173 1119 4237 monasterii,
1177 4173 1244 4226 ad
1303 4174 1481 4228 Eremi
1533 4185 1745 4230 secreta
1795 4190 1855 4231 se

263 4262 522 4327 contulit,
555 4262 611 4316 in
660 4262 764 4318 hac
810 4262 987 4317 vicina
1038 4263 1171 4317 silva
1219 4278 1392 4332 usque
1437 4263 1502 4318 ad
1551 4272 1854 4319 extremum

266 4357 396 4410 vitm
439 4371 552 4410 sute
593 4357 884 4411 terminum
916 4356 1194 4411 solitarius
1226 4356 1425 4410 mansit
1457 4373 1471 4409 :
1504 4357 1684 4426 ibique
1710 4357 1852 4428 jeju-

1954 3165 2332 3233 rcferentibus,
2367 3170 2704 3240 agnovimus,
2746 3172 2851 3225 hoc
2890 3171 2942 3225 in
2980 3181 3167 3226 nostro
3203 3169 3536 3225 monasterio

1952 3256 2240 3311 ostendere
2269 3265 2353 3311 est
2380 3258 2650 3329 dignatus,
2682 3259 2924 3314 inserere
2954 3261 3162 3322 curavi,
3194 3270 3253 3313 ut
3285 3261 3337 3314 in
3381 3257 3536 3326 cujus

1954 3344 2092 3400 forte
2118 3361 2310 3402 manus
2339 3362 2519 3402 sermo
2549 3335 2640 3402 ille
2663 3364 2769 3404 non
2798 3350 3028 3415 venerit,
3057 3357 3112 3404 et
3137 3349 3240 3404 hoc
3269 3349 3320 3402 in
3351 3357 3538 3402 nostro

1954 3438 2134 3494 libello
2175 3440 2512 3509 cognoverit,
2544 3441 2710 3497 Deum
2741 3443 2921 3498 laudet
2952 3444 3004 3497 in
3036 3443 3374 3498 mirabilibus
3400 3445 3535 3508 suis,

1955 3529 2045 3598 qui
2080 3531 2227 3584 omni
2274 3541 2538 3602 tempore,
2566 3548 2706 3588 novo
2741 3533 2993 3590 videlicet
3023 3535 3145 3589 cibo
3185 3535 3278 3590 alit
3323 3544 3538 3591 teneras

1956 3628 2168 3674 mentes
2211 3635 2456 3674 suorum.
2504 3621 2672 3693 Igitur
2719 3624 2954 3692 quodam
3005 3633 3244 3694 tempore
3279 3625 3346 3677 ab
3384 3624 3539 3678 initio

1954 3709 2076 3764 Maii
2109 3710 2311 3765 mensis
2356 3726 2526 3780 usque
2564 3712 2630 3766 ad
2667 3722 2911 3768 extrema
2961 3715 3160 3769 mensis
3196 3713 3346 3776 Julii,
3387 3724 3538 3768 tanta

1955 3803 2176 3860 siccitas
2235 3804 2380 3859 aeris
2430 3805 2667 3870 exstitit,
2708 3816 2768 3860 ut
2820 3822 2887 3861 ne
2932 3807 3274 3876 paucissimis
3312 3807 3527 3876 quidem

1956 3896 2121 3966 guttis
2157 3909 2316 3950 arens
2359 3905 2528 3962 terra,
2557 3907 2610 3950 et
2640 3896 2851 3952 crebris
2889 3897 3114 3952 discissa
3150 3898 3320 3960 rimis,
3355 3898 3538 3967 aliquo

1955 3986 2115 4040 modo
2141 3985 2418 4040 madefieri
2447 3986 2739 4041 videretur.
2767 3986 2918 4042 Tunc
2949 3989 3180 4056 quadam
3210 3989 3297 4041 die
3321 3988 3540 4056 quidam

1956 4076 2215 4140 rusticus,
2246 4083 2306 4130 ut
2348 4075 2602 4145 stipulam
2641 4076 2868 4131 triticea:
2918 4078 3112 4131 messis
3141 4091 3238 4131 suo
3278 4077 3329 4130 in
3367 4077 3541 4146 agello

1957 4167 2313 4222 succenderet
2357 4182 2464 4236 quo
2510 4166 2736 4221 liberius
2786 4175 2987 4220 terram
3037 4167 3286 4222 exeolere
3334 4176 3538 4236 posset,

1959 4261 2180 4316 allatum
2244 4261 2422 4331 ignem
2472 4261 2688 4314 incaute
2741 4259 3054 4329 supposuit;
3110 4274 3342 4327 cumque
3404 4259 3541 4328 ignis

1958 4353 2215 4422 paulatim
2244 4352 2497 4422 stipulam
2527 4351 2816 4406 lambendo
2841 4350 3114 4406 ﬂammam
3145 4352 3196 4406 in
3229 4352 3340 4407 alio
3363 4352 3539 4422 porri-

265 4447 392 4511 uiis,
438 4446 639 4518 vigiliis
689 4461 753 4502 ac
801 4447 1142 4502 orationibus
1190 4461 1408 4517 operam
1456 4447 1612 4514 dans,
1647 4449 1854 4502 studuit
1886 4482 1931 4541 υ
1958 4452 2130 4512 geret,
2161 4441 2327 4496 ﬂante
2375 4457 2508 4496 aura
2557 4442 2608 4495 in
2657 4441 2960 4512 proximam
3003 4441 3220 4504 silvam,
3255 4456 3374 4509 quae
3411 4441 3540 4496 sub-

263 4539 622 4609 oinnipotenti
676 4537 903 4593 Domino
956 4538 1182 4592 sollicita
1243 4545 1424 4592 mente
1479 4539 1702 4593 servire.
1756 4538 1854 4592 Hic

264 4647 395 4687 vero
425 4647 550 4687 cum
584 4631 916 4702 temporibus
940 4629 1237 4685 Theobaldi
1270 4629 1480 4683 abbatis
1510 4646 1576 4684 ex
1605 4631 1708 4685 hac
1737 4630 1854 4684 luce

264 4726 558 4795 migrasset
591 4723 753 4794 (anno
792 4721 978 4787 109.2),
1024 4722 1322 4776 monachus
1361 4721 1578 4790 quidam
1621 4720 1856 4776 Joannes

265 4817 518 4879 nomine,
567 4815 622 4869 in
672 4812 1002 4869 monasterio
1035 4811 1182 4866 Beati
1231 4810 1509 4866 Laurentii
1565 4812 1838 4882 martyris,

263 4911 406 4979 quod
437 4909 578 4980 apud
606 4909 844 4980 Capuam
868 4916 972 4969 est,
1003 4908 1402 4964 studiosissime
1432 4910 1483 4964 in
1503 4909 1594 4964 Dei
1629 4908 1854 4963 servitio

268 5004 693 5057 conversabatur
725 5020 740 5056 τ
773 5001 866 5071 qui
905 4999 1029 5052 dum
1077 5001 1312 5070 quadam
1359 5011 1519 5057 nocte
1569 5009 1853 5068 antequam

269 5094 464 5149 fratres
514 5093 584 5148 ad
629 5092 843 5162 vigilias
890 5101 1198 5157 surgerent,
1229 5091 1293 5144 de
1323 5091 1546 5156 lectulo,
1576 5105 1725 5145 more
1767 5107 1860 5145 so-

270 5182 362 5222 lita
418 5183 848 5222 nmninnlnntnm
900 5179 1183 5222 “nminnm
1217 5192 1536 5222 ηνρρςιιιη-ηα
1583 5183 1855 5222 εηη-ιιινία-

1949 4533 2098 4602 jacet
2127 4534 2479 4598 monasterio,
2510 4533 2715 4589 rustico
2740 4534 3038 4599 renitente,
3091 4533 3342 4587 dissiluit.
3374 4532 3542 4603 Igitur

1960 4626 2230 4680 infinitam
2260 4625 2362 4680 sibi
2395 4625 2530 4679 silva
2561 4623 2906 4678 ministrante
2933 4623 3237 4687 materiam,
3269 4623 3408 4693 ignis
3437 4623 3542 4677 huc

1958 4718 2086 4772 illuc
2127 4733 2224 4788 per
2251 4716 2421 4770 latera
2465 4717 2664 4771 montis
2698 4715 3031 4781 discurrens,
3063 4729 3225 4770 omne
3261 4723 3545 4770 monaste-

1957 4810 2098 4864 rium
2135 4808 2385 4864 incendio
2431 4823 2490 4863 se
2526 4815 3024 4869 conercmaturnm,
3055 4804 3267 4875 pepulis
3300 4806 3546 4871 undique

1957 4901 2348 4973 spectantibus,
2382 4899 2713 4955 minabatur.
2749 4897 2883 4952 Cum
2926 4897 3111 4968 itaque
3154 4895 3356 4952 fratres
3389 4895 3546 4949 ﬂam-

1959 4994 2063 5048 mis
2106 4992 2501 5062 crepitantibus
2555 4990 2752 5044 timore
2802 4989 3049 5043 exterriti
3109 4994 3276 5055 atque
3325 4986 3550 5048 turbati,

1957 5085 2141 5140 animo
2167 5081 2532 5152 expergefacti
2551 5121 2567 5144 ,
2610 5096 2639 5133 a
2671 5079 2882 5133 lectulis
2915 5077 3290 5134 surrexissent
3319 5078 3468 5146 (nam
3497 5074 3550 5125 in

1959 5177 2265 5222 meridiano
2297 5185 2539 5222 temnnre
2569 5171 2678 5222 illis
2717 5173 3124 5222 atticscenlilttls
3153 5183 3242 5222 res
3275 5171 3379 5222 ista
3423 5180 3552 5220 eon-
