4044 5360
537 391 634 446 991

1806 388 2114 446 VICTORIS
2149 390 2208 444 III
2243 389 2442 446 ΡΑΡᾸῦ

3682 390 3790 446 9εὲ

540 506 850 570 excogitare
884 503 1144 568 valentes,
1181 502 1248 556 ad
1284 501 1465 557 divina
1507 519 1568 559 se
1609 505 1789 560 statim
1827 506 2104 561 contulere
2133 509 2181 567 Δ
2280 506 2612 575 Theophilus.
2667 501 2776 560 lloc
2805 502 3125 558 miraculum
3156 512 3210 558 et
3251 503 3306 558 in
3354 503 3536 558 Veteri
3589 502 3788 558 Testa-

540 597 811 668 prasidia.
837 596 988 652 Totis
1031 597 1210 672 itaque
1254 595 1460 650 viribus
1496 606 1550 650 ct
1597 611 1663 651 ex
1700 597 1890 652 intimo
1927 599 2111 653 cordis

544 690 734 746 affectu
781 689 1206 758 omnipotentem
1258 688 1539 741 Dominum
1581 703 1770 759 rogare
1807 700 2109 758 coeperunt,

543 791 601 836 ut
637 781 844 836 meritis
888 779 949 833 Β.
989 779 1166 833 Patris
1209 777 1512 843 Benedicti,
1541 793 1650 848 quo
1689 780 1878 833 ordine
1931 781 2109 843 vellet,

543 887 640 929 sua
671 874 872 929 virtute
899 871 1285 927 monasterium
1314 869 1382 924 ab
1408 870 1658 925 incendio
1683 871 1938 940 eriperet,
1971 873 2111 940 quod

544 966 779 1018 humana
827 975 987 1016 manu
1031 960 1244 1016 defendi
1295 973 1453 1030 posse
1486 961 1697 1030 penitus
1734 962 2111 1031 desperabant.

543 1049 788 1122 Cumque
832 1051 924 1107 alii
961 1051 1160 1106 erectis
1205 1051 1261 1105 in
1303 1049 1498 1106 cmlum
1532 1051 1800 1115 manibus,
1833 1061 1993 1121 atque
2025 1051 2115 1107 alii

542 1143 830 1213 prostratis
881 1141 936 1197 in
985 1151 1128 1198 terra
1184 1141 1522 1210 corporibus,
1551 1141 1642 1197 alii
1683 1142 1837 1198 ﬂexis
1869 1144 2113 1213 genibus,

543 1233 634 1288 alii
688 1233 742 1288 in
803 1241 1000 1288 terram
1055 1232 1307 1287 demissis
1377 1233 1644 1302 capitibus
1695 1235 2114 1302 omn’potentem

545 1322 828 1377 Dominum
861 1325 1234 1391 precarentur,
1262 1321 1440 1377 subito
1469 1337 1633 1392 parva
1675 1323 1936 1378 nubecula
1969 1339 2028 1378 se
2063 1325 2115 1379 in

545 1411 708 1481 hujus
736 1409 907 1466 I-atcrc
931 1411 1132 1465 montis
1154 1411 1434 1480 colligens,
1458 1426 1619 1480 supra
1644 1427 1899 1467 cacumen
1930 1415 2115 1485 ipsius,

545 1498 726 1554 divina
757 1498 1058 1568 imperante
1086 1499 1352 1568 potentia,
1384 1500 1656 1566 dilatavit;
1688 1517 1809 1571 qua:
1842 1519 1963 1558 mox
2003 1513 2116 1559 tan-

547 1595 660 1642 tum
691 1586 918 1644 imbrem
950 1603 1016 1643 ex
1046 1603 1104 1644 se
1139 1586 1420 1644 effundens
1443 1591 1728 1660 expressit,
1762 1602 1820 1646 ut
1845 1603 1900 1648 et
1934 1593 2120 1648 incen-

546 1681 694 1736 dium
749 1696 909 1737 omne
944 1681 1333 1752 exstingueret,
1366 1693 1419 1737 et
1465 1683 1683 1739 omnino
1735 1686 2118 1742 monasterium

547 1771 823 1828 liberaret.
852 1772 1176 1828 Studeamus
1207 1773 1386 1842 igitur,
1420 1772 1634 1836 fratres.
1665 1774 1912 1845 religiose
1939 1791 2002 1830 ac
2034 1777 2119 1845 pie

2218 606 2398 651 mento
2427 597 2494 650 ah
2524 596 2719 661 El‘isen,
2751 602 2804 651 et
2840 595 2893 649 in
2927 594 3074 649 Novo
3097 607 3127 649 a
3147 594 3494 649 sanctissimo
3523 594 3585 648 P.
3612 593 3788 649 Bene-

2214 686 2369 741 dicto
2387 684 2586 741 factum
2623 684 2962 740 reminiscor.
2994 682 3102 738 Sed
3153 683 3281 738 dum
3311 682 3505 738 merita
3555 683 3786 738 istorum

2216 779 2535 848 illorumque
2565 777 2723 848 Iunge
2749 776 3004 832 distantia
3029 789 3154 832 esse
3179 774 3474 845 perpendo,
3503 775 3786 845 majorem,

2216 868 2408 934 fateor,
2437 868 2851 924 admirationem
2879 868 2946 927 de
2967 868 3069 924 hoc
3093 881 3266 938 nuper
3289 875 3507 937 patrato
3526 866 3791 923 miraculo

2215 955 2270 1010 in
2302 956 2482 1013 animo
2516 965 2638 1011 meo
2671 956 2937 1025 concipio.

2286 1047 2605 1102 Desiderins.
2637 1046 2750 1102 lloe
2795 1046 3031 1110 factum,
3073 1045 3396 1102 charissima
3445 1045 3636 1107 frater,
3681 1057 3790 1099 non

2219 1145 2424 1191 tantum
2456 1136 2577 1191 istis
2599 1137 2862 1204 imputare
2884 1135 3164 1200 debemus,
3191 1141 3452 1203 quantum
3475 1133 3574 1199 illi,
3597 1132 3666 1188 de
3690 1148 3788 1188 cu-

2213 1227 2302 1297 jus
2339 1227 2548 1282 met-itis
2577 1225 2787 1292 confisi,
2820 1225 2874 1279 id
2907 1239 3070 1294 agere
3099 1230 3469 1280 tentaveru’nt.
3507 1223 3791 1278 Verumta-

2220 1333 2338 1374 men
2371 1320 2450 1376 viis
2481 1334 2698 1374 narrem
2728 1317 2933 1388 aliqttid
2956 1318 3023 1373 de
3043 1317 3283 1374 obsessis
3323 1332 3353 1370 ει
3397 1317 3677 1380 daemone,
3711 1316 3791 1370 di-

2218 1409 2341 1464 vina
2364 1409 2626 1480 largiente
2649 1407 2957 1473 clementia,
2981 1405 3402 1483 suifragantibus
3431 1406 3491 1460 B.
3516 1405 3790 1462 Benedicti

2219 1500 2426 1556 meritis
2456 1501 2508 1555 in
2551 1501 2656 1556 hoc
2703 1497 2820 1568 ejus
2865 1498 3200 1571 monasterio
3225 1498 3452 1562 curatis,
3481 1506 3540 1550 ut
3563 1496 3788 1550 audien-

2222 1592 2353 1645 tium
2389 1591 2603 1646 animus
2631 1589 2803 1660 magis
2832 1604 2898 1644 ac
2925 1588 3098 1659 magis
3119 1589 3171 1642 in
3198 1587 3293 1643 Dei
3328 1586 3578 1642 laudibus
3601 1599 3789 1640 conva-

2219 1680 2412 1744 lescat,
2441 1681 2674 1750 atquein
2697 1694 2939 1737 amorem
2965 1692 3190 1735 summa:
3209 1677 3507 1733 divinitatis
3537 1673 3793 1745 multipli-

2221 1772 2357 1826 citer
2380 1771 2698 1828 incalescat.

547 1861 751 1928 vivere,
781 1870 837 1918 et
876 1870 1085 1917 tantum
1116 1871 1421 1936 patronum,
1460 1865 1570 1918 Deo
1597 1844 1904 1931 serviendo,
1936 1844 2120 1936 propi-
2151 1844 2194 1902 Β
2295 1860 2912 1932 Tlteophilus.Qttidqttid
2937 1860 3000 1914 ad
3017 1858 3431 1916 tedilicationem
3458 1855 3790 1911 audientium

550 1949 686 2004 tium
738 1949 1022 2020 acquirere
1061 1968 1075 2004 :
1113 1951 1239 2021 quia
1287 1950 1442 2021 cujus
1486 1952 1694 2008 meritis
1749 1955 1917 2009 nubes
1965 1955 2119 2025 hujus

547 2054 804 2095 cacumen
851 2041 1050 2097 montis
1097 2042 1322 2108 obtexit,
1350 2053 1512 2114 atque
1537 2059 1600 2098 ex
1629 2059 1688 2099 se
1715 2046 1990 2115 copiosum
2022 2047 2120 2101 im-

548 2135 702 2209 brem
743 2135 1080 2204 exprimens,
1113 2135 1418 2190 incendium
1449 2137 1731 2203 exstinxit,
1773 2137 1888 2206 ejus
1925 2139 2120 2194 nihilo-

549 2223 728 2279 minus
760 2224 1038 2294 precibus,
1071 2225 1117 2279 si
1162 2239 1285 2280 eum
1330 2225 1516 2281 sedule
1566 2241 1630 2281 ac
1676 2227 1886 2294 devote,
1919 2243 2121 2297 praeveo

547 2315 730 2370 niente
778 2314 919 2370 bono
963 2329 1163 2384 opere,
1217 2316 1618 2386 rogaverimus,
1658 2317 1728 2375 ab
1776 2320 2120 2375 aestuantinm

546 2405 799 2460 vitiorum
836 2404 1074 2472 flamma,
1113 2406 1292 2462 divina
1341 2408 1672 2464 concedente
1727 2409 2118 2476 misericordia,

547 2495 924 2553 liberabimur.

613 2585 855 2655 Quodam
897 2589 1306 2660 temporeﬂl),
1362 2589 1504 2646 sicut
1552 2590 1622 2646 ab
1667 2590 1734 2646 iis
1779 2592 1872 2661 qui
1922 2592 2124 2662 optime

547 2689 810 2736 noverant
870 2681 1094 2751 agnovi,
1151 2683 1277 2737 dum
1332 2681 1530 2738 fratres
1584 2682 1744 2751 hujus
1800 2685 2112 2740 monasmrii

546 2770 834 2827 ecclesiam
882 2769 944 2824 B.
979 2771 1331 2828 Scholastica:
1367 2773 1592 2841 virginis
1634 2774 1773 2829 intra
1810 2774 2123 2844 Cajetaunm

547 2861 769 2925 urbem,
823 2871 1091 2932 quatenus
1141 2861 1268 2916 dum
1337 2863 1406 2918 ad
1472 2863 1681 2934 aliquas
1735 2880 1822 2920 res
1871 2866 2126 2920 emendas

546 2952 752 3008 ibidem
805 2963 1132 3025 pergerent,
1187 2956 1840 3025 receptaculumvhabere
1885 2967 2122 3028 possent,

546 3052 957 3112 construerent;
1011 3047 1232 3116 quidam
1283 3063 1350 3102 ex
1398 3049 1664 3118 Operariis
1711 3049 1767 3105 in
1817 3053 2126 3107 summitate

2221 1953 2401 2010 dicere
2429 1953 2561 2009 velis
2582 1994 2598 2021 ,
2645 1968 2976 2023 prosequere
3004 1969 3018 2008 :
3055 1967 3157 2024 ego
3184 1960 3362 2007 autem
3401 1966 3486 2006 me
3527 1949 3645 2004 hac
3675 1962 3792 2016 gra-

2223 2054 2398 2101 tanter
2422 2045 2729 2102 auscultare
2756 2034 3029 2115 profiteor.

2290 2136 2613 2192 Desiderius.
2644 2135 2871 2203 Quidam
2897 2149 3033 2206 puer
3059 2135 3115 2189 in
3144 2133 3304 2188 domo
3335 2130 3607 2202 hospitum
3636 2124 3795 2183 simul

2221 2245 2344 2286 eum
2374 2240 2527 2300 patre
2550 2229 2606 2283 in
2636 2228 2834 2284 lectulo
2857 2229 3094 2293 cubans,
3141 2239 3265 2283 cum
3301 2227 3369 2281 ad
3411 2223 3793 2280 necessitatem

2221 2320 2466 2391 corporis
2493 2320 2548 2375 in
2580 2320 2696 2390 ipso
2722 2318 2898 2376 noctis
2947 2318 3165 2374 silentio
3207 2316 3574 2381 surrexisset,
3619 2312 3796 2368 subito

2227 2411 2417 2482 ingens
2444 2409 2528 2466 leo
2557 2409 2807 2465 dentibus
2839 2409 3096 2474 fremens,
3145 2422 3266 2463 eum
3321 2414 3545 2476 paratus
3592 2403 3795 2458 discer-

2221 2522 2351 2579 pere
2371 2507 2660 2579 unguibus,
2683 2507 2784 2562 sibi
2827 2506 3127 2560 horrendus
3165 2503 3442 2573 apparuit;
3473 2500 3566 2571 qui
3597 2512 3795 2570 pavore

2225 2599 2392 2656 nimio
2411 2600 2706 2655 exlet'ritus
2746 2597 3080 2661 vociferans,
3134 2595 3186 2649 in
3218 2603 3414 2648 terram
3449 2592 3678 2648 corruit.
3716 2591 3794 2644 Ad

2226 2696 2377 2766 cujus
2408 2709 2594 2750 vocem
2641 2701 2768 2750 mox
2821 2692 3066 2748 turbatus
3110 2697 3263 2760 pater
3291 2703 3322 2743 c
3352 2686 3494 2742 lecto
3538 2684 3792 2748 surrexit,

2224 2791 2456 2846 festinus
2487 2790 2552 2845 ad
2581 2805 2729 2855 eum,
2759 2787 3020 2858 valdeque
3063 2785 3254 2840 anxius
3301 2783 3557 2847 accessit,
3587 2796 3687 2835 cur
3724 2779 3794 2833 ita

2225 2887 2544 2950 clamasset,
2567 2885 2652 2940 vel
2679 2881 2808 2956 quid
2842 2882 2942 2939 sibi
2970 2883 3259 2944 evenisset,
3295 2880 3466 2950 prima
3516 2875 3793 2947 diligentia

2227 2977 2491 3036 sollicitus
2523 2975 2892 3046 interrogavit.
2924 2974 3020 3029 Ille
3046 2974 3338 3028 immanem
3377 2967 3584 3024 leonem
3611 2976 3792 3020 contra

2228 3082 2287 3129 se
2317 3071 2622 3127 venientem
2656 3068 3040 3124 tremebundus
3070 3080 3134 3121 ac
3167 3065 3438 3136 palpitans
3484 3061 3687 3115 vidisse
3739 3074 3794 3112 se

549 3135 720 3205 rupis,
745 3153 865 3206 qua:
888 3137 940 3192 in
972 3138 1148 3208 capite
1176 3138 1416 3195 civitatis
1457 3141 1594 3195 mari
1637 3142 1968 3211 praeeminet,
1993 3159 2119 3198 saxa

2233 3158 2435 3216 retulit.
2465 3155 2635 3225 Quem
2683 3165 2838 3226 pater
2881 3154 3156 3210 blanditiis
3174 3135 3526 3213 idemulccns,
3575 3149 3630 3203 in
3658 3147 3794 3200 ulnis

549 3229 745 3298 quibus
773 3229 1016 3286 ecclesia.-
1051 3233 1290 3302 parietes
1319 3243 1784 3302 construerentnr,
1817 3235 2117 3306 frangebat.

544 3317 654 3384 ,Qui
704 3334 827 3376 cum
877 3323 1139 3378 attentius
1191 3324 1380 3380 eadem
1431 3340 1560 3379 saxa
1611 3326 1806 3382 malleo
1854 3336 2122 3397 quateret,

550 3408 698 3467 idem
745 3411 972 3468 malleus
1023 3414 1088 3469 de
1133 3415 1421 3470 manubrio
1466 3417 1676 3482 recidit,
1716 3433 1779 3472 ac
1811 3431 1907 3487 per
1938 3418 2126 3487 ingens

545 3501 925 3572 praecipitium,
955 3505 1100 3574 quod
1132 3504 1326 3562 ibidem
1354 3507 1594 3576 patebat,
1619 3507 1870 3578 delapsus
1897 3509 1949 3562 in
1978 3522 2126 3564 mare

551 3589 778 3659 cecidit;
827 3593 920 3662 qui
954 3593 1110 3649 valde
1137 3596 1489 3652 contristatus
1519 3599 1660 3667 quod
1687 3606 1942 3653 evenerat
1969 3599 2125 3652 dam-

551 3696 643 3749 no,
687 3683 754 3737 ad
805 3682 1007 3740 fratres
1054 3685 1146 3740 ubi
1197 3687 1431 3755 parietes
1474 3688 1716 3744 ecclesiae
1764 3688 2124 3755 aedificabant,

555 3771 806 3841 protinus
836 3775 1004 3839 venit,
1031 3784 1089 3830 et
1119 3791 1207 3840 ea,
1235 3792 1356 3845 qua:
1384 3777 1488 3832 sibi
1519 3777 1846 3844 acciderant,
1891 3791 2126 3833 mosrcns

550 3861 760 3916 retulit.
793 3861 1036 3934 Cumque
1057 3880 1181 3933 spes
1212 3868 1635 3934 recuperationis
1672 3879 1817 3924 esset
1842 3869 2043 3933 ablata,
2070 3880 2126 3925 et

551 3948 784 4006 alterum
819 3952 922 4008 sibi
969 3953 1245 4020 malleum,
1277 3969 1386 4026 quo
1415 3971 1546 4011 saxa
1577 3959 1645 4012 ad
1677 3958 1920 4015 ecclesiae
1947 3960 2117 4016 :edili-

549 4041 695 4097 cium
722 4041 1122 4114 frangerentur,
1155 4046 1269 4102 fieri
1307 4050 1677 4117 decreverant,
1716 4067 1856 4108 unus
1883 4068 1914 4108 e
1940 4053 2126 4108 fratri-

549 4131 652 4190 bus
702 4135 840 4191 dixit
883 4154 898 4193 :
941 4139 1344 4197 Desccndamus
1396 4142 1559 4210 illuc,
1609 4144 1839 4214 fratres,
1896 4147 2123 4204 forsitan

548 4222 610 4283 B.
641 4224 960 4286 Benedictus
989 4230 1104 4287 suis
1146 4233 1356 4290 meritis
1381 4235 1536 4291 nobis
1565 4236 1816 4293 malleum
1847 4240 2122 4306 restituet,

545 4319 641 4395 qui
668 4321 942 4389 quondam
964 4322 1144 4381 Gotho
1165 4325 1559 4384 ferramentum
1585 4346 1650 4386 et
1678 4331 1946 4402 profundo
1974 4334 2125 4391 lacus

547 4411 874 4471 mirabiliter
896 4415 1223 4474 abstrahcus
1255 4420 1512 4486 reddidit,
1541 4430 1704 4492 atque
1725 4423 1791 4478 ad
1818 4438 1953 4493 opus
1980 4425 2122 4496 quod

2226 3250 2458 3322 propriis
2475 3260 2753 3317 acceptum
2779 3244 2993 3302 reduxit
3014 3245 3082 3304 ad
3102 3242 3375 3302 lectulum.
3402 3239 3508 3296 Sed
3528 3236 3792 3299 diabolus,

2226 3342 2317 3413 qui
2342 3341 2395 3395 in
2419 3339 2601 3409 specie
2630 3337 2800 3392 leonis
2824 3337 2926 3391 sibi
2954 3341 3314 3405 apparuerat,
3361 3331 3414 3384 in
3438 3344 3564 3384 cum
3591 3328 3791 3394 ingres-

2226 3447 2336 3494 sos,
2363 3429 2488 3500 pust
2511 3427 2717 3498 aliquot
2742 3425 2858 3482 dies
2883 3419 3360 3482 vehementiSSime
3379 3434 3580 3475 vexare
3613 3416 3790 3482 cmpit.

2225 3523 2467 3594 Cumque
2487 3519 2561 3575 ad
2599 3517 2888 3573 ecclesiam
2914 3524 3042 3571 ante
3069 3514 3240 3568 altare
3269 3509 3582 3566 Beatissimi
3629 3507 3793 3560 Bern:-

2225 3612 2353 3669 dicti
2381 3619 2526 3667 esset
2557 3610 2842 3672 adductus,
2894 3607 3092 3661 mirum
3139 3605 3192 3658 in
3244 3602 3496 3666 modum,
3546 3600 3599 3654 in
3653 3598 3791 3668 pavi.

2226 3710 2409 3756 mento
2442 3699 2642 3756 clausis
2670 3697 2842 3754 oculis
2896 3702 3201 3766 prostratus
3243 3691 3463 3761 jacens,
3493 3689 3794 3760 quicunque

2228 3790 2542 3848 monasterii
2569 3797 2778 3860 portam
2821 3785 3255 3859 ingrediebatur,
3295 3797 3419 3837 mox
3448 3779 3564 3849 ejus
3603 3793 3794 3834 nomen

2226 3881 2584 3951 exprimebat,
2613 3878 2799 3934 dicens
2826 3894 2842 3934 :
2871 3875 3040 3942 Talis,
3064 3873 3150 3931 vel
3194 3873 3316 3928 talis
3358 3873 3519 3927 homo
3548 3884 3647 3939 per
3675 3885 3792 3938 por-

2227 3979 2337 4024 tam
2380 3968 2540 4023 modo
2592 3965 2908 4024 monasterii
2964 3963 3286 4036 ingreditur.
3340 3960 3568 4028 Quidam
3618 3968 3794 4012 autem

2226 4064 2396 4117 frater
2425 4073 2548 4116 cum
2568 4073 2733 4115 causa
2755 4055 3079 4112 obedientia:
3103 4071 3135 4111 e
3164 4052 3491 4109 monasterio
3516 4049 3586 4105 ad
3609 4047 3794 4104 civita-

2227 4163 2334 4209 tem
2385 4151 2772 4215 descendisset,
2831 4147 3118 4203 duodecim
3167 4162 3199 4200 a
3246 4144 3478 4216 quodam
3532 4139 3796 4208 accipiens

2225 4246 2497 4309 denarios,
2509 4240 2953 4314 eosqueproprite
2976 4239 3228 4294 utilitatis
3255 4236 3425 4308 gratia
3451 4233 3664 4289 occulte
3705 4245 3795 4284 ea-

2224 4338 2377 4408 piens
2404 4336 2505 4392 sibi
2536 4336 2590 4389 in
2630 4333 2806 4390 sinum
2836 4330 3003 4387 misit.
3034 4328 3170 4384 Cum
3211 4337 3390 4381 autem
3422 4325 3489 4379 ad
3522 4331 3795 4377 monaste-

2225 4427 2364 4483 rium
2392 4439 2670 4489 reversus,
2699 4421 2766 4476 ad
2793 4435 3018 4491 puerum
3041 4418 3096 4473 in
3123 4417 3322 4478 locum,
3351 4431 3459 4485 quo
3486 4412 3794 4473 vexabatur,

543 4514 814 4572 coeperat,
846 4505 1025 4563 laetum
1057 4510 1287 4565 remisit.
1323 4510 1530 4568 Placuit
1570 4529 1750 4570 sermo
1793 4531 1978 4572 coram
2021 4531 2125 4573 ca:—
2153 4511 2204 4573 D
2226 4515 2551 4571 accessisset
2576 4551 2592 4578 ,
2638 4511 2824 4567 statim
2854 4506 3099 4565 diabolus
3133 4506 3238 4563 hoc
3277 4505 3434 4559 modo
3462 4516 3585 4556 cum
3616 4514 3712 4570 per
3737 4513 3796 4551 es

546 4594 705 4662 teris,
733 4606 790 4651 et
816 4596 1210 4656 descendentes
1253 4603 1320 4657 ad
1368 4619 1518 4658 mare
1545 4606 1850 4664 naviculam
1881 4618 2005 4663 sunt
2037 4609 2123 4662 itt-

545 4685 721 4762 gressi
759 4705 772 4741 :
817 4700 1242 4763 regyrantesque
1287 4694 1464 4749 sinum
1516 4696 1788 4762 civitatis,
1853 4708 2114 4754 venerunt

547 4775 618 4830 ad
639 4776 812 4834 locum
844 4781 897 4834 in
921 4797 1030 4851 quo
1059 4784 1158 4838 sub
1188 4786 1446 4854 pracdicto
1474 4788 1770 4857 prmcipitio
1789 4803 1856 4843 ex
1884 4791 2120 4859 operarii

547 4868 799 4925 manibus
848 4872 1121 4930 dissiliens
1169 4877 1396 4932 malleus
1446 4878 1536 4935 ille
1580 4879 1895 4936 ceciderat:
1928 4882 1978 4936 in
2013 4897 2120 4952 quo

549 4957 804 5017 videlicet
841 4969 992 5018 tanta
1045 4973 1167 5021 erat
1207 4983 1470 5038 aquarum
1498 4971 1858 5040 profunditas,
1895 4983 1953 5028 ut
1996 4987 2120 5044 spes

550 5052 908 5120 recuperandi
937 5053 1085 5109 illum
1126 5072 1223 5126 per
1259 5059 1476 5129 aliquod
1525 5061 1814 5116 humanum
1850 5063 2118 5133 ingenium

549 5138 696 5201 nulla
727 5143 950 5198 omnino
976 5147 1314 5215 persisteret.
1349 5152 1515 5220 Igitur
1540 5153 1728 5209 cenfisi
1767 5155 1833 5209 de
1875 5157 2120 5226 omnipo-

551 5230 714 5291 tentis
749 5231 842 5286 Dei
879 5232 1152 5301 adjutorio
1193 5246 1248 5292 et
1288 5240 1497 5296 meritis
1522 5242 1584 5298 Β.
1613 5242 1794 5298 Patris
1818 5243 2118 5311 Benedicti,

1574 5330 1764 5360 υἷι-..ης
1795 5333 1846 5360 :ns
1878 5333 2091 5360 “In-llum

551 5322 894 5360 ntannlwinns
939 5323 994 5360 in
1033 5337 1245 5360 'I'Illllnro
1291 5329 1504 5360 mihi...“

2228 4606 2381 4676 pueri
2405 4619 2590 4660 coram
2618 4602 2878 4657 fratribus
2902 4598 3172 4655 infamare
3195 4596 3389 4666 coepit,
3423 4594 3610 4650 dicens
3641 4610 3652 4644 :
3687 4590 3795 4643 Μιμ

2226 4699 2434 4754 nachus
2470 4697 2571 4752 iste
2607 4704 2795 4752 contra
2848 4693 3085 4764 regulam
3127 4692 3210 4747 sui
3263 4689 3468 4746 ordinis
3514 4685 3792 4742 duodecim

2227 4791 2483 4848 denarios
2515 4805 2546 4844 a
2575 4789 2667 4844 tali
2699 4789 2816 4843 viro
2868 4787 3142 4856 accipiens
3174 4797 3336 4841 causa
3384 4780 3588 4852 proprii
3615 4787 3792 4832 "coni-
3853 4806 3866 4815 ρ

2227 4883 2372 4938 modi
2393 4921 2409 4948 ,
2443 4880 2747 4938 occultatas
2776 4878 2972 4933 retinet
3012 4878 3065 4931 in
3111 4875 3251 4931 sinu.
3279 4873 3445 4943 Igitur
3473 4885 3597 4955 cum
3622 4883 3654 4923 a
3687 4868 3790 4921 Ira-

2226 4973 2405 5028 tribus
2424 4972 2850 5038 interrogaretur
2873 4975 3178 5020 utrumnam
3206 4977 3333 5017 vera
3357 4969 3535 5016 essent
3555 4969 3790 5013 comica

2225 5077 2346 5131 qua:
2385 5059 2643 5130 antiquus
2688 5056 2859 5111 hostis
2895 5069 2993 5124 per
3040 5069 3101 5108 os
3137 5052 3315 5106 vexati
3352 5049 3454 5106 sibi
3503 5046 3786 5116 objiceret,

2225 5163 2350 5204 mox
2374 5148 2464 5204 ille
2491 5161 2646 5203 suam
2667 5144 2952 5201 clamitans
2978 5143 3207 5212 culpam,
3235 5139 3458 5195 omnino
3483 5138 3535 5192 id
3566 5138 3636 5190 ita
3675 5149 3780 5189 esst

2224 5238 2498 5312 professus
2521 5248 2625 5294 est.

2305 5337 2327 5360 Α
2345 5337 2447 5360 In-..
2469 5349 2676 5360 ιιι-ΑΑι-ιι
2695 5333 2862 5360 rnnlnn
2905 5331 3052 5360 Alnznnn
3075 5343 3267 5360 nnmnn
3319 5341 3385 5360 Im
3409 5321 3778 5360 υιὶιθίὶοΙΙΙὶέΙίξὶίέι
