4044 5360
229 243 346 300 993

1526 236 1822 296 DlALOCl.
1854 238 1950 294 -.αι
1979 238 2059 293 lli.
2099 237 2158 295 ll.

3416 250 3518 309 394

230 363 491 421 ecclesia,
520 368 669 411 more
695 353 873 417 solito,
916 351 1180 407 fratribus
1206 350 1591 415 residentibus,
1625 352 1820 405 reeita-
1857 359 1900 415 Α
1932 367 1996 406 eo
2052 353 2290 422 rogaturi
2353 353 2531 410 cuncti
2578 355 2739 411 simul
2781 356 2980 414 fratres
3026 359 3377 418 conveniunt.
3411 364 3520 419 Ex-

232 455 354 511 bat,
399 466 524 504 cum
568 447 705 501 forte
735 460 869 515 puer
889 445 980 514 qui
1009 443 1328 508 vexabatur,
1365 442 1573 498 aderat.
1605 440 1668 494 Et
1705 455 1832 496 ecce

233 544 422 597 subito
452 539 699 596 diabolus
728 551 826 607 per
855 552 917 591 os
967 537 1088 604 ejus
1131 534 1470 596 exclamans,
1513 532 1604 586 illa
1650 533 1830 587 omnia

242 649 368 703 quae
395 631 717 703 legebantur
738 641 861 684 sese
887 628 953 683 ad
978 627 1239 698 liquidum
1267 625 1644 695 nosse,ibique
1667 623 1833 680 fuisse

238 721 685 794 protestabatur;
715 727 768 775 et
796 719 1097 790 adjungens
1124 718 1433 789 bujusmodi
1457 717 1678 775 lectoris
1713 731 1835 772 ver-

244 816 334 870 bis
358 813 725 885 exprobrabat
753 828 768 865 :
800 810 910 866 Sed
946 812 991 866 si
1015 826 1077 864 ea
1099 850 1113 872 ,
1166 811 1358 880 inquit,
1385 826 1507 880 quae
1527 810 1595 866 de
1617 819 1671 865 te
1695 810 1831 872 scio,

233 904 449 960 referre
470 918 658 962 coram,
677 903 1036 972 prementibus
1063 902 1279 968 vellem,
1309 918 1559 974 magnam
1585 903 1833 972 profecto

235 997 338 1050 tibi
389 995 768 1051 verecundiam
820 995 1066 1050 incutere
1107 1007 1347 1065 possem.
1399 995 1467 1048 Et
1498 1011 1687 1050 revera
1717 996 1830 1048 [ττι.

239 1099 382 1143 trem
436 1086 584 1141 illum
619 1085 833 1141 abunde
880 1086 934 1142 in
987 1101 1085 1140 suo
1126 1087 1456 1141 monasterio
1501 1087 1836 1141 smculariter

238 1181 446 1236 vixisse
488 1187 824 1248 compertum
847 1185 950 1233 est.
996 1176 1286 1248 Pestquam
1321 1178 1486 1248 igitur
1514 1193 1614 1249 pro
1642 1188 1834 1233 vexan

238 1287 414 1342 puero
447 1280 573 1326 ante
601 1269 906 1340 sepulcrum
938 1271 999 1324 Β.
1027 1269 1088 1325 Ρ.
1118 1269 1395 1326 Benedicti
1428 1271 1634 1328 diutius
1659 1285 1687 1324 a
1719 1269 1832 1324 fra-

241 1367 422 1421 tribus
448 1373 662 1420 oratum
691 1364 906 1429 fuisset,
938 1364 1008 1419 ita
1033 1380 1197 1420 sanus
1223 1364 1448 1420 effectus
1481 1375 1588 1430 est,
1631 1374 1690 1420 ut
1715 1382 1830 1420 am-

240 1443 384 1527 plius
411 1473 439 1511 a
464 1457 702 1527 maligno
725 1457 918 1528 spiritu
952 1458 1138 1512 vexari
1171 1457 1392 1514 minime
1422 1459 1569 1515 visus
1593 1467 1758 1515 esset.

315 1552 520 1608 Eodem
571 1551 736 1606 etiam
784 1560 1025 1622 tempore
1071 1551 1209 1607 alter
1251 1552 1511 1623 puerulus
1555 1553 1830 1624 ingentem

247 1643 564 1714 Ethiopem
588 1658 751 1714 super
771 1651 972 1699 tectum
997 1652 1232 1698 stantem
1254 1645 1557 1716 conspexit,
1573 1644 1836 1716 quivalde

242 1734 494 1798 territus,
537 1750 658 1789 mox
693 1733 874 1805 fugam
902 1735 1116 1805 arripit.
1149 1733 1256 1790 Sed
1299 1736 1436 1791 idem
1465 1736 1674 1792 dmnton
1705 1751 1829 1792 eum

243 1829 540 1898 insequens
582 1825 648 1881 ad
696 1828 895 1883 ostium
947 1827 1158 1894 domus,
1192 1829 1243 1883 in
1272 1837 1472 1884 terram
1515 1830 1829 1900 prostravit,

242 1919 540 1990 statimque
571 1919 623 1973 in
669 1935 794 1974 eum
837 1920 1166 1992 ingrediens,
1211 1921 1415 1977 acriter
1455 1922 1716 1978 miserum
1757 1922 1835 1977 fa-

243 2013 472 2083 tigabat.
530 2012 775 2083 Cumque
827 2014 879 2068 in
920 2015 1220 2070 oratorium
1260 2017 1328 2070 ad
1358 2016 1668 2086 sepulcrum
1699 2033 1833 2088 prte-

241 2105 374 2161 dicti
404 2105 583 2160 Patris
623 2121 718 2175 per
747 2104 953 2176 aliquot
1001 2104 1116 2161 dies
1158 2123 1299 2177 smpc
1325 2108 1517 2164 fuisset
1545 2110 1831 2176 adductus,

241 2195 486 2264 ejusdem
523 2195 701 2251 Patris
734 2197 964 2262 meritis,
1011 2199 1103 2267 qui
1135 2213 1258 2254 eum
1309 2201 1582 2255 invaserat
1621 2201 1830 2254 dzenton

244 2286 567 2358 relinquens
590 2287 873 2348 abscessit.
902 2288 979 2345 sic
1006 2299 1063 2345 ut
1085 2290 1151 2346 ad
1175 2307 1299 2347 eum
1325 2292 1584 2349 accedere
1607 2292 1834 2349 ulterius

244 2392 414 2436 ausus
441 2393 545 2434 non
575 2377 758 2434 fuerit.

316 2471 472 2526 Alius
501 2472 742 2542 quidam,
783 2471 1016 2529 Joannes
1043 2474 1280 2538 nomine,
1324 2476 1416 2546 qui
1449 2485 1610 2534 aetate
1640 2493 1836 2548 prove-

246 2575 370 2620 etus
413 2563 591 2620 adhuc
646 2574 913 2634 superest,
959 2574 1121 2634 atque
1177 2567 1229 2621 in
1281 2568 1619 2623 infirmorum
1674 2569 1836 2624 domo

246 2655 490 2712 deservit
524 2671 588 2710 ex
619 2657 894 2726 provincia
929 2655 1254 2723 Marsorum,
1288 2657 1355 2713 de
1387 2674 1490 2729 qua
1521 2670 1675 2714 ortus
1717 2659 1834 2712 fuc-

248 2755 495 2811 rat,eum
523 2761 551 2799 a
578 2747 813 2817 pessimo
833 2746 1075 2803 daemone
1101 2759 1399 2815 teneretur,
1419 2751 1520 2804 hoc
1551 2750 1616 2804 ad
1647 2765 1834 2805 caeno-

248 2839 396 2893 hiunt
412 2839 583 2908 gratia
602 2839 985 2909 recuperandze
998 2841 1188 2895 salutis
1203 2856 1229 2893 a
1246 2840 1561 2912 propinquis
1575 2841 1837 2896 adductus

248 2939 355 2995 est,
389 2930 766 3002 proculdubio
791 2931 1136 2987 credentibus
1169 2948 1291 2987 eum
1328 2932 1538 2987 meritis
1572 2931 1632 2986 Β.
1658 2931 1833 2987 Bene-

249 3027 382 3082 dicti
409 3025 636 3081 salutem
672 3041 830 3097 posse
854 3027 1120 3096 recipere,
1151 3027 1216 3080 ad
1245 3025 1396 3095 cujus
1428 3027 1611 3081 limina
1639 3026 1836 3080 multos

252 3119 487 3174 diversis
531 3119 879 3191 languoribus
905 3128 1199 3188 occupatos
1219 3118 1501 3172 audierant
1535 3117 1694 3173 saluti
1722 3117 1835 3188 pri-

252 3211 414 3268 stina:
454 3212 754 3268 restitutos.
790 3211 856 3266 Et
899 3211 1014 3282 ipse
1052 3219 1170 3281 post
1213 3225 1319 3264 non
1363 3210 1579 3279 longum
1627 3218 1837 3278 tempus

251 3304 481 3376 expulso
506 3304 682 3371 hoste,
713 3304 947 3359 sanitate
975 3312 1212 3374 recepta,
1243 3317 1492 3374 magnam
1519 3301 1835 3356 exsultatio.

252 3411 376 3449 item
408 3395 714 3449 videntibus
747 3393 948 3448 intulit.

327 3492 699 3554 Theudoricus
723 3492 883 3546 etiam
917 3490 1215 3546 monachus
1245 3497 1407 3558 atque
1436 3485 1711 3552 sacerdos,
1745 3486 1835 3556 qui

250 3587 434 3641 adhuc
466 3584 599 3639 vivit
629 3593 684 3638 et
714 3583 994 3638 nobiseum
1028 3582 1081 3636 in
1113 3582 1213 3636 hoc
1251 3578 1500 3634 cwnobio
1530 3577 1835 3647 religiosam

253 3678 425 3732 vitam
473 3677 698 3740 ducens,
728 3682 1100 3735 conversatur.
1142 3681 1390 3742 nepotem
1423 3667 1633 3732 habuit,
1677 3683 1836 3737 quem

253 3768 412 3823 valde
450 3766 707 3836 diligebat
748 3765 799 3818 in
831 3763 1058 3828 szeeulo;
1096 3763 1147 3816 in
1177 3778 1337 3833 quem
1371 3760 1625 3829 antiquus
1666 3759 1838 3813 hostis

255 3861 535 3931 ingressus
563 3868 665 3923 est,
695 3874 800 3914 non
830 3867 1008 3914 tamen
1033 3865 1089 3912 ut
1111 3865 1297 3927 aperte
1319 3871 1440 3910 eum
1473 3861 1716 3918 vexaret,
1744 3855 1839 3908 sed

255 3955 493 4010 latenter
537 3953 854 4024 languorem
892 3949 1152 4010 inferens.
1182 3949 1334 4019 quasi
1367 3947 1725 4020 paralyticum
1763 3947 1839 4000 vi-

256 4046 508 4100 dentibus
537 4045 839 4100 exhiberet.
879 4042 1034 4098 llunc
1070 4043 1250 4112 itaque
1281 4041 1574 4112 prmdietus
1601 4055 1840 4094 avuncu-

257 4139 339 4195 lus
370 4137 486 4205 ejus
510 4153 671 4193 eausa
702 4135 1083 4208 recuperanda:
1111 4134 1363 4190 sanitatis
1385 4133 1452 4188 ad
1481 4147 1559 4195 se,
1591 4131 1656 4186 de
1683 4130 1740 4184 Β.
1773 4129 1836 4185 P.

259 4209 536 4286 Benedicti
568 4229 849 4284 conlidens
888 4226 1118 4293 meritis,
1161 4225 1354 4280 adduci
1401 4223 1545 4278 fecit.
1579 4221 1684 4277 Sed
1716 4237 1838 4276 eum

258 4323 310 4377 in
349 4323 451 4380 hoc
480 4321 813 4386 monasterio
853 4318 1170 4390 aliquandiu
1203 4316 1450 4371 infirmus
1481 4315 1552 4369 ita
1592 4323 1652 4368 ut
1681 4327 1839 4367 vexe-

1936 443 2076 512 pleta
2109 443 2296 514 itaque
2323 446 2575 502 oratione
2603 462 2668 502 ac
2701 447 3023 518 psalmodia,
3055 449 3189 506 hora
3221 462 3373 507 sexta
3408 453 3522 510 fra-

1938 545 2048 590 tres
2082 535 2148 590 ad
2173 536 2542 599 refectorium.
2566 539 2804 595 dimissis
2828 555 2950 594 cum
2982 557 3048 595 eo
3076 542 3290 598 duobus
3312 545 3396 599 vel
3426 548 3524 602 tri-

1935 625 2039 681 bus
2068 627 2373 691 monachis,
2414 643 2579 683 causa
2615 629 3032 686 reficiendorum
3059 647 3372 704 corporum,
3400 653 3524 707 per-

1935 726 2090 787 gunt.
2124 717 2292 789 Igitur
2324 734 2447 774 cum
2485 719 2581 784 illi,
2607 721 2698 790 qui
2731 732 3128 790 remanserant,
3161 725 3398 780 divinam
3424 743 3523 798 pro

1937 824 2003 864 eo
2046 810 2480 867 misericordiam
2513 813 2933 886 lacrymabiliter
2963 825 3336 885 precarentur,
3379 835 3521 887 qna-

1938 910 2094 957 tenus
2126 903 2514 960 intercessione
2544 906 2841 962 beatissimi
2875 907 3206 964 confessoris
3235 911 3316 964 sui
3347 910 3522 966 Bene-

1936 992 2066 1046 dicti
2096 991 2330 1049 liberare
2357 996 2626 1065 captivum
2664 998 2936 1052 hominem
2963 1000 3301 1070 dignaretur,
3335 1018 3524 1055 mona-

1937 1085 2076 1139 chus
2107 1089 2416 1142 veneranda
2449 1090 2648 1144 canitie
2675 1091 2875 1156 eidem,
2907 1092 2997 1161 qui
3034 1095 3357 1160 vexabatur,
3399 1108 3526 1152 ante

1936 1180 2108 1237 altare
2139 1195 2288 1237 Stare
2314 1183 2463 1238 visus
2487 1193 2570 1238 est
2599 1202 2611 1238 :
2643 1186 2736 1256 qui
2764 1187 2990 1257 antiquo
3017 1187 3156 1242 hosti
3189 1189 3256 1243 ab
3278 1205 3343 1244 eo
3369 1205 3525 1245 rece-

1935 1267 2064 1321 dere
2107 1269 2310 1338 potcnti
2350 1269 2555 1324 virtute
2601 1273 2920 1342 imperabat.
2955 1273 3070 1328 Mox
3101 1275 3332 1341 dmmon,
3380 1276 3525 1330 facto

1939 1357 2142 1428 impetu
2175 1375 2393 1430 magno,
2443 1376 2568 1416 cum
2611 1365 2815 1418 vomitu
2845 1366 2911 1419 ab
2931 1366 3154 1421 obsesso
3181 1367 3335 1434 exiit,
3360 1377 3526 1439 atque

1937 1450 2004 1506 ad
2065 1466 2189 1506 eum
2259 1453 2491 1510 ulterius
2551 1456 2813 1512 accedere
2865 1459 3087 1514 minime
3157 1463 3522 1532 przesumpsit.

1937 1542 2108 1609 Quem
2170 1545 2421 1602 videlicet
2475 1563 2660 1602 senem
2720 1548 2780 1602 Β.
2841 1549 3086 1604 Maurum
3122 1553 3310 1622 procul
3363 1554 3529 1609 dubio

1941 1635 2108 1690 fuisse
2137 1648 2476 1707 compertum
2511 1648 2615 1705 est,
2657 1639 2814 1709 cujus
2875 1641 3157 1712 reliquias.
3189 1643 3388 1700 fratres
3431 1647 3524 1715 qni

1915 1742 2060 1782 cum
2091 1729 2280 1784 eodem
2314 1730 2539 1786 obsesso
2569 1731 2622 1785 in
2652 1731 2883 1787 ecclesia
2931 1746 3329 1801 remanserant,
3363 1753 3530 1808 super

1938 1831 2131 1889 pectus
2159 1820 2278 1890 ejus
2309 1836 2506 1892 magna
2539 1837 2661 1877 eum
2694 1823 2978 1878 devotione
3003 1839 3066 1878 ac
3092 1840 3187 1895 spe
3212 1837 3527 1896 posuerant.

1937 1913 1990 1968 ls
2011 1924 2220 1981 autem,
2245 1915 2509 1974 liberatus
2533 1933 2562 1971 a
2591 1919 2858 1985 dzrmone,
2886 1931 2968 1975 est
3000 1921 3300 1976 monathus
3331 1921 3526 1986 factus,

1937 2015 1992 2059 et
2033 2005 2088 2059 in
2122 2006 2225 2062 hoc
2255 2009 2587 2063 monasterio
2614 2010 2828 2065 caeteris
2862 2027 2983 2066 cum
3017 2011 3276 2068 fratribus
3307 2015 3360 2069 in
3401 2015 3530 2070 Iesu

1938 2098 2140 2154 Christi
2173 2097 2384 2155 Domini
2414 2101 2584 2156 nostri
2616 2103 2838 2158 servitio
2866 2119 3224 2174 perseverans
3245 2108 3454 2164 exism.

2009 2192 2268 2250 Rusticus
2296 2194 2514 2264 quidam
2569 2196 2622 2251 in
2657 2197 2851 2252 vicinia
2898 2197 3057 2268 hujus
3107 2202 3426 2256 monasterii
3470 2202 3526 2256 in

1939 2283 2160 2339 castello
2185 2325 2198 2350 ,
2231 2287 2375 2355 quod
2407 2286 2591 2343 Sancti
2633 2288 2822 2359 Angeli
2851 2292 3477 2359 nominatur,habilabat
3510 2311 3524 2347 :

1939 2375 2031 2445 qui
2089 2375 2440 2434 festivitatem
2494 2380 2551 2434 Β.
2586 2380 2791 2436 Nicolai
2837 2381 3170 2440 confessoris
3199 2385 3400 2440 Christi
3432 2401 3529 2457 per

1939 2480 2111 2521 annos
2138 2469 2376 2539 singulos
2412 2486 2518 2524 una
2551 2487 2672 2525 eum
2706 2471 2909 2527 familia
2943 2487 3064 2540 sua,
3099 2485 3260 2545 prout
3287 2485 3528 2546 poterat,

1943 2555 2296 2613 devotissime
2325 2559 2650 2616 celebrabat.
2695 2562 2768 2616 Ea
2799 2563 2965 2634 igitur
2993 2565 3099 2629 die,
3138 2581 3242 2636 qua
3284 2566 3402 2638 ejus
3432 2582 3527 2620 sa—

1939 2661 2030 2700 cra
2059 2661 2087 2700 a
2117 2645 2365 2704 fidelibus
2397 2650 2676 2707 colebatur
2702 2652 3038 2719 solcnmitas,
3066 2655 3132 2709 ad
3163 2656 3438 2711 basilicam
3470 2655 3530 2710 il-

1942 2738 2045 2793 lius
2092 2740 2296 2794 nomini
2339 2752 2742 2809 consecratam,
2793 2760 2915 2799 cum
2960 2761 3128 2800 uxore
3173 2755 3228 2802 et
3278 2745 3415 2812 filio,
3473 2747 3534 2801 in

1941 2831 2131 2901 puerili
2169 2834 2345 2890 adhuc
2396 2844 2556 2891 aetate
2595 2847 2872 2904 manente,
2923 2839 3250 2895 oblationem
3297 2839 3532 2895 Domino

1942 2926 2245 2992 oblaturus,
2279 2929 2530 2984 accessit.
2575 2929 2864 3000 Postquam
2905 2947 3035 2987 vero
3067 2933 3298 3004 expletis
3329 2934 3528 2989 missa-

1944 3034 2059 3072 rum
2107 3019 2409 3085 so'emniis,
2450 3033 2505 3075 et
2553 3023 2936 3078 communione
2985 3023 3127 3078 sacri
3175 3025 3424 3096 corporis
3474 3033 3532 3080 ct

1883 3101 1910 3123 ³
1941 3111 2222 3182 sanguinis
2265 3112 2472 3166 Dmniui
2505 3115 2839 3183 partieipati,
2889 3115 2954 3169 ad
2985 3118 3205 3171 domum
3250 3117 3526 3188 propriam

1941 3211 2067 3256 sunt
2099 3203 2327 3266 reversi,
2368 3219 2502 3272 puer
2541 3218 2570 3257 a
2619 3216 2776 3274 patre
2809 3221 3000 3276 agrum
3045 3207 3316 3263 revisendi
3358 3209 3526 3262 lieen-

1943 3293 2070 3346 tiam
2116 3294 2292 3362 petiit.
2334 3294 2502 3359 Quem
2535 3305 2692 3364 pater
2729 3297 3086 3366 compescuit,
3139 3298 3328 3354 dicens
3359 3316 3373 3353 :
3406 3297 3526 3354 Non

1938 3394 2024 3436 eSt
2051 3383 2292 3454 dignum,
2316 3400 2348 3438 ο
2374 3383 2470 3448 fili,
2504 3386 2556 3439 in
2583 3401 2770 3454 agrum
2797 3387 2960 3442 hodie
2988 3389 3054 3442 ad
3080 3390 3192 3460 agri
3215 3404 3350 3458 opus
3369 3405 3529 3444 exer-

1940 3476 2170 3530 cendum
2197 3477 2371 3542 exire,
2400 3477 2548 3548 quia,
2581 3477 2708 3533 licet
2741 3479 2970 3549 indigni,
2996 3480 3176 3534 divina
3213 3496 3368 3536 sacra
3399 3496 3527 3551 per-

1941 3564 2211 3638 cepimus,
2255 3577 2310 3622 et
2364 3566 2632 3624 festivitas
2695 3569 2913 3640 patroni
2983 3570 3175 3637 nostri,
3224 3569 3536 3626 beatissimi

1941 3659 2148 3714 scilicet
2191 3659 2418 3724 Nicolai,
2448 3660 2517 3714 ab
2547 3661 2799 3715 omnilms
2837 3677 3029 3733 magna
3067 3677 3190 3717 cum
3237 3663 3541 3717 devotione

1942 3752 2143 3823 ubique
2191 3753 2468 3808 recolitur.
2515 3752 2619 3808 Sed
2663 3753 2752 3832 ille
2803 3754 2994 3824 puerili
3038 3753 3245 3809 levitati
3289 3741 3532 3820 deditus,

1943 3853 2224 3914 postquam
2256 3844 2397 3914 quod
2433 3844 2663 3914 petierat
2709 3859 2738 3898 a
2783 3855 2938 3915 patre
2976 3847 3270 3916 impetrare
3315 3847 3534 3918 nequit,

1943 3935 2335 4004 paternajnssa
2369 3936 2788 4008 parvipendens,
2823 3936 2962 3992 clam
2997 3937 3063 3991 de
3091 3938 3252 3992 domo
3281 3937 3537 4000 avolans,

1943 4027 2088 4082 solus
2119 4028 2186 4081 ad
2223 4043 2350 4082 rura
2394 4028 2615 4082 visenda
2655 4028 2951 4082 contendit.
2988 4026 3086 4082 Ubi
3117 4043 3246 4082 vero
3275 4028 3530 4097 aliquam

1945 4120 2033 4174 diu
2068 4120 2119 4174 in
2157 4135 2286 4192 agro
2312 4129 2572 4181 moratus,
2609 4119 2776 4174 solem
2809 4120 2875 4173 ad
2913 4135 3167 4175 occasum
3196 4134 3442 4190 vergere,
3475 4127 3535 4172 et

1943 4229 2168 4283 opacam
2213 4223 2424 4268 noctein
2455 4212 2568 4281 jam
2600 4228 2736 4282 pene
2775 4211 2936 4265 terris
2976 4211 3260 4265 imminere
3298 4224 3528 4280 conspe-

1948 4305 2046 4369 xit,
2072 4305 2138 4358 ad
2168 4304 2401 4358 vicinam
2441 4304 2653 4368 silvam,
2691 4318 2758 4357 ne
2786 4317 2988 4357 vacuus
3022 4302 3196 4356 redire
3223 4302 3535 4365 videretur,

258 4425 366 4481 rat,
395 4416 736 4486 perduraret,
769 4423 822 4468 et
851 4429 882 4468 a
912 4413 1082 4480 nullo,
1114 4411 1257 4481 quod
1281 4425 1402 4467 eum
1429 4410 1636 4464 dzemmt
1664 4407 1837 4479 possi-
1868 4409 1917 4468 ι)
1944 4413 2007 4452 ac
2038 4412 2136 4466 per
2157 4397 2260 4452 hoc
2281 4396 2448 4466 patris
2468 4395 2890 4467 gratiam,eujus
2913 4393 3072 4448 verba
3103 4401 3536 4486 contempserat,

257 4508 432 4574 deret,
463 4507 847 4571 :estimaretur,
879 4505 1110 4575 quadam
1139 4502 1225 4556 die
1249 4502 1317 4555 ab
1346 4500 1536 4554 eodem
1568 4497 1839 4552 avunculo

257 4615 358 4656 suo
389 4600 457 4654 ad
483 4598 844 4654 venerabilem
874 4597 1070 4660 virum,
1101 4594 1450 4649 Lambertum
1482 4591 1721 4654 nomine,
1745 4590 1837 4660 qni

261 4689 314 4746 in
347 4693 449 4746 hac
475 4689 724 4760 proxima
755 4687 886 4742 silva
915 4685 1071 4755 juxta
1097 4684 1380 4739 ccelesiam
1412 4679 1512 4736 SS.
1547 4679 1838 4750 Martyrum

259 4784 468 4842 Cosnuc
497 4790 551 4835 et
583 4778 831 4835 Damiani
865 4763 1143 4832 solitarius
1185 4774 1480 4837 habitabat,
1512 4779 1570 4824 ut
1595 4770 1712 4840 ejus
1749 4770 1840 4824 bc-

261 4874 570 4928 ntulit-tione
604 4871 896 4933 frueretur,
922 4868 1139 4924 delatus
1158 4875 1262 4921 est.
1286 4865 1382 4920 Cui
1414 4863 1497 4918 vir
1529 4861 1620 4916 Dei
1647 4876 1840 4930 panem

257 4964 609 5024 benedictum
641 4961 811 5026 dedit,
837 4975 1070 5030 eumque
1098 4967 1156 5012 ut
1178 4957 1507 5018 comederet,
1537 4953 1840 5024 imperavit.

257 5057 504 5126 Cumth
549 5054 673 5116 sibi,
721 5053 864 5121 quod
895 5059 1182 5122 acceperat
1215 5048 1266 5101 in
1298 5062 1360 5102 os
1388 5045 1648 5106 misisset,
1679 5042 1842 5113 idque

255 5147 554 5203 comedens
586 5154 884 5215 gustasset,
912 5143 1144 5208 daemon,
1180 5141 1270 5210 qui
1299 5141 1562 5196 hactenus
1590 5138 1641 5192 in
1675 5153 1739 5191 eo
1765 5140 1844 5196 li-

255 5248 462 5302 tnerat,
497 5236 931 5291 benedictionem
969 5237 1101 5289 tanti
1135 5233 1378 5288 muneris
1408 5233 1552 5288 ferre
1598 5245 1700 5284 non
1745 5247 1840 5286 va-

256 5333 369 5360 h..."
413 5329 705 5360 rlnnnnna'n
745 5325 1090 5360 ιγηηῖΓιιι-σιηιιη
1126 5327 1233 5360 lum
1259 5322 1816 5360 illnnnnnrliccilinnﬂn

1944 4491 2190 4559 recipere
2233 4499 2439 4560 posset,
2489 4489 2634 4559 ligna
2666 4503 2924 4551 ezesurus,
2955 4487 3284 4556 domumque
3317 4485 3528 4542 delatu-

1945 4588 2098 4633 turus
2125 4576 2643 4648 accesait.Cumqnc
2688 4579 2828 4648 ligna
2871 4577 2986 4648 jam
3039 4592 3368 4647 componere
3415 4591 3536 4631 cm:

1943 4672 2113 4744 pisso-t
2147 4673 2196 4726 in
2232 4671 2525 4735 sarcinam,
2569 4671 2750 4725 subito
2781 4670 2934 4740 quasi
2971 4672 3268 4726 vehemens
3309 4668 3543 4740 spiritus

1943 4763 2180 4821 sonitum
2213 4773 2403 4818 contra
2434 4778 2492 4817 se
2521 4763 2705 4816 venire
2729 4762 3028 4830 persensit;
3058 4761 3376 4832 elevatoquc
3407 4775 3541 4815 sur-

1944 4873 2063 4914 sum
2093 4858 2302 4927 capite,
2333 4855 2689 4925 nigerrimam
2732 4869 2884 4908 avem
2929 4854 2983 4908 in
3015 4853 3235 4908 modum
3281 4849 3540 4912 vulturis,

1949 4965 2147 5021 magno
2159 4965 2280 5004 cum
2299 4951 2500 5017 impetu
2513 4961 2607 5016 per
2621 4961 2746 4998 aera
2766 4961 2926 5014 super
2939 4961 2999 5001 se
3015 4946 3289 5001 volantem
3310 4957 3506 5010 conspe
3522 4967 3540 4979 ο

1946 5046 2047 5106 xit,
2077 5057 2194 5110 qum
2226 5041 2368 5094 haud
2399 5036 2732 5106 longiuscule
2764 5037 2816 5090 in
2856 5039 3049 5092 semita
3103 5051 3208 5105 qua
3273 5051 3411 5109 puer
3450 5048 3542 5084 re—

1947 5135 2100 5211 gredi
2125 5134 2350 5189 debebat
2375 5145 2496 5184 sese
2517 5128 2732 5182 obviam
2759 5129 2961 5197 posuit.
2987 5133 3173 5198 Itaque
3196 5144 3322 5185 cum
3348 5131 3554 5183 timore,r

1948 5226 2272 5300 perterritus
2302 5237 2364 5276 ac
2397 5220 2780 5274 tremebundus
2816 5219 2865 5270 in
2910 5234 3034 5277 eam
3087 5222 3420 5284 intenderet,
3455 5215 3551 5269 illa

1949 5322 2004 5360 tn
2039 5317 2272 5360 sneeipm
2308 5308 2585 5360 ninerrimi
2632 5310 2810 5360 nueri.
2855 5311 3010 5360 cuius
3037 5311 3218 5360 eanilli
3251 5310 3446 5360 hisnidi
3483 5323 3548 5360 πίε
