4044 5360
561 296 664 354 ε99
1792 292 2106 352 νιςτοιιιδ

2233 291 2432 350 ΡΑΡίΕ
3679 294 3815 360 ιθεσ

561 412 765 484 pulsus,
798 403 1089 483 postquam
1118 409 1251 465 vidit
1282 407 1512 465 ferocem
1563 407 1665 461 viri
1703 407 1940 462 animum
1991 408 2141 462 nullo
2169 412 2213 471 Α
2247 409 2583 462 obsidionem
2613 407 2849 479 ejusdem
2891 407 3032 468 areis
3061 407 3298 465 animum
3323 409 3625 467 intendunt.
3661 415 3810 485 (Mira

555 503 716 559 modo
771 502 1008 572 mitigari
1053 514 1230 570 posse,
1281 499 1487 568 aliquot
1533 513 1598 553 ex
1644 496 2010 560 Nortmannis,
2039 497 2130 566 qui

558 603 687 649 tunc
726 593 984 663 temporis
1028 592 1294 648 conductu
1335 599 1641 646 nostrorum
1683 589 1988 660 principum
2027 587 2130 644 lla-

559 682 686 737 liam
721 684 1100 746 adventabant,
1133 682 1184 736 in
1213 681 1586 751 possessiones
1613 679 1772 749 hujus
1795 679 2128 743 monasterii,

558 785 825 843 qui-tenus
866 789 960 830 cas
989 789 1019 828 a
1065 775 1323 845 praedicto
1351 772 1552 829 comite
1593 787 1692 842 per
1719 787 1812 828 eos
1859 782 2126 835 tueretur,

558 867 788 921 induxit.
820 865 921 933 Qui
965 875 1248 936 postquam
1287 876 1344 920 et
1371 864 1561 921 domos
1587 865 1655 919 ad
1699 863 2051 928 manendum,
2076 873 2132 918 et

555 959 841 1027 stipendia,
865 958 1061 1027 quibus
1081 967 1536 1022 sustentarentur,
1568 958 1782 1013 abunde
1810 971 2128 1027 percepero,

553 1058 835 1118 coeperunt
893 1065 1122 1120 quaeque
1186 1050 1498 1105 monasterii
1553 1049 1913 1119 pertinentia,
1979 1061 2131 1104 more

551 1149 890 1194 strenuorum
943 1141 1193 1203 militum,
1247 1139 1481 1195 inimicis
1525 1140 1682 1207 longe
1725 1139 1976 1210 repulsis,
2025 1138 2132 1191 cir-

550 1234 823 1289 cumcirca
885 1234 1139 1290 nobiliter
1198 1233 1534 1302 ﬁdeliterque
1568 1231 1903 1287 'defendere.
1963 1229 2130 1300 igitur

549 1341 672 1379 cum
709 1326 997 1394 praedictus
1027 1327 1214 1392 abbas,
1245 1333 1299 1380 et
1327 1325 1418 1394 qui
1446 1325 1495 1379 ei
1526 1324 1579 1379 in
1606 1323 1866 1394 regimine
1891 1327 2130 1380 secundo

553 1419 723 1488 gradu
775 1430 1146 1484 successerat,
1195 1418 1582 1488 supervixere,
1635 1418 1884 1473 conducti
1933 1418 2130 1476 milites

559 1514 693 1567 satis
720 1513 944 1568 honeste
971 1514 1024 1568 in
1069 1528 1258 1567 eorum
1303 1511 1558 1566 ﬁdelitate
1589 1520 1906 1566 manserunt
1936 1530 1949 1566 :
1982 1521 2130 1581 post-

553 1618 714 1672 quam
751 1619 878 1659 vero
905 1603 1034 1674 ipsis
1062 1604 1164 1658 hac
1192 1604 1300 1656 vita
1333 1602 1644 1665 subtractis,
1675 1601 1886 1655 fortuna
1914 1611 2130 1658 nostro~

550 1710 669 1750 rum
737 1697 1041 1767 principum
1107 1703 1345 1759 mutata,
1407 1694 1796 1765 aliquantulum
1871 1694 2128 1752 vacillare

552 1791 742 1859 coepit,
801 1788 1185 1844 Nortmannica
1217 1789 1438 1852 cohors,
1474 1803 1593 1858 qua:
1637 1788 1707 1844 ob
1757 1798 1998 1842 nostram
2028 1788 2126 1844 de-

549 1882 853 1936 fensionem
878 1881 1112 1936 admissa
1131 1880 1497 1946 fuerat,nobis
1528 1879 1686 1934 inﬁda
1710 1889 1872 1950 atque
1900 1881 2124 1937 adversa

549 1973 809 2045 paulatim
834 1987 957 2029 esse
982 1973 1176 2045 carpit;
1207 1987 1328 2043 qua:
1369 1972 1609 2042 quotidie
1638 1972 1702 2026 ad
1731 1983 1970 2029 nostram
1999 1989 2127 2044 per-

553 2068 748 2121 niciem
793 2075 854 2121 ut
899 2067 1050 2121 canis
1086 2071 1138 2122 et
1181 2079 1434 2136 serpens,
1465 2063 1625 2118 modo
1672 2064 1786 2119 haec
1831 2066 1988 2120 modo
2037 2064 2124 2118 illa

552 2160 708 2214 nobis
735 2158 1004 2224 auferens,
1038 2157 1104 2212 ad
1134 2157 1552 2213 dominationem
1582 2157 1664 2210 sui
1698 2156 1835 2224 juris
1863 2156 2122 2227 sacrilega

545 2254 691 2308 ducti
719 2252 1034 2322 cupiditate,
1063 2250 1376 2306 devolvunt.
1422 2249 1573 2305 Unde
1613 2250 1810 2304 factum
1843 2258 1927 2305 est
1970 2258 2028 2304 ut
2057 2266 2122 2304 ex

549 2353 700 2399 tanta
728 2353 946 2414 tamque
973 2342 1150 2413 ampla
1187 2341 1530 2412 possessione
1569 2341 1703 2395 nihil
1745 2341 1892 2396 aliud
1934 2343 2002 2396 ad
2029 2357 2123 2396 ne-

543 2439 642 2492 stri
673 2438 942 2493 commodi
983 2451 1136 2501 usus,
1163 2445 1362 2508 prteter
1389 2419 1693 2499 civitatem,
1724 2451 1842 2505 qua:
1873 2437 1938 2490 ad
1985 2437 2124 2491 radi‘

541 2543 660 2584 cem
690 2528 875 2584 Casini
904 2528 1106 2584 montis
1145 2527 1248 2582 sita
1281 2533 1394 2592 est,
1423 2540 1544 2580 cum
1581 2533 1815 2596 quatuor
1840 2524 1922 2579 vel
1967 2524 2120 2594 quin-

543 2635 651 2689 que
676 2619 921 2675 villarum
971 2619 1173 2683 fundis,
1207 2618 1535 2673 remanserit
1573 2635 1586 2672 ε
1621 2618 1713 2686 qui
1765 2617 1927 2671 etiam
1961 2618 2122 2688 (sicut

545 2712 831 2767 barbarica
868 2711 1095 2766 avaritia
1143 2710 1317 2765 nescit
1363 2717 1549 2763 tenere
1598 2707 1836 2778 modum)
1882 2709 2122 2776 quotidie

542 2805 613 2859 ab
643 2804 722 2859 eis
749 2803 1010 2872 oppressi,
1043 2801 1147 2856 illis
1169 2816 1299 2871 opes
1324 2798 1635 2854 auferentes
1666 2799 1821 2852 nobis
1846 2799 2120 2853 miseriam

546 2903 710 2962 atque
747 2894 986 2962 inopiam
1017 2892 1350 2946 tribuebant.
1375 2891 1508 2945 Cum
1542 2890 1706 2960 igitur
1731 2905 1827 2960 per
1861 2889 2118 2959 aliquanti

457 2997 461 3002 ·
543 2986 776 3054 spatium
805 2984 1065 3054 temporis
1109 2984 1229 3038 sine
1262 2982 1369 3037 ulla
1410 2982 1577 3036 animi
1614 2982 1817 3053 pietate
1849 2983 1902 3037 id
1939 2983 2118 3040 inces-

543 3084 730 3131 santer
754 3085 998 3146 agerent,
1021 3085 1074 3130 et
1099 3075 1408 3130 misericors
1439 3089 1507 3141 ac,
1521 3073 1641 3144 pius
1667 3073 1926 3129 Dominus
1952 3077 2121 3131 servis

542 3169 655 3223 suis
686 3169 826 3224 fame
850 3178 1012 3239 atque
1039 3169 1211 3239 inopia
1237 3167 1631 3233 laborantibus,
1655 3182 1748 3223 sua
1790 3167 2121 3239 benignitate

541 3257 830 3312 subvenire
876 3259 1238 3322 decrevisset,
1288 3259 1631 3315 beatissimus
1684 3257 1743 3312 Ρ.
1797 3259 2121 3316 Benedictus

541 3351 753 3406 euieiam
797 3353 1006 3407 rustico
1053 3353 1105 3408 in
1138 3352 1308 3423 agello
1352 3353 1631 3422 cujusdam
1683 3363 1879 3409 nostra:
1922 3355 2120 3411 villulae

542 3445 923 3510 eommoranti,
952 3459 1047 3515 per
1076 3445 1339 3503 visionem
1377 3447 1646 3520 apparuit,
1678 3447 1838 3520 eique
1868 3456 1926 3502 ut
1959 3464 2119 3520 egre.

544 3533 698 3587 dii-ns
733 3530 791 3589 se
834 3546 1154 3604 sequeretur
1177 3536 1363 3606 jussit.
1409 3538 1650 3609 Cumque
1695 3541 1837 3595 idem
1885 3538 2121 3596 rusticas

543 3625 610 3677 ad
641 3625 886 3680 eamdem
917 3627 1181 3682 visionem
1208 3627 1448 3683 animum
1481 3630 1806 3696 intenderet,
1837 3633 2007 3687 visum
2038 3643 2121 3688 est

544 3718 594 3771 ei
632 3718 775 3786 quod
824 3719 1168 3776 beatissimus
1208 3721 1530 3778 Benedictus
1564 3733 1791 3779 cunctos
1827 3725 2118 3781 Nortman-

543 3823 665 3870 uos,
714 3809 804 3877 qui
853 3810 970 3877 ejus
1011 3812 1147 3865 bona
1191 3813 1532 3878 invaserant,
1581 3829 1701 3871 cum
1747 3816 1929 3887 virga,
1957 3832 2117 3887 quam

545 3911 706 3949 manu
739 3899 1004 3966 gestabat,
1036 3901 1239 3968 potenti
1268 3903 1465 3958 virtute
1491 3919 1519 3956 a
1551 3904 1746 3960 ﬁnibus
1775 3903 1934 3972 hujus
1963 3916 2119 3959 terra:

541 3985 862 4056 expelleret,
896 4005 1095 4060 eosque
1126 4006 1323 4047 vacuos
1353 3993 1532 4059 rebus,
1577 4003 1935 4065 oneratosque
1973 3995 2122 4066 igno-

547 4076 708 4130 minia
740 4092 768 4130 a
803 4078 883 4131 sui
927 4079 1238 4135 haereditate
1286 4083 1597 4136 monasterii
1641 4083 1967 4139 eliminarct.
2020 4085 2119 4139 Eo-

545 4167 666 4222 dem
720 4168 904 4238 itaque
971 4185 1116 4224 anno
1169 4169 1393 4240 prarfata
1449 4173 1645 4226 cohors
1701 4173 2116 4242 Nortmannica,

545 4257 778 4328 amplius
809 4275 970 4328 quam
1012 4261 1216 4315 solebat
1239 4276 1334 4331 per
1357 4261 1635 4316 audaciam
1668 4261 2012 4327 insolescens,
2050 4265 2116 4318 ad

543 4361 782 4406 nostram
814 4351 1200 4418 Calamitatem,
1244 4368 1444 4414 arcem,
1490 4369 1609 4423 qua:
1641 4352 1699 4408 S.
1729 4353 1956 4409 Andrea:
1981 4370 2119 4408 nuu-

2236 499 2481 554 dicturus
2511 502 2652 568 sum)
2693 501 2972 556 obsidione
2998 500 3159 566 facta,
3188 500 3314 556 dum
3353 501 3533 570 jacula
3561 520 3627 559 ex
3670 517 3811 561 utra-

2232 603 2336 658 que
2377 598 2532 660 parte
2569 590 2769 646 acriter
2811 591 3036 660 impulsa
3094 592 3468 656 mitterentur,
3521 593 3810 650 Nortmanc

2233 693 2424 733 norum
2459 677 2586 747 pila,
2629 679 2769 734 velut
2797 695 2827 734 a
2856 689 3136 737 ventorum
3155 679 3398 738 .ﬁamine
3445 691 3676 750 retorta,
3717 700 3811 740 eos

2233 782 2261 821 a
2306 767 2499 836 quibus
2544 768 2712 824 missa
2756 767 3010 836 fuerant,
3057 771 3396 839 sauciabant.
3442 771 3582 840 Quid
3627 773 3810 829 multis

2231 873 2366 928 opus
2391 858 2510 914 est?
2539 874 2661 916 cum
2695 875 2752 916 se
2774 875 2805 915 a
2831 862 3134 932 semetipsis
3164 863 3238 917 ita
3263 862 3564 936 impugnari
3597 867 3810 936 conspi-

2229 959 2436 1016 cerent,
2469 961 2521 1007 et
2557 953 2668 1022 jam
2715 954 2946 1024 amplius
2986 956 3238 1012 resistere
3284 957 3509 1014 minime
3536 958 3807 1024 valerent,

2231 1053 2516 1100 cernentes
2543 1047 2736 1099 durum
2779 1046 2882 1102 sibi
2925 1061 3048 1106 esse
3086 1059 3276 1104 contra
3319 1049 3596 1105 stimulum
3646 1051 3803 1106 calci-

2233 1144 2381 1188 trare
2413 1136 2489 1203 (et
2515 1137 2658 1205 quod
2687 1147 2883 1191 contra
2904 1151 2961 1192 se
2985 1138 3220 1194 divinam
3247 1140 3524 1194 dexteram
3547 1141 3806 1195 dimicare

2229 1225 2641 1297 cognoscerent)
2681 1224 2826 1280 facta
2854 1225 3126 1283 deditione
3151 1227 3203 1282 in
3229 1228 3480 1284 manibus
3505 1229 3721 1284 abbatis
3751 1239 3806 1282 et

2229 1314 2624 1382 monachorum
2649 1331 2707 1372 se
2740 1316 2959 1372 tradunt
2996 1335 3009 1372 :
3054 1332 3084 1371 a
3126 1318 3325 1388 quibus
3372 1319 3460 1372 vix
3500 1317 3705 1373 defensi
3736 1319 3803 1372 ad

2229 1408 2443 1471 Socios,
2491 1409 2584 1478 qui
2639 1410 2692 1464 iu
2740 1409 3018 1466 Aversano
3059 1410 3254 1481 oppido
3305 1411 3803 1473 commorabantur,

2228 1497 2440 1553 remissi
2474 1508 2619 1559 sunt.
2649 1500 2847 1571 Sicque
2891 1501 3094 1558 factum
3125 1511 3203 1557 est
3249 1510 3307 1559 ut
3336 1502 3402 1556 ab
3439 1517 3505 1557 eo
3536 1511 3799 1571 tempore,

2228 1591 2372 1646 beati
2417 1592 2692 1649 Benedicti
2741 1595 2968 1657 meritis,
2997 1595 3112 1652 haec
3140 1595 3194 1649 in
3236 1611 3340 1665 qua
3370 1596 3617 1665 degimus
3657 1607 3799 1650 terra

2228 1683 2296 1738 ab
2327 1699 2516 1742 eorum
2549 1685 2895 1743 infestatione
2925 1687 3090 1743 illacsa
3131 1698 3478 1758 permaneat,
3511 1697 3676 1758 atque
3701 1689 3798 1742 sub

2156 1750 2200 1811 Β
2229 1775 2396 1845 ipsius
2429 1777 2600 1833 sancti
2623 1779 2886 1836 tutamine
2911 1794 3099 1836 secura
3130 1750 3403 1850 persistat.

2296 1863 2483 1924 Modus
2523 1866 2684 1924 libelli
2727 1867 2884 1937 hujus
2929 1883 3030 1926 nos
3075 1870 3142 1924 ad
3181 1869 3341 1924 ﬁnem
3381 1869 3601 1924 tendere
3631 1869 3793 1939 cogit.

2228 1953 2336 2011 Sed
2379 1957 2578 2012 bonum
2619 1957 2941 2015 obedientia:
2985 1975 3106 2028 quae
3150 1959 3292 2014 inter
3315 1969 3539 2014 cteteras
3567 1960 3797 2015 virtutes

2224 2045 2400 2116 prima
2439 2056 2546 2113 est,
2576 2062 2684 2103 non
2709 2048 2838 2104 sinit
2864 2063 2962 2104 nos
2986 2049 3236 2105 virtutem
3283 2048 3562 2120 cujusdam
3591 2047 3796 2112 fratris,

2225 2137 2320 2204 qui
2348 2152 2468 2196 eam
2519 2148 2632 2204 tcta
2680 2141 2859 2194 cordis
2904 2140 3207 2196 humilitate
3247 2156 3418 2210 usque
3449 2141 3517 2194 ad
3568 2151 3794 2194 mortem

2223 2241 2439 2297 quoque
2481 2239 2721 2286 sectatus
2769 2239 2888 2296 est,
2930 2232 3143 2301 penitus
3194 2231 3409 2286 silentio
3458 2232 3738 2302 praeterire
3777 2249 3792 2284 :

2225 2317 2376 2377 illum
2406 2318 2656 2377 videlicet
2687 2320 2936 2386 imitans,
2976 2324 3069 2393 qui
3115 2323 3291 2378 factus
3338 2323 3596 2378 obediens
3645 2323 3794 2378 Patri

2225 2424 2397 2480 usque
2455 2413 2526 2465 ad
2573 2420 2799 2470 mortem
2837 2410 3090 2484 (Philipp.
3143 2413 3234 2486 tt),
3277 2415 3599 2477 obedientia:
3641 2416 3796 2470 nobis

2224 2502 2429 2571 pariter
2457 2516 2520 2557 ac
2549 2503 2821 2572 patientim
2850 2504 3064 2574 reliquit
3087 2505 3411 2575 exeuiplmn.

2293 2601 2395 2671 Qui
2425 2603 2681 2659 videlicet
2729 2604 2900 2659 frater
2939 2605 3098 2675 hujus
3128 2616 3324 2661 nostra:
3367 2607 3794 2678 congregationis

2223 2692 2530 2765 Baynerius
2556 2695 2776 2752 nomine
2819 2695 2958 2767 (£6),
2984 2695 3196 2766 juvenis
3227 2696 3444 2766 quidem
3488 2706 3667 2761 aztate,
3699 2699 3793 2751 sed

2223 2783 2465 2837 moribus
2490 2783 2810 2851 grandaevus
2841 2783 2976 2838 fuit:
3007 2784 3091 2838 cui
3117 2784 3266 2838 multi
3296 2799 3358 2838 ex
3393 2784 3673 2848 fratribus,
3700 2799 3791 2855 qut

2221 2873 2399 2929 adimo
2427 2885 2735 2944 supersunt,
2759 2885 2816 2930 et
2848 2891 2971 2931 eum
3001 2877 3202 2946 optime
3229 2885 3516 2941 noverunt,
3549 2876 3792 2932 testimo-

2222 2965 2369 3018 nium
2420 2967 2724 3034 perhibent,
2766 2967 2910 3035 quod
2962 2975 3124 3020 tanta:
3171 2965 3491 3020 humilitatis
3527 2973 3792 3033 tantasque

2220 3054 2539 3111 obedientia:
2569 3053 2752 3122 fuerit,
2785 3065 2845 3110 ut
2871 3071 2936 3112 ex
2981 3055 3084 3112 hoc
3128 3055 3390 3112 mirabilis
3437 3056 3507 3111 ab
3539 3057 3789 3112 Omnibus

2221 3148 2536 3202 haberetur.

2293 3256 2391 3312 Cui
2421 3257 2545 3312 dum
2577 3258 2808 3328 quadam
2839 3261 2925 3314 dtc
2958 3267 3101 3315 esset
3144 3260 3212 3314 ab
3244 3261 3440 3316 abbate
3482 3275 3581 3317 suo
3614 3259 3787 3333 injuuu

2221 3355 2391 3412 etum,
2421 3346 2487 3401 ad
2519 3346 2732 3416 aliquod
2766 3363 2901 3419 opus
2944 3363 3045 3420 pro
3073 3349 3302 3406 utilitate
3328 3353 3640 3407 monasterii
3671 3368 3786 3423 per-

2221 3438 2510 3508 agendum,
2544 3438 2824 3494 Teatinum
2865 3439 3016 3497 adire
3047 3441 3375 3496 territorium
3395 3482 3410 3507 ,
3443 3441 3532 3498 ille
3559 3443 3697 3506 tcto,
3729 3452 3786 3496 ut

2213 3543 2452 3601 semper,
2477 3528 2659 3586 animo
2685 3528 2752 3586 ad
2779 3529 3141 3589 obedientiam
3172 3540 3478 3604 promptus,
3499 3532 3652 3604 jussu
3691 3534 3784 3588 im‘

2220 3621 2366 3694 plcre
2389 3623 2667 3688 festinans,
2701 3623 2804 3679 iter
2829 3625 3078 3694 arripuit.
3119 3623 3235 3692 Qui
3261 3625 3386 3680 dum
3416 3635 3694 3696 pergeret,
3730 3637 3782 3679 et

2221 3711 2480 3781 aliquanti
2507 3711 2619 3781 jam
2645 3713 2858 3768 itineris
2881 3715 3112 3783 spatium
3139 3713 3496 3785 proﬂigasset,
3527 3731 3557 3770 a
3587 3715 3786 3770 latrun-

2220 3803 2354 3858 culis
2383 3802 2658 3873 cujusdam
2688 3805 2921 3874 potcutis
2944 3804 3046 3858 viri
3073 3804 3324 3870 Oderisii,
3349 3805 3440 3875 qui
3481 3821 3548 3861 ex
3590 3821 3785 3875 przece-

2230 3904 2320 3964 pto
2344 3894 2479 3964 ejus,
2513 3896 2557 3951 si
2585 3895 2714 3966 quid
2745 3910 2810 3950 ex
2837 3898 3149 3952 monasterii
3181 3896 3340 3966 hujus
3371 3899 3532 3953 rebus
3557 3899 3784 3967 diripere

2227 3997 2466 4059 possent,
2491 3989 2630 4043 viam
2652 3991 3028 4055 observabant,
3059 3990 3310 4046 omnibus
3349 4005 3470 4060 quae
3511 3989 3784 4046 deferebat

2219 4078 2467 4143 sublatis,
2516 4079 2832 4135 interfectus
2872 4090 2974 4136 est.
3011 4079 3175 4150 Cujus
3210 4081 3425 4150 quidem
3456 4095 3673 4150 corpus,
3701 4080 3783 4136 vel

2219 4179 2436 4241 propter
2464 4171 2802 4225 inimicorum
2831 4172 3073 4236 insidia-5,
3098 4171 3178 4226 vel
3204 4173 3330 4242 quia
3359 4171 3518 4244 longe
3541 4182 3678 4236 erat,
3720 4173 3784 4226 ad

2220 4261 2321 4315 hoc
2364 4261 2672 4317 emnobium
2716 4262 2912 4317 deferri
2967 4278 3071 4317 non
3116 4264 3308 4332 potuit,
3335 4264 3428 4318 sed
3473 4265 3524 4318 in
3554 4265 3780 4333 quadam

2217 4350 2445 4406 ecclesia
2474 4349 2629 4420 juxta
2660 4352 2831 4421 posita
2863 4353 3009 4406 httmi
3039 4354 3293 4407 traditum
3324 4363 3422 4407 est.
3475 4353 3582 4408 Sed
3612 4367 3780 4423 quan.

542 4451 791 4512 cupatnr,
832 4452 890 4497 ut
916 4443 1160 4498 securius
1195 4445 1351 4499 nobis
1381 4444 1590 4499 sublata
1632 4446 1868 4500 retinere
1913 4457 2113 4515 posset,
2149 4428 2193 4488 ί)
2223 4452 2331 4497 tum
2363 4443 2504 4497 illius
2548 4443 2854 4497 obedientia
2901 4444 3255 4513 omnipotenti
3297 4444 3410 4499 Deo
3438 4443 3603 4500 fuerit
3637 4459 3784 4499 arce

540 4533 826 4603 occupavit
857 4549 871 4587 :
900 4547 1020 4604 quze
1047 4535 1232 4605 utique
1261 4549 1347 4590 res
1390 4535 1602 4590 illorum
1641 4535 1878 4590 animum
1920 4536 1986 4590 ad
2025 4537 2118 4589 do-

543 4621 923 4685 minationem,
977 4633 1224 4678 nostrum
1273 4624 1340 4680 ad
1393 4625 1824 4695 desperationem
1873 4625 2114 4680 adduxit.

541 4709 835 4782 Postquam
863 4728 991 4786 ergo
1024 4717 1216 4770 eadem
1252 4731 1378 4772 arce
1405 4718 1559 4788 potiti
1592 4728 1746 4781 sunt,
1776 4718 2005 4787 quadam
2033 4719 2118 4772 die

546 4801 599 4854 in
632 4817 794 4856 unum
825 4804 1151 4875 conglobati,
1183 4821 1374 4876 magna
1407 4822 1527 4860 cum
1559 4806 1808 4875 superbia
1840 4810 1893 4860 in
1927 4807 2118 4876 prmfa-

547 4899 658 4944 tam
687 4892 869 4946 Casini
904 4896 1177 4950 civitatem
1208 4897 1484 4952 venientes
1529 4897 1905 4953 intraverunt:
1937 4898 2117 4966 ibique

548 4992 680 5036 nutu
707 4983 798 5037 Dei
827 4999 855 5038 a
881 4988 1074 5055 populo
1097 4989 1332 5046 civitatis
1351 4989 1617 5061 oppressi,
1647 4988 1907 5059 aliquanti
1929 5003 2114 5044 eorum

549 5073 632 5125 vel
662 5074 826 5127 occisi
859 5077 942 5130 vel
990 5078 1133 5146 capti
1167 5087 1313 5145 sunt,
1344 5063 1536 5135 caeteri
1569 5091 1746 5134 autem
1777 5078 1867 5147 qui
1904 5093 2116 5134 reman-

547 5173 758 5220 serunt.
788 5166 840 5218 iu
871 5169 1221 5220 munitionem
1268 5173 1536 5220 nrmdietm
1584 5173 1728 5220 arcis:
1765 5172 2027 5220 fugientes
2057 5185 2116 5220 se

2218 4545 2329 4605 pta,
2365 4533 2432 4589 ad
2463 4542 2789 4590 exstinctum
2820 4535 2937 4603 ejus
2968 4551 3164 4606 corpus
3186 4537 3470 4592 ostendere
3498 4546 3581 4591 est
3607 4537 3782 4607 digna-

2223 4639 2327 4681 tus.
2359 4624 2652 4694 Cmperunt
2699 4626 2882 4694 itaque
2924 4627 3074 4680 multi
3122 4625 3435 4684 inﬁrmitate
3475 4627 3676 4683 detenti
3718 4627 3780 4680 ad

2219 4719 2335 4790 ejus
2377 4718 2682 4787 sepulcrum
2727 4732 3038 4789 praperare,
3083 4726 3138 4772 ct
3182 4727 3396 4790 recepta
3445 4719 3677 4775 sanitate
3719 4719 3779 4773 ad

2218 4821 2312 4863 sua
2361 4807 2658 4863 incolumes
2703 4823 2968 4863 remeare.
3021 4807 3166 4863 Inter
3210 4823 3346 4878 quos
3391 4809 3519 4863 Atto
3575 4823 3778 4873 comes,

2217 4897 2393 4965 magni
2420 4895 2635 4952 Attonis
2668 4897 2884 4952 comitis
2930 4897 3090 4962 ﬁlius,
3133 4897 3342 4966 praefati
3388 4912 3604 4968 quoque
3643 4896 3778 4952 Ode-

2219 4989 2331 5043 risii
2377 5003 2545 5058 gener
2573 4989 2707 5060 (47),
2736 5003 2858 5043 cum
2901 4989 3142 5058 graviter
3182 4988 3433 5044 detentus
3483 5005 3512 5043 a
3548 4988 3779 5044 febribus

2217 5082 2563 5152 fatigaretur,
2620 5085 2686 5136 ad
2732 5081 3038 5151 sepulcrum
3097 5081 3276 5144 istius,
3331 5081 3472 5136 fama
3518 5083 3777 5144 ducente,

2216 5171 2382 5220 venit.
2408 5171 2586 5220 ibinue
2619 5172 2669 5220 in
2697 5171 2943 5220 oratione
2975 5180 3273 5220 nmstratus
3315 5172 3600 5220 recedente
3636 5170 3778 5220 febre
