4044 5360
521 385 661 440 ῑοοδ

1875 335 2185 426 uerutus
2233 365 2292 420 ιιι
2336 341 2536 422 eam:

3653 347 3787 438 teet

531 517 726 558 .mm-cs
757 499 980 561 ducere,
1034 501 1420 564 susceptusque
1466 493 1602 546 filios
1649 489 1892 545 lucredes
1942 491 2102 540 testa-
2134 485 2181 544 Α
2212 479 2474 552 (είιιεμὲιε),
2521 481 2786 542 Joannem
2809 487 3054 544 videlicet
3085 488 3437 546 Sabinensem
3473 493 3786 563 epismpum

529 604 710 648 mento
737 589 1072 658 relinquere;
1110 585 1349 640 nonnulli
1383 586 1546 640 etiam
1578 583 1689 656 (fit)
1726 584 2105 652 episcoporum

533 679 854 736 verecundia
885 678 1030 733 omni
1063 683 1404 743 contempta,
1457 690 1581 728 cum
1633 673 1895 727 uxoribus
1948 673 2107 726 domo

532 769 686 826 simul
714 772 764 824 in
797 784 902 822 una
932 767 1196 821 habitare.
1219 765 1410 818 EUle
1435 763 1666 832 pessima
1693 772 1746 816 et
1774 761 2107 816 exsecranda

533 861 865 918 consuetudo
921 861 1059 913 intra
1119 857 1230 928 (5‘2)
1289 856 1488 912 Urbem
1523 857 1757 910 maxime
1785 855 2106 926 pullulabat,

447 987 452 992 -
533 954 672 1007 unde
707 952 832 1008 olim
876 950 1148 1020 religionis
1181 965 1366 1002 norma
1395 949 1464 1002 ab
1502 949 1620 1016 ipso
1659 947 1904 1018 apostolo
1951 947 2110 1002 Petro

533 1040 755 1113 ejusque
785 1042 1191 1098 successoribus
1221 1042 1420 1110 ubique
1452 1039 1644 1094 diffusa
1675 1048 2044 1108 processerat.

603 1136 770 1202 Igitur
798 1133 924 1186 dum
949 1147 1046 1200 per
1073 1131 1282 1198 aliquot
1309 1144 1480 1184 annos
1515 1129 1757 1182 nonnulli
1797 1128 1909 1182 solo
1937 1127 2108 1182 nomi-

532 1241 596 1278 ne
625 1224 938 1294 pontificum
967 1223 1280 1276 cathedram
1305 1221 1610 1276 obtinerent
1632 1219 1768 1290 (55),
1793 1220 2112 1274 Benedictus

532 1315 748 1381 quidam
779 1313 1014 1376 nomine,
1045 1328 1148 1366 non
1186 1323 1364 1366 tamen
1396 1326 1580 1382 Opere,
1633 1311 1914 1380 cujusdam
1947 1311 2111 1364 Albe-

541 1405 629 1458 iici
659 1403 896 1458 consulis
927 1402 1066 1456 filius
1097 1401 1261 1472 (Magi
1294 1401 1470 1470 potius
1499 1401 1754 1462 Simonis.
1807 1415 1967 1469 quam
2020 1398 2106 1452 Si-

537 1494 712 1550 monis
742 1493 884 1547 Petri
919 1492 1139 1560 vestigia
1173 1491 1434 1562 sectatus)
1470 1507 1574 1544 non
1607 1506 1771 1560 parva
1815 1505 1842 1543 a
1877 1499 2028 1558 patre
2057 1489 2108 1542 in

535 1585 785 1656 pupulum
824 1583 1101 1654 profligata
1144 1585 1392 1652 pecunia,
1429 1598 1696 1660 summum
1726 1583 1827 1638 sibi
1861 1582 2110 1637 sacerdo-

538 1679 668 1730 tium
699 1675 1021 1740 vindicavit;
1055 1677 1211 1746 cujus
1243 1675 1458 1745 quidem
1505 1687 1620 1745 post
1651 1675 1900 1744 adeptum
1929 1690 2112 1729 sacer-

543 1771 744 1823 dotium
787 1770 892 1824 vita
931 1786 1089 1838 quant
1129 1763 1337 1838 turpis,
1385 1784 1545 1837 quam
1599 1767 1774 1830 ftBtlﬂ,
1838 1783 2111 1838 quamque

2209 579 2338 651 (non
2369 587 2548 634 tamen
2581 595 2749 634 vacua
2781 579 2964 652 manu)
3017 583 3276 636 canonica
3332 565 3790 652 pari-ipendcntcs

2208 673 2450 738 decreta,
2483 673 2850 740 substituunt;
2885 674 2976 742 qui
3019 675 3189 729 tribus
3234 691 3338 730 non
3370 677 3606 746 amplius
3635 694 3791 734 men-

2209 764 2357 818 sibus
2385 764 2643 818 Romana:
2676 780 2802 818 usus
2823 774 2906 819 est
2935 765 3210 819 cathedrze
3224 767 3594 830 successione,
3621 769 3792 822 Bene-

2209 855 2351 908 dicto
2375 856 2610 924 undique
2628 855 2740 909 suis
2765 869 2886 908 cum
2909 857 3225 926 propinquis
3245 856 3534 911 infestante
3559 856 3790 922 Urbem;

2209 945 2332 1014 quia
2364 961 2430 1000 ex
2461 945 2782 1000 consulibus
2814 954 2970 1000 terrae
2999 955 3152 1001 ortus
3204 957 3351 1010 erat,
3405 957 3460 1001 et
3487 948 3538 1001 in
3566 948 3648 1002 eis
3677 964 3792 1000 ma-

2210 1035 2354 1088 xima
2387 1036 2578 1101 virtus,
2615 1035 2757 1090 Urbe
2785 1052 2906 1090 cum
2964 1037 3230 1091 dedecore
3279 1038 3482 1107 pulsus,
3533 1054 3690 1092 suum
3724 1041 3792 1092 ad

2209 1128 2576 1196 episcopatqu
2635 1143 2886 1182 reversus
2935 1138 3037 1182 est.
3081 1127 3408 1184 Benedictus
3457 1130 3626 1199 igitur
3653 1131 3796 1199 quod

2211 1217 2468 1272 amiserat
2505 1217 2870 1272 sacerdotium
2907 1219 3132 1287 recepit,
3168 1219 3429 1286 pristinos
3463 1229 3644 1272 tamen
3677 1234 3782 1271 mo-

2213 1323 2299 1361 res
2327 1307 2550 1360 minime
2579 1308 2828 1370 mutavit,
2859 1308 3153 1362 Secundum
3199 1309 3340 1376 quod
3367 1309 3631 1377 scriptum
3659 1318 3740 1362 est
3779 1326 3794 1360 :

2211 1399 2520 1451 Ado.’escens
2535 1397 2691 1467 juxta
2716 1400 2848 1451 viam
2880 1415 3064 1460 suum;
3088 1397 3242 1451 etiam
3271 1415 3384 1452 cum
3417 1402 3669 1464 senuerit,
3695 1416 3797 1452 non

2214 1491 2410 1543 recedet
2459 1491 2523 1542 ob
2577 1507 2636 1542 ea
2687 1489 2878 1560 (Prov.
2913 1491 3080 1560 xx”).
3127 1490 3194 1543 Et
3244 1491 3369 1559 quia
3411 1491 3606 1546 durum
3634 1493 3796 1546 estin

2213 1581 2378 1634 corde
2410 1583 2577 1634 veteri
2611 1597 2746 1634 nova
2774 1583 3046 1646 meditari,
3074 1583 3125 1634 in
3155 1583 3356 1638 eisdem
3385 1585 3568 1653 pravis
3594 1595 3646 1638 et
3673 1601 3800 1654 per-

2213 1675 2386 1728 versis
2415 1673 2688 1744 operibus,
2731 1685 2960 1738 utante,
2989 1675 3394 1743 perseverabat.
3445 1675 3690 1746 Cumque
3741 1690 3801 1730 se

2215 1781 2243 1818 a
2272 1765 2416 1819 clero
2442 1765 2600 1818 simul
2629 1775 2682 1819 et
2737 1765 2936 1835 populo
2956 1775 3187 1836 propter
3213 1767 3490 1836 nequitias
3519 1783 3646 1822 suas
3672 1782 3800 1821 con-

538 1861 868 1934 exsecranda
898 1861 1196 1924 exstiterit,
1249 1861 1506 1914 horresco
1557 1860 1794 1924 referre;
1833 1875 1897 1913 co
1937 1862 2114 1928 potius
2149 1859 2190 1916 Β
2221 1857 2386 1910 temni
2435 1859 2760 1928 respiceret,
2811 1869 2862 1914 et
2901 1860 3044 1914 fama
3081 1876 3304 1915 suorum
3351 1860 3656 1915 facinorum
3687 1877 3794 1916 om-

535 1952 774 2020 qualiter
823 1951 1168 2019 omnipotens
1227 1949 1365 2004 Deus
1421 1951 1472 2004 in
1532 1949 1722 2004 faciem
1758 1949 2014 2003 Ecclesiae
2045 1949 2114 2004 sit

540 2045 794 2114 dignatus
823 2043 1112 2110 respicere,
1143 2043 1395 2097 exordiar
1423 2057 1700 2097 enarrare.
1727 2039 1966 2110 Denique
1991 2055 2114 2095 cum

545 2135 778 2205 rapinas,
810 2135 1004 2198 credes,
1038 2133 1251 2202 aliaque
1281 2131 1510 2186 nefanda
1537 2133 1588 2186 in
1625 2133 1922 2186 Romanum
1949 2147 2117 2201 popu-

541 2229 650 2281 lum
682 2228 954 2296 aliquanta
984 2242 1080 2296 per
1113 2236 1375 2294 tempora,
1407 2225 1526 2279 sine
1553 2223 1657 2277 ulla
1686 2223 1946 2278 dilatione
1991 2237 2116 2294 age-

544 2328 646 2380 ret,
681 2318 992 2388 congregati
1025 2317 1078 2370 in
1107 2332 1272 2370 unum
1303 2316 1484 2385 populi
1511 2316 1636 2384 quia
1675 2313 1791 2381 ejus
1821 2315 2116 2383 nequitiam

541 2409 766 2480 amplius
795 2407 936 2461 ferre
961 2407 1278 2476 nequibant,
1317 2421 1440 2460 eum
1493 2422 1520 2458 a
1552 2406 1900 2474 pontificatus
1931 2405 2118 2459 catheo

541 2502 635 2556 dra
670 2500 1039 2568 cxturbautcs,
1069 2496 1211 2554 Urbe
1255 2497 1488 2568 pellunt;
1542 2496 1878 2565 alterumque
1909 2495 1962 2549 in
1999 2494 2117 2550 loco

531 2737 736 2782 Jiantur
760 2723 1023 2788 efl‘renes;
1057 2724 1354 2792 praiscrtim
1389 2723 1431 2775 si
1461 2737 1584 2777 vera
1621 2731 1746 2775 sunt
1785 2737 1904 2790 qua:
1953 2721 2116 2775 Lam-

545 2802 730 2852 l-.ertus
778 2795 1301 2864 Schafnaburgcnsis
1353 2802 1540 2846 narrat
1583 2793 1700 2846 istis
1754 2793 2114 2864 temporibus.

543 2867 1092 2922 Animadvertcmlum
1131 2863 1325 2918 tamen
1371 2873 1454 2916 est
1503 2879 1608 2915 non
1649 2878 1838 2916 omnes
1890 2863 2120 2932 clericos

537 2939 618 2990 ita
652 2937 703 2988 in
733 2933 1054 3004 profundum
1088 2935 1490 2986 incontit'tentite
1523 2933 1802 3004 demersos
1833 2941 1890 3004 ut
1923 2949 2118 2988 uxores

531 3003 831 3068 ducerent,
861 3006 953 3057 sed
987 3007 1162 3073 potius
1183 3019 1246 3058 ex
1284 3004 1364 3056 eis
1401 3003 1688 3056 nonnullos
1721 3003 1890 3072 magis
1929 3003 2116 3057 incon-

549 3080 781 3130 tinentes
833 3079 1185 3128 tumultuatos
1233 3077 1496 3128 adversus
1548 3074 1826 3126 decretum
1869 3073 2118 3142 Gregorii

547 3147 760 3216 septimi
790 3147 1250 3214 prazdeccssorum
1283 3143 1970 3216 vestigiisinbzerentisde
2005 3145 2115 3198 cle-

533 3207 1142 3272 'ricorunfcontinentia
1175 3207 1462 3278 servanda:
1508 3215 1734 3268 dicendo
1777 3213 1968 3268 melius
1998 3228 2118 3269 esse
2150 3207 2193 3266 C

547 3291 750 3342 nubere
775 3303 934 3355 quam
961 3288 1063 3348 uri,
1092 3297 1147 3340 et
1171 3285 1294 3338 dum
1327 3295 1638 3338 consuetum
1666 3300 1882 3337 cursum
1915 3295 2118 3340 natura?

553 3368 774 3426 negaret
825 3357 1147 3426 Gregorius,
1199 3355 1544 3409 fornicationi
1621 3363 1677 3408 et
1757 3356 2114 3410 immunditici

551 3433 700 3484 frena
763 3429 988 3482 laxaret.
1049 3427 1160 3480 Sub
1215 3427 1314 3480 hoc
1381 3426 1544 3493 igitur
1599 3435 1862 3492 przetcxtu
1917 3443 2118 3480 uxores

552 3499 835 3552 ducebant.
865 3497 1018 3552 Unde
1041 3512 1162 3551 vere
1185 3497 1556 3551 sacerdotibus
1583 3497 1721 3549 illius
1762 3498 1858 3549 arvi
1897 3499 2120 3567 contigit

554 3571 697 3639 quod
748 3570 960 3622 dixerat
1009 3569 1270 3636 propheta
1314 3567 1603 3639 Illalaeliias
1647 3567 1866 3639 (primo:
1911 3566 2006 3620 Vos
2039 3566 2120 3620 re-

555 3637 832 3694 recessistis
871 3639 936 3691 de
961 3641 1064 3704 via,
1097 3649 1142 3690 et
1171 3637 1572 3690 scundulizustis
1603 3638 1855 3704 plurimos
1887 3639 1938 3692 in
1977 3641 2117 3707 lege;

553 3711 758 3762 irritum
803 3709 992 3777 fecistis
1047 3719 1254 3776 pactum
1311 3707 1432 3760 ιρι-ι
1459 3723 1474 3761 ;
1503 3718 1711 3776 propter
1752 3710 1890 3775 quod
1935 3721 1979 3762 et
2030 3727 2121 3778 rgo

559 3780 674 3830 dedi
699 3796 782 3830 eos
815 3777 1218 3846 contemptibiles
1250 3789 1294 3830 et
1324 3778 1542 3830 Immites
1569 3777 1620 3828 in
1655 3779 1894 3830 omnibus
1915 3781 2121 3846 pepuli;

559 3847 714 3913 (Mal.
748 3847 829 3916 ιι).
861 3845 989 3916 Vide
1015 3863 1196 3912 opusc.
1229 3847 1281 3899 5.
1311 3846 1370 3898 Β.
1404 3847 1542 3899 Petri
1579 3847 1732 3899 Dant.
1759 3845 2122 3914 ψῆηΙιιιδριὴ-

563 3920 706 3970 hitur
733 3915 804 3968 ne
836 3915 1110 3983 privilegio
1140 3917 1293 3968 ιὶυιιι.
1327 3916 1494 3980 Eccl;
1527 3917 1724 3971 Baron.
1749 3934 1837 3971 an.
1873 3919 2029 3982 1074,
2067 3936 2120 3974 ιι.

557 3987 649 4050 28,
679 3987 768 4048 ‘29,
803 3987 890 4048 57,
929 3997 982 4038 ct
1016 3985 1205 4038 Bcllar.
1237 3985 1308 4039 De
1333 3987 1512 4039 cleric.
1545 4004 1592 4040 c.
1625 3989 1706 4041 19.

590 4057 743 4126 .(51)
809 4056 1071 4126 'l'ullcusis
1127 4057 1271 4108 enim
1329 4055 1635 4126 specialiter
1687 4057 1969 4126 cpiscopus
2025 4059 2123 4113 fuit

559 4124 781 4184 \‘CCalllS
814 4124 1126 4196 aGregorio
1162 4126 1246 4178 \-'ll
1287 4127 1338 4179 in
1387 4125 1602 4196 Synodo
1657 4124 1797 4180 anno
1847 4129 2006 4194 1075,
2058 4131 2124 4183 ad

559 4199 842 4252 dicendam
866 4213 1082 4250 causam
1111 4197 1176 4250 de
1203 4197 1466 4262 Simonia,
1496 4207 1548 4250 et
1573 4198 1971 4252 cohabitatione
2003 4217 2121 4254 cum

562 4271 804 4332 inuliere,
843 4267 1270 4339 qttam__habebat
1299 4278 1356 4320 ιιι
1387 4268 1688 4338 eonjugem.
1729 4267 1772 4322 Ο
1802 4271 2124 4339 propudium

562 4341 702 4393 illius
749 4336 959 4393 sescnti!
1005 4337 1136 4392 Vide
1161 4336 1358 4392 Baron.
1396 4339 1460 4391 ad
1489 4336 1620 4392 aint.
1656 4340 1813 4403 1074,
1848 4336 1993 4394 utin).
2029 4341 2122 4395 57.

634 4409 746 4479 (5‘2)
787 4411 1092 4478 Stephanus
1137 4424 1270 4476 papa
1307 4407 1390 4479 Χ,Δ
1418 4411 1518 4462 zeli
1569 4409 1802 4464 Phinecs
1842 4413 2124 4466 wniulatus

563 4477 832 4544 ardorem,
873 4477 1060 4549 omnes
1105 4479 1333 4549 clericos
1376 4477 1560 4533 Ruina:
1599 4482 1690 4549 qui
1746 4491 1865 4548 post
1905 4482 2126 4536 interdi-

2218 1949 2366 2002 nium
2399 1963 2558 2004 aures
2591 1951 2801 2022 impleri
2853 1963 3136 2018 cerneret,
3174 1953 3388 2008 tandem
3441 1953 3554 2024 (55)
3585 1963 3800 2023 reperto

2219 2045 2448 2098 coasilio
2477 2043 2649 2115 (quia,
2679 2047 2939 2116 voluptati
2975 2048 3209 2112 deditus,
3237 2056 3296 2101 ut
3327 2047 3592 2117 Epicurus
3633 2049 3799 2118 magis

2222 2149 2382 2204 quam
2401 2144 2458 2186 ut
2484 2136 2725 2204 pontifex
2759 2138 2938 2194 vivere
2969 2137 3222 2208 malebat)
3237 2139 3448 2195 cuidam
3473 2139 3798 2212 (56)]oanui

2221 2227 2717 2297 archipresbyter-0,
2767 2229 2855 2298 qui
2887 2239 3013 2286 tunc
3055 2231 3107 2284 in
3153 2230 3298 2286 Urbe
3344 2231 3650 2301 religiosior
3699 2249 3800 2288 ca:-

2223 2317 2355 2370 teris
2380 2317 2596 2374 clericis
2624 2319 2930 2386 videbatur,
2955 2337 3060 2375 non
3087 2338 3252 2392 parva
3283 2323 3350 2378 ab
3373 2339 3438 2377 eo
3465 2335 3686 2394 accepta
3709 2341 3797 2395 pe-

2221 2407 2402 2472 cunia,
2436 2421 2706 2463 summum
2755 2411 3118 2466 sacerdotium
3175 2412 3490 2482 relinquens
3543 2415 3791 2480 tradidit;

2225 2497 2336 2566 ipse
2367 2512 2492 2552 vero
2519 2498 2572 2552 in
2621 2501 2854 2570 propriis
2901 2517 2959 2558 se
3009 2503 3246 2559 castellis
3296 2505 3600 2574 recipiens,
3654 2505 3796 2561 L'rbe

2223 2735 2286 2776 ac
2335 2721 2653 2776 detestabile
2706 2731 2825 2778 erat
2883 2725 3001 2778 visu
3035 2725 3220 2780 videre
3255 2727 3532 2780 sedentem
3571 2727 3624 2780 iu
3667 2727 3800 2782 emi-

2223 2791 2758 2867 nenti__Petri_solio
2823 2811 3070 2864 puerum.
3139 2799 3276 2861 Quid
3335 2799 3478 2850 enim
3541 2815 3645 2851 non
3703 2817 3798 2867 pa-

2225 2862 2355 2915 titur
2393 2863 2632 2938 Ecclesia
2661 2904 2674 2928 ,
2717 2867 2759 2918 si
2803 2862 3080 2938 principes
3113 2885 3169 2920 se
3213 2868 3550 2922 imniisceant
3593 2871 3644 2921 in
3673 2862 3798 2938 jura

2224 2949 2328 3038 nop
2367 2933 2508 3042 sup?
2544 2951 2662 3003 quae
2702 2933 2815 2991 non
2848 2933 3018 2991 tentat
3059 2937 3292 3008 flagrans
3333 2933 3799 3008 prmfecttme'eu-

2224 3015 2418 3042 nILIlgtu

2223 3001 2446 3072 piditas‘i

2297 3072 2412 3148 (54)
2451 3073 2690 3130 Joannes
2729 3076 3015 3147 episcOpus
3053 3077 3388 3140 Sabincnsis,
3423 3079 3512 3148 qui
3545 3079 3798 3134 silvester

2227 3145 2420 3198 tertius
2450 3148 2702 3214 antipapa
2732 3145 2931 3201 dictus.
2970 3149 3166 3202 Barou.
3212 3149 3277 3202 ad
3315 3145 3454 3201 annf
3471 3150 3630 3212 1044,
3664 3168 3714 3204 ιι.
3741 3150 3796 3203 ‘2.

2297 3215 2410 3284 (55)
2467 3215 2793 3271 liimedictus
2841 3235 3002 3272 suasu
3051 3221 3228 3272 sancti
3277 3219 3656 3274 Bartholonuei
3705 3223 3798 3274 ah-

2227 3283 2365 3405 haqis
2392 3283 2614 3356 ’Grypta:
2654 3287 2910 3353 Ferratar,
2954 3289 3206 3358 discipuli
3243 3291 3415 3344 sancti
3463 3291 3600 3355 Nili,
3637 3291 3798 3346 cessit

2227 3369 2300 3405 5(3t
2321 3373 2369 3405 t‘.

2223 3369 2369 3408 seuc.

2295 3425 2406 3494 (56)
2449 3425 2600 3499 llunc
2626 3427 2889 3481 .ioanncm
2916 3429 3002 3482 alii
3029 3429 3350 3484 Gratianum
3379 3431 3684 3495 nominant,
3705 3433 3793 3499 qni

2225 3509 2427 3568 postea
2465 3497 2564 3549 fuit
2610 3499 2906 3568 Gregorius
2945 3511 3148 3554 sextus.
3179 3501 3266 3566 Et,
3319 3501 3446 3556 licet
3469 3518 3497 3554 a
3525 3497 3797 3556 Desiderio

2225 3567 2792 3638 Sitnoniaeksugillatits
2825 3570 3144 3638 reperiatur,
3191 3573 3472 3624 sciendum
3507 3583 3684 3626 tamen
3715 3583 3796 3625 est

2225 3637 2340 3709 haec
2373 3637 2438 3709 de
2469 3635 2730 3708 Gregorio
2769 3635 3039 3704 retulisse,
3077 3641 3200 3709 quia
3243 3643 3362 3696 talis
3395 3644 3506 3696 fere
3533 3643 3602 3696 ab
3631 3643 3794 3696 οιιιιιί-

2222 3707 2324 3760 bus
2375 3707 2626 3772 indoctis,
2671 3719 2726 3762 et
2765 3712 3060 3777 [ll‘tlEsCl'lilll
3095 3707 3179 3764 fab
3225 3713 3434 3766 ieiuniis
3477 3713 3796 3776 habebatur,

2225 3793 2330 3850 non
2365 3778 2571 3850 adhuc
2604 3779 2739 3834 bene
2795 3792 2915 3832 uota
2974 3781 3072 3850 ipsi
3121 3781 3396 3835 Desiderio
3428 3799 3590 3836 causa
3621 3785 3718 3836 zeli
3747 3794 3797 3835 et

2225 3847 2510 3922 charitatis
2537 3849 2815 3922 Gregorii;
2862 3847 3299 3920 calumniantque
3351 3863 3640 3922 propterea
3693 3870 3794 3906 non

2225 3918 2450 3990 legitimi
2482 3921 2758 3987 pontificis
2789 3922 3118 3988 patiebatur,
3160 3918 3252 3976 sed
3289 3918 3630 3990 usurpatoris
3659 3923 3796 3977 fcre-

2226 3989 2318 4042 bat
2362 4003 2582 4050 nomen,
2635 3991 2760 4043 licet
2807 4007 2866 4044 re
2917 4007 3042 4044 vera
3093 3993 3351 4044 liberator
3405 3989 3659 4047 Ecclesia:
3705 3995 3796 4046 Dei

2225 4059 2416 4129 potius,
2435 4059 2690 4114 uicendus
2713 4070 2829 4114 erat
2853 4077 3014 4129 quam
3039 4061 3358 4116 Simonian
3385 4064 3522 4116 labis
3549 4063 3793 4125 infectus,

2229 4137 2286 4200 ut
2335 4128 2474 4182 Otho
2524 4128 2890 4200 Frisiugensis
2943 4131 3176 4186 fideliter
3221 4143 3428 4186 narrat.
3481 4134 3592 4187 Etsi
3641 4136 3796 4186 fuerit

2226 4199 2502 4270 depositus
2539 4199 2792 4270 tanquam
2833 4203 3177 4256 Simoniaeus
3203 4205 3272 4255 ab
3303 4203 3405 4256 hoc
3433 4205 3662 4256 consilio
3692 4205 3794 4256 Su-

2230 4269 2393 4334 lt‘ino,
2443 4269 2706 4340 praesente
2755 4272 2986 4326 Henrico
3031 4273 3267 4326 secundo
3315 4271 3666 4341 imperatore,
3697 4275 3792 4326 Viri

2229 4347 2406 4412 t_:ttnen
2461 4343 2764 4408 gravissimi
2807 4353 2860 4396 et
2911 4343 3206 4396 doctissimi
3247 4343 3390 4396 illius
3423 4347 3702 4412 temporis,
3743 4351 3794 4398 et

2229 4409 2662 4482 _Situoniacorutn
2690 4414 2872 4467 hostes
2895 4412 3281 4482 implacabiles,
3300 4409 3588 4482 interquos
3607 4414 3794 4468 Petrus

2229 4479 2477 4552 Damian.
2531 4483 2672 4536 datis
2713 4485 2874 4536 etiam
2920 4479 2985 4535 ad
3034 4485 3205 4552 ipsum
3235 4479 3553 4552 Gregorium
3585 4496 3790 4539 sextum

558 4559 701 4632 ctum
753 4563 902 4620 papae
941 4547 1144 4632 .Leonis
1304 4547 1701 4632 incontinentes
1748 4547 2125 4631 exstiterant,
2161 4563 2204 4617 Ι)
2230 4550 2496 4632 epistolis,
2529 4560 2582 4604 et
2615 4553 3013 4632 llildebrapdus
3052 4547 3142 4622 qui
3177 4547 3371 4632 postea
3411 4555 3486 4632 de
3533 4555 3790 4608 industria

561 4623 704 4674 inter
750 4618 888 4689 quos
939 4618 1142 4673 forsau'
1177 4619 1338 4686 aliqui
1387 4621 1600 4673 uxorati
1629 4659 1644 4684 ,
1700 4631 1793 4675 aut
1843 4631 1902 4674 ut
1949 4625 2129 4687 potius

561 4691 738 4744 dicam
769 4689 966 4759 publici
1003 4689 1377 4742 concubiuarii
1407 4691 1738 4756 existebant,
1767 4692 1833 4746 de
1861 4703 2129 4747 conventu

563 4760 883 4814 clericorum
915 4769 970 4812 et
1005 4761 1173 4814 choro
1224 4759 1467 4813 ecclesia:
1505 4762 1759 4828 prazcepit
1801 4763 1951 4818 exire
1980 4779 1992 4815 :
2028 4779 2130 4830 po:

561 4831 661 4882 dor
716 4831 857 4882 enim
910 4839 965 4882 et
1013 4829 1268 4882 honestas
1313 4831 1588 4897 perierat;
1655 4845 1710 4884 et
1767 4831 1892 4884 dum
1957 4829 2131 4886 eccle-

563 4899 770 4953 siastici
843 4899 1042 4966 vigoris
1111 4901 1314 4953 sensim
1383 4899 1664 4967 disciplina
1733 4901 2128 4966 collabebatur,

561 4969 830 5023 inundans
857 4972 1108 5022 vitiorum
1151 4985 1216 5022 ac
1261 4969 1588 5037 pravitatum
1627 4973 1866 5025 omnium
1921 4973 1972 5026 in
2014 4975 2130 5028 dies

559 5040 730 5108 pestis
783 5041 1100 5108 augebatur.
1148 5038 1276 5094 Vide
1315 5039 1515 5095 Baron.
1565 5057 1696 5108 (ann.
1739 5041 1906 5108 1057,
1965 5059 2020 5096 n.
2069 5043 2131 5098 15

560 5119 616 5164 cl
643 5123 758 5178 seq.

633 5177 761 5252 (55),
800 5177 1622 5252 Benedictushujus‘uominis
1675 5195 1885 5246 nonus,
1937 5183 2024 5252 qui
2073 5195 2129 5240 et

562 5247 1015 5310 ’i'iteophylactus,
1067 5249 1305 5304 Alberici
1341 5247 1554 5306 cernitis
1609 5253 1892 5306 Tusculani
1951 5247 2126 5310 lilius.

2231 4620 2523 4692 Gregorius
2567 4637 2702 4692 papa
2751 4624 3014 4692 septimus
3047 4620 3309 4675 nominari
3337 4623 3526 4688 voluit,
3565 4635 3620 4676 ut
3649 4640 3792 4677 mon-

2233 4700 2432 4745 straret
2458 4691 2776 4761 Gregorium
2810 4691 3019 4746 sextum
3053 4693 3219 4746 fuisse
3245 4708 3430 4746 verum
3463 4695 3788 4762 pontificem,

2233 4771 2286 4814 et
2339 4762 2478 4816 male
2507 4764 2574 4816 ab
2597 4762 2830 4817 Henrico
2873 4765 3214 4817 exturbatum
3243 4779 3349 4816 non
3379 4764 3482 4817 alia
3515 4779 3702 4818 revera
3728 4779 3790 4817 ex

2233 4845 2398 4885 causa
2453 4833 2732 4900 (quidquid
2793 4834 3022 4901 denique
3071 4835 3415 4956 praetexere?
3455 4851 3620 4902 quam
3671 4837 3790 4902 quia

2233 4901 2350 4956 ipso
2408 4901 2731 4956 imperatore
2781 4904 3084 4956 inconsulto
3130 4905 3332 4956 electus
3409 4915 3606 4956 uerat:
3671 4920 3790 4956 sen-

2233 4901 2350 4969 ipso
2408 4901 2731 4969 imperatore
2781 4901 3084 4958 inconsulto
3130 4905 3332 4958 electus
3385 4901 3606 4970 fuerat;
3671 4901 3790 4958 sen-

2237 4973 2398 5035 tiunt,
2439 4973 2682 5044 inquam,
2729 4975 2830 5028 hoc
2866 4976 3152 5028 concilium
3193 4974 3370 5042 egisse
3400 4977 3542 5044 quod
3573 4991 3676 5030 non
3703 4990 3794 5044 po-

2236 5051 2393 5113 terat,
2439 5054 2493 5096 et
2530 5043 2849 5113 Gregorium
2885 5046 3052 5098 fuisse
3083 5045 3254 5096 virum
3285 5043 3552 5112 optimum
3586 5061 3650 5100 ac
3675 5061 3794 5098 san-

2234 5111 2574 5184 ctissimum;
2610 5111 2730 5167 cum
2779 5115 2892 5167 haec
2935 5115 3150 5184 largitio
3195 5111 3546 5180 pecuniarum
3583 5117 3651 5170 ab
3679 5116 3793 5184 ipso

2235 5181 2394 5253 facta,
2419 5199 2526 5236 non
2558 5186 2757 5251 emptio
2791 5185 2956 5250 sedis,
2987 5181 3078 5238 sed
3109 5193 3284 5252 potius
3312 5187 3611 5253 redemptio
3637 5181 3792 5237 vexa-

2232 5252 2396 5305 tionis
2425 5253 2648 5307 dicenda
2693 5254 2850 5310 foret.
2894 5259 3134 5310 adeoque
3161 5255 3466 5308 necessaria
3495 5252 3562 5308 ad
3591 5255 3791 5310 uelle"-
