4044 5360
280 318 414 375 mos
519 293 528 298 ’
1574 313 1957 373 DlALOGl.-
1998 310 2122 366 ua.
2166 311 2252 367 Ill.
3401 309 3534 365 toea

273 435 459 490 cessit.
485 433 699 488 interea
724 432 978 492 Joannes,
1009 432 1096 486 cui
1121 431 1416 503 Gregorius
1461 446 1653 486 nomen
1707 430 1843 484 indi-
1878 433 1920 490 Α
1952 427 2113 498 digne
2143 435 2325 498 posset
2352 427 2419 480 ad
2449 426 2580 480 tanti
2627 426 2887 483 honorem
2931 425 3175 482 suﬂieere
3199 425 3529 482 sacerdotii:

277 538 388 580 tmn
415 534 520 588 est,
548 518 669 578 cu'm
713 523 920 577 duobus
945 523 1104 577 anuis
1132 532 1187 578 et
1213 533 1338 578 octo
1368 522 1644 578 mensibus
1671 537 1851 577 sacer-

272 617 484 671 dotium
545 615 1008 677 administrasset,
1063 615 1327 670 Henricus
1388 631 1516 679 rex,
1574 615 1664 684 qui
1726 623 1852 668 tune

269 706 595 766 Germaniae,
628 704 940 768 Pannoniae,
969 705 1222 760 Saxonize
1240 721 1303 759 ac
1330 705 1497 760 Italia:
1530 706 1851 775 imperabat,

268 794 337 846 ad
365 793 768 863 suscipiendam
799 793 864 846 de
891 809 1053 847 manu
1091 793 1319 848 Βουκιηὶ
1369 795 1639 864 pontiﬁcis
1687 794 1853 862 impe-

270 882 462 937 rialem
486 898 772 945 coronam,
790 890 1056 950 quatenus
1084 882 1341 952 deinceps
1366 883 1645 952 Augustus
1670 883 1854 953 appel-

270 973 373 1027 lari
446 982 674 1042 posset,
731 972 937 1027 Italiam
999 973 1315 1044 ingressus,
1371 973 1667 1029 Romanam
1720 974 1854 1028 adiit

268 1064 461 1117 urbem
508 1063 669 1134 (anno
707 1063 888 1131 1047).
935 1063 1042 1118 Sed
1085 1072 1378 1134 antequam
1423 1065 1619 1121 Urbem
1671 1066 1852 1135 ingre-

269 1153 516 1217 deretur,
548 1151 904 1222 plurimorum
922 1153 1321 1223 episcoporum,
1338 1169 1435 1210 nec
1450 1169 1554 1209 non
1570 1155 1848 1222 abbatum,

271 1244 598 1299 clericorum
631 1259 845 1314 quoque
888 1259 952 1299 ac
997 1245 1372 1314 religiosorum
1420 1247 1848 1312 monachorum,

270 1336 328 1390 in
357 1335 577 1390 Sutriua
607 1336 740 1390 urbe
763 1337 993 1393 concilio
1028 1347 1385 1409 congregato,
1413 1338 1674 1394 Joannem
1693 1381 1706 1404 ,
1756 1340 1847 1411 qui

270 1425 570 1496 Gregorius
605 1426 781 1480 dictus
807 1435 910 1490 est,
935 1427 1115 1482 missis
1147 1429 1214 1483 ad
1239 1444 1362 1485 ettm
1391 1429 1680 1499 episcopis,
1709 1432 1852 1486 utde

273 1517 669 1573 ecclesiasticis
700 1520 953 1589 negotiis,
983 1521 1325 1590 maximeque
1353 1522 1420 1576 de
1448 1521 1694 1577 Romana
1722 1533 1852 1580 tune

270 1605 539 1673 Ecclesia,
558 1623 678 1678 quae
705 1617 813 1666 tres
837 1609 998 1664 simul
1017 1609 1216 1666 habere
1237 1611 1519 1681 pontiﬁces
1543 1613 1848 1681 videbatur,

270 1697 392 1768 ipso
420 1701 784 1769 praesidente,
837 1711 1184 1766 tractaretur,
1238 1703 1426 1760 venire
1465 1705 1690 1771 rogavit.
1743 1704 1851 1762 Sed

1959 535 2190 587 eumque
2214 520 2266 572 in
2291 517 2586 588 apostolica
2611 519 2739 574 sede
2769 519 2834 572 ad
2865 517 3154 588 regendum
3191 517 3531 572 Dominicum

1958 623 2176 678 gregem
2202 607 2629 662 inthronizantes
2651 608 3006 664 constituunt.
3030 608 3148 674 Quo
3179 623 3282 662 non
3305 605 3537 677 amplius

1958 716 2151 756 novem
2175 701 2451 755 mensibus
2467 699 2770 755 sacerdotio
2798 699 3002 765 t‘nneto,
3025 714 3088 755 ex
3113 700 3215 756 hac
3244 701 3351 754 vita
3378 699 3537 754 dece-

1958 790 2137 853 dente,
2172 789 2434 846 Damasus
2463 805 2527 846 ex
2559 789 2852 845 Germania
2885 791 3168 854 oriundus,
3220 789 3390 844 fultus
3435 806 3536 844 au-

1958 881 2152 936 etorita
2161 889 2211 936 te
2224 881 2372 950 regia
2395 881 2530 952 (59),
2553 882 2729 937 eidem
2743 883 3059 947 succedens,
3074 881 3436 937 sacerdotium
3453 891 3538 938 est

1958 969 2202 1040 adeptus,
2241 970 2440 1040 quique
2471 986 2579 1027 non
2603 972 2834 1042 amplius
2863 989 3025 1044 quam
3052 973 3241 1044 viginti
3283 982 3338 1028 et
3362 973 3533 1028 tribus

1957 1060 2146 1116 diebus
2175 1060 2485 1116 sacerdotio
2531 1061 2915 1118 administrate
2962 1064 3104 1119 diem
3132 1064 3326 1119 clausit
3348 1073 3532 1118 extre-

1958 1165 2126 1203 mum.
2166 1148 2303 1205 Huic
2333 1151 2597 1206 successit
2639 1151 2754 1221 (60)
2805 1151 2945 1219 Leo,
2987 1153 3054 1208 de
3096 1169 3204 1222 quo
3252 1152 3410 1210 nobis
3451 1163 3538 1208 est

1954 1256 2134 1297 sermo
2163 1257 2274 1311 pra).
2306 1242 2579 1308 manibus,
2622 1230 2717 1297 vir'
2733 1258 2832 1314 per
2859 1244 3041 1300 omnia
3069 1244 3422 1312 apostolicus,
3452 1259 3540 1300 re-

1955 1332 2062 1401 gali
2114 1346 2315 1402 genere
2372 1342 2558 1398 ortus,
2623 1334 2887 1404 sapientia
2937 1335 3222 1404 pra-ditus,
3276 1335 3537 1407 religione

1955 1423 2303 1493 conspicuus,
2331 1425 2591 1496 omnique
2615 1425 2990 1482 ecclesiastica
3022 1427 3266 1483 doctrina
3290 1430 3537 1498 apprime

1957 1518 2222 1583 eruditus,
2250 1532 2312 1573 ae
2334 1518 2426 1589 qui
2451 1519 2928 1591 (quemadmodum
2955 1521 3219 1591 scriptum
3241 1520 3346 1592 est)
3369 1521 3539 1586 erepit

1958 1609 2212 1665 invocare
2243 1624 2439 1665 nomen
2467 1611 2715 1678 Domini;
2748 1625 3020 1684 quemque
3056 1613 3224 1668 etiam
3252 1613 3360 1668 vidi
3393 1611 3538 1682 ejus-

1955 1714 2062 1770 que
2087 1699 2512 1757 familiaritatem
2536 1700 2739 1758 habere
2767 1704 2942 1758 merui
2973 1719 2988 1757 :
3019 1717 3163 1772 smpe
3195 1703 3362 1760 etiam
3391 1717 3458 1759 eo
3481 1703 3537 1758 in

269 1791 388 1848 haec
413 1792 479 1847 de
510 1793 773 1848 industria
806 1794 1126 1864 agebantur,
1152 1794 1263 1865 jam
1293 1795 1440 1850 enim
1479 1798 1678 1852 dudum
1704 1800 1851 1871 regio
1884 1817 1928 1875 Β
1955 1792 2187 1848 ecclesia
2239 1793 2438 1849 missas
2485 1793 2824 1860 celebrante,
2880 1810 3003 1850 eum
3053 1795 3146 1851 illo
3194 1796 3264 1850 ad
3293 1795 3539 1852 divinum

270 1883 455 1938 animo
478 1884 749 1938 insederat
773 1894 832 1939 ut
860 1893 968 1940 tres
990 1884 1129 1950 illos,
1156 1886 1246 1954 qui
1273 1884 1474 1954 injuste
1494 1887 1851 1958 apostolicam

270 1975 458 2030 sedem
486 1975 818 2042 invaserant,
852 1990 972 2031 cum
1001 1976 1231 2032 consilio
1262 1979 1660 2033 etauetoritate
1687 1978 1852 2034 totius

272 2065 488 2120 concilii
515 2065 663 2134 jnste
699 2065 1014 2138 depelleret,
1054 2075 1110 2122 et
1138 2083 1277 2122 unus
1303 2067 1394 2138 qui
1423 2069 1718 2124 secundum
1743 2079 1853 2126 sta-

277 2169 391 2213 tuta
423 2158 523 2214 SS.
555 2159 774 2214 Patrum
809 2159 1088 2214 Dominico
1113 2160 1263 2231 gregi
1294 2159 1526 2217 sollicite
1572 2173 1853 2231 prmesset,

275 2253 425 2314 clero
482 2261 537 2313 et
584 2249 780 2328 populo
833 2249 1084 2326 eligentc,
1139 2250 1504 2309 ordinaretur.
1558 2250 1855 2308 Prwdictus

205 2397 212 2402 ,
275 2352 462 2420 itaque
491 2349 729 2420 pontifex
756 2357 1009 2404 exoratus
1049 2364 1078 2400 a
1124 2360 1270 2416 rege,
1311 2345 1634 2416 exterisque
1683 2345 1858 2416 ponti-

276 2441 492 2507 ﬁcibus,
522 2440 788 2507 Sutrium,
811 2439 899 2494 ubi
930 2438 1167 2509 synodus
1192 2445 1518 2508 congregata
1554 2447 1695 2502 erat,
1729 2437 1858 2493 alle-

277 2544 401 2590 etus
427 2548 522 2603 spe
545 2533 712 2602 quod,
740 2531 861 2586 aliis
885 2531 1094 2586 duobus
1116 2530 1400 2600 depositis,
1429 2531 1531 2587 sibi
1558 2531 1657 2586 soli
1684 2532 1860 2600 ponti-

279 2625 479 2680 ﬁcatus
507 2623 943 2686 conﬁrmaretur,
974 2631 1256 2692 gratanter
1284 2623 1541 2692 perrexit.
1580 2621 1686 2678 Sed
1717 2631 1861 2692 post-

281 2730 447 2783 quam
474 2729 538 2768 eo
568 2724 784 2768 ventum
832 2721 940 2777 est,
968 2720 1023 2766 et
1051 2726 1138 2765 res
1163 2711 1357 2783 agitari
1387 2727 1452 2767 ae
1472 2711 1668 2768 discuti
1696 2729 1725 2766 a
1755 2711 1858 2783 Sy-

282 2806 427 2860 nodo
457 2813 632 2873 empta
657 2811 758 2867 est,
788 2816 1085 2870 agnoscens
1125 2817 1185 2856 se
1215 2817 1322 2855 nou
1346 2816 1504 2871 posse
1519 2800 1666 2871 juste
1693 2802 1864 2857 bono-

284 2912 400 2949 rem
454 2894 584 2947 tanti
634 2893 922 2948 sacerdotii
981 2891 1396 2957 administrare,
1445 2907 1516 2948 ex
1566 2891 1859 2963 pontiﬁcali

284 2985 415 3041 sella
444 2984 718 3049 exsiliens,
741 2999 804 3039 ac
827 2984 1175 3055 semetipsum
1201 2982 1860 3054 pentiﬁcaliaindumenta

283 3093 514 3140 exuens,
546 3077 814 3147 postulata
844 3075 999 3131 venia
1020 3117 1035 3144 ,
1063 3077 1260 3131 summi
1313 3075 1604 3131 sacerdotii
1633 3077 1862 3147 dignita-

287 3179 398 3224 tetn
430 3168 679 3238 deposuit
702 3167 836 3237 (57).

360 3257 492 3312 Post
537 3259 650 3312 haec
705 3273 797 3312 rex
851 3255 1048 3312 Urbem
1097 3257 1404 3325 ingressus,
1454 3265 1781 3329 congregato
1810 3258 1861 3312 iu

285 3348 517 3402 ecclesia
559 3346 621 3400 Β.
673 3345 818 3402 Petri
856 3347 1082 3419 apostoli
1115 3347 1362 3401 Romano
1390 3347 1536 3403 clero
1561 3359 1613 3402 et
1643 3348 1861 3418 populo,

289 3454 396 3492 una
445 3454 568 3492 cum
599 3439 870 3508 episcopis
903 3439 995 3508 qui
1046 3438 1100 3492 in
1138 3436 1454 3507 praidictam
1499 3447 1865 3492 convenerant

288 3532 576 3602 synodum,
607 3531 878 3587 communi
911 3530 1139 3586 consilio
1186 3529 1297 3600 (58)
1337 3527 1670 3584 Clementem
1709 3528 1866 3583 Bam-

291 3626 611 3696 bergensem
658 3625 974 3696 episcopum
1026 3623 1324 3693 elegerunt,
1374 3622 1498 3691 quia
1531 3621 1584 3674 in
1626 3619 1865 3676 Romana

292 3714 536 3771 Ecclesia
574 3730 681 3770 non
726 3723 845 3770 erat
887 3723 1016 3768 tunc
1054 3712 1197 3767 talis’
1218 3720 1432 3781 reperta
1477 3725 1706 3782 persona
1748 3726 1868 3780 qua:

362 3871 478 3943 (57)
529 3871 732 3927 Videris
796 3871 1092 3943 Gregorius
1133 3887 1268 3941 papa
1319 3872 1700 3943 sanctissimus
1751 3871 1868 3927 fore

289 3941 638 3997 eonﬂandum
687 3944 865 3997 dirum
914 3941 1177 4008 schisma,
1220 3943 1334 4012 nisi
1396 3942 1734 4012 pontiﬁcatui
1777 3959 1866 3997 re-

291 4013 642 4082 nuntiasset,
712 4013 957 4067 imitatus
1023 4013 1138 4081 ipse
1198 4011 1494 4081 Gregorius
1547 4012 1867 4082 Gregorium

289 4081 718 4146 Nazianzennm,
762 4084 854 4151 qui
895 4083 964 4137 ob
1006 4097 1193 4152 pacem
1233 4082 1635 4136 conciliandam
1673 4081 1870 4137 Eccle-

294 4153 426 4212 site,
487 4162 680 4220 sponte
717 4168 776 4207 se
817 4151 1110 4216 abdicavit,
1162 4161 1216 4204 et
1262 4151 1378 4220 ipse
1405 4153 1596 4206 eodem
1657 4153 1867 4216 animo,

285 4221 591 4291 eademque
615 4224 838 4284 virtute,
869 4222 1144 4291 pontiﬁeia
1167 4221 1295 4275 sede
1325 4230 1517 4288 sponte
1548 4222 1750 4286 cessit;
1791 4223 1870 4276 sic

288 4299 437 4354 enim
462 4291 551 4351 illa
585 4301 889 4362 temporum
919 4292 1174 4361 iniquitas
1205 4291 1530 4362 postulabat.

359 4368 476 4438 (58)
516 4361 768 4422 Clemens
811 4363 1080 4420 secundus
1115 4361 1334 4415 nomine
1366 4361 1684 4438 Suidigertts
1715 4361 1869 4438 Darn-

287 4430 573 4510 bergensis
599 4439 886 4508 episc0pus
908 4441 1124 4510 creatur
1148 4446 1280 4500 papa
1308 4445 1450 4510 anno
1474 4430 1868 4510 DominilOH.

1955 1881 2129 1937 altare
2176 1883 2353 1938 sacris
2399 1881 2620 1938 indutus
2667 1883 2913 1938 vestibus
2957 1884 3106 1950 steti,
3150 1885 3311 1955 eique
3362 1885 3538 1941 Evan-

1963 1973 2166 2042 gelium
2197 1973 2324 2044 legi.
2353 1973 2399 2027 A
2428 1988 2535 2043 quo
2559 1974 2741 2029 omnia
2771 1974 3138 2032 ecclesiastica
3166 1976 3343 2030 studia
3375 1992 3536 2033 reno-

1957 2073 2081 2119 vata
2132 2079 2196 2118 ac
2245 2071 2577 2130 restaurata,
2623 2079 2869 2134 novaque
2898 2063 2993 2119 lux
3043 2064 3244 2121 mundo
3289 2067 3404 2122 visa
3456 2076 3544 2124 est

1956 2157 2182 2212 exoriri.

2030 2248 2128 2305 Hie
2156 2264 2299 2320 smpe
2332 2249 2672 2308 sacerdotale
2701 2250 2988 2307 consilium
3029 2252 3322 2320 advocatis,
3354 2269 3540 2311 sacer-

1959 2341 2134 2407 dotes,
2162 2341 2421 2397 diaconos
2450 2349 2507 2397 et
2535 2341 2772 2412 reliquos
2797 2342 3028 2399 clericos
3077 2359 3183 2399 non
3218 2345 3543 2416 regulariter

1958 2434 2240 2490 ordinatos
2302 2435 2562 2501 removit,
2609 2444 2665 2490 et
2715 2436 2769 2490 in
2827 2451 3014 2492 eorum
3044 2438 3180 2494 locis
3227 2440 3294 2494 ad
3338 2439 3452 2495 veri
3483 2449 3544 2496 et

1959 2527 2156 2582 summi
2196 2527 2291 2582 Dei
2346 2526 2552 2582 cultum
2611 2527 2704 2597 qui
2755 2528 2915 2599 digne
2961 2529 3274 2586 ministrare
3322 2543 3548 2601 possent

1959 2619 2264 2675 constituit.
2296 2618 2549 2687 Quotidie
2573 2635 2789 2690 quoque
2819 2635 2918 2691 per
2958 2636 3017 2676 se
3043 2636 3280 2692 suosque
3308 2623 3546 2693 discipu-

1961 2709 2042 2765 los
2070 2710 2268 2781 ubiqne
2294 2709 2491 2765 missos
2510 2751 2524 2772 ,
2566 2710 2780 2781 populis
2810 2711 2951 2765 viam
2981 2711 3226 2778 Domini,
3261 2713 3460 2769 litteris
3482 2723 3542 2769 et

1961 2797 2142 2854 verbis
2189 2798 2488 2868 praedicans
2536 2799 2876 2855 ostendebat.
2921 2800 3020 2868 Qui
3064 2816 3160 2873 per
3185 2803 3542 2873 apostolicam

1965 2890 2105 2943 viam
2131 2904 2344 2960 semper
2370 2890 2653 2961 gradiens,
2699 2890 3031 2959 apostolicos
3074 2894 3236 2948 etiam
3283 2895 3429 2950 viros
3479 2894 3541 2950 in

1964 2981 2244 3037 miraculis
2273 2991 2358 3036 est
2392 2981 2656 3037 imitatus.
2688 2981 2766 3037 De
2794 2997 2902 3052 quo
2931 2983 3147 3052 quidem
3171 2984 3323 3055 plura
3353 2987 3544 3042 audire

1965 3089 2049 3128 me
2085 3075 2333 3145 contigit,
2380 3075 2473 3130 sed
2516 3075 2702 3131 multis
2731 3086 3027 3146 occupatus
3056 3081 3304 3149 negotiis,
3331 3082 3544 3152 singula

1889 3183 1930 3237 ε
1963 3181 2192 3236 qumque
2239 3167 2547 3222 discurrere
2599 3181 2705 3220 non
2759 3168 2978 3232 valens,
3036 3185 3206 3240 pauca
3237 3172 3440 3227 referre
3474 3175 3544 3229 de

1966 3257 2210 3324 pluribus
2235 3266 2502 3327 satagam,
2530 3267 2588 3310 ut
2613 3273 2710 3327 per
2736 3259 2852 3313 bare
2882 3262 3070 3328 quanti
3099 3263 3183 3316 vir
3224 3263 3326 3317 iste
3357 3264 3544 3319 meriti

1967 3346 2151 3409 fuerit,
2187 3346 2498 3414 quicunque
2526 3346 2578 3400 in
2604 3355 2880 3416 posterum
2915 3349 3109 3418 legerit
3137 3361 3416 3422 agnoscat.

2039 3434 2151 3506 (61)
2181 3434 2427 3505 Gregorii
2461 3435 2646 3505 itaque
2694 3439 2981 3505 pontiﬁcis,
3014 3440 3106 3509 qui
3137 3443 3206 3495 ab
3244 3456 3310 3496 eo
3346 3442 3548 3498 educa-

1970 3535 2056 3582 tus
2102 3542 2165 3582 ac
2193 3525 2556 3580 subdiaconus
2583 3527 2897 3596 ordinatus,
2950 3545 3093 3586 nunc
3143 3541 3323 3587 autem
3357 3533 3408 3587 in
3441 3533 3551 3589 Ro-

1967 3632 2126 3672 mana
2190 3616 2332 3672 Urbe
2389 3615 2604 3672 culmen
2662 3620 3017 3690 apostolicum
3071 3631 3291 3687 tenens,
3345 3625 3549 3680 Christi

1972 3707 2268 3764 Ecclesiam
2301 3707 2482 3765 verbis
2513 3709 2676 3764 simul
2719 3719 2775 3766 et
2803 3712 3068 3784 exemplis
3098 3713 3351 3781 illustrat,
3375 3715 3544 3771 didici

1971 3869 2303 3994 captantium
2331 3888 2344 3924 :
2374 3869 2486 3942 Ego
2529 3873 2708 3944 cogito
2753 3877 3111 3947 cogitationes
3153 3879 3304 3949 pacis
3341 3888 3398 3934 et
3430 3895 3541 3936 non

1971 3957 1998 3994 3
2064 3958 2108 3994 lC
2139 3956 2294 3994 lOl’llS.

1971 3956 2294 3994 ειυιςιιοηιε.

2043 4010 2155 4085 (ﬁt)
2184 4011 2351 4085 [sinit
2373 4010 2664 4083 Gregorius
2685 4016 2948 4085 septimus
2968 4026 3125 4073 antea
3147 4017 3546 4073 Hildebrandus

1973 4082 2190 4136 natione
2239 4081 2468 4146 Tuscus,
2489 4081 2728 4138 ‘ereatus
2748 4081 2916 4140 'anno
2947 4088 3162 4142 Domini
3198 4089 3376 4142 1075:
3407 4090 3546 4143 obiit

1975 4166 2103 4206 vero
2130 4167 2258 4204 ann.
2294 4152 2462 4216 £085;
2509 4151 2662 4219 cujus
2699 4155 2962 4208 sanctitas
2994 4168 3281 4212 veneratur
3309 4158 3362 4211 in
3393 4157 3545 4211 Mar-

1977 4221 2238 4291 tyrologio
2275 4222 2513 4275 [tornano
2542 4222 2643 4274 sub
2673 4223 2760 4277 die
2792 4224 2858 4277 15
2887 4225 3030 4290 Maii,
3072 4227 3197 4280 licet
3220 4242 3248 4278 a
3281 4227 3548 4281 schisma-

1976 4291 2097 4363 tieis
2128 4300 2201 4363 _e_t
2248 4291 2517 4363 haereticis
2567 4305 2631 4363 ae
2677 4294 2948 4363 prmcipue
2989 4310 3020 4348 a
3074 4295 3366 4350 Melchiore
3419 4296 3547 4350 Hai-

1975 4360 2279 4434 minsfeldio
2319 4360 2576 4434 Golda_sto
2608 4361 2660 4412 in
2682 4363 2799 4434 suis
2841 4360 3060 4434 constit.
3107 4366 3374 4434 imperial.
3405 4366 3540 4420 edit.

1977 4432 2112 4484 1507
2164 4429 2426 4484 adversus
2468 4429 2791 4499 Gregorium
2843 4429 3239 4490 delatrantibus
3287 4434 3548 4490 Simoniae

290 4499 516 4578 Venveno
563 4499 967 4578 propina'to,nt
991 4499 1226 4578 quidam
1258 4502 1529 4578 scribunt,
1564 4500 1868 4578 confectus,
1897 4517 1950 4576 ι)
1979 4500 2323 4578 insimulatus
2369 4499 2534 4578 fuerit
2568 4501 2701 4578 :.ad
2759 4516 2918 4570 quam
2955 4503 3164 4578 deinde
3207 4505 3542 4578 calumniam

289 4579 433 4633 nltra
455 4569 718 4633 Men-lese
746 4569 868 4631 vita
883 4569 1176 4646 improviso
1200 4573 1417 4644 migrat,
1444 4585 1586 4625 nono
1606 4572 1692 4625 die
1707 4569 1871 4627 Octo-

290 4649 594 4723 briskleria
628 4659 804 4723 sexta.
945 4717 958 4723 _
1067 4715 1080 4723 _
1413 4713 1451 4723 _
1823 4710 1836 4723 ,

363 4720 480 4792 (59)
523 4717 792 4792 Henricus
836 4717 1028 4773 tertius
1066 4713 1722 4792 imperator,_Po_pponem
1750 4713 1868 4779 epi-

291 4784 516 4860 scopum
561 4789 941 4860 Brixinensem
975 4784 1156 4860 magni
1191 4784 1707 4860 nomipis_,_Rontam
1734 4796 1872 4851 pon-

294 4850 497 4914 tiﬁcem
525 4859 958 4914 consecrandum
989 4850 1155 4909 mittit
1179 4871 1304 4909 ann.
1332 4853 1500 4920 {048;
1526 4861 1582 4908 et
1611 4850 1874 4907 Damasus

294 4925 1106 5002 secundusappellatur._Fuit
1151 4925 1196 4979 is
1243 4925 1380 5002 dies,
1417 4933 1476 5002 u_t
1503 4921 1722 5002 quidam
1758 4930 1872 5002 traf

295 5001 450 5071 dunt,
473 4998 598 5053 .lulii
623 4993 830 5071 mensis
854 4996 1096 5072 decimus
1120 4996 1404 5072 septimus,
1434 4993 1750 5072 Dominiens
1777 5009 1790 5044 :
1820 5001 1875 5047 et

1976 4569 2346 4638 depellendam
2393 4568 2687 4638 Gregorius
2729 4568 3076 4640 perceptione
3114 4573 3308 4629 divinze
3338 4576 3554 4630 Eucha-

1973 4641 2141 4695 ristize
2169 4653 2320 4693 suam
2351 4641 2600 4709 probavit
2629 4641 3021 4708 innocentiam,
3052 4643 3301 4700 hortatus
3345 4646 3550 4701 Henri-

1973 4725 2097 4764 cum
2127 4723 2331 4781 regem,
2366 4709 2418 4762 in
2451 4710 2605 4781 cujus
2633 4711 2863 4781 gratiam
2902 4712 3168 4768 calumnia
3198 4715 3286 4769 illa
3319 4715 3554 4773 conﬂata

1976 4782 2175 4859 fuerat,
2209 4787 2268 4859 ut
2293 4779 2406 4859 ipse
2444 4779 2701 4859 similiter
2732 4779 2786 4833 in
2816 4781 3184 4859 testimonium
3226 4785 3557 4842 innocentiae

1975 4850 2150 4920 quoad
2173 4849 2398 4903 crimina
2425 4851 2490 4904 de
2513 4849 2709 4920 quibus
2730 4853 3076 4920 arguebatur,
3102 4859 3560 4917 communicaret,

1978 4919 2230 4992 invocato
2285 4920 2339 4974 in
2391 4928 2584 4992 testem
2644 4919 2900 4992 Christo,
2964 4925 3056 4992 qui
3113 4926 3165 4978 in
3208 4923 3558 4982 Encharistia

1977 4989 2316 5072 percipitur;
2377 4989 2518 5059 quod
2569 4989 3015 5072 regina-lensibi
3074 4995 3330 5072 conscius
3363 4992 3564 5072 -noluit
