4044 5360
552 288 706 345 (10οἸ
803 345 808 349 ,
1877 282 2138 339 ιτιιιτοιιι

2246 283 2282 338 ll
2319 286 2519 343 ΡΑΡᾹΞ
3687 287 3812 341 1οιῖὲ

557 405 830 458 :relatioue
873 418 994 472 qum
1043 417 1224 454 narro.
1275 400 1437 470 Cujus
1485 400 1668 466 utique
1717 399 1894 453 verbis
1947 399 2018 452 ita
2053 417 2137 453 me
2173 405 2211 462 Α
2243 403 2488 454 euuulcm
2521 404 2736 456 beatum
2793 403 3100 466 pontificem
3131 403 3399 472 decipere,
3433 404 3592 488 eique
3631 405 3812 456 subia-

555 495 789 550 .credere
813 501 1042 564 oportet.
1067 507 1130 545 ac
1153 491 1195 544 si
1219 505 1319 559 ego
1346 491 1826 558 ilt‘tpr:DSL‘tlli:tt‘tttlt
1850 489 2139 542 adfuissem

569 585 850 653 oculisque
887 581 1166 635 vidissem.
1205 580 1338 632 Dum
1385 580 1616 646 quodam
1660 588 1898 662 tempore
1943 581 2146 647 przedi-

553 683 691 727 ctus
729 673 837 727 Leo
866 671 1190 724 venerabilis
1217 667 1456 738 pontifex
1492 667 1876 723 ecclesiasticis
1907 669 2144 722 intentus

571 769 800 838 negotiis
831 767 883 820 in
915 765 1084 821 Gallia
1115 776 1442 828 moraretur,
1474 781 1502 817 a
1531 766 1762 833 quodam
1793 766 1988 820 abbate
2035 781 2145 820 mo-

571 860 826 924 nasterii,
873 859 1044 914 sancti
1095 858 1427 912 confessoris
1476 857 1677 912 Christi
1708 859 1936 928 Remigii
1972 859 2146 929 ligna-

571 953 708 1005 rimn
725 951 976 1020 poculum
999 949 1392 1004 benedictionis
1407 965 1567 1003 causa
1593 950 1860 1016 oblatmn,
1878 953 2140 1019 suscepit;

569 1040 712 1108 quod
745 1039 1013 1102 videlicet,
1054 1053 1150 1108 pro
1177 1051 1362 1090 amore
1393 1037 1526 1090 tanti
1551 1038 1821 1108 pontificis
1850 1039 2002 1092 valde
2032 1039 2144 1093 dili-

569 1134 752 1203 gebat,
784 1147 846 1186 ac
875 1132 926 1185 in
976 1145 1042 1186 eo
1089 1129 1399 1185 refectionis
1447 1131 1578 1183 hora
1625 1131 1678 1183 in
1710 1144 1894 1185 mensa
1925 1131 2140 1196 sedens,

569 1223 752 1276 aureis
781 1230 837 1275 et
867 1221 1138 1291 argenteis
1168 1221 1522 1291 posthabitis,
1553 1221 1741 1274 bibere
1765 1231 2140 1275 consueverat.

553 1313 736 1383 ‘lgitur
757 1315 882 1368 dum
905 1311 1138 1382 quadam
1168 1311 1254 1366 die
1286 1313 1352 1364 ad
1381 1325 1622 1366 mensam
1645 1312 1852 1366 sedenti
1885 1312 2144 1382 pincerna

559 1421 634 1458 ex
668 1419 817 1459 more
845 1403 1096 1472 poculum
1127 1401 1286 1456 vellet
1313 1401 1611 1472 porrigere,
1667 1417 1770 1471 qua
1821 1403 2008 1458 nescio
2053 1417 2145 1456 ne-

557 1496 823 1566 .gligeulia
850 1496 1084 1550 tenentis
1112 1497 1176 1550 de
1204 1511 1364 1548 manu
1402 1496 1617 1560 cecidit,
1658 1511 1890 1564 moxque
1935 1497 2145 1550 confra-

569 1599 715 1642 (ιιιιιι
743 1589 796 1642 in
829 1597 1014 1657 partes
1059 1596 1143 1642 cst
1187 1587 1478 1658 (62').Cum
1525 1588 1756 1656 demque
1801 1589 2144 1644 beatissimus

563 1694 712 1747 papa
757 1677 838 1733 bis
873 1687 1058 1746 terque
1089 1677 1270 1730 vinum
1303 1679 1625 1746 requireret,
1673 1687 1726 1732 et
1756 1679 2015 1748 piucerna
2043 1681 2144 1735 hac

2251 501 2359 544 tum
2391 493 2622 545 officium
2675 494 2884 546 restitui
2928 495 3220 562 impetrare
3251 512 3264 546 :
3307 493 3492 562 sicque
3521 495 3590 547 ab
3632 507 3700 547 eo
3731 509 3818 548 ar-

2248 592 2400 648 cepta
2427 585 2676 650 pecunia,
2711 584 2936 637 Romam
2969 585 3132 637 venit.
3159 584 3398 654 Cumque
3427 601 3484 638 se
3505 585 3816 639 beatissimo

2248 672 2481 740 pontiﬁci
2531 683 2935 740 pricsentasset,
2995 674 3161 741 cmpit
3217 689 3274 727 se
3319 675 3424 727 huc
3474 674 3711 743 illucque
3759 685 3816 726 ut

2247 763 2472 818 callidus
2515 779 2736 832 serpens
2785 771 3026 826 vertere,
3079 764 3392 833 episcopum
3435 779 3592 818 suum
3643 764 3820 818 verbis

2249 853 2534 907 rhetoricis
2567 868 2848 917 excusare,
2875 853 3085 906 blandis
3111 865 3164 908 et
3193 852 3508 906 humillimis
3547 853 3816 922 precibus,

2249 951 2306 995 ut
2329 943 2676 996 interdictum
2723 942 2953 996 officium
2989 943 3203 1011 injuste.
3253 952 3312 996 ut
3343 943 3646 1006 asserebat,
3677 941 3818 994 abla-

2243 1042 2364 1086 tum
2395 1034 2614 1089 deberet
2661 1033 2910 1097 restitui,
2959 1033 3226 1102 flagitare.
3281 1031 3384 1087 Sed
3440 1049 3562 1088 eum
3593 1033 3646 1086 id
3678 1035 3816 1102 quoi

2247 1125 2554 1193 petebatur,
2584 1124 2684 1178 sibi
2722 1119 3044 1191 denegatum
3087 1123 3302 1188 fuisset,
3335 1139 3434 1177 nec
3459 1131 3583 1177 eum
3615 1133 3674 1175 ut
3703 1137 3816 1192 spc-

2247 1227 2480 1281 raverat,
2511 1220 2760 1289 dccipcre
2787 1231 2988 1290 posset,
3023 1237 3092 1276 ne
3116 1223 3180 1276 ad
3208 1222 3520 1291 episcOpum
3568 1236 3748 1283 suum,
3791 1237 3816 1272 a

2247 1321 2354 1375 quo
2397 1323 2502 1360 non
2553 1324 2773 1376 parvam
2803 1320 3086 1378 acceperat
3127 1311 3437 1380 pecuniam,
3471 1311 3588 1362 sine
3631 1308 3818 1361 effectu

2247 1399 2447 1453 reverti
2473 1401 2778 1468 videretur,
2826 1403 2970 1458 aliud
3020 1404 3313 1474 exquisivit
3344 1405 3620 1474 ingenium
3651 1423 3662 1456 :
3695 1405 3818 1458 adiit

2249 1491 2564 1559 apostolica!
2595 1493 2742 1548 sedis
2769 1494 3196 1558 'caneellarium,
3236 1497 3392 1564 eique
3431 1495 3615 1548 oblato
3651 1494 3819 1564 pretio

2247 1583 2518 1649 persuasit
2571 1591 2630 1635 ut
2681 1584 2784 1638 sibi
2851 1586 3080 1640 furtivas
3128 1587 3364 1652 litteras,
3423 1597 3478 1641 et
3527 1587 3820 1656 apostolico

2247 1675 2422 1744 sigillo
2444 1667 2714 1746 signatas,
2738 1679 2802 1732 ad
2833 1696 2990 1734 stium
3020 1681 3336 1750 episcopum
3362 1683 3685 1738 deferendas
3726 1683 3820 1738 tri-

571 1769 640 1844 de
673 1783 836 1822 causa
892 1769 1076 1822 venire
1124 1766 1404 1833 differret,
1460 1769 1766 1822 nuntiatum
1813 1781 1894 1824 est
1922 1773 1969 1824 ei
2003 1772 2142 1840 quod
2177 1783 2220 1838 Β
2249 1766 2459 1834 liueret,
2491 1785 2609 1838 quae
2633 1779 2688 1824 et
2711 1771 3014 1842 episcopale
3067 1771 3296 1826 oflicium
3317 1763 3380 1828 ὀι
3409 1776 3640 1843 gratiam
3697 1791 3818 1844 apo-

563 1841 819 1928 poculum
849 1861 902 1912 in
929 1875 1036 1928 quo
1063 1860 1252 1914 bibere
1282 1871 1668 1925 consueverat,
1693 1862 1759 1916 de
1789 1878 1947 1916 manu
1973 1863 2147 1918 feren-

576 1951 646 2004 tis
675 1951 986 2015 deeidisset,
1017 1951 1356 2020 fractumque
1391 1951 1608 2016 fuisset;
1642 1952 1782 2022 quod
1814 1952 1901 2006 ille
1925 1955 2148 2008 audiens

575 2043 727 2096 valde
787 2042 1035 2095 tristatus
1087 2051 1196 2102 est,
1251 2057 1358 2096 non
1417 2051 1622 2095 tantum
1672 2043 1870 2096 damno
1925 2044 2146 2113 scyphi,

575 2144 834 2206 quantum
867 2135 1008 2203 quod
1037 2149 1168 2188 vase
1199 2135 1264 2186 de
1303 2134 1636 2188 monasterio
1664 2133 1720 2186 S.
1747 2133 2001 2206 Remigii,
2055 2135 2146 2188 be-

575 2228 896 2282 nedictionis
929 2243 1091 2282 causa
1116 2235 1360 2295 accepto,
1411 2242 1470 2280 se
1497 2225 1816 2279 frustratum
1867 2227 2144 2290 cernebat,

571 2319 781 2387 sibique
799 2317 1103 2372 astantibus
1133 2335 1146 2370 :
1173 2317 1449 2382 Fructum,
1484 2315 1636 2381 mihi,
1669 2316 1864 2384 inquit,
1887 2318 2145 2386 scyphum

571 2409 780 2466 afferte.
820 2409 1064 2478 Cumque
1095 2409 1194 2463 sibi
1219 2407 1441 2461 allatum
1459 2407 1920 2470 fuissel,eerncns
1941 2418 2148 2461 utraut-

559 2519 678 2572 ,ιιυο
711 2503 1024 2562 fracturam.
1055 2502 1482 2570 omnipotentem
1518 2501 1801 2553 Dominum
1825 2499 2148 2569 deprecatus

571 2606 655 2650 est
706 2604 764 2649 ut
811 2594 1020 2650 meritis
1065 2593 1128 2647 Β.
1158 2592 1386 2662 Remigii
1437 2591 1666 2646 fractum
1705 2592 1806 2645 sibi
1855 2592 2145 2662 scyphum,

574 2701 733 2755 quem
775 2700 873 2755 pro
896 2699 1082 2739 amore
1108 2683 1226 2752 ejus
1262 2693 1542 2753 tantopere
1572 2683 1847 2752 diligebat,
1896 2668 2149 2738 restitue-

575 2785 678 2832 ret.
719 2776 948 2846 Moxque
975 2775 1202 2829 alteram
1231 2784 1440 2844 partem
1478 2774 1636 2829 alteri
1667 2775 1930 2843 adiunxit,
1959 2775 2147 2844 sicque

573 2867 764 2920 eodem
789 2873 1064 2920 momento
1089 2864 1351 2919 solidatas
1371 2870 1458 2918 est
1487 2872 1543 2917 ut
1586 2865 1788 2918 mdium
1825 2865 1880 2918 in
1906 2864 2148 2932 eo,quod

573 2956 779 3009 fractus
829 2954 1060 3018 fuisset,
1107 2954 1362 3008 indicium
1413 2965 1748 3018 remaneret,
1801 2957 2008 3010 eunetis
2054 2957 2148 3025 qui

573 3047 803 3100 aderant
828 3045 1245 3110 admirantibus,
1271 3061 1334 3100 ac
1365 3046 1416 3099 in
1445 3045 1562 3115 ejus
1589 3047 1936 3100 veneratione
1967 3046 2147 3100 accla-

574 3139 866 3194 mantihus.
897 3138 990 3192 llle
1019 3154 1123 3192 non
1152 3139 1264 3193 suis
1289 3139 1414 3202 hoc,
1446 3140 1540 3191 sed
1571 3137 1630 3190 Β.
1661 3138 1892 3208 Remigii
1936 3138 2148 3194 meritis

573 3233 837 3298 imputare
861 3230 1044 3300 erepit,
1075 3230 1229 3301 cujus
1251 3231 1314 3284 de
1339 3230 1693 3295 monasterio,
1717 3231 2001 3286 charitatis
2024 3246 2148 3301 gra-

571 3321 667 3382 tia,
697 3319 746 3372 id
781 3335 977 3374 munus
1007 3328 1321 3390 acceperat.

646 3412 978 3482 Theophilus.
1005 3411 1060 3466 in
1096 3413 1196 3466 hoc
1225 3414 1526 3482 utriusque,
1551 3411 1839 3466 alteriusve
1861 3412 2146 3478 miraculo,

572 3506 702 3560 illud
728 3507 789 3558 Β.
814 3505 876 3560 Ρ.
902 3505 1180 3560 Benedicti
1226 3511 1292 3560 de
1335 3521 1396 3560 re
1441 3505 1568 3560 iicet
1593 3505 1864 3570 dissimili,
1899 3505 2150 3560 similiter

569 3598 753 3666 audio,
786 3598 1018 3666 primum
1046 3597 1296 3650 renovari
1331 3596 1676 3659 miraculum,
1701 3596 1828 3649 dum
1869 3597 1920 3649 in
1965 3603 2149 3664 partes

573 3689 804 3741 divisum
837 3685 1072 3752 rejunxit
1102 3684 1672 3754 capisterium.((}rcg.
1705 3687 1793 3738 (ib.
1825 3703 1885 3750 ll,
1909 3683 2146 3754 Dialog.)

643 3779 968 3832 Desidcrius.
1001 3779 1217 3832 Interim
1267 3788 1348 3842 te,
1398 3778 1714 3831 charissime
1753 3776 1948 3844 frater,
1989 3777 2148 3831 silere

571 3879 814 3939 oportet,
865 3879 1133 3937 quatenus
1184 3870 1424 3922 intentus
1475 3868 1654 3921 animo
1686 3868 1750 3920 ad
1803 3869 1915 3920 haec
1945 3867 2010 3920 de
2055 3867 2146 3920 illo

575 3959 778 4027 majora
805 3974 1124 4028 cognoscas.
1149 3957 1268 4012 Alio
1318 3958 1498 4024 itaque
1531 3965 1769 4026 tempore
1808 3957 1970 4027 (sicut
2014 3959 2143 4010 mihi

571 4050 831 4121 pr:efatus
863 4065 998 4120 papa
1025 4049 1318 4117 Gregorius
1347 4047 1550 4116 retulit)
1582 4047 1802 4116 quidam
1846 4046 2142 4101 Galliarum

571 4143 882 4212 cpiscopus,
911 4143 980 4196 ab
1001 4143 1191 4196 eodem
1217 4141 1474 4211 pontifice
1495 4140 1673 4192 Leone
1699 4138 1876 4192 fuerat
1900 4139 2142 4208 episcopi

573 4239 780 4290 honore
809 4249 1134 4305 suspensus;
1168 4233 1322 4296 cuius
1360 4231 1578 4302 quidam
1613 4235 1916 4302 presbyter,
1951 4230 2145 4286 Giber-

574 4338 658 4380 tus
687 4329 928 4393 nomine,
961 4325 1226 4380 facundus
1247 4341 1516 4388 sermone,
1539 4332 1594 4378 et
1627 4325 1824 4379 litteris
1858 4325 2000 4378 haud
2024 4339 2138 4378 me-

573 4417 832 4470 diocriter
877 4417 1153 4478 eruditus,
1203 4416 1378 4468 eidem
1433 4416 1754 4482 promiserat
1802 4415 2054 4484 episc0po
2084 4429 2142 4468 se

573 4504 800 4560 Romam
849 4506 1068 4570 venire,
1105 4515 1268 4559 atoue
1321 4503 1530 4559 callidis
1586 4505 1698 4558 suis
1748 4503 2143 4559 assertionibus

646 4661 758 4732 (ϐξ)
798 4659 984 4715 Sancti
1017 4661 1210 4732 Leonis
1235 4675 1384 4732 papae
1406 4655 1681 4732 deft-aeto
1706 4655 1874 4710 calice
1901 4655 2144 4732 ‘miracu-

575 4721 683 4784 lum
728 4721 989 4785 recitatur
1027 4731 1192 4804 etiam
1231 4721 1368 4804 apud
1402 4727 1460 4781 S.
1496 4729 1798 4804 llrunonem
1830 4721 2142 4804 episcopum

575 4801 849 4867 Signiens.
895 4801 948 4854 in
979 4801 1099 4854 Vita
1138 4795 1358 4862 Leonis,
1406 4807 1461 4852 et
1503 4797 1699 4850 Baron.
1749 4811 1876 4847 alin.
1930 4795 2143 4848 Domini

575 4869 734 4934 1049,
761 4885 908 4922 ιιιιιη.
938 4869 1026 4922 28.
1259 4889 1268 4898 -
1793 4903 1848 4934 Α.

648 4931 1053 5012 (65)-Βίρῖβςιιιι·
1074 4939 1366 5012 etiam_hoc
1387 4935 1706 5012 inira-culum
1735 4951 1762 4987 a
1793 4931 1986 5012 Baron.
2013 4949 2140 5012 ann.

573 5003 786 5064 Domini
835 5008 997 5072 1049,
1038 5025 1185 5062 num.
1237 5009 1328 5062 29.
1376 5007 1708 5062 Gravitatem
1743 5019 1869 5056 vero
1901 5003 2146 5056 criminis

577 5079 834 5134 Simonite
894 5079 1283 5132 demonstravit
1339 5077 1544 5145 pariter
1599 5075 1762 5145 etiam
1819 5072 2142 5140 supplicium

573 5149 767 5203 Justini
823 5149 1186 5218 imperatoris,
1235 5143 1423 5214 qui'in
1464 5143 1786 5218 phrenitidis
1815 5145 2058 5195 morbum
2091 5147 2145 5192 et

575 5221 842 5274 insaniam
900 5215 1088 5272 incidit
1135 5235 1146 5270 :
1195 5218 1268 5270 ita
1321 5225 1380 5266 ut
1427 5215 1558 5268 nihil
1611 5215 1901 5280 quidquam
1957 5225 2142 5262 earum

575 5305 756 5342 rerum
775 5357 778 5360 Α
800 5302 916 5360 qure
933 5356 946 5360 _
967 5289 1159 5360 fierent
1199 5285 1564 5360 intelligeret.
1587 5283 1956 5360 N_ice|)|i._sVIt
1987 5281 2142 5360 hist”

2251 1859 2456 1914 stolicac
2501 1862 2645 1915 sedis
2691 1863 2791 1916 sibi
2845 1865 3108 1916 redditam
3147 1863 3539 1934 significarent.
3583 1867 3712 1932 Quae
3741 1881 3820 1920 res
3885 1935 3892 1940 _

2251 1949 2466 2002 beatum
2501 1951 2734 2005 Leonem
2767 1954 2988 2006 minime
3012 1954 3191 2020 latuit,
3221 1969 3456 2024 moxque
3507 1955 3818 2025 praedictum

2251 2041 2623 2110 presbyterum
2682 2043 2994 2109 advocatis,
3047 2055 3272 2114 accepta
3321 2061 3483 2114 quam
3548 2047 3810 2100 obtulerat

2249 2133 2500 2200 pecunia,
2527 2134 2684 2201 eique
2713 2134 2764 2187 in
2809 2151 3025 2188 manum
3076 2137 3330 2202 mittens,
3381 2138 3516 2192 dixit
3543 2155 3557 2190 :
3592 2137 3816 2191 Pecunia

2253 2233 2341 2278 tua
2377 2233 2552 2278 tecum
2584 2227 2654 2280 sit
2679 2227 2729 2280 in
2761 2243 2856 2298 per
2880 2229 3144 2292 Iitionem,
3177 2231 3300 2300 quia
3331 2232 3530 2285 donum
3581 2233 3673 2285 Dei
3715 2231 3820 2286 fur-

2252 2314 2346 2368 tim
2394 2319 2608 2372 tentasti
2655 2319 2899 2388 pecuniis
2949 2321 3226 2390 possidere
3275 2323 3413 2388 (Ασι.
3462 2325 3609 2392 vin).
3659 2321 3816 2390 Cujus

2251 2423 2554 2463 sermonem
2589 2410 2769 2464 divina
2799 2411 2930 2465 ultio
2955 2429 3075 2466 mox
3103 2424 3284 2466 secuta
3315 2425 3417 2478 est,
3443 2415 3514 2468 ita
3541 2425 3596 2468 ut
3621 2416 3814 2470 amissa

2251 2508 2430 2553 mente
2477 2501 2544 2554 ab
2595 2499 2681 2554 illa
2729 2501 2818 2556 die
2853 2517 3023 2572 usque
3063 2519 3202 2558 nunc
3249 2505 3445 2574 ubique
3477 2508 3818 2574 vagahundus

2251 2593 2485 2657 incedat,
2517 2597 2617 2648 nec
2641 2594 2746 2649 ulla
2797 2596 2987 2651 dotnus
3015 2597 3095 2650 vel
3127 2597 3364 2651 claustra
3403 2599 3540 2652 ultra
3579 2600 3714 2652 duos
3743 2599 3818 2652 vel

2251 2691 2363 2738 tres
2387 2684 2504 2738 dies
2534 2700 2656 2739 eum
2686 2681 2899 2740 valeant
2930 2687 3166 2742 retinere
3191 2689 3327 2758 (625).

2247 2799 2252 2802 ·
2326 2777 2442 2842 Qua
2478 2777 2543 2830 de
2587 2791 2646 2830 re
2689 2785 2876 2846 aperte
2920 2779 3078 2832 datur
3115 2779 3340 2849 intelligi
3389 2781 3531 2850 quod
3582 2782 3818 2850 quisquis

2254 2867 2542 2922 temerario
2590 2881 2720 2922 ausu
2769 2868 2852 2922 vel
2904 2869 3150 2940 decipere
3219 2872 3300 2925 vel
3371 2874 3434 2924 ad
3493 2873 3816 2926 iracundiam

2249 2973 2548 3030 provocare
2577 2961 2869 3014 teutaverit
2896 2977 3051 3027 eum,
3081 2963 3168 3031 qui
3206 2963 3255 3016 in
3281 2962 3443 3030 justis
3473 2965 3678 3017 habitat
3703 2977 3815 3033 pro-

2253 3047 2339 3103 cul
2367 3049 2529 3104 dubio
2547 3049 2829 3104 Dominum
2852 3049 3103 3108 offendit:
3137 3052 3294 3121 cujus
3316 3063 3368 3107 et
3395 3055 3662 3108 vindicem
3689 3056 3816 3108 isam

2177 3124 2220 3184 C
2251 3139 2306 3194 in
2333 3155 2390 3194 se
2424 3141 2647 3208 sentiat,
2679 3156 2838 3211 quam
2874 3157 2980 3198 non
3015 3155 3298 3214 expertam
3333 3154 3536 3200 temere
3582 3147 3818 3201 devitarc

2249 3228 2583 3298 neglexerat.

2325 3320 2656 3389 Theophilus.
2695 3321 2770 3375 Ita
2793 3331 2878 3376 est
2913 3331 2968 3375 ut
2997 3323 3216 3388 asscris,
3251 3324 3365 3388 sed,
3411 3339 3595 3393 quireso
3647 3335 3717 3388 te,
3753 3323 3814 3376 de

2247 3412 2450 3467 virtute
2478 3413 2611 3466 tanti
2644 3411 2848 3478 Patris,
2873 3414 2916 3468 si
2947 3431 3050 3484 qua
3082 3415 3256 3470 adhuc
3283 3425 3572 3471 occurrunt
3603 3418 3811 3478 animo,

2251 3501 2626 3556 incunctanter
2653 3519 3004 3573 prosequere.

2319 3590 2648 3644 Desiderius.
2681 3593 2814 3646 Dum
2845 3595 3190 3650 beatissimus
3235 3595 3470 3664 pontifex
3525 3596 3633 3650 Leo
3662 3597 3815 3664 quiu-

2249 3695 2356 3750 que
2377 3697 2473 3751 per
2493 3697 2664 3734 annos
2693 3683 2951 3738 divinitus
2973 3686 3072 3739 sibi
3095 3701 3414 3740 concessum
3457 3688 3814 3740 sacerdotium

2247 3769 2335 3838 pie
2365 3784 2428 3824 ac
2455 3769 2862 3836 religiosissime
2898 3773 3325 3840 administraret,
3357 3777 3424 3829 ab
3455 3775 3554 3831 hac
3581 3776 3812 3830 instabili

2249 3859 2368 3915 luce
2389 3860 2454 3913 ad
2487 3859 2784 3927 Christum,
2816 3863 2904 3932 qui
2939 3879 3065 3918 vera
3092 3875 3143 3918 et
3167 3876 3366 3920 teterna
3405 3867 3494 3919 lux
3527 3878 3634 3930 est,
3658 3867 3817 3921 cado-

2249 3970 2366 4008 rum
2385 3953 2694 4009 lactantibus
2711 3956 2940 4018 civibus,
2967 3957 3222 4022 angelicis
3245 3960 3534 4014 subvectus
3569 3960 3816 4012 manibus

2249 4047 2622 4116 commigravit
2663 4047 2801 4116 (ϐιῑ).
2853 4049 2915 4100 Ει
2959 4048 3033 4102 illi
3079 4050 3295 4116 quidem
3328 4051 3614 4118 paradisus
3649 4051 3816 4120 patuit

2247 4144 2560 4189 sanctorum
2595 4145 2810 4206 recepto
2837 4139 3132 4192 consortio.
3188 4139 3293 4193 Sed
3325 4141 3508 4194 infelix
3563 4143 3810 4200 mundus,

2246 4229 2336 4298 qui
2364 4227 2520 4282 talem
2551 4229 2860 4296 pontificem
2909 4231 2999 4284 diu
3041 4231 3240 4284 habere
3269 4247 3374 4285 non
3407 4234 3622 4286 meruit.
3655 4233 3816 4298 Cujus

2247 4327 2365 4387 post
2391 4319 2596 4372 obitum
2627 4318 2790 4370 multa
2819 4327 2875 4372 et
2903 4335 3097 4388 magna
3120 4321 3187 4374 ad
3209 4322 3327 4387 ejus
3371 4323 3634 4375 tmnulum
3667 4323 3802 4376 aliis-

2247 4423 2350 4477 que
2391 4407 2440 4460 in
2477 4407 2608 4461 locis
2660 4424 2758 4476 per
2802 4424 2924 4462 cum
2977 4410 3202 4464 Domino
3251 4412 3521 4466 tribuente
3568 4414 3810 4467 clarucre

2247 4497 2506 4552 miracula
2541 4496 2672 4569 (65).
2706 4497 2748 4552 Ε
2780 4499 2975 4572 quibus
3002 4500 3218 4555 omissis
3243 4501 3452 4556 caneris
3475 4502 3581 4558 duo
3607 4513 3808 4556 tantum

2247 4648 2436 4723 deinde
2483 4649 2904 4723 conspiciantur,
2954 4667 3250 4722 verumque
3301 4657 3652 4723 experiantur
3691 4657 3810 4710 illud

2247 4720 2448 4784 dictum
2478 4733 2490 4770 :
2512 4718 2692 4794 pomo
2721 4735 2817 4788 per
2857 4737 3068 4794 eaquae
3097 4718 3316 4794 peccat,
3351 4718 3448 4794 per
3478 4727 3666 4780 eadem
3701 4739 3808 4794 tor-

2247 4797 2462 4866 quetur.
2584 4805 2743 4866 quam
2791 4788 3047 4846 terribilis
3091 4788 3233 4846 Deus
3285 4788 3610 4850 iii-consilis
3655 4793 3810 4866 super

2246 4857 2385 4911 filios
2409 4859 2684 4912 hominum
2707 4860 2719 4912 !
3033 4921 3036 4924 Α

2318 4926 2430 5000 (lii)
2454 4927 2707 5000 QbiituS.
2735 4928 2843 5000 Leo
2875 4945 3049 4986 nonus
3087 4931 3326 5000 Pontifex
3372 4933 3514 4987 Max.
3549 4951 3679 4988 ann.
3711 4937 3808 4990 Do-

2247 4997 2382 5068 mini
2411 4997 2568 5068 1954,
2600 4998 2686 5068 die
2735 4999 2800 5052 19
2846 4997 3252 5068 Αριίιίε,“ῐιιι’ἰίι
3299 5005 3477 5066 tertia,
3503 5013 3558 5059 et
3592 5006 3644 5058 in
3677 5008 3810 5060 Mar-

2249 5067 2594 5140 tyrol._ltom.
2627 5067 2767 5121 inter
2798 5067 3016 5126 sanctos
3039 5071 3362 5140 adscriptus,
3397 5091 3518 5128 cum
3555 5078 3806 5128 lettttiSat‘l

2245 5136 2614 5204 pontificatum
2655 5153 2824 5192 annos
2857 5141 3114 5210 quinque,
3157 5136 3370 5196 menses
3411 5145 3570 5204 duos,
3612 5155 3662 5196 et
3700 5147 3808 5194 dies

2247 5215 2390 5259 υειο.

2249 5344 2259 5356 ι
2317 5275 2429 5345 (65)
2469 5275 2544 5329 De
2569 5275 2846 5360 miraculis
2867 5280 3384 5360 sannctinLeonisutam
3413 5283 3626 5346 in.vita,
3653 5297 3806 5353 quam
