4044 5360
263 315 285 366 l
297 316 402 370 009

1549 315 1838 372 DLXLOGI.
1873 343 1940 359 υ
1973 317 2098 376 LIB.
2143 323 2225 378 ΙΙΙ.

3385 331 3522 388 uno

263 429 409 500 (quia
460 431 526 484 ad
569 431 794 486 aliorum
836 441 984 500 gesta
1031 435 1298 487 narranda
1347 433 1562 502 festina)
1599 434 1836 487 mditiea-
1867 425 2200 502 A'quentem
2235 439 2526 494 adducunt.
2562 440 2862 511 Regressus
2899 443 3064 512 igitur
3102 443 3387 514 episcopus
3417 445 3524 502 Ro-

263 519 427 574 tiouis
456 531 630 588 gratia
663 522 788 576 huic
819 521 1006 576 libello
1037 523 1376 578 subuectant.

338 609 526 664 Victor
550 627 710 680 papa,
737 613 829 682 qui
865 611 916 666 in
955 611 1220 684 regimine
1251 616 1572 670 sacerdotali
1621 616 1668 670 ei
1715 633 1839 671 suc-

261 709 507 756 cesserat
537 703 650 772 (66)
699 704 864 771 (sicut
910 717 938 756 a
987 703 1244 759 veridicis
1297 707 1428 760 viris
1471 709 1625 761 nobis
1675 709 1842 764 relata

261 793 412 860 sunt)
443 793 626 846 audita
651 793 790 846 fama
833 793 1218 850 miraculorum
1253 795 1389 865 ejus,
1418 799 1558 868 quod
1601 815 1698 868 per
1720 817 1840 854 eum

264 883 528 938 Dominus
557 885 681 938 talia
704 895 1044 953 operaretur,
1067 885 1225 942 (idem
1251 903 1356 942 non
1381 891 1840 946 accommodabat.

263 975 370 1030 Sed
400 978 551 1046 quia,
593 987 652 1032 ut
675 980 752 1031 ait
784 980 1075 1049 Apostolus
1101 997 1116 1034 :
1148 979 1363 1052 Linguis
1407 983 1460 1038 iu
1487 985 1692 1054 signum
1722 995 1842 1038 sunt

265 1087 368 1122 non
406 1071 648 1138 ﬁdelibus
704 1074 793 1125 sed
820 1073 1118 1142 infidelibus
1147 1075 1210 1147 (1
1244 1075 1369 1130 Cor.
1421 1077 1556 1148 xxv),
1588 1078 1846 1150 Omnipo-

265 1169 386 1214 tens
435 1161 692 1217 Dominus
717 1165 1094 1236 experimento
1131 1183 1252 1222 eum
1283 1169 1478 1224 docere
1505 1169 1674 1224 voluit
1699 1185 1842 1240 qum,

263 1249 450 1304 audita
482 1267 512 1304 a
539 1253 802 1322 pluribus,
837 1257 1060 1312 minime
1081 1259 1306 1313 credere
1329 1259 1562 1315 volebat.

332 1339 614 1398 Curiensis
669 1347 888 1414 quidam
946 1349 1232 1420 episcopus
1295 1351 1406 1422 (67)
1457 1353 1608 1422 cujus
1649 1369 1842 1409 nomen

263 1449 296 1488 θ
349 1438 610 1491 memoria
670 1441 903 1506 excidit,
945 1456 1066 1496 cum
1130 1459 1292 1516 supra
1353 1457 1656 1502 memorato
1717 1463 1848 1517 pou-

263 1527 409 1582 tiiice
451 1527 666 1586 Victore
713 1548 742 1586 a
791 1533 1080 1590 Germania
1135 1537 1378 1604 veniens,
1419 1538 1534 1608 ejus
1575 1541 1626 1594 in
1684 1543 1843 1596 obse-

265 1620 394 1686 quio
457 1620 642 1676 Roma:
706 1627 1065 1694 morabatur;
1137 1629 1224 1684 hic
1293 1646 1520 1700 puerum
1581 1633 1648 1687 ab
1689 1642 1846 1688 utero

264 1714 460 1768 uzatris
538 1727 744 1772 mutum
821 1719 1104 1788 habebat,
1184 1739 1380 1792 quem.
1419 1739 1518 1794 pro
1595 1726 1846 1782 mercede

260 1803 460 1858 anima:
513 1821 622 1860 sua:
673 1823 903 1876 pascens
939 1825 1003 1864 ac
1039 1813 1308 1876 vestiens,
1358 1829 1682 1884 quocunque
1727 1816 1842 1868 ibat

261 1910 446 1950 secum
477 1897 674 1953 ducere
709 1911 1088 1966 consueverat,
1137 1905 1188 1958 in
1220 1903 1374 1974 cujus
1401 1921 1573 1960 vacuo
1603 1922 1699 1962 ore
1745 1923 1846 1964 nec

261 1986 527 2040 indicium
549 1989 766 2058 quidem
798 1991 992 2062 linguae
1022 1995 1198 2050 inesse
1221 1996 1522 2050 videbatur.
1557 1998 1655 2066 Qui
1679 1999 1844 2054 etiam

261 2079 551 2148 episcopus
600 2097 662 2136 ex
713 2083 1052 2142 mirabilibus
1100 2088 1166 2142 ad
1227 2089 1286 2141 li.
1335 2089 1531 2144 Leonis
1583 2091 1846 2146 tumulum

259 2171 518 2236 patratis,
545 2171 796 2228 similiter
831 2185 1066 2247 utpapa,
1097 2177 1430 2234 incredulnm
1475 2163 1712 2236 animum
1751 2199 1847 2252 ge—

261 2259 440 2312 rebat.
475 2261 610 2316 Cum
655 2263 818 2334 igitur
841 2268 1074 2334 quadam
1103 2267 1192 2324 die
1217 2271 1284 2323 ad
1311 2271 1496 2324 sedem
1523 2273 1606 2326 sui
1634 2274 1846 2342 episco-

259 2365 458 2426 patus,
508 2358 620 2428 jam
672 2371 894 2432 accepta
931 2363 1178 2432 licentia,
1235 2368 1430 2422 reverti
1475 2370 1848 2436 decrevisset,

259 2450 550 2504 ecclesiam
581 2452 642 2506 D.
687 2453 832 2508 Petri
864 2455 1092 2522 apostoli
1123 2459 1389 2512 orationis
1435 2461 1612 2528 gratia
1643 2461 1850 2528 ingrcs-

261 2557 376 2608 sus,
417 2553 704 2613 postquam
753 2545 810 2600 Β.
846 2546 1006 2602 Petro
1047 2563 1106 2604 se
1163 2551 1418 2604 attentius
1451 2552 1852 2606 commendavit

261 2637 374 2690 suis
403 2652 526 2690 cum
556 2637 866 2700 clientibus.
893 2641 1050 2710 equis
1079 2643 1342 2708 ascensis,
1373 2659 1540 2711 puero
1573 2648 1624 2697 in
1659 2645 1848 2698 eadem

261 2729 498 2784 ecclesia
539 2729 726 2792 oblito,
777 2730 1004 2786 festinus
1063 2734 1206 2786 viam
1259 2749 1380 2802 qua:
1412 2749 1534 2788 eum
1576 2735 1642 2787 ad
1699 2751 1852 2788 suam

263 2820 495 2874 ducebat
527 2819 778 2890 patriam.
828 2835 1082 2890 egressus
1111 2823 1252 2878 Urbe
1272 2865 1286 2888 ,
1319 2826 1682 2894 gradiebatur.
1719 2825 1850 2878 Cum

262 2911 450 2982 itaque
493 2913 822 2982 longiuscule
868 2916 1044 2970 adhuc
1083 2925 1234 2972 esset
1279 2917 1346 2972 ab
1387 2917 1528 2972 Urbe
1557 2916 1830 2986 profectus

264 3013 494 3074 repente.
519 3006 566 3058 ei
599 3007 648 3058 in
677 3007 994 3060 memoriam
1027 3009 1184 3063 rediit
1221 3009 1366 3078 quod
1399 3020 1604 3062 tantum
1629 3025 1850 3078 puerum

265 3096 318 3150 in
351 3095 590 3150 ecclesia
641 3095 702 3148 Β.
739 3095 886 3150 Petri
925 3098 1250 3167 reliquisset.
1293 3099 1393 3166 Qui
1427 3115 1548 3151 mox
1589 3099 1848 3158 substitit.

265 3203 329 3242 ac
381 3187 620 3242 famulos
665 3203 812 3252 suos,
861 3203 890 3240 a
946 3189 1142 3256 quibus
1199 3205 1330 3258 puer
1369 3189 1551 3244 reduci
1605 3191 1848 3252 deberet,
1880 3163 1921 3220 α

265 3281 534 3350 quosdam
571 3281 799 3334 remisit.
828 3281 994 3348 igitur
1029 3297 1152 3336 cum
1192 3283 1264 3336 illi
1303 3281 1672 3350 apostolorum
1703 3283 1844 3350 prin-

267 3371 404 3440 cipis
437 3371 712 3424 hasilicam
741 3381 922 3424 essent
955 3373 1206 3441 ingressi,
1239 3374 1580 3442 conspiciunt
1625 3389 1850 3442 puerum

267 3468 396 3514 ante
431 3459 700 3512 tumulqu
749 3459 808 3512 Β.
849 3460 1046 3513 Leonis
1085 3468 1344 3524 stantem,
1389 3471 1552 3530 atque.
1604 3477 1726 3516 cum
1767 3461 1852 3514 bis

266 3551 358 3619 qui
391 3552 822 3606 circumstabant
863 3551 1194 3622 loquentem.
1229 3553 1336 3606 Illis
1369 3553 1552 3622 itaque
1601 3553 1850 3608 miranti«

269 3643 370 3698 bus
402 3653 458 3699 et
490 3645 723 3714 qualiter
747 3647 849 3720 hoc
877 3647 977 3700 sibi
1008 3646 1278 3700 evenisset
1300 3646 1686 3715 qurereudbus,
1719 3659 1854 3713 puer

271 3735 450 3803 inquit
483 3753 496 3788 :
529 3738 820 3806 Postquam
853 3738 1100 3792 dominus
1127 3751 1277 3792 meus
1306 3739 1406 3792 hac
1437 3739 1488 3791 in
1514 3738 1738 3792 ecclesia
1765 3753 1852 3790 me

273 3825 587 3894 relinquens
627 3827 897 3891 discessit,
938 3830 1042 3882 huc
1081 3830 1148 3883 ad
1191 3830 1498 3898 sepulcrum
1548 3829 1606 3883 Β.
1653 3829 1850 3883 Leonis

273 3935 364 3976 me
393 3920 621 3980 contuli,
662 3921 706 3973 si
753 3920 892 3974 forte
934 3923 1277 3990 omnipotens
1309 3923 1564 3977 Dominus
1595 3921 1846 3985 ofﬁcium,

271 4025 379 4082 quo
421 4013 703 4076 carebam,
759 4013 910 4068 vocis
956 4015 1164 4070 meritis
1215 4015 1330 4085 ejus
1379 4015 1512 4070 mihi
1567 4017 1852 4068 restituere

271 4103 612 4172 dignaretur.
665 4101 773 4158 Nec
813 4117 932 4156 sum
987 4119 1126 4168 meo,
1164 4105 1304 4174 quod
1340 4105 1502 4160 corde
1537 4107 1850 4172 poscebam,

273 4204 400 4248 voto
439 4193 740 4257 fraudatus,
789 4195 882 4249 sed
921 4209 1042 4248 mox
1091 4204 1148 4248 ut
1188 4205 1313 4250 ante
1342 4197 1458 4266 ejus
1490 4197 1850 4250 venerandam

273 4286 596 4340 memoriam
619 4285 930 4358 lacrymans
953 4287 1343 4356 aliquantulum
1369 4287 1849 4357 prostratusjacui,

273 4376 420 4432 illico
479 4385 696 4446 recepta
747 4375 858 4448 (68)
913 4392 1044 4432 voce
1085 4377 1329 4445 loquens,
1388 4387 1446 4430 ut
1496 4377 1594 4448 ipsi
1637 4376 1852 4440 videtis,

1947 541 2166 581 manum
2251 531 2560 598 pontificem
2627 531 2800 596 adiit,
2873 541 2927 586 et
2989 533 3117 603 quid
3185 535 3525 604 omnipotens

1945 619 2208 674 Dominus
2239 635 2334 689 per
2379 619 2437 672 Β.
2487 619 2723 674 Leonem
2768 619 2982 692 cpcrari
3025 622 3276 694 dignatus
3309 625 3524 688 fuisset,

1945 711 2202 766 ostendit.
2255 711 2330 764 Ex
2383 721 2510 766 tunc
2550 723 2837 784 eruperunt
2890 715 2988 784 ipsi
3045 713 3160 784 ejus
3219 718 3526 772 veneranda

1945 802 2140 856 merita
2167 804 2376 858 cunctis
2406 805 2720 874 praedicare,
2757 821 2877 876 qum
2904 809 3026 863 aliis
3054 817 3211 866 antea
3245 810 3528 867 referenti—

1945 894 2046 948 bus
2069 909 2172 948 non
2205 895 2551 964 patiebantur
2583 897 2788 953 audire.

2019 981 2356 1054 Theophilus.
2399 987 2622 1044 Placent
2669 989 2796 1059 quia
2839 989 2974 1045 mira
3018 1001 3174 1058 sunt,
3215 993 3308 1048 sed
3358 996 3528 1065 magis

1945 1089 2070 1142 quia
2103 1089 2238 1128 nova
2271 1087 2412 1130 sunt.

2022 1166 2351 1224 Desiderius.
2397 1169 2630 1226 lllustris
2657 1173 2740 1226 vir
2765 1171 3052 1236 Maximus,
3079 1175 3338 1230 Romamn
3379 1178 3528 1230 urbis

1946 1263 2101 1326 civis,
2133 1279 2306 1334 nuper
2337 1266 2519 1319 retulit
2562 1269 2692 1323 mihi
2741 1269 2806 1322 de
2835 1267 3025 1322 eodem
3057 1271 3349 1324 venerabili
3387 1285 3527 1339 prae-

1948 1355 2064 1410 sule
2094 1373 2215 1426 qute
2243 1373 2428 1412 Iir'rro.
2463 1358 2772 1413 Bernardus
2805 1362 3022 1429 quidam
3063 1361 3306 1430 pessima:
3333 1362 3530 1416 mentis

1949 1447 2104 1502 miles
2133 1447 2362 1512 exstitit,
2392 1449 2484 1518 qui
2527 1451 2834 1518 apostolica:
2870 1452 2982 1506 sedi
3015 1453 3347 1508 contrarium
3387 1469 3445 1508 se
3477 1454 3530 1506 in

1948 1541 2198 1595 omnibus
2255 1540 2452 1608 quibus
2497 1541 2670 1608 potuit
2727 1543 2899 1596 modis
2947 1542 3256 1597 exhibebat.
3319 1541 3426 1596 Sed
3477 1543 3532 1596 in

1951 1633 2092 1687 bello
2135 1631 2276 1700 quod
2309 1649 2336 1685 a
2371 1633 2562 1686 vicinis
2590 1633 2732 1686 circa
2774 1632 2974 1688 Urbem
3003 1637 3368 1698 manentibus,
3403 1651 3532 1688 con-

1950 1725 2261 1794 jnrantibus
2309 1741 2429 1778 eum
2478 1723 2588 1796 (69)
2652 1725 2889 1780 Cadaloo
2939 1725 3218 1780 Parmensi
3279 1728 3532 1796 episeopo

1952 1815 2042 1884 qni
2075 1824 2202 1868 tunc
2233 1815 2580 1886 apostolicam
2613 1817 2796 1870 sedem
2840 1815 3092 1871 invadere
3123 1818 3382 1879 tentabat,
3409 1833 3530 1870 cum

1946 1887 2218 1959 militibus
2285 1909 2374 1976 qui
2438 1905 2736 1960 Romanam
2819 1907 3113 1960 Ecclesium
3178 1907 3536 1960 defendebant

1941 1985 2299 2052 ‘commissum
2331 2009 2434 2064 est,
2462 1997 2608 2068 justo
2641 1997 2732 2052 Dei
2755 1998 2959 2068 judicio
2986 1997 3274 2053 confossus
3303 1999 3530 2052 interiit.

1955 2087 2053 2142 llic
2086 2088 2270 2158 igitur,
2309 2089 2488 2142 audita
2525 2089 2664 2142 fama
2710 2089 3092 2142 miraculorum
3139 2103 3260 2157 qua“:
3288 2089 3538 2156 omnipo-

1955 2189 2075 2234 tens
2122 2182 2263 2236 Deus
2315 2179 2525 2234 meritis
2580 2181 2722 2234 beati
2777 2179 2975 2235 Leonis
3011 2177 3281 2235 fidelibus
3323 2182 3536 2250 pupulis

1957 2272 2269 2336 exhibebat,
2319 2289 2420 2324 non
2451 2271 2622 2325 solum
2670 2286 2775 2325 non
2813 2273 3095 2336 credebat,
3141 2288 3328 2326 verum
3367 2271 3536 2326 etiam

1956 2379 2050 2418 ore
2071 2365 2337 2432 sacrilego
2361 2363 2640 2417 deridebat
2668 2373 2723 2416 et
2753 2363 3182 2432 blaspbemabat.
3220 2363 3351 2418 Cum
3385 2363 3534 2417 deni-

1956 2471 2061 2524 que
2090 2455 2322 2522 quadam
2367 2455 2454 2508 die
2496 2455 2546 2507 in
2590 2461 2855 2507 conventu
2912 2461 3195 2522 appareret
3239 2453 3438 2522 populi,
3483 2463 3537 2506 et

1957 2559 2137 2598 sermo
2168 2544 2306 2596 inter
2338 2559 2430 2596 eos
2458 2545 2522 2598 de
2562 2543 2728 2614 signis
2758 2551 2814 2598 et
2841 2541 3131 2598 virtutibus
3163 2542 3306 2597 beati
3338 2541 3536 2596 Leonis

1957 2643 2179 2691 exortus
2208 2647 2372 2700 esset,
2397 2636 2559 2706 ca'pit
2585 2635 2814 2690 irridere
2842 2635 3065 2691 dicens:
3099 2635 3154 2690 Si
3189 2645 3407 2690 sanctus
3428 2645 3534 2700 est,

1957 2733 2016 2779 ut
2063 2725 2218 2789 dicis,
2267 2725 2555 2780 contrahat
2599 2727 2730 2778 mihi
2779 2725 3006 2794 digitum
3055 2740 3258 2792 meum,
3306 2741 3538 2794 cumque

1957 2822 2396 2884 compescerctur
2449 2815 2516 2868 ab
2558 2815 2622 2868 iis
2672 2815 2762 2884 qui
2811 2815 3082 2882 astabant,
3129 2831 3196 2869 ne
3243 2819 3309 2872 de
3348 2827 3538 2870 sancto

1955 2908 2074 2960 viro
2113 2906 2235 2960 talia
2287 2906 2619 2976 loqueretur,
2673 2907 2899 2962 dimisso
2949 2918 3218 2962 conventu
3263 2907 3532 2970 discessit.

1955 2999 2088 3054 Cum
2118 3015 2246 3054 ecce
2283 2999 2422 3052 forte
2449 3000 2600 3053 canis
2630 3000 2719 3067 qui
2763 3015 2884 3053 eum
2922 2999 3269 3070 sequebatur,
3302 3015 3452 3055 suem
3483 3000 3544 3054 iu-

1957 3089 2133 3157 platea
2169 3089 2444 3142 inventum
2479 3089 2694 3142 invasit.
2727 3089 2815 3142 llle
2843 3105 2971 3143 vero
3013 3104 3080 3143 ne
3109 3105 3307 3160 porcus
3335 3090 3540 3144 discer-

1957 3189 2198 3251 peretur,
2238 3180 2435 3234 festino
2485 3181 2745 3245 cucurrit,
2791 3189 2844 3236 et
2887 3181 3086 3248 injecta
3137 3199 3296 3236 manu
3347 3197 3536 3236 canem

1959 3284 2140 3330 tenere
2181 3275 2385 3340 voluit;
2434 3276 2526 3329 scd
2559 3291 2682 3328 mox
2721 3289 2920 3345 porcus
2953 3275 3124 3330 hianti
3168 3291 3262 3330 ore
3308 3275 3536 3344 digitum

1957 3367 2071 3434 ejus
2104 3367 2214 3436 (70)
2249 3367 2558 3433 momordit,
2605 3367 2792 3433 sicque
2839 3367 2906 3420 ab
2962 3365 3052 3436 illa
3094 3367 3182 3422 die
3222 3366 3370 3420 omni
3405 3377 3538 3420 tem-

1955 3475 2086 3530 pore
2121 3475 2228 3532 quo
2273 3459 2410 3512 vixit
2453 3459 2681 3530 digitum
2714 3465 3052 3512 contractum
3096 3459 3323 3526 habens,
3367 3457 3540 3512 nulla-

1957 3559 2112 3604 tenus
2142 3563 2263 3603 cum
2294 3551 2584 3603 extendere
2611 3551 2804 3618 potuit.
2837 3547 2992 3602 Unde
3022 3549 3226 3604 factum
3251 3559 3333 3604 est
3362 3551 3534 3619 utqui

1957 3641 2048 3695 Dei
2084 3639 2341 3695 fainuhnn
2370 3643 2596 3695 irridere
2620 3649 3059 3710 prmsumpserat,
3087 3641 3221 3710 ipse,
3255 3651 3536 3694 contracto

1957 3733 2144 3798 digito,
2189 3732 2440 3786 omnibus
2485 3731 2686 3786 derisui
2735 3731 3048 3786 haberetur.
3093 3731 3217 3785 “(EC
3264 3731 3330 3786 de
3380 3739 3534 3784 tanto

1956 3822 2115 3878 Patre
2145 3825 2202 3877 Β.
2229 3823 2406 3876 Leone
2436 3823 2578 3876 dicta
2612 3821 2896 3884 sufficiant,
2933 3831 3010 3886 ut,
3042 3822 3166 3891 quia
3201 3821 3265 3874 ad
3304 3820 3532 3875 aliorum

1957 3915 2231 3968 narranda
2285 3925 2434 3982 gesta
2486 3927 2862 3982 properamus,
2913 3913 3026 3978 alii,
3079 3914 3166 3967 cui
3217 3913 3385 3967 otium
3432 3921 3536 3972 est,

1955 4023 2075 4077 qua:
2105 4007 2270 4059 multa
2301 4007 2366 4060 de
2393 4005 2482 4058 illo
2510 4013 2562 4059 et
2592 4004 2924 4058 mirabiliora
2946 4003 3218 4070 dicuntur,
3249 4003 3539 4058 scribenda

1957 4096 2348 4164 relinquamus.

2029 4185 2178 4251 Quod
2227 4185 2483 4239 Dominus
2537 4185 2589 4237 in
2639 4183 2932 4254 Evangelia
2983 4182 3152 4237 dicit:
3184 4187 3346 4234 :‘ater
3397 4197 3540 4234 meus

1962 4291 2123 4344 usque
2178 4275 2332 4328 modo
2379 4283 2642 4343 operatur,
2678 4283 2723 4326 et
2773 4289 2864 4342 ego
2900 4287 3086 4340 operor
3109 4269 3295 4334 (Joau.
3335 4285 3390 4334 v,
3431 4271 3538 4338 l7},

1961 4369 2201 4437 quotidie
2234 4367 2506 4421 cernimus
2542 4365 2846 4432 adimpleri,
2871 4373 2926 4417 et
2955 4364 3177 4431 antiqua
3217 4362 3372 4416 novis
3405 4370 3542 4415 telum

273 4467 514 4524 surrcxi.
568 4468 650 4522 Αι)
701 4469 788 4522 ma
841 4470 1026 4538 itaque
1057 4470 1164 4532 die,
1206 4469 1346 4537 quod
1401 4469 1705 4524 mirabilius
1751 4479 1853 4534 ρει,
1887 4500 1928 4558 C
1963 4460 2182 4530 poribus
2211 4457 2466 4511 miracula
2495 4455 2764 4509 innovari.
2797 4453 2922 4509 “me
2949 4454 3128 4522 itaque
3151 4451 3540 4558 quidicturus

275 4565 444 4633 coepit
482 4564 536 4617 in
583 4579 680 4618 ore
729 4563 844 4633 ejus
891 4565 1096 4636 lingua,
1127 4581 1246 4634 qua:
1287 4563 1552 4630 defuerat,
1595 4565 1855 4634 paulatim

276 4669 550 4719 crescere,
587 4655 656 4708 ita
684 4667 740 4708 ut
770 4655 913 4710 intra
943 4671 1148 4726 paucos
1177 4657 1289 4710 dies
1314 4655 1471 4724 pleno
1498 4672 1592 4710 ore
1621 4657 1857 4726 linguam

279 4746 522 4814 perfecte
555 4748 840 4815 reciperet,
882 4757 936 4802 et
979 4750 1143 4804 verba
1187 4750 1308 4802 sine
1357 4750 1745 4817 impedimento
1774 4765 1859 4802 so-

280 4845 455 4889 naret.
504 4837 744 4904 Denique
785 4837 876 4906 qui
925 4838 1074 4891 missi
1119 4838 1334 4892 fuerant
1368 4848 1698 4894 curaverunt
1735 4855 1861 4908 pne.

285 4941 400 4979 rum
437 4927 502 4981 ad
533 4929 850 4998 episcopum
891 4931 1110 4994 ducere,
1160 4940 1216 4985 et
1245 4946 1402 4999 quem
1436 4941 1700 4986 tacentem
1739 4933 1862 4984 reli-

281 5027 496 5084 querat,
541 5019 688 5072 beati
728 5019 926 5072 Leonis
971 5021 1394 5092 suifragantibus
1441 5021 1648 5075 meritis
1685 5021 1734 5076 ei
1789 5023 1862 5078 Io-

1963 4567 2082 4606 sum
2131 4552 2266 4604 adeo
2293 4549 2438 4603 clara
2492 4555 2636 4614 sunt,
2687 4557 2746 4602 ut
2795 4561 2898 4601 non
2933 4545 3105 4600 solum
3141 4545 3193 4598 in
3231 4541 3538 4596 Florentina

1963 4641 2207 4704 dimccsi,
2259 4642 2310 4695 in
2357 4656 2462 4710 qua
2513 4639 2656 4694 facta
2701 4647 3023 4703 noscuntur,
3065 4650 3254 4690 verum
3290 4633 3540 4688 etiamin

1965 4743 2073 4787 tota
2120 4732 2350 4796 Tuscia,
2401 4745 2464 4784 ac
2521 4733 2576 4784 in
2630 4732 2792 4795 urbe,
2847 4743 2968 4799 qua:
2998 4735 3159 4797 caput
3195 4725 3380 4779 mundi
3433 4733 3538 4786 est,

1963 4827 2130 4879 ltoma
2162 4837 2373 4882 coastet
2397 4839 2516 4878 esse
2545 4822 2848 4877 notissima.

2033 4917 2144 4986 (7i)
2185 4917 2377 4975 Petrus
2409 4915 2626 4984 quidam
2657 4912 2886 4967 clericus
2916 4921 3018 4976 est,
3050 4911 3140 4982 qui
3177 4911 3388 4966 occulte
3416 4909 3546 4964 data

1964 5011 2192 5079 pecunia
2245 5011 2396 5080 regio
2445 5003 2774 5058 adminiculo
2823 5005 2877 5058 in
2925 5003 3184 5072 przedicta
3229 4999 3546 5056 Florentina
