4044 5360
526 269 660 327 1011

1828 260 2144 319 VICTORIS
2183 261 2247 317 Ill
2288 257 2484 316 ΡΑΡᾸΞ

3638 247 3769 305 1012

520 383 743 443 civitate
773 379 1089 436 cathedram
1135 378 1475 448 episcopatus
1524 376 1751 447 accepit.
1775 376 1910 432 Cum
1950 377 2096 431 deni-
2127 383 2170 437 Α
2201 374 2506 429 sacerdotio
2570 372 2790 427 minime
2866 368 3111 442 legaliter
3167 366 3430 439 acquisito
3495 365 3771 420 humiliter

523 490 625 546 que
665 489 694 527 a
748 471 962 527 clericis
1010 479 1064 524 et
1106 468 1321 540 populo,
1381 478 1437 522 ut
1487 467 1794 538 episcopum
1848 468 2095 532 decebat,

523 564 754 636 benigne
780 563 970 618 fuisset
997 569 1300 630 susceptus,
1335 568 1453 629 post
1472 575 1578 613 non
1609 559 1833 612 multum
1861 557 2094 627 spatium

526 657 788 727 temporis
817 655 929 726 (72)
964 654 1103 708 fama
1133 669 1229 724 per
1261 651 1499 721 ejusdem
1528 651 1869 721 episcopatus
1897 649 2096 706 ditece-

524 749 626 802 sim
660 745 928 801 increlmit
959 743 1124 814 quod,
1158 743 1476 798 Simoniaczc
1506 741 1727 797 haeresis
1748 751 1897 810 peste
1925 738 2095 793 foeda-

525 857 634 911 tus,
661 845 802 915 quod
828 842 1017 914 gratis,
1063 840 1290 896 Domino
1315 841 1556 910 jubente,
1596 840 1844 909 accipere
1867 846 1922 892 et
1968 836 2100 890 dare

523 944 784 993 statutum
810 943 911 1002 est,
942 933 1169 1003 pecunia
1199 940 1468 986 mercatus
1506 929 1685 986 fuerit.
1713 927 1957 997 Cumque
1989 936 2096 981 tam

523 1026 790 1082 horrenda
817 1034 872 1080 et
903 1034 1012 1078 tam
1047 1023 1377 1078 exsecranda
1406 1022 1549 1076 fama
1581 1021 1830 1092 primitus
1879 1019 1946 1074 ad
1975 1017 2100 1072 reli-

522 1117 819 1186 giosorum,
847 1113 1042 1168 dehinc
1065 1113 1132 1168 ad
1165 1127 1326 1167 aures
1355 1111 1496 1182 vulgi
1530 1109 1886 1180 pervenisset,
1919 1121 2100 1176 cmpe-

525 1213 649 1259 runt
685 1219 744 1259 se
808 1203 990 1272 plures
1037 1202 1106 1256 ab
1153 1199 1270 1269 ejus
1317 1200 1694 1256 communione
1735 1198 2093 1252 subtrahere:

524 1294 636 1364 (75)
679 1293 1030 1364 Romanoque
1060 1292 1299 1363 pontifici
1345 1305 1680 1360 quaecunque
1709 1303 1868 1358 super
1894 1287 1996 1342 hac
2041 1300 2096 1340 re

524 1395 914 1457 cognoverant,
945 1385 1128 1440 divino
1165 1383 1555 1439 exardescente
1599 1381 1734 1444 zelo,
1774 1379 2098 1435 studuerunt

525 1477 803 1530 intimare.
859 1475 982 1541 Qui,
1019 1473 1399 1544 episcoporum
1455 1470 1680 1527 consilio
1740 1476 2094 1538 congregato,

523 1568 773 1622 eumdem
816 1566 1151 1636 episcopum,
1194 1572 1252 1617 ut
1285 1578 1397 1618 rem
1425 1562 1714 1632 diligenter
1757 1567 2094 1628 agnosceret,

527 1659 867 1715 convocavit.
902 1657 1004 1713 Sed
1033 1673 1155 1710 eum
1186 1671 1245 1710 se
1277 1655 1482 1726 synodo
1507 1659 1910 1725 praesentasset,
1938 1664 2095 1704 accu-

2201 461 2437 526 cederet,
2494 475 2592 515 nec
2635 458 2734 514 sibi
2782 457 3000 526 suisque
3039 453 3326 526 subjectis,
3367 453 3565 523 quibus
3597 454 3770 508 incre-

2202 560 2384 606 mento
2447 565 2567 605 esse
2616 549 2899 615 debuerat,
2949 546 3278 601 detrimento
3331 543 3490 598 foret.
3537 543 3671 597 lllud
3708 542 3773 597 de

2201 639 2494 712 Evangelio
2539 639 2588 696 ei
2631 655 2774 710 saepe
2822 652 3154 708 proponens,
3195 636 3466 706 quomodo
3515 634 3774 689 Dominus

2198 730 2354 788 Jesus
2397 731 2693 786 vendentes
2735 739 2790 785 et
2842 738 3087 784 eruentes
3133 727 3414 781 columbas
3451 725 3519 780 de
3570 724 3773 792 templo

2199 818 2508 888 projeccrit,
2537 817 2936 887 cathedrasque
2968 815 3320 879 subverterit,
3349 823 3405 868 et
3431 830 3506 869 ars
3529 830 3778 868 nummu-

2201 909 2456 964 lariormu
2497 907 2748 980 ell‘uderit
2795 907 2976 980 (Joan.
3027 922 3089 971 tt,
3121 902 3233 976 l5).
3265 904 3513 960 videlicet
3549 905 3773 960 demono

2200 1011 2384 1056 strans
2427 1009 2485 1053 ut
2516 999 2826 1070 quicunque
2857 995 3094 1067 Spiritus
3139 995 3311 1050 sancti
3361 995 3586 1060 donum,
3635 992 3773 1063 quod

2199 1106 2296 1160 per
2317 1090 2621 1146 colmnbam
2647 1089 3002 1160 significatur,
3038 1087 3234 1141 ductus
3253 1086 3503 1151 avaritia,
3532 1083 3619 1139 vel
3640 1100 3771 1138 vana

2201 1181 2371 1252 gloria
2423 1180 2620 1246 elatus,
2656 1179 2830 1248 pretio
2877 1177 3158 1246 acquirere
3208 1175 3290 1229 vel
3328 1175 3561 1230 vendere
3607 1182 3778 1228 lentae

2199 1272 2360 1335 verit,
2405 1271 2470 1324 ab
2509 1271 2598 1328 illo
2643 1269 2852 1325 ctelesti
2902 1268 3102 1337 templo
3145 1277 3198 1321 et
3249 1275 3454 1320 aeterno
3509 1265 3670 1318 altari
3721 1279 3777 1319 se

2200 1366 2394 1436 procul
2429 1364 2591 1418 dubio
2617 1362 3006 1418 eliminandum
3052 1360 3283 1414 noverit.
3319 1358 3424 1413 Sed
3463 1357 3553 1412 ille
3582 1357 3775 1411 nihilo-

2201 1455 2379 1507 minus
2432 1450 2712 1523 prtesentis
2755 1449 2880 1504 vita:
2927 1447 3152 1503 honoris
3199 1445 3425 1514 cupidus
3469 1459 3566 1514 pro
3613 1443 3778 1496 nihilo

2203 1541 2407 1596 monita
2441 1539 2613 1595 sancti
2657 1537 2760 1592 viri
2792 1536 3044 1600 ducebat,
3080 1535 3188 1588 imo
3220 1533 3396 1603 potius
3427 1531 3779 1602 pertinaciter

2200 1643 2252 1685 et
2284 1630 2449 1684 armis
2479 1639 2533 1683 et
2560 1626 2758 1691 verbis,
2792 1625 3150 1692 omnibusque
3181 1622 3353 1676 modis
3387 1621 3583 1688 quibus
3626 1627 3774 1689 pote-

528 1752 806 1806 satoribus
841 1751 1076 1819 undique
1119 1746 1563 1811 acclamantibus,
1610 1751 1951 1802 sacramento
1981 1755 2101 1796 sese

2215 1730 2288 1774 rat
2314 1735 2372 1774 se
2393 1716 2684 1772 defendere
2715 1715 3010 1770 nitebatur.
3053 1711 3296 1780 Cumque
3329 1710 3468 1792 idem
3499 1708 3781 1762 venerabi-

2215 1812 2245 1819 .-
2361 1811 2408 1819 ..
2547 1808 2560 1819 .
3045 1805 3056 1819 .
3137 1818 3140 1819 ,
3343 1801 3501 1819 ____.,A

530 1857 763 1912 purgare
791 1841 1086 1896 nitebatur.
1130 1839 1375 1909 Cumque
1403 1855 1588 1895 coram
1621 1837 1977 1908 prteseutibus
2017 1846 2104 1886 res

531 1932 922 2002 aliquautulmn
957 1933 1155 2002 agitata
1187 1931 1398 1995 fuisset,
1430 1931 1570 1984 datm
1611 1929 1843 1984 inducite
1868 1939 2016 1996 sunt,
2046 1939 2105 1984 ut

531 2040 629 2094 per
657 2026 873 2080 easdem
916 2023 1142 2079 forsitan
1181 2024 1454 2088 inductus,
1477 2023 1716 2076 divinum
1745 2037 2106 2092 expavescens

525 2116 815 2185 judicium,
845 2117 986 2187 quod
1015 2117 1364 2186 pertinaciter
1403 2116 1636 2186 negabat
1673 2115 1950 2170 humiliter
1979 2130 2108 2170 con-

534 2211 801 2276 fiteretur,
829 2220 1099 2280 quatenus
1124 2209 1191 2263 ab
1217 2217 1420 2262 :nterno
1465 2224 1572 2262 non
1621 2217 1995 2262 removeretur
2029 2205 2109 2259 al-

535 2305 660 2365 tari.
697 2303 742 2358 si
788 2303 856 2356 ab
889 2303 988 2357 hoc
1035 2301 1312 2372 praesenti,
1340 2301 1426 2354 cui
1474 2299 1950 2369 ministrarejuste
2000 2312 2106 2351 non

538 2403 772 2465 poterat,
823 2409 880 2448 se
928 2393 1302 2447 abstinuisset.
1347 2390 1567 2446 Interim
1598 2391 1828 2461 populus
1879 2390 1932 2444 in
1974 2389 2110 2442 duas

540 2486 798 2540 dividitur
839 2493 1042 2554 partes,
1073 2499 1301 2553 quarmu
1345 2483 1536 2544 altera.
1569 2498 1691 2553 quae
1737 2496 1976 2538 amorem
2014 2479 2108 2534 Dei

540 2576 854 2632 mtmcribus
878 2574 1220 2645 praeferebat,
1251 2574 1481 2630 clericos
1518 2585 1573 2628 et
1605 2573 1889 2642 religiosos
1923 2587 2110 2626 mona-

538 2669 697 2734 chos,
746 2667 838 2736 qui
889 2673 1082 2721 contra
1133 2666 1442 2736 episcOpum
1492 2680 1604 2720 rem
1659 2664 2111 2735 comprobandarn

539 2767 927 2828 susceperant;
957 2757 1127 2812 altera
1155 2772 1273 2825 quae
1305 2773 1526 2812 munera
1563 2766 1617 2812 et
1647 2757 1887 2812 favorem
1919 2755 2109 2827 dilige-

539 2854 657 2916 bat,
693 2851 1005 2921 episcopum
1043 2859 1128 2904 est
1155 2859 1362 2904 secuta.
1403 2849 1537 2905 Cum
1568 2851 1759 2905 crebro
1787 2850 1950 2920 igitur
1974 2849 2113 2904 inter

541 2960 600 2998 se
644 2943 998 2998 altercaretur
1048 2941 1301 3016 populus,
1353 2951 1408 3010 et
1449 2941 1621 2996 altera
1665 2942 1821 2996 alteri
1872 2941 2114 2997 obstaret

2209 1812 2279 1866 lis
2324 1811 2493 1866 abbas
2547 1808 2817 1862 incassum
2863 1805 3154 1875 procedere
3201 1817 3299 1856 sua
3343 1801 3507 1854 verba
3550 1799 3772 1856 videret.

2208 1910 2438 1970 utraque
2478 1906 2634 1968 parte
2679 1895 2857 1967 populi
2907 1894 3166 1949 advocata
3207 1910 3219 1945 :
3254 1891 3539 1958 Quoniam,
3589 1887 3781 1956 inquit.

2209 1986 2374 2039 verba
2424 1998 2530 2037 non
2565 1992 2811 2052 prosunt,
2855 1979 3137 2034 veniamus
3180 1977 3292 2048 (75)
3321 1977 3388 2030 ad
3421 1976 3596 2046 signa.
3642 1975 3781 2029 Con-

2209 2083 2451 2130 struatur
2478 2087 2661 2143 rogus,
2699 2079 2755 2126 et
2796 2071 2918 2141 igne
2957 2068 3235 2139 supposito
3284 2065 3638 2130 accendatur,
3691 2078 3784 2134 per

2209 2177 2370 2232 quem
2396 2175 2538 2214 unus
2563 2173 2594 2214 e
2625 2157 2828 2213 nostris
2853 2155 3216 2228 ingrediatur,
3251 2162 3312 2208 ut
3340 2161 3521 2206 utrum
3551 2166 3677 2206 vera
3717 2167 3782 2205 an

2212 2253 2345 2308 falsa
2385 2253 2493 2306 sint
2518 2266 2636 2320 quae
2665 2249 2732 2304 de
2757 2249 3014 2319 episcopo
3044 2247 3294 2310 dicimus,
3331 2245 3558 2300 Domino
3579 2245 3781 2298 discer-

2213 2353 2398 2408 nente,
2423 2344 2701 2414 probetur.
2737 2340 2924 2395 Placet
2953 2339 3168 2408 utrique
3201 2337 3338 2408 parti
3363 2335 3632 2391 sententia
3663 2348 3784 2388 :ro-

2213 2451 2311 2506 gus
2333 2450 2453 2488 mox
2483 2432 2763 2488 duodecim
2792 2431 2906 2501 (76)
2927 2430 3121 2499 pedum
3147 2443 3402 2483 mensura
3423 2427 3786 2487 construitur;

2214 2529 2353 2582 intra
2390 2542 2550 2595 quem
2591 2539 2754 2594 parva
2800 2524 3018 2587 semita,
3045 2537 3151 2592 qua
3180 2522 3338 2574 unius
3367 2528 3575 2573 tantum
3614 2517 3784 2572 homi-

2213 2618 2298 2672 nis
2325 2630 2554 2687 persona
2587 2613 2821 2668 transire
2847 2620 3050 2682 posset,
3077 2609 3401 2678 relinquitur
3425 2626 3437 2662 :
3467 2623 3588 2678 qua:
3628 2608 3786 2662 etiam

2213 2719 2280 2762 ex
2325 2704 2570 2760 accensis
2607 2702 2787 2772 lignis,
2841 2716 2910 2756 ne
2954 2701 3026 2755 ibi
3074 2699 3270 2768 aliquis
3321 2697 3472 2752 locus
3516 2713 3548 2750 a
3576 2695 3784 2750 ﬂamma

2213 2805 2466 2859 vacaret,
2525 2793 2913 2848 consternitur.
2983 2791 3199 2845 Interim
3258 2799 3438 2844 autem
3491 2789 3620 2842 dum
3677 2789 3784 2842 haec

2214 2893 2611 2958 prteparantur,
2639 2881 2895 2954 praefatus
2917 2882 3085 2936 abbas
3106 2880 3343 2936 Joannes
3367 2879 3480 2949 (77)
3505 2879 3668 2933 Petro
3691 2893 3788 2932 suo

2215 2977 2497 3046 discipulo,
2530 2975 2983 3031 reverendissimo
3016 2973 3290 3037 videlicet,
3333 2973 3475 3036 viro,
3508 2972 3601 3041 qui
3634 2979 3780 3041 post-

540 3035 706 3105 lmu’
738 3035 792 3132 Ψ
817 3043 1024 3132 timum}
1055 3044 1242 3090 “om
1276 3035 1574 3132 augebam"
1599 3035 1893 3132 “"9"”?
1926 3043 2004 3132 ιέίι
2033 3034 2113 3088 ω’
2141 3063 2186 3125 C
2219 3034 2435 3122 modum
2472 3034 2523 3120 in
2555 3065 2851 3120 Albanensi
2901 3064 3034 3118 urbe
3063 3034 3346 3132 episcopus
3369 3034 3654 3116 ordinatus
3685 3070 3787 3124 est,

543 3135 627 3182 ter
645 3142 704 3182 se
729 3127 1132 3197 dimicantibus,
1159 3141 1299 3197 saepe
1319 3127 1483 3181 etiam
1512 3141 1680 3196 usque
1703 3128 1770 3181 ad
1799 3124 2116 3180 ellusionem

545 3219 828 3290 sanguinis
856 3220 1126 3274 venirent.
1164 3219 1409 3289 Cumque
1439 3219 1554 3275 haec
1582 3219 1783 3275 diutius
1805 3227 2116 3289 agerentur,

543 3325 600 3374 et
629 3327 820 3374 neutra
848 3335 976 3388 pars
1015 3319 1156 3388 parti
1181 3319 1418 3384 cederet,
1455 3318 1570 3390 (74)
1591 3316 1826 3374 Joannes
1859 3331 2119 3374 reveren-

549 3407 809 3464 dissimus
838 3410 1008 3465 abbas
1048 3409 1366 3464 monasterii
1401 3424 1522 3479 qua:
1551 3407 1818 3465 Umbrosa
1845 3405 2012 3462 Vallis
2038 3406 2122 3461 di-

545 3499 712 3566 citur,
753 3515 896 3571 saepe
922 3500 990 3554 ad
1022 3500 1166 3556 hunc
1193 3499 1504 3556 conﬂictum
1535 3500 1852 3565 advocatus,
1883 3502 2000 3553 zelo
2023 3498 2120 3553 Dei

546 3591 742 3647 ductus
771 3592 884 3646 suis
904 3607 1026 3647 cum
1050 3592 1332 3648 monachis
1353 3593 1624 3658 veniebat,
1646 3593 1736 3663 qui
1759 3590 2118 3655 exhortando,

547 3682 925 3752 praedicando,
978 3683 1143 3738 divini
1195 3683 1650 3739 examinationem
1695 3683 1885 3754 judicii
1935 3683 2121 3738 intem

553 3772 742 3838 tando,
793 3772 1107 3842 episcopmn
1157 3773 1448 3828 admonere
1495 3788 1602 3828 non
1649 3773 1896 3827 cessabat
1931 3778 2124 3841 quate-

554 3878 656 3918 nus
705 3878 772 3917 ex
833 3869 1139 3933 perpetrata
1193 3861 1346 3932 culpa
1401 3863 1773 3933 penitentiam
1832 3873 2037 3933 ageret,
2071 3871 2126 3918 et

553 3995 862 4067 'l‘beuzonis
881 3995 1247 4067 Mediwbarbte
1264 3994 1423 4062 filius,
1441 3994 1560 4051 iniit
1579 3996 1966 4067 episcopatum,
1984 4009 2126 4050 anno

554 4067 766 4125 Domini
793 4066 950 4120 1062.

627 4135 740 4207 (72)
766 4136 910 4208 Petri
935 4134 1232 4208 Simoniam
1259 4136 1524 4192 detexisse
1552 4133 1668 4208 ejus
1701 4145 1911 4208 patrem
1941 4145 2131 4208 narrat

555 4205 802 4332 Anggeas
829 4206 1114 4262 Januensis
1136 4207 1189 4260 in
1210 4207 1361 4262 Actis
1381 4209 1554 4264 sancti
1577 4205 1801 4264 Joannis
1823 4205 2126 4274 Gualberti,

555 4295 606 4332 e.
715 4316 729 4329 .

555 4295 606 4333 0.
640 4295 729 4332 0'2.

629 4348 743 4420 (75)
773 4345 951 4420 Cujus
983 4346 1057 4402 rei
1096 4345 1320 4420 epistola
1363 4347 1681 4420 gravissima
1727 4356 1908 4403 exstat
1947 4345 2128 4420 populi

555 4415 859 4474 Fljrentin.
894 4415 1166 4489 Alexatuf.‘
1199 4415 1240 4470 ll
1281 4415 1429 4487 papae
1467 4417 1700 4486 scripta,
1735 4435 1837 4489 qua
1878 4415 2027 4472 totus
2052 4417 2128 4470 rei

561 4489 694 4544 ordo
720 4497 774 4542 et
804 4488 1004 4541 veritas
1025 4486 1355 4541 continetur.

628 4559 740 4627 (74)
772 4557 868 4627 llic
913 4557 1015 4611 fuit
1055 4566 1274 4627 sanctus
1316 4555 1554 4612 Joannes
1598 4554 1921 4611 Gualbertus
1961 4557 2130 4610 abbas

569 4626 736 4681 Vallis
769 4626 1067 4690 Umbrosaa,
1098 4626 1254 4694 cujus
1282 4629 1544 4683 sanctitas
1571 4635 1862 4680 veneratur
1907 4628 1960 4681 in
1987 4627 2129 4682 Mar-

563 4697 723 4768 tyrol.
755 4696 911 4768 Item.
941 4697 1138 4768 sub”
1161 4697 1307 4768 Julii.

636 4765 747 4835 (75)
780 4766 1006 4836 Propter
1055 4767 1486 4821 incredulitatem
1531 4765 1848 4836 humanam,
1881 4766 2130 4820 deficien-

564 4837 706 4891 tibus
749 4836 870 4890 aliis
921 4836 1168 4890 humanis
1206 4836 1270 4890 ad
1319 4837 1600 4890 veritatem
1633 4835 1926 4888 eruendam
1959 4837 2131 4889 subsi-

564 4907 692 4969 diis,
723 4906 1258 4976 prtecedentertamen
1283 4906 1520 4976 legitima
1541 4906 1893 4976 accusatione
1947 4905 2002 4976 in
2039 4906 2131 4958 tri-

565 4976 871 5035 bunalibus,
899 4975 1228 5046 examinatio
1263 4974 1357 5044 per
1388 4977 1575 5046 ignem
1607 4974 1908 5046 antiquitus
1941 4975 2132 5046 admit-

564 5046 800 5106 tebatur,
827 5053 883 5096 ut
907 5045 1181 5111 observari
1211 5044 1332 5098 licet
1384 5044 1440 5099 in
1485 5044 1643 5098 lvone
1668 5045 1887 5098 Carnot.
1918 5044 2128 5111 epistol.

562 5114 654 5176 7i,
685 5114 812 5174 205,
837 5113 966 5175 251,
989 5108 1116 5172 252.
1149 5111 1270 5171 954,
1303 5115 1431 5174 280.
1457 5125 1512 5168 et
1542 5115 1592 5168 itt
1628 5115 1900 5169 Rosweid.
1931 5108 2024 5168 lib.
2061 5113 2133 5168 De

567 5184 670 5236 lide
696 5183 882 5254 hazret.
917 5196 1085 5254 δεῖν..
1113 5195 1234 5248 cap.
1266 5184 1350 5254 12.
1379 5183 1530 5238 Unde
1562 5184 1944 5254 appellabatur
1993 5184 2132 5236 divi-

568 5268 693 5305 num
725 5249 1117 5322 testimonium,
1162 5258 1228 5322 _ut
1250 5251 1325 5322 _in
1381 5249 1775 5320 epistola’il’ﬁ.
1823 5254 2134 5322 Arnulpaus

571 5331 855 5360 nummatum
899 5319 954 5360 in
1004 5318 1209 5360 svnmln
1249 5318 1534 5360 “hensio-mi
1565 5337 1664 5360 nun
1707 5324 1776 5360 an
1809 5341 1819 5352 -
1865 5318 2134 5360 "nili-III'ID

2217 3155 2418 3226 quique
2467 3155 2632 3210 etiam
2688 3153 2866 3208 adhuc
2912 3160 3162 3220 superest
3219 3151 3461 3205 eamdem
3503 3148 3789 3202 Ecclesiam

2219 3263 2428 3318 regens,
2463 3246 2720 3317 praecepit
2743 3255 2804 3300 ut
2836 3245 3058 3299 indutus
3074 3243 3250 3297 sacris
3273 3242 3516 3296 vestibus
3549 3239 3777 3309 omnipe

2223 3338 2357 3393 tenti
2390 3337 2501 3391 Deo
2530 3336 2857 3393 sacrificium
2893 3333 3139 3399 oli‘erret;
3166 3343 3220 3387 et
3262 3333 3342 3388 sic
3375 3332 3591 3387 demum
3620 3331 3790 3384 conti-

2221 3443 2314 3482 sus
2349 3428 2417 3482 de
2455 3425 2832 3482 misericordia
2877 3423 2972 3478 Dei
3001 3437 3098 3493 per
3123 3421 3339 3478 accensi
3389 3420 3503 3490 rogi
3549 3419 3794 3474 ﬂammas

2223 3519 2593 3576 indubitanter
2622 3517 2870 3571 intraret.

2292 3605 2392 3673 Qui
2420 3603 2588 3674 jussis
2617 3602 2798 3656 Patris
2825 3601 3232 3668 obtemperans,
3259 3605 3544 3666 postquam
3578 3595 3788 3650 επιοήιί-

2223 3692 2368 3748 cium
2410 3689 2521 3744 Deo
2565 3685 2783 3753 obtulit,
2815 3684 3054 3741 casulam
3080 3698 3138 3738 se
3165 3683 3448 3752 exspoliat,
3502 3682 3570 3736 ad
3618 3681 3792 3750 ignem

2224 3782 2393 3846 venit,
2434 3787 2490 3836 et
2524 3793 2718 3849 magna
2765 3791 2898 3832 voce
2927 3793 2940 3830 :
2972 3773 3101 3840 Oro,
3136 3774 3329 3844 inquit,
3383 3773 3525 3827 Deus
3548 3773 3792 3840 omnipo-

2227 3882 2364 3938 tens,
2394 3871 2439 3928 si
2461 3871 2674 3935 Petrus,
2699 3868 2792 3939 qui
2813 3867 3096 3938 episcopus
3123 3865 3340 3929 dicitur,
3371 3864 3676 3918 Simoniaca
3714 3872 3794 3917 est

2228 4003 2552 4060 Mauritania
2585 4001 2765 4056 Fossae
2794 4014 2922 4070 rege
2943 4007 2998 4053 et
3025 3997 3360 4068 principibus
3402 3996 3791 4070 spectantibus,

2229 4085 2288 4130 ut
2307 4073 2616 4129 ostenderet
2647 4067 3182 4126 Cbristi‘doctr‘inam
3206 4108 3220 4130 ,
3252 4082 3413 4136 quam
3443 4067 3788 4134 prredicabat,

2229 4159 2409 4201 veram
2431 4158 2570 4207 esse,
2598 4141 2827 4195 ﬂammis
2853 4138 3176 4194 circumdari
3201 4152 3316 4207 non
3337 4139 3513 4191 rennuit
3533 4178 3547 4199 ,
3577 4147 3631 4189 et
3658 4137 3795 4190 inter

2231 4215 2352 4270 illas
2396 4213 2486 4268 diu
2531 4206 2826 4281 permansit
2863 4210 3079 4281 illtesus.
3109 4206 3522 4281 [ranciscanns
3576 4207 3793 4275 quidam

2234 4285 2458 4356 pariter,
2487 4277 2544 4356 et
2561 4281 2707 4356 Hier.
2738 4279 3070 4356 Savonarola
3107 4277 3393 4356 Florentia:
3410 4278 3479 4356 in
3495 4277 3683 4356 ignem
3709 4290 3796 4344 pe-

2233 4345 2462 4409 riculum
2493 4352 2684 4407 facturi
2735 4351 2940 4420 ingredi
2987 4350 3160 4420 parati
3205 4356 3379 4420 erant.
3410 4345 3543 4420 Vide
3573 4345 3793 4420 Petrum

2165 4411 2206 4464 1)
2235 4425 2580 4504 Delphinum,
2622 4411 2829 4504 μῦ...ιῆ
2852 4411 3014 4504 epist.
3042 4419 3132 4504 68,
3155 4417 3222 4472 ad
3253 4416 3469 4471 Petrum
3512 4416 3796 4468 Baronium

2235 4489 2358 4548 data
2389 4493 2476 4546 die
2517 4492 2582 4545 15
2610 4492 2776 4559 April.
2812 4489 2966 4544 M98.

2307 4563 2420 4632 (76)
2452 4562 2526 4615 De
2558 4553 2856 4632 latitudine,
2889 4558 3217 4632 longitudine
3259 4571 3324 4632 ac
3376 4555 3659 4632 abitudine
3687 4553 3794 4632 rogi

2233 4624 2493 4688 exstructi
2527 4630 2647 4684 vide
2674 4630 2933 4683 Thomam
2965 4624 3068 4682 lio:
3111 4627 3185 4680 De
3227 4626 3365 4694 sign.
3410 4626 3664 4680 Ecclesia:
3705 4624 3788 4676 lib.

2237 4720 2288 4757 Ix
2315 4743 2329 4766 ,
2356 4703 2493 4771 sign.
2526 4702 2626 4766 55,
2658 4717 2775 4771 cap.
2809 4699 2870 4763 5,
2918 4699 2945 4770 §
2987 4699 3087 4771 lg;
3127 4707 3183 4771 et
3212 4697 3337 4771 Ant.
3377 4695 3550 4771 Yepe-s
3598 4696 3794 4771 Cltmn.

2234 4764 2376 4826 (teut.
2407 4764 2471 4834 ὂ,
2507 4764 2626 4838 cap.
2667 4764 2738 4832 Al,—
2759 4779 2887 4822 tum.
2920 4764 2952 4821 ἶ]
2973 4785 2986 4830 ;
3008 4767 3081 4838 VS.
3117 4767 3264 4838 Atth.
3290 4764 3476 4819 Sanct.
3505 4765 3794 4838 Antoniqu

2233 4842 2266 4895 3
2297 4850 2459 4910 part,
2495 4834 2844 4910 tit.'15,_cap.
2879 4837 3024 4910 17,A§
3150 4836 3434 4910 anottum
3477 4845 3535 4888 et
3585 4834 3794 4886 Sttt'iuttt

2236 4904 2452 4964 ἰιῖνίιπ
2477 4911 2648 4963 sancti
2694 4904 2918 4962 Joannis
2952 4904 3247 4965 Gualberti,
3272 4904 3516 4974 aliosque
3551 4915 3798 4974 auctores

2233 4984 2372 5050 apud
2398 4981 2654 5050 Didaeum
2685 4981 2751 5032 de
2775 4979 3036 5032 Frauchis
3064 4978 3115 5031 in
3140 4974 3340 5028 llistor.
3368 4971 3606 5028 tironast.
3639 4971 3798 5025 Vallis

2239 5049 2487 5106 Umbros.
2524 5049 2614 5101 lib.
2645 5064 2720 5101 χι.

2307 5119 2419 5190 (77)
2446 5118 2541 5172 Hic
2571 5118 2672 5190 fuit
2696 5116 3121 5190 ex__nobilissima
3151 5114 3677 5190 Aldobraudinortun
3725 5109 3796 5190 fa-

2238 5180 2413 5249 milia,
2435 5198 2596 5241 tanta!
2625 5187 2974 5249 humilitatis,
3005 5195 3063 5239 ut
3094 5201 3377 5239 vaccarum
3403 5183 3703 5237 custodiam
3747 5180 3796 5230 in

2236 5259 2483 5312 ctenobio
2534 5256 2765 5310 libenter
2813 5257 3109 5325 acceperit,
3156 5256 3246 5323 qui
3284 5264 3466 5321 postea
3499 5255 3570 5306 ob
3600 5251 3799 5303 illustre

2237 5327 2368 5360 inuia
2400 5327 2702 5360 ιινηιιίηἶηηι
2753 5326 2938 5360 Ιὶηιιιιιρ
2992 5325 3176 5360 inn-nnc
3228 5325 3403 5360 rlinlnc
3455 5333 3537 5360 nul
3572 5341 3578 5349 -
3611 5319 3798 5360 alninth‘

2992 5333 3176 5360 ins-nnc
3228 5333 3403 5360 tltnlnc
3455 5333 3537 5360 nul
3572 5341 3578 5349 '
3611 5333 3798 5360 alnlnlll‘

2237 5327 2368 5360 ίηηῖο
2400 5327 2702 5360 ιινΛιΙῖηἶηηί
2753 5326 2938 5360 "nil-nc
