4044 5360
215 319 349 373 1015

1495 314 1780 371 οιριιυοι.
1809 344 1878 354 —
1904 314 2028 371 LIB.
2072 312 2178 371 Ill.-

3325 311 3472 395 tots

216 438 365 500 peste
403 430 667 496 fmdatus,
720 446 788 486 ne
832 430 1071 488 Ecclesia
1110 442 1200 488 tua
1240 431 1469 503 amplius
1496 432 1782 502 polluatur,
1814 434 1862 493 Α
1889 429 2163 485 exhortari
2225 426 2554 484 salutaribus
2600 425 2818 482 monitis
2865 425 3216 497 cmpissemus
3249 433 3309 480 ut
3334 442 3460 501 quae

211 518 414 590 judicio
439 520 498 575 S.
532 520 766 590 Spiritus
794 522 867 574 tui
896 523 1122 577 ostende
1142 522 1429 576 virtutem:
1458 522 1680 576 illmsum
1703 536 1788 575 me

217 626 312 680 per
334 611 477 665 hunc
505 611 685 680 ignem
727 612 961 667 transire
999 614 1256 668 concede.
1302 612 1455 680 Quod
1486 612 1528 666 si
1560 628 1657 667 nos
1692 611 1789 666 fal-

220 702 353 755 lacia
386 702 550 772 pleni,
599 717 759 756 causa
810 702 1021 756 invidia:
1051 703 1216 769 ducti,
1262 703 1403 757 hanc
1434 711 1620 758 contra
1663 717 1787 757 eum

219 789 437 844 tulimus
485 790 882 860 qnzcstionem,
950 792 1111 848 ardor
1159 793 1316 848 istius
1370 792 1506 864 ignis
1559 808 1646 847 me
1698 801 1788 847 tua

219 883 389 953 gratia
422 868 1069 940 derelictum‘consumat.
1099 883 1225 942 "ccc
1254 886 1461 955 dicens,
1490 898 1545 941 et
1588 895 1789 941 sancta:

217 974 392 1030 crucis
429 989 486 1029 sc
525 976 801 1047 signaculo
844 978 1114 1045 muniens,
1152 994 1248 1048 per
1303 978 1507 1033 medias
1544 977 1788 1033 ﬂammas

216 1075 533 1120 constanter
564 1068 840 1138 ingressus
873 1080 975 1123 est.
1009 1069 1140 1125 Cum
1179 1071 1343 1141 igitur
1372 1071 1607 1138 undique
1643 1079 1790 1125 esset

216 1156 448 1214 ﬂammis
474 1159 861 1227 circumdatus,
891 1162 963 1216 ita
989 1172 1045 1215 ut
1074 1178 1104 1216 a
1146 1163 1360 1218 nemine
1391 1177 1612 1231 prorsus
1642 1162 1789 1216 vide-

216 1261 387 1316 retur,
420 1263 475 1307 et
519 1269 706 1308 omnes
758 1270 878 1308 cttm
917 1253 1033 1322 jam
1085 1266 1462 1325 consumptum
1516 1261 1785 1325 putarent,

215 1342 395 1396 subito
422 1357 487 1396 ex
516 1343 618 1395 alia
645 1352 816 1413 parte,
841 1343 1043 1398 Christi
1073 1344 1369 1399 comitante
1400 1344 1598 1415 gratia,
1634 1336 1797 1413 εει-(ια’

214 1430 368 1487 diens
399 1433 689 1504 prosilivit,
734 1435 805 1487 ita
838 1442 897 1487 ut
934 1449 1037 1488 non
1080 1434 1238 1488 modo
1286 1436 1604 1489 vestimenta
1643 1431 1784 1502 ejus,

214 1530 304 1583 sed
338 1545 406 1584 ne
450 1528 676 1599 capillus
704 1530 918 1599 quidem
952 1528 1108 1584 Iresus
1138 1530 1206 1584 ab
1247 1529 1369 1599 igne
1407 1530 1462 1584 in
1499 1529 1681 1598 aliquo
1710 1529 1788 1582 vi-

215 1620 454 1673 deretur.
489 1617 615 1685 Sed,
636 1629 695 1673 ut
728 1619 865 1674 idem
899 1619 1227 1673 venerabilis
1258 1620 1337 1673 vir
1364 1629 1549 1690 pestea
1580 1618 1786 1675 refere-

215 1709 327 1772 bat,
370 1725 492 1762 cttm
539 1725 635 1778 per
692 1709 899 1763 medias
945 1709 1191 1763 ﬂammas
1246 1710 1586 1779 gradcretur,
1633 1726 1787 1782 map-

214 1797 341 1867 pula
367 1799 477 1868 (78)
506 1773 571 1853 de
616 1813 778 1852 manu
811 1797 929 1865 ejus
971 1799 1182 1853 eecidil.
1222 1773 1463 1869 dumque
1501 1773 1615 1867 jam
1654 1773 1787 1869 pene
1818 1773 1863 1832 Β

215 1893 567 1961 egrederetur
591 1908 653 1945 ex
688 1890 831 1963 igne,
863 1892 994 1947 vidit
1023 1907 1081 1946 se
1113 1893 1415 1963 mappulam
1449 1894 1500 1947 in
1544 1893 1790 1948 manibus

216 2006 323 2044 non
361 2000 596 2060 gestare,
621 2006 709 2055 ac,
745 1991 798 2044 in
830 1992 1005 2060 ignem
1038 1992 1142 2045 sibi
1171 2007 1290 2044 eam
1319 1991 1581 2063 cecidisse
1612 1992 1794 2046 consi-

216 2083 443 2148 derans,
487 2099 586 2152 per
625 2084 833 2138 medias
878 2084 1073 2138 iterum
1113 2084 1363 2137 ﬂammas
1398 2084 1709 2147 revertitur,
1737 2090 1795 2137 et

215 2190 401 2229 secum
426 2174 732 2243 mappulam
760 2175 1052 2229 extrahens
1079 2174 1397 2245 reportavit.
1429 2173 1580 2229 Tune
1603 2189 1794 2229 omnes

216 2263 308 2333 qui
345 2264 593 2325 aderant,
629 2264 744 2318 viso
788 2274 895 2318 tam
927 2264 1187 2329 maxime,
1229 2272 1337 2317 tam
1366 2263 1794 2330 obstupescendo

220 2354 635 2426 miraculu(79),
669 2354 964 2410 immensas
1005 2354 1113 2410 Deo
1141 2355 1349 2424 gratias
1373 2365 1620 2424 agentes.
1668 2370 1790 2409 mox

218 2447 431 2502 diversa
481 2462 607 2518 pars
647 2463 751 2501 una
800 2446 1011 2511 clTecta,
1051 2446 1331 2516 praelatum
1372 2446 1683 2523 episcopum
1727 2447 1794 2503 de

217 2538 446 2594 ecclesia
478 2539 681 2608 pellunt
716 2557 728 2592 :
756 2539 844 2607 qui
876 2547 1061 2607 postea
1091 2536 1202 2607 (80)
1236 2536 1553 2606 pmnitentia
1576 2537 1793 2602 ductus,

222 2639 429 2685 mutata
457 2640 626 2695 veste,
656 2631 756 2685 sub
793 2642 997 2685 sancta:
1025 2630 1454 2686 conversationis
1483 2630 1663 2700 regula
1708 2645 1793 2685 rc-

220 2720 468 2791 ligiosam
496 2736 658 2791 agere
693 2722 857 2776 vitam
888 2722 1036 2777 visus
1062 2729 1167 2777 est.

295 2811 632 2882 Theophilus.
675 2812 743 2869 Ut
766 2813 994 2868 lactando
1025 2813 1211 2874 miror,
1253 2821 1307 2868 et
1339 2813 1589 2869 mirando
1620 2813 1792 2879 laetor,

217 2904 365 2972 quod
396 2903 789 2959 mediocritatis
821 2914 1019 2958 nostra:
1071 2912 1314 2975 tempore
1345 2902 1472 2959 ilhtd
1511 2904 1795 2973 antiquum

218 3005 274 3050 et
300 2997 600 3067 gloriosum
645 2997 808 3052 trittm
855 3011 1145 3067 puerorum
1186 2996 1508 3052 miraculum
1559 2997 1795 3060 intueor,

220 3104 348 3142 cum
372 3088 439 3142 de
471 3088 684 3143 camino
710 3090 992 3143 aestuantis
1025 3087 1257 3142 incendii
1301 3087 1499 3158 integri
1526 3096 1583 3142 et
1617 3087 1797 3143 incor-

221 3178 366 3248 rcpti
394 3187 506 3233 toto
537 3194 765 3250 corpore
797 3178 1134 3245 prodierunt.
1460 3220 1473 3229 .,

292 3271 625 3326 Desiderius.
672 3269 1005 3327 Venerabilis
1026 3269 1320 3341 Gregorius
1341 3284 1498 3340 papa,
1522 3269 1677 3339 cujus
1705 3285 1796 3325 su-

222 3362 413 3429 perius
455 3362 774 3416 memoriam
806 3361 929 3426 feci,
968 3361 1097 3432 quid
1128 3370 1318 3416 contra
1347 3361 1592 3416 eamdem
1623 3360 1796 3415 Simo-

224 3455 441 3509 niacam
474 3454 746 3518 lucresim,
792 3468 873 3507 se'
896 3462 1182 3523 prtesente,
1210 3452 1469 3510 Dominus
1507 3436 1802 3508 ostendere

225 3547 421 3609 voluit,
466 3561 608 3614 saepe
636 3546 769 3600 mihi
799 3544 994 3600 solitus
1040 3554 1127 3601 est
1157 3542 1384 3598 referre.
1435 3542 1571 3597 Cum
1600 3556 1798 3606 essem,

224 3635 425 3705 inquit,
472 3636 858 3697 subdiaconus,
905 3642 960 3689 et
987 3648 1019 3687 a
1065 3633 1237 3687 beata:
1282 3632 1559 3687 memoriae
1584 3627 1813 3687 Victore

225 3726 395 3795 hujus
457 3726 769 3796 apostolica:
810 3725 954 3799 sedis
1000 3722 1254 3795 pontiﬁce
1311 3724 1362 3778 in
1420 3723 1651 3779 Galliam
1707 3738 1803 3792 pro

223 3818 620 3874 ecclesiasticis
660 3816 890 3888 negotiis
927 3816 1281 3871 discutiendis
1310 3829 1483 3871 essent
1516 3823 1809 3875 transmrs-p

224 3926 344 3976 sus,
376 3925 523 3965 curae
564 3910 696 3965 mihi
725 3910 828 3964 fuit
872 3909 1246 3978 episcoporum
1293 3896 1601 3973 convocare
1623 3907 1807 3963 conci-

226 4003 387 4065 lium,
425 4011 486 4057 ut
512 4001 616 4057 illis
637 4016 824 4057 coram
851 4000 1047 4070 positis
1071 4000 1138 4055 de
1161 3998 1549 4055 ecclesiasticis
1575 4000 1806 4071 negetiis

228 4102 617 4147 tractaremus.
649 4091 705 4145 ιη
730 4092 921 4146 eadem
948 4104 1079 4145 vero
1102 4089 1327 4145 civitate
1351 4090 1404 4144 in
1435 4106 1541 4160 qua
1567 4089 1807 4161 synodus

226 4187 515 4258 agebatur,
545 4185 832 4255 episcopus
882 4190 1007 4237 erat
1031 4183 1123 4252 qui
1163 4183 1336 4253 pretio
1370 4183 1630 4237 honorem
1660 4198 1810 4236 eom—

226 4291 460 4347 parasse
502 4276 847 4346 episcopatus
891 4288 921 4326 a
972 4271 1156 4326 multis
1202 4270 1588 4326 infamabatnr.
1641 4270 1810 4341 Igitur

225 4375 461 4425 vocatus
486 4367 770 4438 episcopus
799 4364 944 4421 venit
965 4363 1033 4417 ad
1059 4362 1317 4418 medium.
1349 4360 1481 4417 Cum
1511 4376 1639 4431 ergo
1684 4376 1808 4416 cum

308 4526 424 4598 (78)
457 4525 765 4598 Mgappulam
800 4522 944 4598 ordo
982 4521 1274 4598 Romanus
1300 4517 1551 4598 appellat,
1580 4532 1683 4586 qua
1723 4516 1806 4598 pi-

230 4587 373 4653 tui'ta
399 4587 707 4658 oculorum,
746 4588 954 4647 narium
1011 4601 1063 4645 et
1095 4589 1206 4646 oris
1244 4587 1654 4658 detergebatur;
1690 4587 1804 4652 alii,

226 4669 509 4724 sudarium
531 4676 587 4719 et
613 4664 878 4734 cingulum
908 4662 1193 4734 brachiale.

303 4736 419 4808 (79)
445 4727 808 4808 contigithoc
833 4733 1156 4808 prodigium,
1185 4744 1300 4808 seu,
1329 4737 1390 4784 ut
1409 4728 1588 4808 potius
1611 4727 1809 4808 dicam,

231 4797 590 4878 Babylonium
608 4797 946 4878 'miracnlmn
972 4797 1329 4871 prmsentibus
1362 4797 1613 4878 otituibtls
1646 4797 1809 4878 cleri—

228 4879 313 4933 cis
338 4867 395 4931 ἐι
426 4875 578 4930 laicis
608 4873 901 4945 promiscui
941 4867 1103 4945 sexus
1146 4880 1201 4924 et
1248 4869 1425 4945 aetatis
1450 4867 1568 4945 fere
1591 4868 1664 4945 _ad
1692 4876 1814 4945 octo

229 4947 405 5003 millia
434 4948 490 5002 in
524 4936 861 5012 Septimiano
896 4942 1143 4997 ςαιηοὺίο
1180 4940 1369 5012 quinto
1414 4939 1483 5012 ab
1525 4937 1658 5012 urbe
1694 4936 1815 5012 Flo-

229 5018 450 5072 rentina
484 5007 741 5069 milliaria
771 5013 1029 5074 distante,
1081 5026 1223 5064 anno
1274 5009 1484 5063 Domini
1524 5007 1691 5068 1065.
1726 5008 1814 5062 die

230 5089 304 5144 {6
332 5088 525 5148 Febr.,
551 5094 742 5148 quarta
777 5083 908 5136 feria
932 5081 984 5134 in
1009 5082 1179 5148 prima
1205 5078 1542 5136 hebdomada
1573 5074 1816 5147 Quadra-

1838 4452 1886 4509 D

1890 519 1993 574 sibi
2033 519 2467 590 opponebantur,
2501 518 2836 573 conscientia
2863 516 2975 587 jam
3028 516 3254 580 fatente,
3286 517 3462 572 humi-

1889 609 2014 666 liter
2043 612 2419 677 conﬁteretur,
2470 610 2582 676 ille,
2615 619 2727 664 tum
2768 609 2896 680 quia
2939 607 3180 679 ejusdem
3226 610 3465 665 civitatis

1887 684 2008 756 erat
2052 701 2361 772 cpisc0pus,
2422 709 2533 754 tum
2586 700 2711 768 quia
2766 698 2938 754 fretus
2989 698 3191 755 auxilio
3243 699 3456 755 comitis

1893 801 2055 848 terra:
2086 793 2278 864 ipsius,
2309 792 2497 863 plenus
2534 790 2786 862 superbia
2826 790 3052 869 omnino
3080 790 3244 845 verba
3277 799 3460 845 nostra

1889 885 2271 956 vilipendebat.
2329 884 2436 940 Sed
2489 901 2612 939 cum
2670 899 2699 938 a
2754 866 2907 937 nobis
2946 892 3002 938 et
3047 898 3077 936 a
3124 882 3334 938 czeteris
3372 866 3475 951 qui

1889 976 2114 1030 aderant
2149 975 2420 1045 episcopis
2450 974 2548 1029 sub
2581 972 2807 1041 justitiae
2838 971 3022 1043 regula
3054 986 3132 1036 se,
3176 973 3317 1049 quod
3358 988 3463 1026 non

1889 1074 2223 1139 speraverat,
2266 1064 2567 1137 constringi
2616 1063 2976 1132 conspiceret,
3024 1075 3127 1117 nec
3174 1060 3460 1132 effugiendi

1889 1157 2115 1213 haberet
2149 1154 2443 1218 licentiam,
2495 1168 2693 1224 negare
2739 1150 3091 1222 pertinaciter
3129 1151 3293 1220 erepit
3324 1151 3464 1217 quod

1890 1257 2015 1307 ante
2038 1246 2125 1299 vix
2156 1243 2343 1299 audire
2369 1243 2716 1315 dignabatur.
2746 1242 2991 1308 Cumque
3013 1242 3171 1294 verba
3199 1239 3462 1311 produce-

1890 1347 2081 1390 rentur
2112 1335 2164 1389 in
2211 1334 2452 1405 longum,
2495 1341 2550 1388 ct
2584 1334 2879 1386 maximum
2910 1330 3015 1385 diei
3050 1328 3279 1398 spatium
3325 1338 3465 1381 esset

1890 1432 2289 1492 consumptum,
2322 1433 2375 1477 ct
2405 1422 2494 1477 ille
2543 1421 2897 1476 nihilominus
2945 1422 2997 1472 in
3030 1434 3121 1473 sna
3167 1418 3463 1488 pertinacia

1890 1513 2135 1582 negando
2183 1512 2501 1582 persistcrct
2547 1512 2729 1575 homo,
2782 1526 2904 1564 eum
2947 1525 3068 1566 cum
3120 1508 3332 1564 caeteris
3376 1508 3467 1576 qui

1891 1605 2119 1660 aderant
2176 1604 2446 1675 religiosis
2484 1593 2752 1675 episcopis
2797 1592 3245 1669 nobis'adjurare
3295 1600 3470 1653 visum

1892 1696 1990 1753 fuit
2018 1706 2073 1753 ct
2103 1705 2273 1750 totum
2300 1694 2561 1763 judicium
2602 1695 2656 1747 in
2683 1693 2993 1748 ostensione
3023 1691 3257 1761 Spiritus
3290 1688 3467 1743 sancti

1892 1788 2254 1845 committere.
2289 1787 2345 1841 In
2393 1786 2635 1850 nomine,
2671 1785 2916 1855 inquam,
2958 1782 3137 1837 Patris
3168 1789 3223 1837 et
3250 1780 3371 1834 Filii
3412 1789 3467 1834 ct

1896 1881 2133 1951 Spiritus
2161 1880 2358 1943 sancti,
2405 1876 2560 1946 cujus
2587 1878 2789 1932 donum
2819 1876 3006 1947 gratiae
3038 1885 3088 1930 te
3118 1887 3467 1943 comparasse

1891 1967 2230 2034 audivimus,
2263 1976 2322 2021 ut
2357 1964 2515 2035 hujus
2554 1964 2631 2020 rei
2687 1964 2843 2019 nobis
2871 1963 3154 2018 veritatem
3198 1961 3471 2017 edisseras

1893 2059 2227 2130 adjnramus.
2280 2056 2433 2125 Quod
2479 2056 2524 2111 si
2582 2054 2843 2131 amplius,
2890 2062 2950 2109 ut
2982 2051 3224 2124 corpisti,
3273 2064 3474 2120 negare

1896 2149 2213 2215 lentaveris,
2238 2147 2500 2219 Spiritum
2537 2155 2801 2203 sanctum.
2828 2145 3019 2209 donec,
3051 2158 3170 2213 qua:
3200 2158 3324 2197 vera
3348 2147 3473 2194 sunt

1893 2239 2226 2304 conﬁtearis,
2244 2238 2527 2292 nominare
2553 2251 2656 2290 non
2676 2233 2879 2289 valeas.
2899 2233 2998 2301 Qui
3022 2233 3325 2301 episcopus,
3348 2246 3471 2287 cum

1897 2331 2113 2386 abunde
2167 2331 2431 2399 eloquens
2476 2336 2639 2392 esset,
2690 2334 2744 2380 et
2793 2339 2822 2378 a
2872 2324 3024 2378 nobis
3064 2331 3381 2377 exoraretur
3410 2327 3473 2373 u:

1896 2422 2158 2491 Spiritum
2203 2430 2452 2476 sanctum
2501 2417 2835 2480 nominaret,
2887 2412 3102 2468 Patrem
3154 2410 3371 2480 quidem
3418 2417 3474 2463 et

1897 2512 2093 2566 Filium
2119 2511 2250 2567 satis
2281 2510 2487 2566 diserte
2514 2506 2851 2572 nominabat,
2890 2503 3158 2575 Spiritum
3194 2514 3323 2556 vero
3348 2514 3475 2555 sau-

1896 2615 2043 2659 ctum
2078 2606 2273 2659 mirum
2308 2606 2359 2659 in
2393 2603 2612 2658 modum
2648 2599 2928 2655 nominare
2956 2596 3104 2651 nullo
3128 2595 3289 2649 modo
3324 2602 3474 2664 pots-

1900 2695 2193 2755 rat.,Tuuc
2232 2695 2485 2751 omnibus
2515 2693 2606 2764 qui
2658 2692 2885 2747 aderant
2915 2689 3034 2743 luce
3062 2687 3264 2742 clarius
3303 2683 3487 2756 patuic

1900 2787 2043 2853 quod
2075 2787 2338 2861 honorem
2376 2782 2722 2855 episcopatus
2770 2782 2895 2861 dato
2921 2778 3095 2849 pretio
3121 2786 3351 2840 emerat,
3379 2775 3470 2844 qui

1903 2858 2115 2932 nonnisi
2166 2877 2403 2949 Spiritus
2449 2874 2621 2931 sancti
2659 2858 2839 2943 gratia'
2874 2870 3141 2941 largiente
3196 2866 3473 2922 tribuitur.

1903 2971 2055 3027 Tunc
2086 2968 2325 3039 Spiritus
2350 2967 2524 3024 sancti
2555 2965 2757 3020 virtute
2785 2962 3140 3019 tremefactus
3168 2961 3477 3032 episcopus.

1904 3063 1973 3121 hu
1985 3060 2185 3115 militer
2208 3073 2389 3114 coram
2415 3055 2669 3113 omnibus
2704 3053 2950 3110 conﬁteri
2992 3060 3208 3105 coactus
3230 3056 3311 3104 est
3335 3048 3477 3118 quod

1902 3161 2047 3216 ante,
2082 3150 2296 3206 inﬂatus
2317 3150 2564 3222 superbia
2594 3148 2707 3208 Dei,
2736 3148 2928 3201 timore
2954 3142 3254 3214 postposito
3289 3156 3475 3211 proca-

1905 3245 2042 3298 citer
2074 3258 2273 3314 negare
2298 3247 2733 3310 prmsumpscrat.
2866 3242 2873 3245 ⁷

1980 3334 2317 3404 Theophilus.
2360 3333 2494 3388 Cum
2544 3331 2739 3393 Pater,
2780 3337 2833 3384 et
2881 3327 3081 3389 Filius,
3138 3334 3193 3380 et
3246 3324 3504 3393 Spiritus-

1905 3434 2124 3483 sanctus
2178 3440 2342 3478 unum
2380 3423 2521 3486 sint,
2567 3436 2667 3476 nec
2721 3419 2865 3473 aliud
2910 3420 2978 3472 de
3024 3416 3184 3471 Patre
3234 3423 3289 3470 et
3345 3414 3485 3466 Filia

1905 3534 2068 3589 quam
2098 3519 2165 3572 de
2193 3515 2398 3585 Spiritu
2431 3523 2621 3569 sancto
2653 3511 2856 3566 sentire
2896 3508 2979 3564 fas
3009 3519 3112 3572 est,
3149 3520 3248 3561 cur
3286 3505 3341 3559 in
3381 3504 3483 3558 Pa-

1908 3609 2009 3663 tris
2057 3615 2112 3662 et
2166 3605 2287 3659 Filii
2340 3603 2616 3658 vocabulis
2661 3598 3001 3671 proferendis
3051 3597 3278 3656 solutam
3317 3603 3485 3662 atque

1907 3701 2190 3761 disertam,
2219 3699 2272 3750 in
2300 3694 2415 3750 solo
2443 3708 2570 3748 vero
2600 3692 2837 3762 Spiritus
2858 3689 3032 3745 sancti
3066 3685 3304 3748 nomine,
3329 3679 3501 3753 quasi.

1907 3786 2259 3858 praeeellenti,
2284 3785 2521 3855 linguam
2547 3791 2750 3836 mutam
2774 3790 2832 3835 et
2860 3779 3081 3835 omnino
3107 3775 3296 3831 habuit
3324 3771 3485 3833 colli:

1907 3879 2122 3951 gatam?
2148 3877 2305 3949 (8L).
2668 3886 2671 3891 ‘

1980 3986 2307 4042 Desiderius.
2348 3985 2503 4040 Justo
2536 3982 2630 4037 Dei
2668 3982 2877 4053 judicio
2915 3978 3138 4050 contigit
3181 3985 3241 4033 ut
3266 3977 3357 4046 qui
3384 3975 3481 4030 dos

1909 4093 2041 4132 num
2074 4076 2310 4146 Spiritus
2336 4075 2508 4131 sancti
2540 4074 2747 4144 grati-1',
2775 4073 2918 4143 quod
2949 4071 3119 4139 gratis
3143 4078 3197 4123 et
3242 4068 3402 4125 datur
3430 4074 3493 4119 et-

1910 4168 2201 4238 accipitur,
2242 4167 2422 4236 lingua
2465 4165 2757 4234 placitante
2785 4169 3053 4217 mercatus
3084 4168 3184 4222 est,
3216 4160 3272 4211 in
3302 4156 3481 4227 profe-

1910 4259 2080 4315 rendo
2116 4259 2350 4326 Spiritus
2389 4257 2561 4309 sancti
2599 4255 2859 4311 vocabulo
2902 4250 3210 4322 specialiter
3241 4248 3350 4320 (82)
3383 4248 3504 4311 lin-1.

1912 4367 2028 4424 gnte
2051 4350 2284 4404 oﬂicium
2315 4364 2419 4403 non
2456 4347 2695 4400 haberet.

1912 4509 2162 4567 crennbio
2207 4514 2625 4572 commerantes,
2659 4507 2711 4559 in
2745 4506 2954 4579 signum
2983 4498 3333 4579 miraculique
3374 4498 3487 4579 evij

1912 4580 2173 4643 dentiam,
2231 4587 2291 4630 ut
2339 4591 2531 4631 omnes
2576 4570 2713 4644 pene
2753 4570 3017 4630 mirentur
3037 4573 3102 4627 de
3135 4578 3243 4623 tam
3278 4570 3483 4640 ingenti

1912 4648 2388 4720 odorissuavitate
2414 4647 2677 4720 dispersa.
2740 4714 2774 4720 _
2900 4678 2905 4683 -
2984 4712 2996 4720 _
3098 4711 3109 4720 ,
3174 4711 3188 4720 _

1987 4719 2102 4790 (80)
2131 4719 2278 4790 Adeo
2304 4733 2464 4787 aequo
2503 4704 2692 4790 Tanimo
2740 4714 2935 4790 Petrus
2978 4711 3339 4790 jttstissimam
3373 4704 3491 4762 tulit

1915 4781 2242 4845 sententiam
2272 4828 2286 4852 ,
2336 4781 2393 4841 ut
2444 4788 2609 4840 etiam
2662 4797 2848 4839 tonsus
2901 4782 3039 4836 intra
3094 4781 3493 4852 Septimiam‘tm

1915 4861 2217 4930 claustrum
2231 4847 2472 4930 voluerit
2501 4858 2664 4910 vitam
2691 4853 3045 4930 monasticam
3069 4847 3335 4930 proﬁteri.
3359 4847 3496 4930 _\lide

1917 4931 2045 4986 abb.
2072 4928 2355 4998 Ughellum
2387 4941 2671 4998 sacrarum
2699 4924 3051 4998 historiarum
3083 4920 3380 4998 escellenti
3404 4931 3499 4969 co-

1916 4990 2161 5071 gnitione
2188 5015 2251 5071 ac
2274 4996 2463 5071 pe_r_itia
2500 4996 2763 5064 insignem
2807 4996 2859 5050 in
2897 5007 2991 5046 sua
3020 4990 3171 5046 italia
3194 5006 3339 5055 sae.,
3370 4996 3503 5043 lout.

1915 5066 2095 5148 ill,
2120 5066 2290 5148 c_p_is_c.
2313 5066 2553 5148 florent.
2646 5087 2658 5099 -

2699 5134 2765 5148 ενι
2942 5133 2981 5148 ἢ
3130 5130 3263 5148 Ini-0
3329 5143 3355 5148 _.
3422 5123 3481 5148 1⁵7
