4044 5360
535 345 672 402 1015

1836 323 2144 395 'vnz'roms
2179 337 2240 394 ιιι
2281 337 2478 392 eam

3647 351 3778 407 10Ιὸ

600 453 838 514 Alterius
867 453 1036 511 abbas
1067 449 1382 510 monasterii
1407 445 1628 506 Sancta:
1671 449 1952 506 Trinitatis
1983 450 2096 522 (85)
2127 455 2174 512 Α
2197 449 2436 518 mihique
2479 459 2535 502 ut
2583 447 2662 504 eis
2686 463 2952 521 apponam
2981 452 3224 522 deporta.
3263 455 3516 511 Cucurrit
3569 457 3660 512 ille
3698 470 3774 524 et,

535 550 600 602 ab
633 549 748 617 ipso
780 545 833 601 in
866 545 1040 601 latere
1083 541 1282 598 montis
1320 541 1596 607 aediﬁcati,
1627 541 1719 611 qui
1751 541 1892 598 inter
1921 540 2104 596 Saler-

533 637 776 692 nitanam
801 643 858 692 et
877 633 1312 704 Amalphitanam
1337 631 1585 688 civitates
1605 631 1918 701 praeeminet
1943 632 2103 700 mari,

533 728 745 786 exstitit
775 746 790 782 :
831 725 984 795 cujus
1023 725 1328 796 religiosam
1376 739 1441 780 ac
1471 724 1582 779 Deo
1611 723 1900 778 amabilem
1935 725 2102 780 vitam

534 831 590 878 et
629 823 742 890 ipse
763 835 836 898 ex
875 825 1029 890 parte
1071 817 1200 884 vidi,
1232 816 1325 888 qui
1353 816 1495 888 apud
1539 831 1662 872 eum
1709 815 2104 884 aliquantulum

535 913 880 982 familiariter
921 910 1117 976 mansi,
1141 917 1194 966 et
1223 909 1346 965 aliis
1375 907 1738 966 referentibus
1759 908 1972 979 agnovi.
2011 907 2106 962 Mi-

535 1005 776 1060 raculum
826 1016 956 1057 vero
990 1001 1133 1072 quod
1172 1000 1352 1055 divina
1393 999 1568 1054 virtus
1597 999 1649 1054 in
1678 1013 1744 1054 eo
1781 997 1998 1074 operari
2025 997 2106 1050 di-

531 1106 691 1165 gnata
729 1101 837 1158 est,
863 1091 1116 1162 quodque
1153 1105 1183 1145 a
1225 1087 1638 1160 quampluz-imis
1666 1087 1848 1154 didici,
1891 1103 2103 1158 acquum

533 1191 616 1239 est
641 1182 858 1238 silentio
885 1196 992 1236 non
1026 1182 1276 1236 transire.
1311 1181 1552 1251 Denique
1583 1180 1708 1236 dum
1747 1180 1976 1250 quadam
2008 1195 2105 1250 pro

533 1275 769 1328 utilitate
793 1273 1108 1328 monasterii
1142 1272 1543 1328 Salernitanam
1581 1274 1768 1327 urbem
1809 1273 1982 1326 adiret
2009 1287 2105 1342 per

531 1367 671 1418 viam
705 1365 913 1434 prmcisi
949 1363 1149 1418 utentis
1193 1364 1464 1435 gradiens,
1513 1365 1766 1420 deorsum
1799 1379 1918 1416 cum
1964 1377 2104 1432 equo

537 1472 643 1526 quo
671 1457 890 1510 sedebat
917 1471 1016 1524 per
1055 1456 1290 1509 immane
1309 1455 1666 1525 przecipitium
1691 1455 1888 1510 cecidit
1918 1469 1934 1508 :
1961 1455 2103 1523 quod

532 1556 680 1602 tanta
714 1547 1002 1602 altitudine
1025 1545 1158 1602 mari
1188 1545 1517 1615 super-jacet,
1547 1553 1602 1600 ut
1631 1544 2024 1616 quinquaginta
2052 1553 2104 1598 ct

529 1653 596 1692 eo
625 1637 859 1706 amplius
877 1653 1069 1707 passus
1099 1637 1152 1692 in
1183 1635 1349 1691 altum
1380 1639 1644 1707 praetendi
1670 1638 1936 1693 videatur.
1968 1640 2102 1691 Dum

534 1730 698 1798 igitur
746 1729 834 1800 qui
893 1745 1015 1783 cum
1077 1744 1141 1784 eo
1194 1731 1492 1798 pergebant
1551 1729 1697 1783 illum
1760 1729 1880 1784 sine
1943 1729 2104 1784 dubio

2207 539 2349 594 sicut
2378 539 2478 594 sibi
2508 539 2685 596 fuerat
2725 542 3065 612 imperatum,
3095 559 3194 599 ova
3226 547 3459 606 decoxit.
3507 549 3689 619 eique.
3723 563 3779 607 ut

2207 639 2564 699 praeceperat,
2595 631 2807 686 detulit.
2833 633 2935 699 Qui
2980 634 3272 704 accipiens,
3307 637 3603 700 benedixit.
3633 651 3688 696 et
3709 659 3776 697 ex

2206 721 2445 790 quinque
2485 721 2622 782 ovis.
2647 731 2858 793 septem
2886 726 3044 792 viris,
3087 723 3232 798 quod
3260 731 3508 788 mirabile
3534 745 3640 800 est,
3675 738 3779 792 sin-

2206 811 2344 881 gulis
2369 811 2578 882 singula
2603 815 2854 882 praebuit.
3269 835 3271 838 ‘

2278 901 2612 972 Theophilus.
2647 903 2782 960 Cum
2811 915 3017 976 septem
3043 908 3332 964 distributa
3361 911 3672 970 hominibus
3693 916 3772 970 sic

2206 994 2390 1064 augeri
2441 994 2679 1066 quinque
2725 1011 2826 1052 ova
2877 998 3181 1064 considero,
3231 1009 3290 1054 ut
3333 1001 3530 1072 singuli
3569 1006 3774 1075 singula

2204 1084 2396 1154 aequali
2433 1094 2578 1142 sorte
2621 1087 2912 1157 accipiant,
2951 1087 3082 1144 illud
3114 1091 3513 1160 quodammodo
3545 1096 3776 1150 miracu-

2205 1177 2316 1231 lum
2343 1177 2518 1243 video,
2543 1193 2649 1247 quo
2675 1180 2879 1234 Auctor
2906 1182 3148 1237 omnium
3191 1184 3256 1238 de
3283 1184 3522 1253 quinque
3546 1187 3774 1254 panibus

2205 1269 2445 1338 quinque
2477 1269 2646 1324 millia
2691 1271 2968 1326 hominum
2997 1274 3262 1328 saturavit
3291 1274 3505 1346 (Matth.
3553 1293 3664 1338 xw.
3695 1277 3773 1348 9).

2273 1361 2597 1416 Deaiderius.
2639 1362 2814 1417 Amita
2857 1366 3028 1432 patris
3049 1367 3176 1432 mei,
3217 1366 3328 1439 (85)
3359 1369 3500 1422 Bella
3530 1372 3772 1434 nomine,

2207 1453 2260 1507 in
2291 1452 2624 1508 monasterio
2647 1451 2794 1509 Beati
2825 1453 2970 1510 Petri
3012 1458 3238 1527 apostoli
3275 1457 3414 1512 intra
3440 1459 3771 1515 Beneventa-

2204 1555 2328 1596 nam
2375 1543 2564 1597 urbem
2593 1543 2790 1612 posito,
2827 1545 2878 1598 in
2923 1547 3321 1601 sanetimouiali
3357 1547 3544 1604 habitu
3591 1565 3622 1601 a
3666 1553 3774 1620 pri-

2207 1647 2374 1687 maevo
2392 1631 2695 1701 juventutis
2723 1634 2856 1690 flore
2885 1651 3054 1706 usque
3081 1636 3146 1690 ad
3176 1637 3414 1692 ultimam
3443 1649 3774 1696 senectutem

2206 1724 2371 1795 degit.
2408 1725 2559 1791 Quae,
2602 1741 2724 1782 cum
2752 1737 2895 1784 esset
2917 1727 3238 1799 desponsata
3290 1733 3431 1797 viro,
3466 1733 3679 1789 occulte
3708 1738 3772 1789 de

529 1818 860 1872 exstinctum
897 1828 1172 1889 putarent,
1202 1820 1428 1874 nimium
1457 1819 1640 1874 tristes
1670 1828 1724 1874 et
1758 1818 1968 1884 flentes,
2007 1833 2106 1888 per
2139 1827 2180 1882 ῃ
2208 1817 2366 1872 domo
2395 1829 2676 1886 parentum
2718 1817 2932 1890 fugiens
2962 1820 3028 1874 ad
3058 1824 3440 1877 monasterium
3477 1825 3772 1886 contendit,

531 1908 798 1975 quoddam
852 1907 1232 1962 diverticulum
1281 1910 1350 1962 ad
1387 1924 1560 1974 mare,
1618 1910 1662 1963 si
1713 1909 1902 1964 saltem
1957 1909 2104 1964 illum

533 2003 713 2072 aliquo
751 2005 910 2057 modo
955 2004 1201 2059 invenire
1227 2015 1448 2074 possent
1491 2014 1550 2058 ιιι
1593 2005 1886 2075 sepultura:
1927 2005 2110 2060 trade-

533 2103 677 2158 rent,
701 2096 1032 2152 descendere
1052 2106 1400 2152 curaverunt.
1424 2095 1557 2153 Cum
1587 2107 1768 2152 autem
1797 2099 1896 2152 sub
1925 2098 2108 2154 radice

534 2187 752 2249 montis,
786 2187 973 2242 molles
995 2187 1148 2256 juxta
1174 2189 1324 2243 littus
1369 2189 1537 2244 maris
1579 2189 1850 2244 calcantes
1888 2204 2106 2252 arenas,

533 2273 855 2331 festinanter
897 2279 964 2331 ad
995 2278 1174 2332 locum
1207 2294 1315 2349 quo
1357 2279 1629 2334 ceciderat
1665 2289 1978 2350 pergerent,
2028 2279 2108 2334 in—

536 2377 798 2421 venerunt
842 2382 963 2421 eum
1017 2367 1071 2421 in
1121 2368 1206 2422 via
1238 2383 1429 2422 sanum
1471 2376 1524 2422 et
1573 2368 1918 2434 incolumem,
1969 2382 2109 2438 equo

535 2471 659 2510 cum
703 2471 810 2524 quo
853 2457 1128 2512 ceciderat
1165 2458 1512 2523 insidentem,
1546 2457 1832 2512 Salernum
1878 2470 2109 2527 propere

533 2555 710 2615 empto
756 2545 952 2602 itinere
1004 2547 1518 2618 tendere.Cumqne
1554 2548 1652 2612 illi,
1701 2546 2105 2618 obstupefacti,

533 2637 766 2707 qualiter
815 2653 902 2694 res
950 2642 1224 2698 evenisset
1271 2641 1495 2697 omnino
1543 2641 1832 2711 nequirent
1879 2655 2104 2711 perpen-

531 2729 684 2794 dere,
714 2741 1000 2800 carperent
1027 2734 1139 2788 Deo
1184 2733 1388 2802 gratias
1416 2749 1602 2803 agere,
1647 2747 1912 2802 vocesque
1952 2733 2106 2802 quasi

535 2818 932 2880 tumultuantes
961 2823 1016 2878 in
1051 2823 1218 2878 altum
1267 2823 1470 2878 levare.
1498 2821 1602 2879 Sed
1647 2825 1714 2880 ab
1751 2825 1843 2878 illo
1888 2833 2110 2892 repente

535 2915 836 2983 compressi
867 2923 1196 2984 praeceptum
1228 2915 1450 2970 audiunt
1476 2932 1491 2968 :
1525 2914 1580 2969 Si
1611 2916 1768 2977 meis,
1797 2915 1990 2984 inquit,
2019 2914 2111 2969 be-

541 3004 945 3061 nedictionibus
973 3006 1078 3060 frui
1109 3006 1292 3072 vultis,
1317 3006 1470 3074 nulli,
1493 3007 1728 3076 quandiu
1758 3007 1962 3074 vixero,
1991 3023 2110 3078 qua:

539 3107 604 3147 cx
630 3110 715 3149 me
750 3095 962 3152 vidistis
985 3096 1200 3152 dicatis.

2211 1908 2392 1976 ibique
2413 1908 2775 1978 virginitatem
2803 1925 2954 1964 suam
2991 1911 3343 1980 omnipotenti
3376 1911 3604 1968 Domino
3627 1915 3772 1966 dica-

2211 2000 2316 2065 vit;
2367 2000 2590 2070 ct,quia
2643 2009 2919 2054 terrenum
2977 2001 3028 2057 in
3077 2009 3216 2057 terra
3266 2019 3518 2072 sponsum
3579 2003 3778 2058 habere

2211 2089 2559 2160 contempsit,
2591 2089 2778 2159 procul
2821 2091 2984 2146 dubio
3023 2093 3222 2146 meruit
3269 2093 3468 2148 habere
3501 2099 3776 2150 cmtestem

2213 2180 2264 2233 in
2289 2179 2462 2235 ceeiis.
2507 2180 2620 2248 ipsa
2651 2181 2782 2236 mihi
2815 2181 2972 2236 solita
3015 2191 3134 2237 erat
3174 2181 3377 2238 referre
3405 2184 3472 2238 de
3502 2183 3770 2240 abbatissa

2210 2287 2303 2328 sua
2333 2287 2453 2342 qua:
2481 2271 2595 2328 Offa
2624 2273 2733 2343 (86)
2757 2274 3056 2330 dicebatur.
3088 2273 3216 2341 Quae
3237 2275 3291 2330 in
3327 2285 3508 2330 monte
3531 2277 3620 2344 qui
3648 2277 3778 2330 San-

2211 2374 2309 2420 cte
2323 2363 2438 2435 (87)
2451 2365 2673 2436 Agathre
2688 2366 2942 2436 martyris
2963 2367 3178 2430 dicitur,
3193 2381 3356 2436 prope
3371 2368 3678 2436 Capuanam
3691 2383 3778 2419 ur-

2208 2456 2354 2522 bem,
2379 2467 2664 2526 antequam
2683 2459 2919 2527 regimen
2939 2459 3250 2512 monasterii
3273 2461 3596 2527 susciperet,
3625 2459 3778 2528 longe

2213 2561 2454 2619 tempore
2482 2549 2828 2614 habitaverit,
2857 2549 3041 2620 ibique
3066 2551 3229 2604 vitam
3254 2551 3586 2605 eremiticam
3617 2550 3778 2604 duxe—

2215 2641 2283 2694 rit
2314 2658 2327 2694 :
2357 2641 2550 2696 dehinc
2589 2640 2906 2695 monasterii
2934 2649 3184 2710 suscepto
3229 2641 3508 2711 regimine,
3543 2641 3772 2710 quadam

2213 2740 2371 2785 nocte
2409 2731 2686 2785 sororibus
2725 2731 2902 2785 adhuc
2930 2731 3332 2800 quiescentibus
3353 2733 3650 2785 oratorium
3699 2732 3775 2784 in-

2211 2835 2394 2891 gressa
2456 2821 2665 2890 accepit
2713 2819 2824 2891 (88)
2875 2821 3242 2886 thuribulum,
3303 2829 3360 2875 ιιι
3415 2835 3566 2875 more
3624 2816 3778 2874 solito

2216 2912 2372 2965 tbut'a
2403 2910 2646 2966 adoleret
2671 2910 2952 2965 altaribus.
2983 2909 3115 2966 Cum
3162 2912 3340 2980 itaque
3366 2911 3488 2965 thus
3518 2911 3572 2965 in
3611 2911 3775 2964 thuri-

2211 3005 2400 3060 bulum
2449 3005 2670 3059 mittere
2708 3004 2892 3070 vellet,
2931 3021 2961 3060 e
3005 3020 3164 3059 manu
3198 3003 3311 3072 ejus
3335 3005 3530 3060 cecidit
3557 3017 3611 3060 et
3655 3006 3776 3058 lam-

2213 3097 2350 3166 pade
2397 3111 2428 3148 a
2466 3105 2630 3150 vento
2670 3097 2938 3152 exstincta
2975 3098 3097 3152 thus
3146 3097 3386 3153 invenire
3437 3113 3543 3152 non
3589 3097 3774 3152 valuit.

613 3184 820 3240 Dicitur
859 3188 1023 3242 etiam
1064 3187 1130 3242 de
1182 3186 1275 3244 illo
1319 3190 1464 3258 quod
1507 3196 1776 3244 mortuum
1818 3187 2111 3244 suscitave—
2141 3166 2186 3228 ο
2217 3189 2458 3258 Repente
2498 3203 2626 3243 vero
2655 3189 2873 3258 quidam
2900 3187 3056 3258 juxta
3096 3189 3250 3244 illum
3281 3191 3474 3254 astitit,
3503 3201 3558 3246 et
3591 3199 3778 3246 tenens

541 3273 648 3340 rit;
678 3275 819 3344 quod
873 3276 1123 3332 videlicet
1152 3277 1257 3334 illis
1304 3279 1396 3348 qui
1427 3293 1548 3334 eum
1587 3279 1810 3350 ejusque
1841 3281 2004 3335 vitam
2044 3281 2112 3335 ad

541 3364 800 3436 liquidum
828 3378 1093 3423 noverunt
1121 3369 1436 3427 incredibile
1463 3371 1686 3426 minime
1708 3371 1939 3426 videtur.

613 3455 727 3528 (84)
763 3457 875 3514 Leo
921 3458 1110 3524 abbas,
1140 3459 1232 3530 qui
1283 3461 1333 3515 ei
1381 3461 1436 3515 in
1487 3461 1800 3517 monasterii
1855 3463 2114 3534 regimine

543 3547 830 3612 successit,
853 3548 952 3602 sub
981 3547 1096 3616 ejus
1137 3550 1450 3621 magisterio
1479 3552 1744 3607 educatus
1785 3553 1901 3622 ejus
1935 3553 1988 3608 in
2016 3555 2116 3608 ob-

544 3639 736 3706 sequio
763 3641 1130 3709 praepositum
1159 3638 1394 3695 ollicium
1434 3655 1647 3710 gerens,
1674 3643 1762 3712 qui
1807 3659 1918 3712 prze
1949 3653 2113 3699 (κριθ-

545 3729 623 3782 ris
657 3727 918 3788 fratribus
947 3732 995 3784 ei
1031 3730 1374 3787 familiariter
1403 3735 1738 3802 adhmrebat,
1779 3751 1950 3806 nuper
1979 3735 2112 3791 mihi

547 3819 733 3873 retulit
781 3821 905 3888 quia
969 3823 1203 3890 quodam
1263 3832 1504 3894 tempore
1551 3827 1842 3882 saeculares
1887 3812 2026 3894 viri,
2055 3835 2116 3882 ut

545 3908 664 3978 ejus
707 3911 1044 3968 orationibus
1089 3913 1418 3980 fruerentur,
1465 3916 1790 3973 vit'itatiouis
1830 3919 2002 3989 gratia
2047 3919 2115 3974 ad

547 4001 724 4070 ipsum
754 4013 1037 4057 venerunt.
1071 4004 1276 4071 Quibus
1301 4014 1424 4075 post
1463 4007 1824 4074 spiritualem,
1869 4025 2115 4080 corpora-

548 4089 652 4144 lem
683 4091 847 4147 etiam
885 4090 1001 4162 ejus
1044 4094 1392 4150 refectionem
1423 4096 1664 4166 praebere
1706 4099 1950 4176 cupiens,
1979 4115 2116 4170 prae-

547 4179 662 4236 fato
690 4179 879 4248 Leoni,
903 4197 1004 4238 suo
1031 4184 1284 4240 videlicet
1323 4187 1631 4257 prmposito,
1661 4192 1913 4258 prteccpit
1940 4191 2115 4246 chari-

551 4275 678 4329 tatis
707 4289 869 4330 causa
907 4291 1148 4332 mensam
1177 4277 1257 4332 eis
1284 4293 1554 4348 apponere
1580 4289 1634 4336 et
1665 4281 1950 4351 prandium
1977 4297 2118 4353 pra:-

543 4379 761 4433 parare.
803 4367 903 4432 Qui
933 4367 1065 4422 nihil
1111 4367 1251 4422 aliud
1285 4379 1482 4439 praeter
1507 4386 1700 4440 panem
1734 4381 1788 4426 et
1828 4373 2034 4438 vinum,
2061 4381 2116 4428 et

545 4455 787 4525 quinque
814 4471 912 4510 ova
941 4456 1259 4525 gallinacea.
1291 4464 1432 4528 quod
1461 4461 1537 4515 eis
1565 4461 1630 4514 ad
1683 4463 2114 4518 manducandum

2215 3294 2434 3334 manum
2465 3277 2603 3348 ejus,
2651 3279 2966 3350 thymiama,
2999 3280 3142 3350 quod
3193 3281 3247 3335 in
3287 3281 3620 3334 thuribulum
3675 3296 3772 3349 po-

2217 3379 2421 3435 suerat,
2463 3371 2628 3425 dedit.
2667 3369 2875 3426 Tantus
2929 3371 3094 3440 igitur
3134 3372 3269 3426 odor
3306 3387 3369 3426 ex
3423 3371 3508 3426 illo
3554 3371 3774 3424 incenso

2219 3461 2570 3532 thymiamate
2593 3462 2885 3526 emanavit,
2930 3471 2986 3517 ut
3025 3477 3120 3533 per
3151 3471 3320 3517 totum
3347 3463 3484 3531 quod
3512 3461 3772 3529 reliquum

2216 3559 2332 3605 erat
2365 3551 2560 3616 noctis,
2585 3566 2756 3620 usque
2779 3551 2846 3606 ad
2875 3552 3061 3606 horam
3094 3553 3197 3606 diei
3227 3552 3438 3605 tertiam
3469 3565 3572 3604 non
3605 3552 3768 3605 solum

2218 3641 2524 3705 ecclesiam,
2550 3642 2644 3696 sed
2676 3643 2840 3697 etiam
2869 3657 3030 3696 omne
3064 3641 3195 3696 illud
3227 3642 3611 3696 monasterium
3641 3641 3770 3694 mira

2218 3731 2483 3786 suavitate
2525 3731 2834 3800 repleverit.
2889 3731 2966 3785 Ex
3010 3747 3114 3801 qua
3167 3745 3224 3786 re
3268 3731 3384 3786 sine
3422 3731 3584 3784 dubio
3619 3730 3770 3782 datur

2219 3823 2441 3893 intelligi
2481 3827 2623 3892 quod
2667 3824 2888 3896 angelus
2925 3824 3133 3878 Domini
3173 3823 3334 3877 fuerit
3365 3821 3455 3892 qui
3499 3821 3630 3875 illud
3669 3821 3774 3889 thy-

2220 3913 2416 3966 miama
2450 3914 2582 3966 tanti
2607 3913 2917 3982 fragrantia:
2943 3912 3124 3967 odoris
3153 3912 3416 3965 tribuerit.

2292 4001 2416 4057 llaec
2441 4001 2627 4058 eadem
2653 4003 3058 4074 religiosissima
3103 4003 3394 4062 abbatissa,
3447 4001 3574 4054 dum
3615 3999 3774 4053 multa

2220 4113 2318 4167 per
2349 4106 2590 4168 tempora
2620 4097 3160 4168 sollicitejvirginibus
3185 4093 3504 4165 pra-:fuisset,
3531 4093 3704 4146 verbis
3723 4099 3778 4144 et

2219 4186 2482 4258 exemplis
2506 4187 2610 4242 sibi
2643 4187 2961 4243 commissas
2993 4187 3085 4241 Dei
3116 4185 3345 4239 famulas
3377 4185 3644 4237 instruere
3674 4195 3770 4233 nou

2224 4294 2469 4345 cessans,
2521 4279 2777 4350 languore
2819 4288 2959 4334 tacta
2992 4279 3234 4348 corporis
3265 4277 3413 4331 venit
3439 4275 3503 4328 ad
3535 4280 3774 4328 mortem.

2225 4368 2465 4440 Cumque
2495 4371 2546 4424 in
2572 4379 2815 4426 extremo
2841 4369 3017 4440 posita
3040 4369 3150 4440 jam
3195 4381 3359 4437 prope
3381 4373 3524 4420 esset
3549 4375 3608 4418 ut
3629 4363 3774 4418 Chri-

2226 4469 2329 4528 sto,
2359 4460 2445 4514 cui
2475 4461 2756 4524 servierat,
2787 4461 3019 4514 animam
3051 4459 3274 4514 reddere
3299 4457 3534 4518 deberet,
3561 4451 3778 4508 videnti—

543 4547 786 4616 praebere
825 4556 1028 4616 posset,
1062 4564 1120 4602 se
1176 4550 1374 4605 habere
1421 4553 1727 4621 respondit;
1762 4556 1854 4610 sed
1883 4556 2118 4625 qualiter
2151 4533 2196 4590 θ
2223 4551 2324 4604 bus
2347 4549 2557 4604 cunctis
2583 4551 2674 4620 qui
2704 4551 2926 4604 aderant
2950 4564 2980 4603 c
3007 4547 3203 4602 lectulo
3225 4561 3282 4600 se
3306 4544 3456 4615 quasi
3479 4545 3546 4598 ad
3571 4556 3776 4596 mensu-

545 4637 689 4690 inter
709 4652 804 4691 eos
839 4638 952 4706 ipsa
990 4654 1090 4692 ova
1136 4639 1296 4692 dividi
1329 4641 1608 4705 deberent,
1641 4643 1890 4712 ignorare
1918 4663 1932 4698 :
1958 4657 2120 4702 erant

547 4724 620 4778 illi
674 4727 862 4796 utique
914 4737 1140 4794 septeni.
1200 4729 1300 4784 Cui
1357 4730 1446 4783 ille
1505 4749 1516 4784 :
1573 4731 1818 4798 Festina,
1896 4735 2112 4804 inquit,

545 4817 888 4885 quantocius,
931 4827 984 4872 et
1029 4819 1217 4872 eadem
1258 4835 1356 4873 ova
1405 4821 1527 4892 igne
1566 4823 1808 4880 adhibito
1846 4841 2112 4896 praepara,

549 4946 808 5026 monitione
835 4948 1056 5026 hmresis
1079 4952 1230 5026 quasi
1255 4967 1352 5026 pro
1378 4953 1548 5026 nihilo
1574 4958 1829 5026 reputari.
1862 4966 1914 5014 et
1940 4973 1967 5012 a
1995 4959 2118 5014 divo

544 5015 1070 5110 efﬁgiem-culpam
1083 5015 1498 5110 :iuexpiabilem
1543 5015 1862 5097 nuncupari.
1903 5029 2116 5082 Utinam

547 5085 725 5110 amna-'2
757 5095 872 5110 ..Α-Ι
885 5105 906 5110 -

2223 4657 2337 4696 ram
2384 4641 2542 4696 trium
2586 4641 2890 4696 cubitorum
2927 4639 2980 4695 in
3012 4653 3138 4692 acre
3176 4637 3410 4700 elevans,
3449 4632 3697 4703 expansis
3725 4630 3774 4682 in

2221 4733 2415 4788 malum
2465 4731 2716 4786 manibus
2741 4731 2913 4786 stetit.
2948 4730 3013 4784 Et
3043 4730 3182 4782 facta
3209 4727 3468 4787 oratione,
3502 4725 3692 4778 iterum
3721 4735 3774 4774 se

2221 4825 2273 4879 in
2297 4823 2492 4879 lectulo
2516 4823 2804 4886 collocans,
2831 4821 3072 4874 ultimum
3096 4819 3341 4888 spiritum
3365 4814 3652 4869 exhalavit.
3675 4807 3771 4863 Sed

2293 4955 2405 5028 (85)
2441 4943 2877 5028 Thcpdataseu
2917 4948 3466 5028 Tlieodorada_ilt_icis
3509 4939 3776 5028 Rogriiual‘di:

2222 5013 2359 5081 uxor
2381 5013 2516 5106 aun._
2543 5025 2753 5080 Domini
2911 5022 3155 5090 adjunxit
3184 5017 3620 5110 ecclesim‘sancti
