4044 5360
229 197 366 255 1017

1233 192 1424 248 EPITA
1435 194 1648 252 PHIUM
1687 193 1972 250 ABBATIS
2013 193 2464 251 APOLLINAHIS

3307 197 3488 254 4018⁸

225 327 292 366 ει
334 311 440 366 hoc
484 315 697 378 quanta:
743 305 902 362 fuerit
939 305 1280 361 abstinentiae
1317 309 1556 376 diguosei
1597 321 1792 380 potest.
1827 316 1870 372 Α
1905 310 2042 364 infra
2067 325 2238 366 annos
2269 309 2648 366 adolescentiae
2685 326 2852 367 nimio
2883 326 3136 382 languore
3165 319 3486 383 prmvcntu‘s:

226 405 358 471 Quae
383 404 510 456 dum
534 403 744 456 infirma
763 401 968 471 jaceret
989 401 1040 454 in
1059 399 1270 460 lectulo.
1295 409 1350 454 et
1375 419 1404 454 ει
1433 403 1614 457 multis
1635 403 1794 458 hune-

225 493 488 550 stioribus
519 493 649 544 viris
689 505 752 544 ac
795 489 1132 558 mulieribus,
1181 491 1503 544 visitationis
1531 493 1698 562 gratia
1731 495 1797 546 ad

229 587 401 656 ipsam
443 585 808 649 venientibus,
845 577 908 638 ui
934 584 1324 654 aliquantulum
1353 588 1480 650 cibi.
1511 603 1618 656 quo
1645 589 1794 642 inﬁr-

226 691 374 730 mum
415 691 614 744 corpus
659 683 1074 740 sustentaretur,
1098 685 1334 745 caperet.
1368 687 1674 746 rogaretur.
1705 678 1792 734 illa

227 767 450 820 desueta
481 765 688 819 deliciis
723 783 736 817 :
783 763 840 818 Si
865 765 1090 834 aliquid,
1123 767 1318 836 i:.quit.
1349 769 1478 822 mihi
1509 769 1576 822 de
1607 769 1797 824 infusis

227 855 590 926 leguminibus
627 855 940 922 attuleritis,
989 855 1212 910 forsitan
1249 857 1641 927 aliquantulum
1675 859 1798 914 inde

227 958 420 1016 potero
457 946 766 1015 degustare.
803 944 846 999 Ο
888 945 1210 1000 abstinentia
1261 946 1317 1000 in
1365 945 1560 1002 femina
1607 950 1798 1018 praedi-

226 1037 578 1103 canda,qna:.
603 1036 654 1087 in
684 1029 992 1088 infirmitate
1017 1037 1211 1104 posita,
1237 1033 1798 1106 infusisleguminibus

225 1143 324 1196 pro
345 1127 574 1182 summis
591 1127 754 1182 etiam
777 1127 982 1182 deliciis
1003 1128 1282 1182 utebatur!
1315 1127 1443 1194 Qum
1463 1144 1584 1184 eum
1609 1125 1798 1186 fuisset

227 1219 506 1284 defuncta.
529 1231 584 1276 et
612 1221 664 1275 in
689 1222 912 1277 ecclesia
937 1223 1170 1292 sepulta,
1191 1221 1422 1292 quadam
1451 1220 1536 1276 die
1563 1223 1798 1280 rus'tieus

225 1309 443 1378 quidam
495 1309 766 1366 frmuento
808 1321 1036 1368 onustus
1081 1325 1176 1382 per
1216 1309 1460 1367 eamdem
1513 1311 1794 1368 ecclesiam

227 1399 544 1464 transiens,
606 1415 767 1469 supra
833 1400 1138 1469 sepulcrum
1192 1397 1347 1467 ejus,
1405 1400 1798 1468 parvipendeus

225 1489 376 1558 cujus
404 1489 584 1544 meriti
615 1501 758 1545 esset
789 1507 908 1559 qua:
959 1492 1028 1546 ibi
1061 1491 1266 1560 sepulta
1294 1489 1537 1558 jacebat,
1579 1507 1794 1550 saccum

226 1596 344 1634 eum
384 1578 660 1634 frumento
703 1583 968 1652 deposuit,
999 1593 1054 1638 et
1086 1585 1286 1652 fessus,
1314 1591 1370 1636 ut
1405 1584 1794 1660 aliquantulum

225 1683 516 1744 pausat-et.
554 1673 707 1742 juxta
763 1680 1022 1734 consedit.
1091 1679 1332 1750 Repente
1381 1681 1544 1748 igitur
1607 1695 1798 1736 saccus

225 1769 482 1822 divinitus
547 1770 614 1824 de
670 1771 858 1827 eodem
921 1772 1166 1840 sepulcro
1231 1773 1476 1829 sublatus
1537 1775 1800 1843 longeque

227 1863 516 1932 proiectus.
559 1881 718 1922 omne
747 1865 896 1928 illud.
933 1881 1040 1935 quo
1069 1866 1260 1935 plenus
1285 1875 1428 1928 erat,
1463 1866 1796 1920 frumentum

227 1957 426 2023 passim
477 1971 578 2028 per
623 1959 870 2014 eamdem
927 1957 1212 2012 ecclesiam
1269 1958 1487 2027 sparsit.
1544 1955 1800 2012 Rusticus

227 2061 351 2115 ergo
399 2049 754 2103 vehementer
810 2051 1158 2112 conterritus,
1215 2050 1282 2102 ab
1335 2049 1426 2102 illa
1481 2049 1568 2104 die
1614 2048 1802 2102 didicit

229 2147 487 2202 quantum
527 2138 616 2192 Dei
647 2137 893 2194 homines
941 2141 992 2192 iu
1039 2155 1270 2209 corpore
1317 2141 1608 2196 venerandi
1650 2139 1796 2204 sint;

231 2239 348 2278 cum
371 2228 638 2281 exstincta
661 2227 872 2281 illorum
901 2243 1129 2296 corpota
1159 2243 1224 2283 ac
1251 2229 1302 2282 in
1333 2229 1577 2297 sizpulcro
1603 2226 1796 2296 posita,

231 2335 296 2376 ne
335 2321 401 2374 ab
435 2322 706 2391 aliquibus
750 2325 1209 2396 parvipendantur
1258 2327 1438 2380 divina
1486 2327 1586 2382 sibi
1631 2329 1800 2382 virtus

236 2409 396 2465 voluit
423 2412 822 2467 demonstrare.

303 2499 449 2554 Alter
497 2502 714 2569 quidam
761 2504 956 2558 nobilis
985 2505 1070 2560 vir
1105 2506 1172 2560 de
1208 2506 1394 2560 eadem
1425 2505 1800 2562 Beneventana

235 2592 362 2644 urbe
391 2593 576 2646 nescio
600 2609 704 2661 qua
739 2609 900 2648 causa
937 2599 1323 2652 monasterium
1369 2603 1706 2666 adventarat.
1739 2617 1802 2657 ac

235 2683 463 2750 nescius,
487 2685 628 2739 forte
649 2685 765 2753 ejus
785 2701 944 2755 supra
967 2690 1271 2757 sepulcrum
1301 2693 1616 2748 consederat
1639 2708 1652 2746 :
1678 2707 1800 2748 eum

233 2775 405 2828 subito
431 2785 614 2830 t:mtus
639 2777 792 2830 dolor
819 2779 1083 2834 viscerqu
1107 2797 1228 2836 eum
1253 2784 1476 2851 invasit,
1501 2795 1579 2853 ut,
1603 2787 1801 2840 vocife-

237 2875 356 2917 rans
379 2873 546 2933 atque
579 2863 811 2934 ejulans,
837 2883 894 2922 se
918 2870 1104 2924 eadem
1143 2871 1273 2926 hora
1307 2875 1623 2929 moriturum
1651 2885 1804 2945 puta-

237 2962 314 3006 ret
359 2955 436 3008 Ad
467 2953 624 3022 cujus
657 2971 842 3011 vocem
884 2975 1002 3028 qua:
1035 2961 1086 3014 in
1113 2965 1439 3018 monasterio
1459 2971 1614 3018 erant
1639 2966 1804 3034 virgi-

236 3057 324 3097 nes
368 3047 618 3114 protiuns
653 3059 1028 3112 cucurrerunt.
1069 3052 1230 3120 eique
1265 3053 1417 3122 cujus
1449 3065 1590 3109 esset
1621 3058 1796 3126 sepul-

233 3147 376 3188 crum
421 3153 586 3207 supra
636 3140 778 3208 quod
819 3141 1036 3196 sederat
1085 3143 1484 3200 iudicaverunt.
1532 3147 1656 3213 Qui.
1703 3165 1798 3217 pro

237 3225 536 3295 ignorantia
559 3233 712 3286 venia
739 3234 1032 3302 postulata,
1059 3237 1270 3290 meritis
1295 3237 1390 3292 Dei
1415 3239 1628 3295 famulae
1651 3240 1802 3296 coeli-

237 3324 314 3370 tus
337 3321 534 3374 meruit
561 3322 902 3379 medicinam.

301 3427 351 3482 In
401 3433 594 3488 eadem
639 3437 770 3490 urbe
816 3438 1204 3493 monasterium
1258 3449 1343 3494 est
1391 3441 1534 3510 quod
1591 3440 1802 3494 Sam-1.1:

237 3519 444 3590 Sophia:
493 3525 696 3579 dicitur
748 3529 860 3598 (89)
893 3571 906 3594 ,
963 3517 1418 3586 huic'Casineusi
1471 3532 1799 3586 monasterio

235 3611 526 3674 subditum.
555 3617 608 3669 in
639 3631 742 3686 quo
771 3621 985 3688 quidam
1011 3637 1039 3674 a
1067 3623 1296 3690 pueritia
1332 3631 1532 3676 saneta:
1562 3637 1794 3676 conver-

235 3701 449 3757 sationis
489 3713 548 3758 ct
587 3721 790 3776 magna:
841 3709 1158 3764 humilitatis
1207 3713 1502 3766 monachus
1541 3711 1660 3772 fuit.
1700 3710 1790 3778 qui

1901 404 1966 457 ad
2001 413 2246 458 extrema
2277 404 2570 474 perductus
2611 411 2712 458 est.
2762 403 2841 456 Ad
2889 404 3042 472 cujus
3081 405 3284 458 exitum
3333 421 3464 460 eon-

1899 494 2101 562 gregati
2144 493 2360 558 fratres,
2416 493 2632 564 hymnis
2677 501 2732 546 et
2777 493 2998 562 psalmis
3035 495 3146 548 Deo
3185 505 3470 564 coeperunt

1899 583 2014 652 ejus
2047 583 2284 638 annuam
2311 585 2714 646 commendare,
2751 595 3168 654 sanctorumque
3203 595 3375 641 cintus
3413 587 3466 642 iu

1899 677 2014 747 ejus
2076 677 2334 732 auxilium
2391 674 2650 730 attentius
2703 675 3120 743 invocarezqni
3179 685 3460 730 crescente

1901 773 2160 842 languore
2187 769 2473 824 defunctus
2501 775 2606 822 est.
2641 766 2745 820 Sed
2777 767 2902 820 dum
2931 767 2996 820 ad
3025 767 3310 820 lavandum
3341 766 3464 834 ejus

1899 879 2098 934 corpus
2149 875 2290 932 aqua
2339 869 2702 930 przrparatur,
2751 872 2849 928 per
2895 873 3052 911 unam
3107 855 3222 912 fere.
3273 857 3462 912 horam

1899 958 2164 1016 exanimis
2207 955 2397 1026 jacuit.
2445 955 2687 1025 Cumque
2731 955 2820 1022 qui
2866 953 3090 1008 aderant
3133 956 3366 1010 orationi
3413 965 3468 1010 et

1897 1050 2206 1122 psalmodize
2247 1049 2596 1110 insisterent,
2647 1045 2824 1102 subito
2876 1059 3070 1114 corpus
3121 1045 3238 1112 ejus
3299 1061 3460 1100 omne

1899 1139 2241 1204 contremuit,
2277 1156 2340 1194 ac
2371 1138 2628 1207 paulatim
2665 1137 2994 1192 revivisceus
3018 1136 3230 1190 cunctis
3261 1137 3463 1189 miran-

1901 1235 2042 1290 tibus
2087 1235 2139 1286 in
2183 1231 2380 1288 lectulo
2408 1229 2669 1284 coitsedit.
2705 1228 2860 1292 Dein.
2888 1228 3273 1299 interrogatus.
3307 1229 3470 1297 cmpit

1901 1325 2006 1378 illis
2061 1337 2182 1392 qure
2243 1335 2494 1389 egressus
2563 1319 2630 1372 de
2683 1332 2911 1388 corpore
2965 1317 3172 1371 viderat
3230 1317 3466 1380 referre.

1899 1415 2124 1471 dicens:
2152 1413 2288 1470 Cum
2319 1413 2496 1466 anima
2543 1427 2680 1474 mea,
2727 1409 2878 1466 vobis
2911 1409 3125 1464 litanias
3149 1411 3466 1464 canentibus

1899 1513 2226 1574 sanctosque
2263 1501 2476 1558 Domini
2519 1499 2916 1560 invocantibus.
2949 1500 3014 1554 de
3049 1513 3276 1568 corpore
3309 1516 3464 1566 egre-

1899 1597 2142 1658 deretur.
2193 1610 2318 1649 mox
2349 1589 2416 1646 ad
2442 1606 2628 1663 preces
2671 1599 2882 1646 vestras
2923 1591 3118 1652 sancti.
3153 1607 3286 1660 quos
3315 1592 3468 1644 inro-

1901 1685 2087 1750 castis,
2123 1699 2302 1738 meum
2345 1683 2400 1737 in
2445 1683 2702 1736 auxilium
2745 1681 3099 1735 advenerunt.
3129 1683 3369 1750 Cumque
3395 1681 3469 1736 illi

1902 1775 1968 1831 ab
2013 1789 2080 1830 eo
2109 1773 2454 1850 requirerent
2497 1771 2542 1826 si
2586 1771 2726 1834 illos,
2756 1785 2892 1838 quos
2934 1785 3207 1840 nunquam
3237 1769 3468 1832 viderat,

1901 1881 2236 1936 cognoscere
2283 1863 2582 1932 potuisset?
2625 1862 2968 1932 Respondit:
3001 1861 3254 1916 Sanctum
3303 1861 3472 1914 Bene-

1903 1959 2102 2012 dictum
2149 1963 2204 2010 et
2227 1963 2470 2010 sanctmn
2499 1953 2818 2022 Gregorium
2846 1951 3090 2018 cognovi,
3117 1950 3178 2004 Β.
3206 1951 3470 2004 Donatum

1901 2057 1956 2103 et
2009 2046 2288 2111 Felicem,
2357 2061 2480 2100 cum
2531 2043 2754 2112 reliquis
2807 2042 2898 2110 qui
2969 2043 3019 2095 in
3083 2042 3184 2094 hac
3241 2041 3468 2095 ecclesia

1903 2138 2252 2208 requiescunt
2321 2135 2566 2196 sanctis.
2629 2147 2828 2212 meum.
2861 2132 2912 2184 in
2983 2130 3238 2184 auxilium
3290 2133 3472 2185 venire

1901 2227 2186 2296 conspexi.
2243 2227 2390 2282 Inter
2437 2239 2574 2295 quos
2627 2224 2820 2278 beatus
2867 2221 3162 2276 Mercurius
3211 2231 3470 2290 patronus

1903 2326 2090 2372 noster
2135 2317 2280 2370 velut
2319 2313 2658 2384 splendidum
2695 2313 2846 2368 sidus
2890 2311 3116 2366 rutilaus
3163 2310 3464 2365 videbatur.

1905 2406 2078 2474 Quem
2132 2421 2256 2462 cum
2301 2405 2729 2471 interrogassent
2774 2409 3084 2454 utrumnam
3129 2400 3178 2452 in
3231 2400 3331 2453 hac
3363 2399 3468 2452 vita

1901 2507 2048 2553 esset
2095 2496 2442 2552 moraturus?
2483 2494 2722 2558 Minime,
2755 2491 2924 2561 inquit
2957 2509 2970 2544 :
3007 2505 3132 2544 nam
3163 2490 3222 2544 Β.
3265 2489 3472 2543 Mercu-

1905 2595 2018 2648 rius
2047 2592 2206 2648 hodie
2234 2605 2294 2646 se
2317 2589 2382 2642 ad
2411 2605 2499 2644 me
2544 2586 2924 2643 assumendum
2951 2583 3136 2638 venire
3166 2581 3470 2652 spopondit.

1904 2685 2036 2752 Qua:
2071 2695 2128 2738 ut
2159 2683 2372 2736 dixerat
2407 2695 2533 2735 vera
2567 2679 2734 2732 fuisse
2761 2677 2836 2730 rei
2875 2675 3054 2728 exitus
3084 2671 3470 2742 comprobavit.

1905 2778 2102 2832 Eodem
2134 2787 2370 2841 namque
2397 2773 2484 2825 die
2519 2787 2586 2826 ex
2621 2771 2722 2824 hac
2753 2768 2874 2822 luce
2903 2767 3235 2825 subtractus,
3275 2762 3341 2815 ab
3371 2762 3476 2814 illis

1905 2865 2096 2936 procul
2147 2864 2312 2918 dubio
2365 2871 2450 2915 est
2505 2869 2796 2929 receptus,
2843 2869 2979 2926 quos
3029 2863 3188 2906 antea
3239 2849 3476 2904 moriens
3507 2853 3526 2870 '

1904 2975 2057 3012 suum
2085 2958 2138 3011 in
2169 2955 2432 3009 auxilium
2459 2955 2644 3008 venire
2667 2947 2969 3020 conspexit.
3014 2945 3126 3016 Ego
3157 2942 3390 3010 denique
3421 2941 3474 2993 in

1901 3055 2088 3108 eodem
2133 3047 2468 3104 monasterio
2509 3047 2740 3114 positus,
2781 3055 2946 3095 unum
2989 3053 3054 3092 ex
3099 3035 3203 3090 illis
3237 3034 3326 3102 qui
3373 3033 3472 3084 ad-

1905 3141 2120 3195 fuerant
2171 3139 2419 3200 testibus,
2469 3133 2802 3190 Sicenolfum
2841 3128 3080 3190 nomine,
3130 3123 3472 3193 superstitem

1901 3232 2034 3292 vidi,
2065 3229 2158 3296 qui
2186 3237 2376 3282 cuneta
2407 3228 2522 3280 ha-c
2549 3233 2606 3279 ut
2639 3223 2780 3279 dicta
2809 3227 2935 3275 sunt
2970 3232 3027 3272 se
3061 3213 3256 3268 vidisse
3287 3219 3341 3266 et
3375 3225 3470 3262 au-

1909 3319 1982 3373 dii
1997 3319 2105 3371 isse
2135 3315 2512 3386 proﬁtebatur.

1983 3423 2184 3496 (Hujus
2226 3425 2346 3496 libri
2387 3423 2522 3496 tertii
2563 3423 2986 3496 ﬁnis,__totusqne
3027 3436 3036 3496 ς

1909 3491 2234 3564 ειιὶυίίιὶλξιιιο
2309 3494 2575 3548 Vaticana!
2631 3491 2948 3564 bibliethecte
2982 3491 3196 3564 signato
3259 3493 3472 3564 numero

1909 3551 2066 3630 1205“,
2101 3553 2210 3636 qui.
2249 3564 2710 3636 Langobardorum
2751 3559 2932 3636 litteris
2959 3551 3270 3636 descriptus.
3324 3551 3472 3636 (Iasi-

1907 3625 2078 3690 nens-is
2105 3625 2318 3688 canali}
2354 3625 2599 3686 f’utribus
2627 3631 2888 3698 quondam
2939 3627 3051 3678 usui
3100 3625 3260 3691 fuisse
3287 3635 3474 3688 cogno-

1902 3710 2082 3770 scitur,
2107 3705 2518 3769 desiderantur.)

2563 3421 2706 3490 ﬁnis,
2751 3427 2986 3484 totusque
3027 3409 3319 3490 gnartusin
3345 3425 3469 3460 mss.

235 3857 866 3998 Μέὲεέᾞργέπὸἓᾙειπίο
899 3862 1112 3918 Sanctae
1140 3863 1378 3933 Sophim.
1405 3863 1526 3918 vide
1555 3862 1788 3922 Leonem
1821 3865 2028 3922 Ostien.
2063 3863 2156 3920 lib.
2183 3877 2224 3926 ι.
2257 3871 2376 3934 cap.
2412 3861 2468 3928 9,
2509 3867 2564 3914 ct
2602 3855 2858 3918 Chrene].
2899 3851 3138 3922 arcliirp.
3177 3844 3474 3904 Bcucveub

257 4109 1192 4137 ιιι-*Μ*

887 4269 1556 4349 EPITAPHIUM
1626 4265 2062 4346 ABBATIS
2127 4263 2810 4342 APOLLINARIS

873 4445 1204 4504 AUCTORE
1238 4445 1603 4501 DESIDERIO
1641 4445 1910 4500 ABBATE
1945 4440 2370 4499 POSTMODUM
2397 4437 2692 4496 VlCTOR-E
2723 4437 2806 4491 Ill.

1185 4601 1324 4672 (D031
1354 4601 1544 4666 Tosrt,
1575 4599 1748 4655 Storia
1780 4597 1914 4652 delia
1945 4597 2099 4649 bna’iu
2128 4595 2308 4651 Cnain.
2343 4595 2384 4658 l,
2413 4593 2520 4660 12.)

1667 4743 1734 4761 _

1735 4741 2036 4759 ——-—-l

1827 4862 1873 4920 D
1900 4882 2074 4939 Pestis
2107 4883 2354 4953 Agarcna
2385 4878 2510 4932 dum
2535 4872 2744 4942 singula
2774 4879 2949 4927 vastat
2975 4883 3246 4944 alumna.

1899 4977 2010 5031 Deo
2033 4971 2146 5038 jam
2179 4971 2464 5026 defunctus
2491 4978 2660 5018 carne
2686 4963 2893 5034 legatus
2915 4972 2966 5016 et
2991 4961 3162 5020 al-tus.

1897 5064 2132 5120 Mitteris
2156 5079 2220 5120 ex
2245 5061 2352 5116 alto
2379 5056 2598 5114 nuntius
2630 5053 2756 5111 [iliis
2791 5071 2900 5110 sua:
2929 5054 3138 5126 gentis,

1897 5159 2090 5214 Dieens
2117 5173 2130 5209 :
2162 5155 2357 5209 Casino
2389 5148 2556 5204 monti
2583 5145 2732 5202 Deus
2755 5158 2839 5204 est
2863 5150 3164 5206 miseratus

1897 5245 2051 5302 Servi
2083 5259 2190 5300 non
2229 5244 2335 5298 ﬁcti
2361 5239 2612 5311 precibus
2637 5243 2808 5306 patris
2831 5239 3128 5294 Benedicti.

2435 5347 2456 5360 η
2484 5331 2530 5360 nl
2555 5331 2648 5360 Luna
2683 5333 2770 5360 l-.:n
2805 5341 2986 5360 n\.\'|IA
3012 5343 3182 5360 ι-ηι-Α.-

233 4875 576 4949 Appollinaris
600 4888 736 4941 abba
763 4895 914 4956 pater
940 4887 1028 4944 hic
1057 4885 1366 4942 tumulatur.

237 4967 435 5040 Aliquid
462 4977 600 5032 aliud
623 4979 795 5034 scitur
820 4979 885 5031 de
909 4991 974 5031 eo
997 4981 1208 5034 dicatur

235 5055 306 5110 Tu
327 5062 534 5129 juvenis
560 5069 812 5131 mundum
851 5067 1053 5135 fugisti,
1083 5081 1185 5120 nun
1213 5065 1350 5124 bone
1382 5063 1652 5122 munduur

237 5142 390 5202 Totus
417 5159 761 5222 apostolicum
790 5167 1104 5213 cunctorum
1137 5171 1291 5209 verus
1317 5160 1558 5216 amicus;

235 5232 316 5289 Fis
341 5241 502 5297 abbas
527 5247 772 5300 redoleas
803 5253 912 5299 toto
933 5246 1212 5302 cunamine
1237 5251 1446 5305 nolens.

880 5336 1092 5360 ι..-..-¹1⁹-
1139 5337 1251 5360 ηιξ-ιιι
1313 5357 1318 5360 .
1339 5342 1352 5360 Ι
1419 5353 1482 5360 --ρ
1513 5344 1556 5360 ΑΙ
1592 5335 1694 5360 ³---.
1723 5357 1732 5360 -
1900 5339 1996 5360 Ιίῗ..
2035 5352 2126 5360 ..ι-.-
2145 5347 2254 5360 -..ιη
2291 5336 2426 5360 ...ι-ιιι
