4044 5360
469 192 613 249 109.3.

1744 183 1808 238 IN
1855 180 2224 240 GUILLELMI
2262 177 2467 235 APULI

3604 178 3732 235 [ttat

1714 318 1841 393 AD
1902 314 2444 394 LECTOREM

468 494 523 546 Si
558 508 665 548 non
697 501 807 546 tam
836 491 1036 547 Aonias
1071 496 1284 559 sapiant
1311 488 1424 543 haec
1454 488 1694 543 carmina
1733 505 1916 542 niusas

538 585 709 651 Quam
741 598 859 653 qua:
887 581 1173 636 Maeonides
1205 580 1563 650 Virgiliusque
1592 589 1765 646 sonet,

467 674 536 725 At
563 688 667 726 non
692 673 779 727 hic
805 671 917 726 orci
949 686 1117 740 nugas
1148 710 1164 736 ,
1198 685 1302 725 non
1330 670 1518 739 pocula
1550 669 1756 735 Circes,

536 763 789 833 Cyclopa,
822 762 1087 833 llarpyas,
1129 769 1367 817 monstra
1403 777 1501 817 nec
1532 762 1635 815 ulla
1669 762 1820 833 legis.

465 854 712 907 Grzecula
746 854 1017 908 veridicus
1045 870 1149 908 non
1179 861 1333 908 curat
1360 853 1566 921 somnia
1595 844 1848 917 Pltmbus,

540 944 648 999 Nec
675 944 865 1000 faciem
893 945 1013 1001 fuco
1056 961 1205 999 musa
1234 944 1427 1014 pudica
1460 945 1598 999 linit.

470 1036 680 1105 Vatem,
715 1036 904 1102 lector,
939 1037 1125 1101 babes,
1154 1037 1337 1107 politia
1367 1036 1640 1091 Platonica
1670 1038 1905 1107 qualem,

538 1127 650 1182 luto
678 1128 1059 1184 Christicolum
1087 1129 1167 1183 lex
1195 1130 1282 1198 pia
1312 1143 1416 1183 non
1448 1130 1652 1198 abigat.

468 1219 569 1287 Qui
601 1232 854 1293 certaque
877 1223 1000 1290 fide,
1034 1239 1134 1278 nec
1169 1238 1335 1277 musa:
1362 1224 1675 1293 expertibus
1700 1224 1879 1278 omnis

478 1367 3035 1392 ww..—

2230 490 2505 554 Versibus,
2545 490 2722 544 artatis
2749 490 2929 545 retulit
2956 500 3075 546 acta
3103 506 3234 556 sum,

2162 584 2265 637 ltes
2292 583 2529 653 prepriis
2556 583 2702 637 visas
2727 582 2917 645 oculis,
2950 593 3091 640 terra
3121 584 3283 653 inque
3304 591 3531 653 paterna

2144 734 2151 743 θ
2228 676 2429 735 Armis.
2460 675 2700 730 consiliis
2727 683 2781 730 et
2810 676 3012 745 pietate
3038 691 3217 747 pares.

2161 765 2338 820 Fortia
2367 752 2689 821 Normannm
2719 781 3012 836 cognosces
3040 778 3257 836 pectora
3284 740 3464 839 gentis

2231 854 2361 922 Qua:
2385 854 2537 909 Gallo
2563 854 2771 909 Italiam
2805 856 2952 910 venit
2988 858 3056 912 ab
3084 856 3318 918 Oceano,

2166 948 2280 1004 Non
2311 949 2537 1020 profuga
2573 960 2667 1004 aut
2706 960 2957 1022 superata
2988 952 3153 1016 domi,
3186 953 3279 1006 sed
3316 950 3487 1007 laudis
3514 950 3740 1007 amatrix

2234 1042 2465 1104 Bellica}.
2493 1052 2548 1099 et
2571 1044 2855 1099 innumero
2881 1046 3027 1099 sedis
3056 1060 3220 1115 egens
3248 1046 3461 1115 pepulo.

2168 1132 2305 1203 Ergo
2336 1133 2458 1203 legi,
2490 1135 2534 1189 si
2569 1149 2672 1188 non
2708 1145 2961 1204 tanquam
2992 1136 3228 1203 optimus
3258 1134 3361 1190 iste
3392 1145 3566 1204 poeta,

2235 1226 2485 1294 Optimus
2510 1234 2569 1280 at
2588 1236 2739 1281 certe
2760 1228 2917 1282 debet
2949 1238 3004 1280 ut
3035 1227 3341 1283 historicus.

1203 1518 1766 1649 GODEFRIBL
1843 1519 2386 1647 GUILLELMI
2465 1521 2967 1649 LEIBNITII

1747 1775 2346 1892 PR/EFAT
2366 1776 2507 1889 [0

475 2001 552 2061 In
576 2019 689 2060 sua
721 1999 1204 2061 Inlroductionc
1237 1998 1318 2061 ad
1350 1999 1792 2061 Collectioncm
1840 1996 2567 2135 scriptogttptxilistoriw
2608 1997 3052 2061 Brunsricmsi
3090 2001 3580 2073 inservienlium,
3620 2024 3749 2067 nu-

1383 2133 1391 2135 .
1882 2096 2046 2135 mero
2150 2120 2167 2133 Δ.
2367 2122 2379 2135 .

1882 2096 2046 2136 mero
2086 2096 2352 2135 JAAIA
2367 2122 2379 2137 .

547 2395 658 2448 Azo
681 2400 871 2463 potens
900 2390 1165 2454 marchio,
1198 2390 1408 2459 origine
1458 2389 1722 2455 Estensis,
1755 2402 1822 2443 ex
1860 2387 2061 2442 Cuniza
2098 2373 2139 2430 Β
2169 2405 2227 2445 se
2255 2399 2411 2444 vocat
2440 2389 2701 2446 Joannem
2732 2390 3054 2445 Tiremteum
3102 2391 3459 2450 llautenteum
3480 2436 3495 2460 ,
3533 2394 3650 2450 fisci
3691 2395 3742 2448 in

475 2495 719 2543 veterum
747 2483 1061 2541 Guelforum
1090 2483 1304 2538 luet-ede
1324 2526 1338 2548 ,
1370 2491 1521 2553 pater
1548 2480 1722 2537 Guelfi
1766 2482 1919 2537 ducis
1963 2480 2063 2533 Ba-

474 2579 683 2645 varia},
727 2578 819 2648 qui
871 2578 1096 2647 stirpem
1151 2577 1204 2631 in
1254 2577 1544 2631 Germania
1600 2574 1947 2646 propagavit,
2008 2574 2060 2627 in

475 2668 965 2725 Brunsvicensibus
1007 2669 1341 2738 principibus
1391 2668 1568 2721 adhuc
1622 2666 1965 2736 superstitem
1994 2680 2059 2720 cx

476 2762 647 2815 altera
680 2758 907 2831 conjuge
945 2759 1085 2814 filios
1139 2759 1328 2813 habuit
1367 2756 1645 2827 Hngonem
1670 2768 1723 2811 et
1748 2758 2059 2812 Fulcouem.

478 2854 632 2922 llugo
662 2852 826 2907 filiam
854 2852 1008 2907 duxit
1038 2851 1258 2906 Roberti
1287 2850 1597 2914 Gniscardi,
1630 2850 2060 2906 Normannorum

477 2946 763 3018 principis,
796 2962 887 3017 qut
918 2946 1188 3015 Apuliam,
1219 2944 1526 3001 Calabriam
1558 2954 1612 3001 et
1643 2943 1881 2998 Siciliam
1911 2954 2061 2998 tene-

480 3037 589 3101 bat,
622 3039 834 3109 magnis
890 3039 1052 3094 rebus
1098 3038 1266 3109 gestis
1315 3036 1517 3100 clarus,
1573 3037 1723 3107 regni
1783 3036 2063 3106 utriusque

478 3128 986 3194 Sicilizefundator,
1032 3130 1187 3200 cujus
1226 3129 1437 3184 titulum
1473 3129 1616 3184 filius
1638 3129 1910 3200 itogerius
1938 3145 2062 3200 ges-

476 3230 567 3282 sit.
599 3225 731 3281 Nam
761 3226 962 3283 Sicilia:
989 3227 1125 3282 citra
1174 3225 1409 3281 Pharum
1451 3226 1567 3279 (seu
1604 3225 1932 3280 cismarinaei
1966 3241 2063 3280 uo-

477 3324 623 3379 mine
654 3332 784 3380 tunc
811 3323 1100 3389 veniebat,
1141 3323 1284 3393 quod
1329 3335 1473 3375 nunc
1502 3312 1724 3390 regnum
1761 3314 2064 3388 Neapolita-

477 3430 605 3471 num
673 3417 936 3483 dieimns;
1003 3416 1243 3472 Siciliam
1294 3430 1424 3471 vero
1486 3415 1715 3469 insulam
1767 3413 2063 3469 Trinacria:

478 3523 706 3578 regnum
749 3508 1116 3577 appellabant.
1172 3506 1229 3561 Id
1272 3522 1433 3576 porro
1491 3505 1918 3570 matrimonium,
1954 3521 2061 3559 non

476 3584 660 3653 minus
685 3614 849 3667 quam
874 3599 1168 3653 liberorum
1199 3598 1402 3653 Azonis
1431 3606 1485 3653 et
1518 3596 1806 3668 conjugum
1837 3597 2057 3660 seriem,

478 3690 711 3745 Atestini
750 3690 995 3744 historici
1038 3690 1376 3759 ignorarunt.
1410 3690 1674 3755 Quoniam
1706 3698 1886 3743 autem
1933 3687 2062 3743 Gui-

480 3784 695 3838 liclmus
759 3792 918 3852 poeta
980 3790 1471 3851 contemporaneus
1539 3782 1754 3851 nuptias
1819 3780 2063 3851 Huguuis

479 3872 764 3937 describit,
803 3873 967 3937 hunc,
1001 3871 1199 3943 alioqui
1241 3872 1428 3941 paucis
1457 3872 1658 3937 visum,
1707 3873 1878 3928 nostri
1926 3873 2061 3928 scri-

392 4006 395 4009 .
480 3962 727 4032 ptoribus
751 3961 950 4017 addere
980 3961 1151 4017 libuit.
1186 3960 1352 4033 Gasp.
1389 3961 1666 4029 Barthius,
1691 3964 1777 4018 vir
1817 3965 2064 4021 maxima:

481 4050 748 4114 lectionis,
778 4059 835 4106 et
858 4049 1183 4119 scriptorum
1214 4050 1495 4106 latentium
1524 4062 1776 4122 ruspatnr
1811 4053 2058 4125 insignis,

480 4146 559 4215 (in
587 4147 731 4200 notis
755 4145 821 4199 ad
845 4144 987 4201 Guil.
1022 4144 1317 4200 Britonem.
1373 4162 1428 4216 p.
1472 4146 1597 4204 774)
1651 4147 1725 4201 ita
1764 4134 1946 4203 le'I-toc
1971 4165 2066 4204 au-

478 4247 632 4295 ctore
654 4238 893 4308 loquitur
921 4255 934 4291 z
965 4235 1155 4292 Exstat
1185 4256 1369 4308 poema
1404 4237 1671 4293 Guilielmi
1710 4240 1900 4311 Appuli
1939 4241 2063 4296 olim

475 4332 699 4397 editum,
728 4330 1003 4384 laudatum
1038 4330 1217 4384 multis
1243 4331 1538 4395 doctorum,
1584 4332 1674 4384 sed
1720 4333 1774 4385 in
1810 4332 2061 4401 cognitio—

479 4438 596 4475 nem
627 4438 793 4475 meam
825 4438 928 4475 non
973 4420 1131 4484 venit,
1184 4437 1286 4474 non
1320 4422 1434 4474 sine
1469 4422 1684 4489 fastidio
1709 4423 1939 4477 sinislrte
1963 4423 2069 4491 {or-

479 4522 642 4565 tume.
679 4510 957 4579 Exemplo,
1012 4510 1157 4580 quod
1207 4510 1276 4563 ab
1304 4510 1656 4565 ornatissimo
1705 4511 1935 4576 Fellero,
1965 4514 2064 4568 do—

480 4600 709 4656 ctissimi
734 4599 1092 4668 Lipsiensinm
1138 4600 1460 4670 professoris
1494 4600 1625 4665 (ilio,
1660 4617 1802 4656 nunc
1833 4604 2067 4657 serenis-

483 4691 607 4747 simi
644 4691 799 4746 ducis
831 4693 1169 4751 Viuariensis
1222 4693 1518 4749 secretario
1567 4709 1778 4749 mecum
1827 4710 2068 4750 commu-

484 4780 724 4837 nicatum
759 4781 879 4847 fuit,
921 4783 1036 4839 haec
1065 4783 1417 4852 inscripserat
1448 4783 1675 4853 insignis
1702 4784 1788 4838 vir
1816 4782 2068 4840 Nicotaus

487 4871 777 4927 Heinsius:
814 4872 913 4926 llic
943 4873 1073 4927 libcr
1100 4884 1173 4929 est
1226 4875 1528 4930 rarissimus
1566 4885 1613 4930 et
1646 4877 1780 4929 alias
1815 4894 1917 4930 non
1957 4878 2069 4930 edi-

485 4970 594 5023 tus,
624 4977 725 5031 quo
749 4978 829 5014 me
857 4962 1068 5015 donavit
1098 4963 1370 5019 Emericus
1402 4964 1635 5035 Bigotius
1668 4966 1730 5022 V.
1753 4967 1835 5022 Cl.
1860 4982 1878 5019 :
1910 4967 2068 5023 Certe

2166 2481 2443 2551 provincia
2474 2480 2894 2552 Rotltomagensi
2950 2490 3255 2552 patronum.
3295 2482 3515 2538 Librum
3566 2495 3743 2539 autem

2166 2589 2223 2630 se
2254 2574 2519 2645 reperisse
2569 2577 2644 2631 ait
2689 2577 2740 2631 in
2788 2577 3037 2649 religiosa
3090 2578 3464 2635 Beccobelvini
3515 2579 3741 2634 cmoobii

2167 2666 2361 2733 domo;
2413 2676 2469 2723 et
2520 2668 2770 2724 inscribit
2822 2667 3096 2725 Ludovico
3151 2669 3370 2738 Bauiolo
3434 2670 3641 2727 Lonleii
3682 2685 3743 2725 ae

2167 2757 2352 2829 Sylleii
2383 2761 2806 2817 emnobiarcba}.
2997 2822 3001 2827 ,

2239 2851 2344 2906 Sed
2374 2867 2552 2923 operte
2581 2855 2810 2924 pretium
2839 2865 2924 2910 est
2951 2850 3535 2927 argumenttﬁi’op'éfis
3561 2844 3741 2925 paucis

2163 2946 2473 3017 complecti,
2509 2958 2567 3003 ut
2612 2965 2733 3018 qnze
2775 2950 2918 3021 apud
2968 2958 3244 3004 auctorem
3275 2949 3543 3016 dispersa,
3578 2957 3631 3002 et
3659 2946 3735 3000 di-

2165 3040 2345 3095 ctione
2372 3041 2659 3097 obseurata
2690 3052 2836 3107 sunt,
2860 3043 3073 3098 facilius
3098 3043 3485 3112 intelligantur.

2239 3129 2396 3184 Libro
2422 3135 2614 3196 primo.
2642 3132 2754 3188 Sub
2784 3133 2996 3187 initium
3028 3134 3102 3188 ait
3128 3148 3142 3187 :

2168 3225 2348 3280 Dicere
2373 3225 2471 3295 [ert
2502 3229 2711 3281 animus
2745 3242 2847 3296 quo
2867 3243 2993 3296 gens
3026 3225 3385 3282 Norntanuica
3408 3225 3569 3279 ductu

2178 3314 2381 3371 Venerit
2415 3315 2654 3371 Italiam.

2238 3406 2465 3462 llortatu
2505 3408 2721 3477 Rogcrii
2744 3448 2756 3472 ,
2798 3407 3072 3479 ipsiusque
3108 3422 3259 3477 papa:
3290 3406 3491 3463 Urbani
3524 3407 3563 3460 ll
3592 3406 3733 3459 l.d:o-

2167 3515 2278 3552 rem
2315 3499 2455 3553 hunc
2485 3515 2514 3552 a
2549 3515 2605 3554 se
2634 3509 2941 3570 susceptum
2972 3500 3274 3569 proﬁtetur.
3305 3497 3567 3561 Urbanus,
3598 3511 3733 3551 anno

2168 3591 2325 3655 £088,
2350 3592 2538 3645 sedere
2565 3593 2748 3661 carpit,
2778 3592 3020 3662 obiitque
3048 3592 3221 3657 1099;
3272 3596 3411 3645 unde
3440 3600 3606 3660 poeta:
3638 3606 3728 3641 uo-

2166 3682 2264 3736 stri
2294 3692 2506 3736 tetatem
2535 3685 2792 3738 mslimes.
2849 3682 3019 3739 Narra
3083 3684 3423 3740 Normanuos
3455 3685 3731 3755 quosdam,

2166 3791 2288 3828 cum
2319 3790 2384 3829 ex
2415 3784 2541 3829 voto
2574 3774 2633 3829 S.
2666 3775 2943 3831 Michaelis
2975 3778 3024 3830 in
3056 3776 3304 3848 Gargano
3343 3788 3522 3830 monte
3569 3776 3731 3829 a-dem

2168 3866 2395 3936 ingressi
2421 3875 2625 3932 essent,
2666 3865 2776 3920 illic
2803 3866 2995 3921 Melum
3025 3868 3289 3939 insignem
3321 3868 3518 3933 virum,
3540 3883 3569 3920 a
3598 3864 3733 3920 Gne-

2165 3954 2244 4008 cis
2270 3954 2408 4008 Baro
2435 3954 2646 4025 pulsum
2680 3957 2967 4025 reperisse.
3012 3957 3161 4013 llunc
3196 3960 3431 4013 suasisse
3454 3958 3583 4028 ipsis
3603 3966 3659 4010 ut
3681 3957 3730 4010 in

2164 4042 2382 4099 Graecos
2431 4046 2689 4116 impetum
2734 4048 2996 4114 facerent,
3043 4064 3301 4118 armaque
3347 4049 3730 4118 suppeditasse.

2169 4136 2417 4194 Vincitur
2444 4138 2733 4194 Turnicius
2765 4139 3080 4195 Graecorum
3124 4140 3405 4209 Catapan;
3455 4141 3568 4203 sed,
3597 4153 3734 4192 anno

2166 4238 2455 4298 sequente,
2515 4245 2797 4285 successor
2846 4229 2962 4299 ejus
3010 4229 3238 4285 Basilius
3294 4231 3431 4301 apud
3488 4229 3730 4283 Auﬁdum

2168 4317 2364 4373 ﬂumen
2398 4320 2640 4375 vicissim
2671 4320 2867 4375 Melum
2906 4322 3090 4376 vincit.
3122 4321 3172 4377 ls
3197 4337 3314 4377 sese
3351 4321 3416 4375 ad
3447 4320 3730 4376 llenrictnn

2166 4408 2468 4479 Augustum
2515 4409 2749 4476 confert,
2782 4420 2837 4465 et
2866 4412 3066 4466 auxilia
3094 4412 3319 4473 obtinet,
3350 4411 3444 4465 sed
3473 4411 3598 4465 dum
3642 4428 3733 4480 pa-

2169 4511 2395 4565 rantur,
2452 4503 2585 4558 obit.
2638 4504 2932 4559 Normanni
2989 4504 3229 4579 destituti
3270 4504 3336 4557 in
3387 4503 3728 4573 Campaniam

2168 4596 2415 4662 redeunt,
2449 4613 2590 4652 nunc
2621 4600 2727 4665 bis,
2761 4616 2905 4655 nunc
2938 4598 3043 4653 illis
3074 4597 3546 4668 Langobardorum
3592 4596 3730 4665 prin-

2168 4688 2377 4758 cipibus
2425 4706 2616 4744 tuanus
2645 4700 2697 4745 et
2755 4707 2907 4744 arma
2951 4692 3146 4745 locant.
3206 4690 3444 4743 Tandem
3500 4691 3552 4742 in
3608 4689 3731 4741 urbe

2167 4782 2370 4837 Aversa
2426 4784 2723 4844 consident,
2777 4783 3121 4852 ltatndplmm
3172 4782 3311 4836 inter
3347 4782 3491 4848 ipsos
3533 4780 3729 4834 clarum

2169 4873 2271 4928 sibi
2304 4874 2493 4929 ducem
2542 4874 2863 4944 prmﬁciunt,
2895 4873 2984 4942 qui
3025 4871 3312 4926 Jordanem
3341 4870 3547 4940 genuit,
3578 4878 3629 4922 et
3652 4868 3731 4921 hic

2169 4966 2523 5021 Richardum.
2581 4966 2663 5019 Ab
2706 4964 2945 5018 Ardoiuo
3000 4963 3230 5033 quodam
3285 4960 3635 5031 Longobardo
3678 4961 3727 5011 in

484 5061 700 5120 oportet
720 5053 921 5121 fug'sse
936 5053 1624 5127 Quercctauidiligentiam,
1646 5060 2067 5130 qui,scriptorcs
2100 5080 2143 5137 υ
2170 5058 2387 5113 Graecos
2419 5060 2609 5112 iterum
2641 5059 2956 5121 incitantur,
3005 5058 3093 5127 qui
3146 5072 3175 5109 a
3225 5056 3499 5110 Dochiauo
3528 5056 3730 5109 ϐαρυ-

487 5141 978 5197 Normannicarum
1034 5157 1212 5196 rerum
1236 5143 1384 5212 justo
1411 5150 1684 5206 volumine
1709 5151 1896 5216 edens,
1926 5150 2061 5215 folii,

486 5236 629 5304 quod
657 5244 874 5299 vocant,
906 5232 1099 5298 forma,
1149 5236 1291 5289 hunc
1329 5241 1539 5306 mnisit;
1594 5242 1685 5311 qui
1746 5254 1923 5297 tamen
1950 5242 2064 5311 jam

487 5326 757 5360 nrt-diurni
797 5324 899 5360 Iunn
931 5322 1088 5360 Iilnln
1117 5341 1127 5352 -
1156 5323 1421 5360 ίΪυὶΙίιιΙιηὶ
1471 5332 1758 5360 Α....Ι;......2-

1806 5349 1974 5360 -Διιιιικ
2012 5350 2064 5360 Α..

2170 5166 2290 5204 rum
2320 5152 2454 5204 duce
2488 5150 2681 5221 injuria
2732 5149 2956 5206 affectus
3013 5150 3206 5205 fuerat.
3263 5147 3397 5202 Tum
3444 5147 3529 5201 bis
3555 5162 3642 5200 sex
3670 5147 3733 5198 de

2169 5241 2317 5294 omni
2346 5256 2570 5294 numero
2595 5256 2693 5296 suo
2718 5241 3007 5296 nobiliores
3044 5241 3262 5309 eligunt,
3315 5247 3372 5294 et
3419 5238 3731 5307 quingento-

2174 5345 2291 5360 ειη-γι
2344 5332 2584 5360 ηηιιῖιιιιη
2699 5331 3154 5360 nnnl:nnnnﬂ_\nllull
3217 5328 3454 5360 nnr‘lilnm
3519 5337 3731 5360 numam
