4044 5360
289 381 426 434 liii?)

801 381 889 434 DE
929 377 1157 436 HEHES
1195 377 1438 434 CESTlS
1477 357 2010 432 NOHMANNORL'M
2049 370 2112 426 IN
2153 370 2423 438 SICHJA,
2467 371 2616 428 ETC.
2655 371 3037 428 PREFATIO.

3405 375 3537 436 itii-’3

283 499 478 552 Melum
509 497 807 564 pepulerat,
839 495 892 548 in
926 493 1108 564 pnelio
1140 493 1390 562 capiunt;
1423 491 1640 552 Harum,
1671 487 1853 541 Mono-
1889 495 1930 547 Α
1961 493 2069 538 tres
2103 485 2261 548 filios,
2300 483 2537 553 quinque
2565 467 2768 553 puellas
2815 488 3018 556 genuit.
3059 485 3182 542 Inde
3223 489 3407 545 fratris
3435 489 3532 547 Un-

281 591 470 660 polim,
496 589 850 650 Juvenactnn,
877 587 1038 640 nrbes
1067 601 1094 640 a
1123 585 1324 640 Graacis
1349 585 1730 646 desciscentes,
1760 581 1858 634 sibi

282 681 490 734 foedere
519 677 834 747 adjuugnnt.
861 675 994 730 Tum
1029 677 1094 729 ab
1121 675 1326 728 AdenuI
1355 689 1386 728 0
1405 673 1468 726 ad
1491 673 1858 726 Guaimarinut

281 771 496 824 Salerni
529 769 826 839 principem
883 777 1166 822 transeunt
1211 767 1300 834 qui
1355 767 1404 818 in
1460 765 1662 827 Aversa
1707 772 1860 816 erant

281 857 636 922 Normanniy
671 858 862 924 reliqui
917 859 1216 928 Argyromu
1270 857 1390 910 ΜιξΙί
1451 855 1614 908 lilium
1671 855 1858 908 ducem

279 961 490 1016 creant,
523 950 616 1018 qui
647 965 768 1002 eum
807 947 1044 1001 Mattiaco
1071 947 1382 1000 Grtccortnu
1411 946 1548 1000 duce
1595 944 1856 998 certabat.

281 1043 492 1096 Interea
552 1041 938 1096 Constantinus
991 1039 1379 1092 iuononiacltus
1441 1039 1506 1090 ad
1568 1037 1858 1106 imperium

279 1133 592 1187 Graecorum
647 1131 910 1201 pervenit.
961 1130 1008 1183 Is
1039 1131 1338 1200 Argyroum
1379 1143 1498 1183 cum
1541 1129 1652 1184 suis
1691 1129 1744 1182 in
1771 1129 1860 1182 ad-

279 1233 590 1281 versantem
644 1222 946 1276 Maniacum
993 1221 1251 1274 stimulat.
1309 1221 1520 1276 Auxilio
1571 1235 1766 1274 venere
1807 1229 1862 1274 ct

281 1317 567 1382 Aversani,
599 1325 653 1370 et
699 1315 841 1368 inter
868 1315 969 1368 bos
999 1313 1266 1382 Hanulplti
1307 1314 1358 1366 in
1393 1315 1624 1383 regenda
1653 1313 1856 1367 Aversa

281 1427 572 1466 successor
601 1409 939 1478 ltudolpbus,
973 1407 1220 1477 ﬁliusque
1248 1406 1508 1460 Tancredi
1541 1405 1860 1461 Guilielmus

279 1503 728 1564 Ferrobracbins,
778 1503 866 1555 cui
923 1501 1090 1554 frater
1145 1501 1246 1554 fuit
1294 1500 1640 1566 Guiseardus,
1674 1511 1858 1570 postea

277 1597 490 1650 duMu
523 1612 586 1648 eo
607 1595 747 1650 bello
771 1595 970 1650 cecidit
995 1594 1290 1648 Maniaeus.

353 1685 508 1737 Libro
540 1685 800 1739 Secundo.
853 1683 1130 1754 Areymus
1182 1681 1376 1736 Barnm
1439 1691 1646 1746 tenens,
1697 1684 1858 1736 etiam

305 1775 620 1845 iydruntum
651 1783 907 1842 occupat;
935 1774 1055 1826 inde
1081 1774 1416 1826 Nortuannos
1445 1773 1685 1835 dimittit,
1717 1783 1772 1824 et
1804 1774 1856 1825 in

1967 575 2102 630 frudi
2149 578 2314 630 lilium
2363 577 2699 630 Abzulardnm
2734 589 2788 632 et
2827 579 2959 634 alios
2989 581 3216 636 rebelles
3245 584 3430 638 vincit.

2037 667 2192 720 Libro
2231 669 2403 733 tertio,
2439 679 2693 722 narratur
2729 675 2998 742 quomodo
3047 673 3242 727 Harum
3271 715 3286 740 ,
3340 677 3538 733 Cretaeis

1966 759 2144 810 navali
2171 759 2354 828 proelio
2385 759 2560 822 vietis.
2597 761 2754 814 tertio
2801 763 3014 815 demum
3061 779 3202 818 anno
3251 769 3540 822 extorserit

1965 851 2254 904 Hobertus.
2285 851 2486 906 Bellum
2535 852 2728 906 deinde
2767 869 2863 922 per
2895 853 3183 924 Rogetium
3235 857 3454 912 fratrem
3487 859 3538 914 in

1967 941 2298 996 Sarracenos
2363 942 2562 996 Sicilia:
2617 953 2806 1012 parat;
2867 960 2990 998 mox
3043 947 3158 1015 ipse
3216 948 3537 1004 l'anormum

1963 1033 2192 1086 obtinet.
2239 1033 2368 1087 Iade
2419 1033 2564 1088 Petri
2617 1035 2831 1088 comitis
2887 1029 3326 1092 filium'Petrum
3361 1037 3540 1093 Trano

1963 1124 2134 1186 exuit,
2168 1123 2436 1178 Gisulfum
2471 1122 2712 1194 conjugis
2739 1124 2963 1180 fratrem
2993 1127 3164 1196 capit;
3199 1129 3270 1182 ita
3316 1127 3540 1184 Salernu

1963 1223 2016 1267 et
2047 1214 2291 1284 Amalpbi
2349 1215 2574 1284 potitur.
2626 1215 2752 1270 Haec
2799 1215 2930 1270 urbs
2991 1227 3118 1271 tunc
3173 1231 3536 1274 mercatorum

1962 1321 2230 1360 concursu
2279 1305 2534 1374 ﬂorebat;
2571 1317 2626 1362 et
2657 1309 2866 1364 crebris
2911 1309 3346 1380 navigationibus
3389 1321 3541 1368 exte-

1963 1411 2146 1450 rorum
2177 1396 2445 1450 adibatur.

1965 1483 2066 1538 llic
2093 1487 2310 1550 Arabes,
2341 1486 2482 1552 Indi,
2513 1487 2700 1552 Siculi,
2730 1499 3015 1543 noscuntur
3037 1499 3084 1544 ct
3107 1490 3244 1561 Afri.

1963 1575 2059 1628 Hic
2087 1576 2326 1645 pyxidem
2357 1579 2623 1630 nauticam
2653 1587 2918 1646 repertam
2945 1580 3118 1644 aiunt,
3141 1581 3206 1634 de
3230 1595 3336 1649 quo
3362 1591 3536 1634 tamen

1961 1666 2096 1720 nihil
2133 1676 2334 1722 noster.
2363 1667 2490 1722 little
2521 1669 2678 1722 rebus
2699 1669 2965 1726 ordinatis
2997 1670 3210 1740 Trojam
3238 1673 3392 1726 redit.

1962 1781 2200 1851 Dumque
2239 1791 2532 1834 moraretur
2559 1781 2802 1852 Trojaua'
2831 1785 3078 1839 inanibus
3107 1788 3268 1849 urbis.

281 1867 418 1920 Baro
446 1866 596 1934 _nrbe
653 1881 681 1918 a
738 1864 1052 1919 Guaimario
1093 1865 1372 1919 obsidetur
1398 1905 1412 1930 ,
1471 1879 1532 1918 ac
1581 1875 1852 1934 postremo
1887 1853 1927 1909 Β
1962 1869 2166 1925 Nobilis
2197 1873 2402 1925 advenit
2447 1863 2770 1926 Lamharclus
2801 1875 3033 1928 marchio
3060 1879 3296 1946 quidam,

273 1957 798 2025 Constantinopolim
849 1956 1012 2020 redit,
1067 1955 1362 2009 Normanni
1413 1955 1727 2011 Guainiario
1757 1956 1854 2010 Sa—

277 2049 549 2104 lernitano
581 2051 772 2102 iterum
803 2064 1023 2118 operam
1075 2049 1342 2114 locarant;
1386 2049 1509 2102 inde
1557 2065 1681 2118 pars
1721 2049 1852 2102 Nor-

277 2155 602 2192 :nannorum
633 2139 816 2194 comiti
849 2138 1030 2200 Petro.
1093 2153 1217 2207 pars
1271 2137 1504 2207 DrOgoni
1553 2138 1850 2204 adhaerent,

277 2231 386 2284 Eli:
425 2229 666 2298 ejusdem
699 2228 984 2284 Tancrcdi.
1017 2227 1210 2281 Petrus
1243 2229 1328 2282 bis
1363 2229 1813 2296 consanguineus,

275 2322 522 2374 Condidit
547 2323 630 2374 hic
653 2321 912 2386 Andrum,
945 2319 1218 2388 fabricavit
1247 2329 1294 2372 et
1328 2321 1456 2376 inde,
1477 2317 1744 2384 Curetum,

275 2415 538 2476 Ibusilias,
568 2413 816 2466 Barolum
849 2417 1007 2468 maris
1037 2415 1315 2481 (tuli/ienuit
1339 2415 1391 2466 in
1428 2416 1554 2468 oris.

275 2504 514 2558 liuuisse
565 2515 726 2572 puto,
780 2505 878 2558 hoc
943 2514 1128 2558 noster
1180 2505 1450 2560 tedilicare
1507 2504 1854 2575 appellat.—

273 2597 516 2651 ‘Zamiem
567 2597 760 2652 Petrus
805 2599 872 2652 ab
922 2597 1161 2653 Unfrcdo
1199 2600 1554 2664 et-Drca'me
1587 2601 1638 2652 in
1669 2598 1852 2668 prndio

275 2689 512 2758 capitur,
569 2689 1034 2758 Constantinopoli
1083 2705 1204 2744 cum
1259 2692 1484 2759 pecunia
1517 2691 1851 2760 reditArgy-

277 2793 426 2840 rans,
483 2778 732 2832 sollicitat
785 2777 1124 2834 Normannos
1185 2787 1242 2832 ut
1292 2779 1494 2834 Graacis
1541 2780 1595 2834 in
1649 2778 1853 2834 Tui-cas

277 2867 534 2928 militent,
567 2883 702 2938 quos
745 2877 952 2932 auctor,
983 2883 1130 2922 more
1175 2867 1490 2924 Grmcorum
1545 2879 1849 2938 auctorum,

275 2956 470 3012 Persas
515 2967 664 3012 vocaI
739 2960 842 3012 Sed
891 2975 1010 3014 cum
1059 2959 1247 3030 Apulia
1307 2960 1568 3016 excedere
1626 2961 1852 3022 nollent.

275 3051 585 3120 apprime-re
614 3065 706 3104 eos
735 3057 922 3115 tentat,
959 3051 1135 3104 excito
1163 3051 1324 3105 etiam
1365 3051 1542 3106 Leone
1588 3049 1660 3104 IX
1691 3067 1848 3120 papa.

275 3144 454 3214 Drogo
494 3133 618 3198 tune
665 3141 874 3196 obicrat
911 3151 964 3194 et
997 3141 1370 3208 Guaimarius;
1427 3141 1722 3196 Normanni
1771 3157 1854 3196 re-

275 3245 428 3288 ctore
452 3236 729 3290 carebant.
761 3233 992 3304 Drogoni
1023 3243 1200 3288 tamen
1239 3234 1394 3288 fratri
1441 3243 1714 3301 superstes
1739 3243 1856 3288 erat

277 3326 572 3391 Unfredus,
621 3336 676 3381 et
719 3327 976 3380 Aversam
1025 3327 1078 3378 in
1128 3325 1340 3380 comitis
1391 3325 1604 3379 modum
1639 3325 1856 3394 regebat

277 3419 586 3474 Rieliardus
639 3418 1012 3483 Normannus;
1077 3417 1172 3471 sed
1236 3433 1346 3486 prae
1395 3415 1606 3470 eteteris
1657 3415 1855 3470 virtute

276 3514 552 3566 eminebat
578 3512 848 3565 Robertus
869 3509 1198 3564 Guiscardus
1220 3549 1234 3572 ,
1257 3507 1549 3572 Guilielmi,
1592 3505 1854 3576 Drogsnis

273 3613 330 3656 et
381 3601 608 3657 Unfredi
659 3601 843 3654 frater.
887 3599 1080 3653 Przelio
1134 3614 1254 3652 cum
1307 3598 1487 3653 Leone
1521 3611 1656 3666 papa
1708 3611 1856 3650 com-

277 3695 468 3756 misso,
499 3691 834 3760 Loiigobardi
877 3689 1176 3744 Germanos
1218 3689 1500 3752 deserunt;
1551 3686 1712 3740 Saevi
1739 3700 1852 3738 tua—

275 3801 382 3854 gna
411 3785 610 3836 virtute
651 3783 926 3844 resistunt,
973 3783 1064 3834 sed
1120 3780 1332 3832 tandem
1381 3778 1685 3840 caeduntur;
1716 3789 1851 3844 papa

274 3874 587 3928 Benevento
646 3887 674 3923 a
725 3871 931 3924 civibus
987 3869 1236 3924 exclusus
1291 3869 1521 3937 capitur.
1558 3865 1850 3920 Normanni

277 3974 392 4018 tota
421 3963 610 4033 Apulia
645 3963 942 4030 potiuntur,
973 3959 1243 4015 Unfredus
1295 3957 1529 4012 Hoberto
1558 3955 1708 4028 fratri
1745 3955 1848 4010 Ca-

275 4057 504 4112 labriam
533 4055 800 4120 eoneelit,
831 4053 922 4108 sed
953 4069 1076 4107 mox
1108 4051 1392 4106 defunctus
1418 4053 1590 4106 eidem
1627 4060 1682 4105 et
1708 4049 1851 4120 Apu-

275 4149 364 4202 liae
384 4148 690 4202 obtinendae
719 4146 1062 4200 occasionem
1087 4143 1310 4212 praebet.
1343 4142 1592 4196 Nieolaus
1619 4143 1660 4196 ll
1689 4157 1848 4210 papa,

273 4241 482 4311 synodo
504 4241 641 4306 apud
667 4237 1072 4305 Amalpbitanos
1102 4234 1304 4297 habita,
1331 4233 1626 4287 Robertum
1659 4233 1850 4286 ducent

275 4337 450 4394 creat,
490 4339 542 4382 ct
575 4328 782 4383 oblatas
831 4328 1086 4380 ﬂuuiana:
1123 4325 1394 4388 Ecclesiae,
1444 4339 1580 4393 quas
1627 4321 1716 4377 ille
1762 4337 1850 4378 oc-

273 4431 506 4492 cttparat
534 4431 728 4484 terras,
761 4420 904 4475 feudi
947 4418 1070 4488 jure
1115 4417 1316 4472 reddit;
1350 4416 1533 4485 Itaque
1579 4426 1736 4484 poeta
1786 4415 1851 4469 de

273 4515 514 4569 Habet-to
541 4531 552 4566 :
605 4543 608 4546 ~
1107 4515 1112 4519 ’

348 4603 498 4658 Unde
519 4604 616 4657 sibi
647 4601 868 4655 Calaber
897 4615 1170 4654 concessus
1198 4607 1243 4650 et
1271 4595 1505 4664 Appulus
1542 4595 1708 4649 omnis

345 4697 438 4750 Est
471 4695 634 4759 locus,
660 4705 704 4746 et
731 4691 878 4745 Latio
910 4691 1094 4760 patria:
1123 4687 1410 4741 dominatio
1433 4685 1616 4756 gentis.

276 4789 381 4843 Sed
427 4785 676 4857 Apuliam
718 4795 771 4838 et
817 4781 1120 4837 Calabriam
1165 4779 1287 4834 inde
1316 4778 1383 4832 ab
1412 4776 1696 4832 Ottonibus
1751 4775 1852 4830 sibi

277 4882 629 4950 imperatores
655 4875 959 4930 Occidentis
985 4872 1350 4936 vindicabant,
1390 4879 1442 4923 et
1484 4867 1622 4938 quod
1655 4866 1780 4922 Otto
1809 4867 1851 4921 ll

277 4979 535 5040 coeperat,
584 4977 900 5039 prosecutus
950 4975 1066 5019 erat
1129 4963 1388 5018 Henricus
1433 4961 1474 5016 ll
1505 5001 1518 5024 ,
1573 4960 1853 5030 captisque

277 5063 580 5088 ῐ)Α-·.Α-ιΛ-υίιο
635 5059 789 5088 ’π’-εαξη
848 5057 1062 5088 Μιιιι-κηὶἶ
1113 5058 1288 5088 ρηηιιοὶ
1349 5054 1577 5088 ΕιιΙοιιιιΛ
1638 5061 1686 5088 nl
1735 5052 1850 5088 aliis:

1961 1957 2241 2014 Nobilibus
2271 1961 2456 2029 j'atria:
2482 1961 2658 2016 multis
2682 1949 3043 2018 comitantibus
3067 1967 3236 2020 illum.

1955 2050 2067 2103 Axo
2093 2061 2300 2104 vocatus
2339 2063 2468 2118 erat,
2502 2069 2674 2105 secum
2698 2055 2912 2108 deduxit
2940 2055 3212 2127 llugonrm

1955 2139 2222 2194 Illustrem
2257 2152 2460 2206 uatum,
2489 2143 2636 2196 ducis
2661 2144 2781 2198 huic
2810 2155 2865 2198 ut
2885 2145 2997 2214 filia
3037 2148 3212 2213 detur,

1955 2249 2068 2305 Hac
2101 2267 2157 2305 re
2201 2251 2374 2308 fusius
2404 2257 2668 2323 exposita,
2723 2269 2977 2312 narratur
3031 2261 3222 2315 deinde
3269 2265 3535 2332 quomod:

1955 2345 2062 2398 dux
2095 2355 2356 2414 cognatos
2397 2347 2638 2418 aliosque
2677 2351 2898 2404 :etuulos
2935 2351 2987 2404 in
3025 2353 3274 2430 ordinem
3317 2357 3536 2425 redege-

1955 2435 2044 2498 rit,
2073 2443 2224 2504 parte
2255 2436 2516 2490 ditionum
2550 2439 2819 2508 adempta,
2853 2451 3003 2509 parte
3035 2435 3272 2497 redditar

2025 2523 2183 2580 Libro
2207 2537 2418 2597 quarto,
2452 2529 2692 2586 refertur
2737 2531 3077 2602 Micltaelem,
3127 2536 3216 2605 qui
3245 2535 3537 2608 Parapina-

1957 2631 2084 2670 ceus
2139 2617 2442 2686 dicebatur,
2501 2621 2842 2678 Constantini
2883 2625 3041 2682 Dura:
3091 2627 3278 2694 lilium,
3311 2630 3536 2701 imperio

1953 2709 2239 2778 dejeetum.

1959 2837 1974 2853 .
2002 2839 2014 2852 .
2051 2841 2064 2854 .
2099 2842 2112 2856 .
2146 2841 2158 2854 .
2184 2801 2341 2858 Socio
2363 2804 2462 2858 sibi
2485 2805 2651 2875 fratre
2675 2808 2900 2876 repulso,
2969 2789 2972 2792 I

1957 2892 2248 2948 Monachus
2275 2897 2526 2966 cﬁicitur;
2550 2897 2774 2956 Roberti
2801 2901 2910 2956 lilia
2939 2914 3116 2959 uiaret
3161 2939 3166 2944 -

1953 2983 2156 3054 Deponi
2175 2989 2394 3052 socium,
2428 2989 2586 3044 miser
2611 2991 2814 3046 exsulat
2845 2993 2932 3046 ille
2957 3005 3188 3049 coactus.

1955 3073 2156 3144 Nempe
2187 3077 2414 3132 Michael
2443 3079 2748 3149 imperator
2775 3083 2884 3138 lilio
2927 3083 3282 3140 Constantino
3305 3086 3536 3157 despon-

1881 3193 1922 3250 ρ
1956 3167 2111 3224 derat
2137 3169 2298 3224 tiliam
2331 3170 2552 3226 Hoberti
2584 3172 2864 3242 Helenam,
2889 3187 2946 3230 ut
2969 3176 3086 3246 ejus
3109 3178 3309 3234 auxilio
3338 3179 3532 3235 Turcis

1959 3263 2264 3328 resisteret;
2305 3272 2364 3318 ιιι
2414 3265 2576 3319 habet
2619 3265 2990 3336 Curopalates.
3034 3269 3196 3325 Poeta
3225 3280 3402 3324 autem
3437 3287 3534 3326 no-

1955 3362 2067 3406 ster
2119 3367 2242 3406 mox
2274 3355 2338 3408 de
2375 3353 2498 3408 aliis
2544 3370 2682 3426 quos
2725 3357 2998 3412 Hobertus
3047 3374 3278 3428 generos
3323 3359 3530 3414 habuit.

1955 3442 2099 3495 Inter
2125 3457 2262 3510 quos

1955 3553 2206 3610 Partibus
2261 3555 2527 3628 Hesperia:
2583 3557 2838 3631 (Iberia?)
2895 3577 3044 3630 quem
3101 3561 3383 3618 Barciloua
3431 3576 3532 3620 tre-

3239 3653 3429 3723 [mchat
3448 3698 3462 3720 ,

1963 3737 2182 3792 Venerat
2213 3737 2431 3810 insignis
2462 3756 2632 3796 comes
2676 3743 2810 3796 hanc
2853 3741 3193 3814 Raymuudus
3225 3747 3293 3800 ad
3332 3745 3530 3814 urbem,

1957 3827 2018 3881 Ut
2045 3841 2272 3898 nuptura
2309 3832 2457 3884 ducis
2486 3837 2642 3886 detur
2664 3833 2766 3887 sibi
2783 3833 2896 3901 [ilia
2925 3851 3162 3904 poscens.

1956 3919 2096 3974 Iluic
2125 3921 2297 3990 major
2327 3932 2452 3976 natu
2484 3933 2702 3992 nuptum
2729 3925 2920 3991 datur;
2946 3927 3113 3981 altera
3145 3931 3318 3999 nupsit

1952 4015 2180 4084 Egregia
2206 4017 2402 4079 comiti,
2433 4013 2762 4071 Francorum
2796 4028 3062 4072 stemmate
3085 4018 3250 4074 claro.

1953 4102 2152 4159 Ebalus
2181 4108 2263 4159 hic
2289 4106 2479 4174 dictus,
2508 4109 2844 4162 succumbere
2883 4111 3086 4164 nescius
3114 4113 3270 4166 hosti.

1953 4217 2106 4274 Hunc
2139 4219 2362 4274 Ebalum
2407 4221 2660 4274 comitem
2702 4221 2770 4276 de
2815 4221 3016 4290 Hoccjo
3067 4223 3232 4279 fuisse
3271 4219 3527 4296 comperi,

1953 4311 2104 4379 cujus
2131 4318 2278 4374 tanta
2310 4319 2438 4363 tunc
2468 4309 2608 4364 fama
2639 4320 2778 4374 erat,
2811 4321 2870 4364 ut
2898 4329 2925 4364 a
2957 4313 3208 4380 pontifice
3232 4316 3335 4368 dux
3369 4331 3534 4385 espe-

1953 4399 2172 4454 ditionis
2201 4401 2252 4452 in
2291 4399 2624 4454 Sarracenos
2671 4399 2941 4470 Hispania:
2985 4415 3290 4459 crearetur.
3342 4406 3530 4461 Tantis

1880 4525 1932 4582 Β
1957 4507 2084 4562 ergo
2121 4491 2470 4582 aliinitatibus
2501 4489 2658 4561 [Iugo
2687 4491 2922 4545 Estensis
2949 4494 3149 4548 Azonis
3171 4493 3333 4560 illius,
3356 4496 3530 4550 Gnelii

1954 4583 2144 4647 frater,
2186 4584 2414 4638 innexus
2444 4581 2564 4638 fuit.
2589 4581 2757 4637 Paulo
2783 4593 2903 4652 post
2939 4585 3208 4638 Robertus
3239 4601 3360 4640 cum
3389 4586 3529 4640 Cre—

1955 4676 2106 4745 gorio
2165 4673 2252 4730 VH
2305 4675 2622 4732 conciliatus
2676 4675 2903 4730 Romam
2955 4677 3140 4741 venit,
3193 4677 3354 4732 fidem
3405 4678 3532 4732 huic

1951 4768 2304 4838 jurejurando
2362 4769 2558 4823 sancit.
2625 4766 2966 4822 Credebatur
3019 4767 3070 4822 id
3126 4771 3349 4824 secretis
3408 4751 3532 4823 eum

1955 4861 2194 4917 consiliis
2223 4862 2457 4932 agitasse
2484 4875 2605 4915 eum
2645 4874 2814 4928 papa,
2852 4869 2909 4914 ut
2957 4861 3260 4930 ademptam
3302 4861 3536 4916 Henrico

1955 4955 2188 5010 Romani
2239 4953 2450 5024 imperii
2500 4967 2756 5008 coronam
2809 4953 3098 5022 acciperet.
3151 4951 3375 5009 Interim
3432 4953 3540 5006 Ro-

1955 5046 2140 5088 Itm'tnc
2169 5045 2483 5088 ινειιιεΐττιὲπε
2515 5043 2565 5088 in
2593 5039 2876 5088 Graeciam,
2905 5054 2957 5088 ut
2985 5041 3168 5088 generi
3197 5043 3430 5088 ﬁlimnllt‘!
3459 5041 3542 5088 in.
