4044 5360
509 332 649 388 11127
1829 321 2212 379 GUILLELMI
2252 320 2458 378 APULI
3656 317 3792 372 1038

509 446 738 506 redituri
796 443 1074 514 expeditio
1126 441 1178 495 in
1235 439 1500 495 Graeciam
1543 435 1890 492 describitur.
1921 434 2102 490 Comi-
2131 441 2174 498 Α
2209 435 2398 505 gorius
2425 433 2638 490 Salerni
2671 435 2723 488 in
2749 433 2940 489 exsilio
2970 433 3214 487 moritur.
3266 430 3514 485 “educes
3565 429 3793 484 naufra-

511 550 660 596 tatus
706 535 946 604 Rogerio
991 533 1122 597 filia,
1153 539 1372 586 centum
1403 528 1654 590 navibus,
1689 542 1844 580 mare
1875 525 2101 580 lladria-
2206 527 2354 596 giutn
2384 526 2694 592 patiuntur;
2748 524 3017 579 Robertus
3060 522 3331 578 Venusina
3381 523 3434 575 in
3478 522 3616 576 urbe
3650 520 3792 591 apud

511 647 678 689 usum
709 629 937 699 trajit-it;
969 627 1020 681 in
1051 623 1398 694 expeditione
1442 620 1576 674 obit.
1610 619 1854 682 Interim,
1885 629 1940 673 et
1963 616 2106 672 Gre-
2206 615 2410 670 fratres
2444 615 2759 669 tumulatur.

1961 807 1969 829 ε
2020 806 2153 830 τε,
2199 806 3763 814 .________________

1304 999 2353 1160 GUILLELMI
2464 992 3033 1152 APULI

1622 1343 2273 1424 HISTOBICUM
2351 1340 2700 1422 POEMA

873 1605 1099 1731 DE
1199 1597 1821 1730 BEBUS
1942 1584 3439 1780 NORMANNORUM

1411 1908 1477 1964 IN
1515 1906 1774 1972 SlClLlA,
1811 1903 2064 1960 APULIA
2102 1903 2191 1960 ET
2219 1899 2562 1958 CALABRIA
2587 1895 2857 1955 GESTIS.

837 2131 1034 2211 Usque
1087 2129 1169 2192 ad
1196 2138 1453 2192 mortem
1504 2127 1764 2190 Roberti
1799 2123 2146 2188 Guiscardt‘
2190 2122 2394 2194 ducis,
2426 2123 2736 2201 scriptum
2765 2117 2848 2180 ad
2881 2117 3082 2198 ﬁlium
3111 2113 3470 2194 Rogerium.

1615 2533 2029 2646 LIBER
2114 2525 2694 2643 PRIMUS.

2140 2817 2184 2876 B

517 2880 681 2936 Gesta
715 2878 909 2934 ducum
963 2886 1206 2934 veterum
1237 2885 1448 2932 veteres
1473 2876 1720 2932 cecinere
1754 2883 1961 2946 poetae;
2143 2865 2184 2876 ”
2224 2875 2410 2930 Debita
2443 2874 2734 2930 solventes.
2768 2872 2843 2927 lbi
2875 2869 3162 2941 quemdam
3198 2865 3597 2937 compicientes

518 2969 816 3039 Aggrediar
844 2978 996 3023 vates
1027 2983 1198 3023 novus
1227 2967 1386 3022 edere
1411 2977 1560 3037 gesta
1589 2981 1884 3021 novorum:
2223 2965 2372 3020 More
2400 2966 2572 3019 virum
2605 2963 2796 3019 Grmeo
2826 2963 3104 3026 vestitum,
3137 2959 3353 3014 nomine
3390 2956 3585 3011 Melum
3619 2952 3730 3024 (4):

518 3060 715 3115 Dicere
736 3060 841 3115 fert
864 3060 1077 3114 animus
1102 3073 1207 3127 quo
1231 3072 1362 3128 gens
1383 3055 1745 3111 Normannica
1772 3055 1936 3110 ductu
2223 3057 2440 3112 Exsulis
2473 3057 2714 3127 ignotam
2756 3063 2960 3110 vestem
2992 3052 3262 3122 capitique
3299 3049 3460 3119 ligato

521 3151 743 3207 Venerit
766 3151 996 3214 Italiam,
1028 3149 1193 3204 fuerit
1222 3164 1342 3219 qua:
1371 3163 1534 3204 causa
1561 3148 1831 3211 morandi,
2223 3148 2473 3204 lnsolitos
2501 3147 2729 3218 mythra:
2752 3147 3020 3201 mirantur
3045 3144 3234 3198 adesse
3267 3150 3498 3204 rotatus,
3609 3132 3802 3208 [runt.]

519 3246 733 3314 Quosve
759 3254 942 3300 secuta
965 3246 1131 3298 duces
1155 3242 1293 3297 Latii
1322 3243 1393 3296 sit
1425 3241 1620 3310 adepta
1654 3239 2006 3310 triumphum.
2225 3242 2379 3296 llunc
2407 3242 2532 3296 dmn
2574 3239 2939 3310 conspiciunt;
2974 3237 3116 3307 quis,
3145 3247 3201 3290 et
3227 3235 3365 3289 unde
3391 3233 3462 3288 sit
3485 3232 3599 3302 ipsc
3629 3227 3805 3297 requi-

521 3339 692 3394 Parce
713 3346 802 3391 tuo
826 3337 934 3391 vati
961 3351 1057 3406 pro
1096 3335 1304 3390 viribus
1335 3333 1444 3388 alta
1483 3333 1725 3396 canenti,
2225 3337 2296 3390 Se
2326 3333 2738 3404 Longoliardum
2763 3341 2891 3387 natu
2915 3332 3196 3400 civemque
3229 3328 3393 3383 fuisse

520 3429 700 3490 Clara,
734 3427 964 3499 Rogere,
997 3426 1151 3481 ducis
1183 3425 1444 3480 liodberti
1479 3425 1748 3494 dignaque
1774 3423 1972 3493 proles,
2225 3425 2518 3496 Ingenuum
2548 3424 2690 3485 Bari,
2721 3423 2932 3492 patriis,
2962 3421 3260 3492 respondit,
3295 3428 3351 3473 at
3373 3431 3492 3472 esse

523 3517 749 3586 Imperio
772 3517 925 3586 cujus
949 3531 1143 3586 parere
1187 3525 1376 3586 parata
1408 3515 1660 3569 voluntas
2227 3516 2451 3571 Finibus
2475 3526 2750 3572 extorrem
2783 3515 2968 3570 Grmca
3004 3513 3217 3569 feritate
3239 3519 3484 3568 coactum
3512 3509 3610 3582 (5).

524 3609 606 3663 Me
631 3609 757 3664 facit
789 3609 1073 3674 audacem,
1107 3609 1234 3678 quia
1266 3607 1433 3672 vires,
1461 3622 1596 3676 quas
1621 3607 1774 3660 labor
1810 3605 1946 3660 artis
2227 3608 2431 3664 Exsilio
2455 3609 2608 3678 cujus
2635 3607 2760 3662 dum
2790 3605 2927 3661 Galli
2961 3613 3398 3676 compaterentur
3439 3617 3454 3656 :

525 3701 908 3769 lngeuiumque
939 3708 1120 3768 negat,
1158 3699 1372 3754 dev0tio
1403 3713 1534 3766 pura
1575 3697 1866 3760 ministrat,
2151 3719 2194 3776 ο
2233 3718 2252 3752 ‹
2285 3702 2456 3767 Quam
2488 3697 2698 3754 facilem
2725 3698 2982 3764 reditum,
3013 3698 3057 3753 si
3083 3713 3178 3753 vos
3202 3696 3428 3760 velletis,
3477 3696 3746 3755 haberem.

528 3789 592 3843 Et
614 3789 781 3857 patris
805 3788 1010 3844 Urbani
1047 3789 1123 3858 (l)
1157 3789 1454 3843 reverenda
1495 3789 1687 3858 petitio
1723 3805 1946 3859 segnem
2235 3809 2256 3842 ι
2294 3789 2402 3844 Nos
2438 3790 2641 3858 aliquot
2671 3799 2851 3845 vestra
2893 3791 2959 3844 de
2991 3802 3149 3860 gente
3176 3787 3506 3857 juvantibus.
3549 3789 3744 3858 inquit!

530 3879 662 3933 Esse
685 3887 850 3941 vetat,
875 3878 1000 3947 quia
1041 3878 1161 3947 plus
1194 3877 1359 3932 timeo
1382 3893 1610 3948 peccare
1638 3881 1910 3951 negando,
2231 3881 2554 3940 Testabatur
2578 3881 2722 3936 enim
2752 3883 2862 3937 cito
2891 3879 3108 3937 Graecos
3130 3896 3251 3936 esse
3281 3879 3543 3951 fugandos

531 3968 691 4023 Tanti
714 3967 987 4038 pontificis
1015 3983 1176 4035 quam
1203 3967 1354 4037 jussa
1394 3968 1624 4039 benigna
1653 3971 1948 4039 sequendo.
2231 3974 2458 4029 Auxiliis
2483 3977 2697 4034 horum.
2725 3973 2871 4029 facili
2895 3973 3186 4029 comitante
3212 3972 3418 4027 labore.

533 4059 824 4130 Postquam
853 4059 1182 4131 complacuit
1216 4059 1344 4130 Regi
1382 4070 1596 4115 mutare
1635 4062 1846 4131 potenti
2230 4065 2312 4120 Illi
2341 4064 2647 4120 donandum
2676 4065 2864 4134 patria:
2891 4064 3186 4118 munimine
3216 4063 3388 4132 gentis

532 4153 798 4224 Tempora
838 4168 962 4208 cum
997 4151 1194 4223 regnis,
1235 4163 1294 4206 ut
1322 4151 1526 4208 Grzecis
1562 4153 1772 4224 Appula
1803 4155 1958 4210 tellus
2233 4157 2388 4214 llunc
2411 4157 2575 4213 celeri
2607 4157 2892 4226 spondent.
2923 4155 3013 4211 ubi
3036 4155 3175 4210 forte
3205 4155 3382 4210 redire
3404 4151 3602 4208 licebit.

535 4243 648 4298 lam
676 4260 925 4315 possessa
957 4243 1046 4298 diu
1076 4261 1181 4299 non
1212 4243 1444 4314 amplius
1475 4244 1826 4309 incoleretur,
2231 4250 2312 4304 Ad
2340 4250 2476 4304 fines
2511 4249 2675 4320 igi:ur
2703 4259 2987 4319 postquam
3025 4247 3233 4304 rediere
3255 4257 3506 4318 paternos

533 4337 680 4394 Gens
711 4337 1143 4392 Normannorum
1175 4336 1390 4394 feritate
1420 4337 1648 4408 insignis
1681 4340 1920 4409 equestri
2233 4341 2527 4410 (imperant
2558 4340 2766 4396 animos
2788 4356 2909 4394 mox
2947 4337 3242 4394 sollicitare
3270 4353 3490 4392 suorum

536 4429 727 4493 Intrat,
754 4437 807 4484 et
831 4428 1072 4499 expulsis
1099 4427 1252 4484 Latio
1278 4429 1586 4484 dominatur
1607 4431 1848 4486 Achivis.
2231 4431 2439 4489 Italiam
2470 4445 2652 4485 secum
2683 4439 2926 4500 peterent
2951 4445 2966 4494 ;
3004 4436 3252 4482 narratur
3273 4435 3328 4482 et
3359 4426 3462 4481 illis

535 4519 645 4575 llus
669 4521 882 4591 quando
919 4530 1132 4587 ventus,
1165 4535 1324 4590 quem
1353 4521 1534 4590 lingua
1565 4522 1662 4578 soli
1693 4523 1920 4593 genialis
2232 4520 2439 4590 Appula
2467 4519 2743 4584 fertilitas,
2773 4518 3092 4590 ignaviaque
3128 4517 3285 4570 insita
3324 4517 3468 4587 genti
3496 4516 3572 4585 (6)

538 4609 711 4663 North
738 4619 912 4673 vocat,
939 4610 1157 4664 advexit
1194 4611 1388 4664 boreas
1416 4610 1654 4682 regionis
1685 4612 1752 4666 ad
1771 4627 1920 4680 oras,
2235 4613 2385 4677 Sola,
2416 4613 2610 4682 quibus
2640 4612 2819 4683 peragi
2848 4611 3017 4680 possit
3044 4609 3154 4670 via,
3175 4607 3318 4663 ferre
3351 4615 3679 4667 monentur;

538 4699 578 4752 A
615 4715 718 4768 qua
755 4700 979 4771 digressi
1014 4701 1148 4756 ﬁnes
1174 4701 1381 4772 petiere
1416 4701 1667 4768 Latinos;
2235 4705 2439 4760 Ductor
2468 4705 2538 4758 ibi
2561 4704 2796 4774 prudens
2819 4701 3146 4773 promittitur
3168 4699 3520 4754 inveniendus

540 4787 606 4841 Et
625 4805 747 4841 man
771 4799 853 4843 est
877 4791 1017 4859 apud
1038 4791 1136 4846 hos
1161 4791 1317 4844 homo
1345 4791 1487 4860 quod
1514 4790 1832 4860 perhibetur
1853 4795 1994 4864 apud
2011 4808 2130 4861 nos,
2236 4797 2354 4864 Quo
2375 4793 2512 4850 duce
2534 4797 2600 4850 de
2620 4794 2824 4851 Grzeeis
2854 4793 3028 4848 facilis
3057 4791 3279 4846 victoria
3315 4791 3425 4845 fiat.

541 4877 841 4932 Normanni
866 4880 1142 4946 dicuntur,
1177 4881 1226 4936 id
1247 4891 1330 4937 est
1371 4881 1619 4937 homines
1645 4883 1911 4940 boreales.
2235 4889 2479 4944 Arrectis
2510 4888 2672 4958 igitur
2703 4887 2992 4944 multorum
3032 4884 3326 4949 mentibus,
3360 4883 3440 4937 ire

543 4968 750 5023 llorum
778 4971 1019 5026 nonnulli
1058 4973 1296 5044 Gargani
1334 4973 1411 5045 (2)
1439 4974 1676 5030 culmina
1709 4977 1907 5033 mentis
2235 4978 2370 5033 Pars
2397 4987 2572 5048 parat,
2602 4978 2808 5048 exiguae
2834 4975 2917 5031 vel
2938 4990 3070 5046 opes
3101 4973 3326 5028 aderant
3355 4973 3479 5042 quia
3511 4970 3661 5026 nullm
3687 4986 3700 5030 ;

544 5059 922 5117 Conscendere
963 5065 1061 5135 (5),
1101 5066 1221 5131 tibi,
1261 5066 1486 5123 Michael
1520 5069 1864 5141 archangele,
1887 5073 1998 5128 voti
2164 5058 2218 5118 Ῑ)
2244 5069 2397 5136 Pars,
2429 5069 2553 5139 quia
2584 5069 2652 5125 de
2680 5068 2889 5140 magnis
2939 5065 3142 5136 majora
3181 5063 3361 5119 subire
3391 5062 3670 5123 volebant;

623 5259 700 5314 (ll
743 5259 993 5314 Urbanus
1029 5261 1070 5313 ιηε
1109 5278 1245 5314 sana
1293 5266 1428 5314 vixit
1465 5266 1637 5314 Ιίιηηδ
1683 5269 1942 5314 ,ιηηηηρηι
1989 5270 2137 5314 Tiro-

2242 5274 2347 5312 ou
2393 5274 2631 5312 Διηιιίοιηι
2692 5271 3014 5312 ρηιςιιινίοητ.
3075 5265 3367 5312 Νρειηοιίιη-
3409 5274 3470 5312 el
3511 5263 3799 5310 Garganum
