4044 5360
295 145 314 196 1
331 143 442 198 629

288 258 386 310 Est
427 256 735 326 acquirendi
765 255 922 310 simul
949 257 1198 310 omnibus
1227 273 1330 310 una
1371 257 1555 311 libido.

287 348 690 416 Aggrediuntur
722 349 843 411 iter,
872 349 1100 416 sumptis
1136 363 1253 417 qua:
1283 349 1479 417 cuique
1519 348 1765 402 videntur

286 437 458 490 Ferre
489 452 734 501 necesse,
774 439 937 501 viam,
970 455 1066 507 pro
1097 439 1322 502 viribus,
1359 440 1424 491 ad
1458 440 1835 507 peragendam.

285 529 582 594 Postquam
606 545 735 598 gens
760 530 985 583 Romam
1021 530 1382 584 Normannica
1409 531 1601 584 transit
1626 531 1867 595 inermis,

287 621 454 673 Fessa
485 621 668 674 labore
694 622 789 674 via:
810 622 1099 690 Campanis
1121 623 1357 675 substitit
1383 623 1515 676 oris.

283 712 453 763 Fama
485 711 626 766 volat
654 711 808 766 Latio
840 711 1176 767 Normannos
1206 714 1550 782 applicuisse.

283 799 478 865 Melus,
513 812 570 854 ut
597 801 800 854 Italiam
832 801 1012 856 Gallos
1041 795 1290 871 cognovit
1319 800 1512 869 adisse,

277 889 449 945 Ocius
475 891 722 956 accessit,
757 892 902 945 dedit
930 909 1080 946 arma
1113 893 1424 948 carentibus
1447 894 1641 958 armis;

277 988 538 1038 Armatos
563 1000 744 1039 secum
770 987 996 1040 comites
1027 1001 1320 1056 properare
1347 987 1544 1054 coegit.

279 1075 561 1131 IIactenus
587 1077 829 1131 insolitas
860 1078 959 1132 hac
992 1086 1308 1147 tempestate
1339 1079 1513 1132 Latini

275 1159 595 1221 Innumeras
622 1169 880 1223 cecidisse
907 1171 1054 1224 nives
1094 1171 1374 1237 mirantur,
1405 1182 1459 1226 et
1495 1173 1690 1227 barum

273 1258 507 1311 Casibus
527 1260 808 1313 exstinctae
835 1261 1102 1331 pleneque
1134 1263 1282 1317 fuere
1306 1262 1542 1317 ferarum
1567 1282 1581 1328 ;

276 1354 386 1407 Nec
421 1353 522 1407 fuit
554 1357 838 1408 arboribus
866 1356 947 1411 fas
987 1358 1109 1410 inde
1158 1374 1437 1428 resurgere
1467 1359 1644 1427 lapsis.

276 1442 449 1508 Hujus
481 1446 713 1512 portenti
755 1454 874 1513 post
911 1446 1108 1510 visum,
1150 1463 1277 1502 vere
1302 1450 1546 1516 sequenti

273 1531 488 1599 Emptis
519 1532 856 1588 Normannos
885 1535 1176 1604 Campanis
1212 1539 1456 1607 partibus
1483 1538 1649 1592 armis
1679 1538 1756 1609 (7)

275 1619 582 1673 Invadcmla
611 1622 792 1676 furens
825 1624 938 1677 loca
970 1625 1120 1681 duxit
1149 1630 1216 1680 ad
1258 1627 1463 1698 Appula
1497 1629 1683 1683 Melus.

276 1706 428 1761 IIunc
453 1710 690 1764 habuere
713 1713 901 1766 ducem
927 1713 1025 1767 sibi
1057 1731 1186 1784 gens
1215 1715 1575 1772 Normanniea
1609 1719 1860 1786 primum.

273 1798 532 1856 Partibus
562 1803 744 1864 Italia},
777 1804 958 1861 Gallos
989 1808 1168 1862 tremit
1188 1809 1429 1880 Appulus
1454 1811 1651 1877 omnis,

273 1890 515 1958 Quorum
545 1897 833 1964 prmvalido
858 1899 1008 1954 multi
1037 1902 1245 1970 periere
1275 1904 1470 1975 rigore.

271 1982 518 2040 'I'nrnicii
550 1988 626 2056 (8)
656 1993 867 2043 tandem
903 2008 1084 2055 rumor
1115 1996 1361 2062 pervenit
1389 1995 1455 2048 ad
1482 2010 1666 2058 aures,

274 2073 396 2140 (Qui
427 2075 672 2146 Catapan
704 2077 879 2134 fuerat
907 2080 1238 2146 Grazcorum,
1266 2085 1464 2140 missus
1489 2088 1555 2141 ab
1587 2087 1718 2142 urbe

273 2161 369 2216 Cui
399 2163 789 2223 Constantinus
825 2185 1019 2226 nomen
1059 2174 1205 2228 dedit
1228 2175 1402 2229 editor
1439 2179 1611 2242 urbis,

275 2249 338 2304 Et
369 2251 760 2309 Constantinus
796 2259 1106 2328 pariterque
1138 2262 1366 2318 Basilius
1398 2266 1476 2335 (9)
1508 2265 1579 2320 illi

276 2341 424 2395 Tunc
445 2342 887 2419 dominabantur)
912 2349 1096 2404 Gallos
1129 2353 1339 2408 venisse
1371 2354 1580 2412 feroces

272 2431 559 2487 Conductu
592 2435 734 2497 Mcli,
759 2440 848 2507 qui
885 2440 1058 2496 factus
1084 2444 1298 2514 utrique
1329 2447 1543 2503 rebellis

273 2525 479 2593 Appula
509 2525 848 2583 Normaunos
877 2530 992 2586 loca
1025 2533 1395 2604 depopulanda
1422 2539 1694 2596 monebat.

277 2615 368 2670 llis
395 2618 466 2670 ita
500 2618 755 2676 Turnicio
788 2622 925 2677 fama
960 2624 1228 2682 referente
1270 2629 1472 2694 relatis,

276 2706 498 2775 Agmina
547 2707 856 2768 Graecorum
884 2731 1109 2786 propere
1139 2720 1334 2776 direxit
1361 2722 1412 2776 in
1445 2723 1644 2778 hostes.

275 2794 388 2850 Non
419 2801 622 2854 etenim
663 2817 758 2872 per
785 2819 843 2859 se
874 2808 1173 2862 certamina
1212 2811 1386 2878 prima
1413 2815 1643 2882 paravit,

277 2885 380 2941 Sed
408 2904 505 2956 per
535 2889 793 2961 legatum,
828 2910 1129 2966 cognomen
1168 2901 1252 2954 cui
1285 2900 1572 2969 Pacianns,

277 2978 342 3032 Et
369 2979 473 3035 Leo
501 2982 613 3052 (I0)
644 2999 835 3041 nomen
867 3000 1005 3055 erat,
1035 2990 1124 3059 qui
1149 2990 1300 3060 juxta
1329 2995 1564 3051 fluminis
1588 2998 1784 3053 undam

273 3067 495 3126 Nomine
522 3073 750 3130 Fertorii
781 3078 953 3147 (locus
972 3092 1055 3135 est
1083 3093 1138 3137 et
1169 3083 1404 3139 Arenula
1433 3087 1544 3159 (11)
1571 3088 1772 3158 dictus)

275 3159 502 3217 Deduxit
525 3181 708 3220 secum
737 3169 934 3226 multos
964 3171 1030 3226 ad
1061 3173 1196 3227 bella
1228 3173 1480 3246 Pelasgos
1505 3196 1518 3230 :

276 3249 393 3305 Maii
423 3255 628 3311 mensis
650 3269 807 3313 erant
832 3262 1108 3332 aptissima
1144 3274 1380 3336 tempora
1411 3267 1566 3323 Marti

275 3340 381 3432 Iloc
410 3346 477 3399 ad
508 3347 645 3402 bella
678 3351 852 3406 solent
874 3356 1165 3423 procedere
1212 3368 1451 3430 tempore
1481 3377 1666 3432 reges:

275 3430 620 3523 Fortunaque
660 3443 774 3510 pari
826 3446 1000 3514 primo
1026 3460 1296 3519 pugnatur
1325 3430 1596 3523 utrinque.

273 3521 456 3580 Auctis
479 3529 738 3585 militibus
759 3537 982 3592 comites
1007 3537 1106 3593 fuit
1134 3541 1254 3594 inde
1281 3521 1500 3598 secutus

276 3610 580 3679 Turnicius.
614 3623 706 3676 sed
737 3633 880 3693 terga
906 3627 1074 3692 dedit,
1115 3631 1396 3702 victusque
1429 3637 1670 3696 recessit.

273 3703 527 3794 Conflictu
565 3713 688 3768 belli
721 3715 1218 3780 Pacianuscorruit
1248 3725 1422 3794 Imjus.

275 3792 594 3884 Ijormannis
623 3817 782 3876 anget
807 3811 1012 3867 validas
1041 3815 1262 3871 victoria
1295 3792 1460 3884 vires,

269 3881 518 3952 Expertis
554 3890 772 3950 (Ξῖ-ξιξαος
803 3898 999 3954 nullius
1047 3904 1254 3959 roboris
1279 3921 1422 3972 esse,

271 3971 415 4039 Quos
442 3997 544 4036 non
577 3986 828 4053 audaces,
859 3991 952 4045 sed
988 4008 1288 4063 cognovere
1314 3997 1558 4067 fugaces;

275 4063 482 4136 Imperii
507 4076 649 4130 fama
686 4080 920 4136 insinuat
970 4087 1271 4140 rectoribus
1295 4105 1421 4143 arva

274 4151 470 4246 Appula
501 4153 839 4224 Normannos
869 4171 1004 4228 Melo
1042 4174 1177 4229 duce
1204 4175 1538 4246 depopulari.

273 4242 441 4317 Ilunc,
472 4255 555 4312 bis
577 4258 793 4327 auditis,
823 4262 924 4318 sibi
964 4267 1112 4320 curia
1133 4242 1359 4334 judicat
1373 4270 1606 4336 hostem,

442 4425 592 4509 Anno
619 4433 774 4509 1017,
799 4439 880 4492 vel
909 4441 1066 4509 paulo
1089 4453 1242 4508 ante;
1273 4445 1346 4498 ita
1373 4445 1524 4500 Lam.

338 4493 518 4590 An
537 4493 836 4590 ΙΤιιῐηξνείίιει
851 4493 946 4590 vel
993 4493 1590 4590 'I‘onrivtius',Erginum
1641 4519 1844 4575 Grmcrs

278 4573 485 4618 nonwn.
536 4571 642 4627 Leo
685 4575 954 4634 'I‘omitins
1003 4583 1188 4638 I046a
1244 4571 1503 4641 militibus
1549 4571 1846 4657 ἱιιιρθνθίδὲ

279 4631 549 4693 salutatus.
583 4642 730 4698 [ειη.

279 4702 422 4824 ιε(ιῖ
438 4705 682 4778 Basilius,
706 4725 758 4769 et
781 4717 1166 4778 Constantinus
1204 4723 1297 4778 filii
1328 4725 1556 4782 Romani
1581 4725 1837 4787 Junioris.

345 4837 450 4975 $10)
480 4845 585 4903 Leo
620 4851 904 4911 Pacianus.
943 4859 1092 4915 Lam.

365 4910 451 4975 II)
482 4919 646 4974 Arena
678 4923 871 4975 ﬂuvius
906 4942 988 4975 est
1021 4934 1068 4975 in

482 4919 646 5003 Arena
678 4910 1436 5003 ﬂuviusregin'mcridionali
1475 4935 1671 4992 Sicilia:
1707 4937 1840 5003 late.

711 4996 948 5080 qnuodnad
987 4999 1168 5080 fauces
1685 4986 1842 5078 diu};

283 5050 466 5148 ξίξέιεξιι⁵
476 5050 705 5148 j'enas.‘
765 5065 795 5148 b
805 5102 824 5145 ..
850 5050 1188 5148 Fagellitlib.
1205 5050 1645 5148 vi
1813 5050 1838 5132 Ϊ

283 5119 541 5215 Πῗηὲξῖθ.
570 5158 636 5215 τ·-
670 5133 736 5185 Αι
771 5134 853 5214 [ι’ἱσ
894 5119 1305 5215 Αζξῆέίιιῖίοᾷίε
1321 5119 1732 5215 vin‘

343 5194 689 5285 ffffggﬂfim;
722 5204 904 5285 quippe
931 5207 1225 5264 Narmanni
1241 5194 1563 5270 'uomlumrin
1587 5194 1835 5285 Sicilia};

341 5262 810 5328 transfretaverit".

341 5324 444 5360 “0|
483 5324 715 5360 'I)..-:|:___
769 5340 828 5360 η.

935 144 1023 198 DE
1059 142 1287 197 BEBUS
1325 141 1570 197 GESTIS
1605 139 1957 196 NOBMANN.
2000 139 2064 194 IN
2107 137 2371 203 SICILIA,
2411 139 2561 194 ETC.
2603 171 2670 179 --
2709 139 2836 195 LIB.
2875 139 2916 196 I.

1903 258 1947 314 Α
1977 254 2032 306 Si
2063 253 2292 322 capitur,
2321 253 2512 321 capitis
2549 251 2664 305 fieri
2698 267 2902 305 ezesnra
2926 248 3167 317 jubetur.

1878 4325 1930 4385 Ι)

3425 139 3558 192 1030

1978 343 2138 397 Mnl.a
2166 344 2476 398 Gnucorum
2506 356 2628 396 cum
2659 351 2819 411 gente
2843 342 3072 397 Basilius
3111 342 3225 412 (I2)
3256 342 3336 396 ire

1972 435 2162 490 Jnssns
2193 435 2244 488 in
2277 435 2420 488 Imnc
2444 435 2620 488 audax
2660 449 2801 487 anno
2834 444 3013 488 movet
3051 450 3200 488 arma
3226 436 3469 504 sequenti
3498 453 3512 490 :
3585 448 3595 455 ‘

1972 528 2068 581 Cui
2095 526 2334 597 Catapan
2367 525 2510 581 facto
2539 542 2838 595 cognomen
2888 539 3006 582 erat
3037 526 3288 596 Bajianus
3313 529 3448 600 (I3),

1971 619 2122 684 Quod
2155 620 2392 689 Catapan
2417 620 2529 690 (14)
2567 620 2766 683 Graeci,
2803 635 2899 674 nos
2918 620 3076 689 juxta
3109 621 3334 676 dicimus
3357 638 3506 674 omne
3535 637 3550 674 :

1971 709 2225 778 Quisquis
2247 710 2384 780 apud
2417 710 2630 766 Danaos
2655 712 2774 766 vice
2806 711 3048 781 fungitur
3080 710 3238 778 hujus
3272 713 3513 775 honoris,

1972 801 2267 870 Dispositor
2297 803 2474 871 populi
2502 813 2648 873 parat
2682 819 2840 856 omne.
2867 804 3008 871 quod
3031 805 3247 873 expedit
3279 804 3375 871 illi,

1969 892 2034 946 Et
2057 892 2208 960 juxta
2236 893 2376 961 quod
2401 893 2593 962 cuique
2615 893 2733 946 dari
2762 895 2934 957 decet,
2967 909 3126 948 omne
3155 896 3441 949 ministrat.

1969 981 2190 1037 ‘J'ieinns
2216 977 2416 1037 Gaunis
2445 998 2546 1052 qua
2584 983 2768 1037 defluit
2794 983 3016 1038 Aufidus
3045 983 3154 1054 (I5)
3185 985 3382 1047 amnis,

1967 1074 2195 1129 Circiter
2223 1074 2472 1128 Octobris
2508 1084 2774 1144 pugnatur
2799 1075 3049 1144 utrinque
3076 1075 3338 1130 Calendas
3366 1075 3476 1146 (I6)
3504 1088 3522 1127 :

1967 1162 2100 1217 Cum
2131 1165 2336 1217 modica
2365 1179 2466 1217 non
2498 1175 2655 1234 gente
2684 1166 2868 1219 valens
2892 1167 3154 1221 obsiStere
3182 1167 3370 1233 Melus,

1969 1252 2141 1324 Terga
2175 1253 2340 1316 dedit,
2373 1270 2562 1324 magna
2602 1256 2860 1325 spoliatus
2901 1267 3054 1326 parte
3081 1273 3300 1313 suorum

1967 1343 2029 1397 Et
2055 1345 2241 1414 puduit
2265 1345 2464 1399 victum
2490 1346 2662 1414 patria
2689 1347 2875 1401 tellure
2899 1349 3122 1412 morari,

1968 1433 2243 1488 Samnites
2269 1435 2396 1488 adiit
2432 1445 2738 1505 superatus,
2766 1435 2948 1506 ibique
2977 1450 3240 1493 moratur.

1968 1521 2094 1577 Post
2123 1523 2544 1579 Alemannorum
2573 1528 2729 1596 petiit
2752 1527 3005 1595 suffragia
3035 1529 3178 1599 regis

1897 1601 1941 1656 Β
1968 1613 2182 1668 llenrici
2217 1615 2349 1685 (I7),
2375 1615 2530 1670 solito
2567 1616 2808 1686 placidus
2837 1619 2926 1687 qui
2954 1635 3100 1674 more
3129 1631 3437 1689 precantem

1968 1703 2225 1774 Suscipit,
2263 1707 2446 1760 auxilii
2478 1710 2797 1776 promittens
2825 1710 2959 1766 dona
2991 1712 3298 1782 pr0pinqui.

1965 1795 2036 1849 At
2059 1795 2227 1850 Melus
2255 1797 2462 1865 regredi
2495 1808 2799 1872 pmventus
2832 1811 3004 1855 morte
3035 1803 3297 1871 nequivit.

1966 1883 2231 1941 llenricus
2257 1888 2440 1956 sepelit
2471 1903 2561 1942 rex
2594 1888 2758 1954 hunc,
2795 1900 2856 1945 ut
2885 1892 3066 1962 regius
3093 1901 3176 1947 est
3205 1907 3319 1948 mos
3351 1911 3365 1947 :

1966 1979 2194 2035 Funeris
2217 1982 2500 2050 exsequias
2527 1983 2817 2037 comitatus
2847 1984 2912 2037 ad
2941 2001 3110 2054 usque
3132 1987 3470 2054 sepulcrum,

1964 2071 2216 2126 Carmine
2248 2073 2414 2142 regali
2471 2075 2730 2128 tumulum
2761 2075 3036 2131 decoravit
3075 2079 3278 2132 bumati
3303 2078 3436 2148 (l8).

1966 2161 2227 2218 Defuncto
2251 2163 2406 2228 Melo,
2435 2162 2586 2231 cujus
2625 2164 2876 2236 suffragia
2904 2167 3038 2222 Galli

1964 2250 2164 2306 Adfore
2186 2254 2494 2321 sperabant,
2523 2268 2615 2322 spe
2649 2263 2757 2309 tota
2799 2257 3112 2312 deficientes

1964 2339 2250 2412 Campanae
2279 2345 2456 2398 moesti
2495 2345 2721 2400 redeunt
2750 2349 2982 2416 regionis
3007 2350 3073 2402 ad
3115 2365 3240 2405 oras
3275 2368 3290 2415 ;

1963 2433 2138 2503 Atque
2166 2435 2296 2490 locis
2322 2437 2480 2491 nullis
2513 2439 2679 2510 figunt
2710 2441 2938 2495 tentoria
2962 2444 3150 2498 certis.

1961 2523 2303 2580 Pcrterrcbat
2328 2543 2421 2582 eos
2451 2529 2599 2599 plebs
2626 2531 2943 2599 paucificata
2984 2550 3226 2602 suorum,

1963 2614 2179 2672 Viribus
2203 2629 2254 2674 et
2278 2620 2466 2675 validis
2495 2623 2854 2677 circumstans
2878 2625 3142 2694 plurimus
3182 2630 3368 2688 hostis.

1961 2708 2138 2774 Quare
2170 2710 2345 2764 nullus
2379 2712 2455 2767 eis
2491 2721 2634 2768 tutus
2662 2713 2811 2769 locus
2847 2729 2966 2771 esse
2995 2717 3224 2774 videtur.

1961 2796 2232 2855 Montibus
2271 2803 2563 2868 interdum,
2601 2819 2744 2858 nunc
2776 2805 3003 2861 vallibus
3032 2808 3152 2863 inde
3192 2812 3427 2869 remotis.

1961 2885 2089 2951 Sed,
2120 2906 2240 2943 cum
2277 2891 2389 2961 jam
2421 2892 2622 2947 nullmn
2655 2905 2936 2963 sperarent
2965 2913 3120 2966 posse
3149 2901 3330 2968 parari

1884 2991 1924 3048 ο
1959 2977 2248 3043 Auxilium,
2278 2982 2436 3036 victis
2466 2981 2806 3039 incommoda
2852 2987 3049 3056 quippe
3079 2977 3329 3044 videntur

1959 3066 2178 3133 Omnia,
2214 3069 2447 3125 victores
2477 3087 2594 3126 sors
2623 3073 2866 3128 creditur
2899 3076 3252 3148 ipsajnvare;

1957 3157 2198 3227 Cumque
2220 3162 2358 3230 vagi,
2386 3163 2683 3232 instabiles,
2715 3168 2820 3235 jam
2847 3183 2943 3237 per
2968 3172 3081 3224 loca
3099 3172 3265 3226 multa
3281 3185 3543 3246 vagantes

1956 3247 2126 3304 Nulle
2148 3251 2273 3306 sede
2305 3252 2438 3307 locis
2469 3265 2686 3323 possent
2725 3258 2972 3314 insistere
3008 3271 3176 3328 certa,

1955 3340 2252 3396 Consilium
2286 3344 2498 3398 tandem
2529 3347 2617 3400 dat
2644 3349 2762 3402 rixa
2790 3351 3086 3420 propinqua
3114 3357 3382 3414 morandi.

1955 3437 2089 3493 Nam
2115 3441 2465 3513 Longobardo
2488 3457 2680 3503 norant
2700 3453 2784 3504 cui
2811 3452 2974 3506 robur
2991 3454 3181 3510 adesse

1955 3532 2152 3600 Majus,
2177 3535 2547 3603 adhaerebant,
2580 3539 2910 3612 aderantque
2942 3543 3172 3600 fideliter
3200 3547 3318 3619 ejus

1952 3623 2212 3691 Auxiliis;
2248 3626 2404 3695 Imjus
2430 3643 2536 3697 quo
2563 3644 2658 3698 per
2698 3630 3046 3690 famnlamina
3081 3639 3180 3692 tuti

1951 3713 1993 3765 A
2021 3714 2242 3785 reliquis
2269 3716 2484 3784 fierent,
2512 3731 2562 3774 et
2601 3737 2784 3777 eorum
2815 3735 2971 3780 nacta
3003 3730 3267 3787 secundos

1954 3800 2248 3860 Successus
2277 3806 2399 3861 belli
2442 3808 2742 3867 clarescere
2779 3811 2922 3869 fama
2954 3818 3178 3873 valeret.

1951 3890 2063 3946 IIac
2098 3896 2305 3950 ratione
2330 3897 2448 3952 loco
2480 3910 2752 3956 metantur
2781 3914 2956 3960 castra
2997 3909 3246 3976 decenti;

1952 3983 2052 4048 Qui
2081 3984 2332 4055 lymphis,
2363 3988 2566 4054 herbis,
2607 3993 2767 4046 simul
2807 3997 3198 4068 arboribusque
3225 4001 3529 4058 redundans

1951 4071 2121 4130 Omne
2149 4077 2487 4133 ministrabat
2519 4083 2712 4150 popqu
2741 4085 2884 4153 quod
2924 4087 3124 4143 habere
3163 4105 3386 4147 necesse
3421 4105 3526 4149 est.

1951 4164 2237 4236 Egregium
2271 4170 2555 4236 quemdam
2585 4188 2709 4226 mox
2743 4174 2955 4245 elegere
2983 4193 3223 4242 suorum,

1952 4255 2179 4313 Nomine
2210 4259 2498 4314 Bannlfum
2530 4262 2665 4333 (I9),
2700 4267 2790 4335 qui
2820 4267 3070 4338 princeps
3090 4271 3325 4341 agminis
3357 4255 3522 4340 esset,

1949 4455 2204 4536 Basiliam
2227 4455 2541 4542 Graecorum
2561 4463 3141 4542 exercituiﬂundeeimo
3164 4471 3360 4527 smculo
3385 4487 3523 4542 pra:-

1947 4526 2180 4598 positum
2209 4529 2480 4598 respicere
2511 4532 2788 4588 debuerat.
2818 4536 2973 4590 EDIT.
3006 4539 3242 4594 Pnaoc.

2019 4597 2130 4666 (15)
2161 4597 2412 4680 Sigonius
2441 4602 2582 4655 hunc
2606 4601 2980 4680 (Bubaganum
3012 4619 3190 4675 vocat,
3220 4612 3308 4680 qui
3337 4611 3526 4667 Basilii

1947 4667 2138 4736 imper.
2163 4668 2465 4737 Catapanus
2502 4679 2636 4725 erat.
2669 4667 2820 4729 Leni

2021 4737 2130 4807 (14)
2155 4738 2558 4817 Gatapan_apud
2588 4739 2806 4802 Graecos
2826 4749 3097 4817 generalis
3122 4748 3287 4806 totius
3321 4751 3531 4808 exerci-

1945 4819 2037 4865 tus
2062 4807 2361 4874 praefectus.
2391 4807 2540 4863 Lm.

2165 4881 2384 4956 Aufidus
2397 4878 2587 4956 fluvius
2601 4878 2652 4932 in
2669 4883 2880 4952 Apulia.
2895 4885 3312 4956 ltalisl’O/nnto.
3328 4891 3527 4946 Τιῐιει.

2057 4947 2135 5019 l6)
2166 4950 2320 5013 I0t9,
2347 4958 2404 5002 ut
2434 4948 2697 5019 creditur.
2717 4947 2890 5010 'Lsts.

2054 5018 2134 5089 I7)
2164 5019 2423 5075 Henricus
2453 5018 2473 5071 I
2500 5032 2591 5097 rex
2621 5031 2673 5076 et
2715 5025 2907 5097 imper.
2944 5027 3034 5084 59.
3077 5028 3527 5084 Tinam—Heu.

1941 5087 2123 5154 ricus,
2144 5097 2499 5160 cognomento
2523 5087 2776 5160 Sanctus.
2792 5087 2958 5151 'Lsin.

2025 5159 2134 5229 (18)
2153 5156 2344 5215 Ιιῖνὶιει
2363 5159 2420 5213 8ο
2436 5156 2676 5225 Πθιπίοἰ,
2694 5163 2730 5217 1.
2746 5182 2880 5228 xx",
2903 5167 3530 5224 memoratnrlsmaelem

1938 5238 2312 5318 (corruptum:
2341 5237 2578 5318 putate}
2597 5245 2796 5318 nomen
2817 5247 3036 5318 .nottlm,
3060 5253 3161 5318 pro
3186 5236 3318 5318 Mcle
3348 5238 3534 5318 i'gnpto

1936 5301 2208 5360 positum)
2244 5301 2311 5356 ab
2339 5302 2666 5360 imperatore
2695 5308 2900 5360 Apulia:
2943 5301 3258 5360 praefectum
3286 5308 3334 5358 in
3359 5301 3534 5356 Babe-
