  <div class='ocr_page' id='page_1' title='image "/cluster/home/n/w/nwhite01/storage/ocr_20150623/149/hvd.32044015473770/519.png"; bbox 0 0 4044 5360; ppageno 0'>
   <div class='ocr_carea' id='block_1_1' title="bbox 557 259 684 316">
    <p class='ocr_par' dir='ltr' id='par_1_1' title="bbox 557 259 684 316">
     <span class='ocr_line' id='line_1_1' title="bbox 557 259 684 316; baseline -0.016 0"><span class='ocrx_word' id='word_1_1' title='bbox 557 259 684 316; x_wconf 73' lang='grc'><strong>1051</strong></span> 
     </span>
    </p>
   </div>
   <div class='ocr_carea' id='block_1_2' title="bbox 552 358 1772 438">
    <p class='ocr_par' dir='ltr' id='par_1_2' title="bbox 552 358 1772 438">
     <span class='ocr_line' id='line_1_2' title="bbox 552 358 1772 438; baseline -0.013 -13"><span class='ocrx_word' id='word_1_2' title='bbox 552 372 720 438; x_wconf 82' lang='lat' dir='ltr'><strong>Cujus</strong></span> <span class='ocrx_word' id='word_1_3' title='bbox 745 369 1016 425; x_wconf 86' lang='lat' dir='ltr'><strong>mandatis</strong></span> <span class='ocrx_word' id='word_1_4' title='bbox 1045 367 1128 422; x_wconf 89' lang='lat' dir='ltr'><strong>fas</strong></span> <span class='ocrx_word' id='word_1_5' title='bbox 1157 362 1525 420; x_wconf 83' lang='lat' dir='ltr'><strong>contradicere</strong></span> <span class='ocrx_word' id='word_1_6' title='bbox 1552 374 1656 412; x_wconf 88' lang='lat' dir='ltr'><strong>non</strong></span> <span class='ocrx_word' id='word_1_7' title='bbox 1685 358 1772 412; x_wconf 85' lang='lat' dir='ltr'><strong>sit.</strong></span> 
     </span>
    </p>
   </div>
   <div class='ocr_carea' id='block_1_3' title="bbox 554 451 1913 531">
    <p class='ocr_par' dir='ltr' id='par_1_3' title="bbox 554 451 1913 531">
     <span class='ocr_line' id='line_1_3' title="bbox 554 451 1913 531; baseline -0.014 -14"><span class='ocrx_word' id='word_1_8' title='bbox 554 463 794 531; x_wconf 82' lang='lat' dir='ltr'><strong>Cumque</strong></span> <span class='ocrx_word' id='word_1_9' title='bbox 821 461 992 516; x_wconf 89' lang='lat' dir='ltr'><strong>locum</strong></span> <span class='ocrx_word' id='word_1_10' title='bbox 1019 458 1159 514; x_wconf 83' lang='lat' dir='ltr'><strong>sedis</strong></span> <span class='ocrx_word' id='word_1_11' title='bbox 1188 455 1374 524; x_wconf 69' lang='lat' dir='ltr'><strong>ptitute</strong></span> <span class='ocrx_word' id='word_1_12' title='bbox 1405 451 1615 506; x_wconf 84' lang='lat' dir='ltr'><strong>munire</strong></span> <span class='ocrx_word' id='word_1_13' title='bbox 1638 457 1913 520; x_wconf 87' lang='lat' dir='ltr'><strong>pararent,</strong></span> 
     </span>
    </p>
   </div>
   <div class='ocr_carea' id='block_1_4' title="bbox 495 539 2006 620">
    <p class='ocr_par' dir='ltr' id='par_1_4' title="bbox 495 539 2006 620">
     <span class='ocr_line' id='line_1_4' title="bbox 495 539 2006 620; baseline -0.012 -11"><span class='ocrx_word' id='word_1_14' title='bbox 495 581 506 590; x_wconf 85' lang='lat'><strong>-</strong></span> <span class='ocrx_word' id='word_1_15' title='bbox 558 553 802 620; x_wconf 80' lang='lat' dir='ltr'><strong>Undique</strong></span> <span class='ocrx_word' id='word_1_16' title='bbox 826 551 986 606; x_wconf 89' lang='lat' dir='ltr'><strong>densa</strong></span> <span class='ocrx_word' id='word_1_17' title='bbox 1025 547 1196 618; x_wconf 90' lang='lat' dir='ltr'><strong>palus,</strong></span> <span class='ocrx_word' id='word_1_18' title='bbox 1230 559 1328 598; x_wconf 85' lang='lat' dir='ltr'><strong>nec</strong></span> <span class='ocrx_word' id='word_1_19' title='bbox 1355 559 1462 596; x_wconf 86' lang='lat' dir='ltr'><strong>non</strong></span> <span class='ocrx_word' id='word_1_20' title='bbox 1492 549 1546 594; x_wconf 91' lang='lat' dir='ltr'><strong>ct</strong></span> <span class='ocrx_word' id='word_1_21' title='bbox 1569 539 1731 593; x_wconf 91' lang='lat' dir='ltr'><strong>multa</strong></span> <span class='ocrx_word' id='word_1_22' title='bbox 1770 553 2006 592; x_wconf 72' lang='lat' dir='ltr'><strong>coaxans</strong></span> 
     </span>
    </p>
   </div>
   <div class='ocr_carea' id='block_1_5' title="bbox 556 629 1842 712">
    <p class='ocr_par' dir='ltr' id='par_1_5' title="bbox 556 629 1842 712">
     <span class='ocr_line' id='line_1_5' title="bbox 556 629 1842 712; baseline -0.013 -15"><span class='ocrx_word' id='word_1_23' title='bbox 556 643 720 712; x_wconf 84' lang='lat' dir='ltr'><strong>Copia</strong></span> <span class='ocrx_word' id='word_1_24' title='bbox 763 655 1040 702; x_wconf 88' lang='lat' dir='ltr'><strong>ranarum,</strong></span> <span class='ocrx_word' id='word_1_25' title='bbox 1069 636 1319 706; x_wconf 87' lang='lat' dir='ltr'><strong>prohibet</strong></span> <span class='ocrx_word' id='word_1_26' title='bbox 1347 632 1644 686; x_wconf 88' lang='lat' dir='ltr'><strong>munimina</strong></span> <span class='ocrx_word' id='word_1_27' title='bbox 1679 629 1842 684; x_wconf 85' lang='lat' dir='ltr'><strong>sedis.</strong></span> 
     </span>
    </p>
   </div>
   <div class='ocr_carea' id='block_1_6' title="bbox 559 721 1975 801">
    <p class='ocr_par' dir='ltr' id='par_1_6' title="bbox 559 721 1975 801">
     <span class='ocr_line' id='line_1_6' title="bbox 559 721 1975 801; baseline -0.013 -13"><span class='ocrx_word' id='word_1_28' title='bbox 559 733 708 788; x_wconf 89' lang='lat' dir='ltr'><strong>llaud</strong></span> <span class='ocrx_word' id='word_1_29' title='bbox 739 730 918 801; x_wconf 81' lang='lat' dir='ltr'><strong>procul</strong></span> <span class='ocrx_word' id='word_1_30' title='bbox 950 731 1092 792; x_wconf 71' lang='lat' dir='ltr'><strong>inde,</strong></span> <span class='ocrx_word' id='word_1_31' title='bbox 1127 727 1240 782; x_wconf 89' lang='lat' dir='ltr'><strong>suis</strong></span> <span class='ocrx_word' id='word_1_32' title='bbox 1263 725 1424 778; x_wconf 88' lang='lat' dir='ltr'><strong>alium</strong></span> <span class='ocrx_word' id='word_1_33' title='bbox 1453 721 1769 778; x_wconf 73' lang='lat' dir='ltr'><strong>stationibus</strong></span> <span class='ocrx_word' id='word_1_34' title='bbox 1795 729 1975 786; x_wconf 87' lang='lat' dir='ltr'><strong>aptum</strong></span> 
     </span>
    </p>
   </div>
   <div class='ocr_carea' id='block_1_7' title="bbox 555 810 1881 890">
    <p class='ocr_par' dir='ltr' id='par_1_7' title="bbox 555 810 1881 890">
     <span class='ocr_line' id='line_1_7' title="bbox 555 810 1881 890; baseline -0.014 -11"><span class='ocrx_word' id='word_1_35' title='bbox 555 826 810 880; x_wconf 89' lang='lat' dir='ltr'><strong>Invenere</strong></span> <span class='ocrx_word' id='word_1_36' title='bbox 834 821 1032 884; x_wconf 87' lang='lat' dir='ltr'><strong>locum,</strong></span> <span class='ocrx_word' id='word_1_37' title='bbox 1062 833 1241 890; x_wconf 83' lang='lat' dir='ltr'><strong>quem,</strong></span> <span class='ocrx_word' id='word_1_38' title='bbox 1271 815 1413 870; x_wconf 90' lang='lat' dir='ltr'><strong>nullo</strong></span> <span class='ocrx_word' id='word_1_39' title='bbox 1444 815 1604 868; x_wconf 90' lang='lat' dir='ltr'><strong>dante</strong></span> <span class='ocrx_word' id='word_1_40' title='bbox 1627 810 1881 882; x_wconf 86' lang='lat' dir='ltr'><strong>juvamen</strong></span> 
     </span>
    </p>
   </div>
   <div class='ocr_carea' id='block_1_8' title="bbox 555 903 1778 985">
    <p class='ocr_par' dir='ltr' id='par_1_8' title="bbox 555 903 1778 985">
     <span class='ocr_line' id='line_1_8' title="bbox 555 903 1778 985; baseline -0.014 -13"><span class='ocrx_word' id='word_1_41' title='bbox 555 916 831 972; x_wconf 86' lang='lat' dir='ltr'><strong>Cultorum</strong></span> <span class='ocrx_word' id='word_1_42' title='bbox 861 913 1068 985; x_wconf 70' lang='lat' dir='ltr'><strong>patriae,</strong></span> <span class='ocrx_word' id='word_1_43' title='bbox 1105 926 1202 982; x_wconf 85' lang='lat' dir='ltr'><strong>pro</strong></span> <span class='ocrx_word' id='word_1_44' title='bbox 1235 924 1291 964; x_wconf 92' lang='lat' dir='ltr'><strong>sc</strong></span> <span class='ocrx_word' id='word_1_45' title='bbox 1324 907 1531 962; x_wconf 82' lang='lat' dir='ltr'><strong>munire</strong></span> <span class='ocrx_word' id='word_1_46' title='bbox 1563 903 1778 958; x_wconf 82' lang='lat' dir='ltr'><strong>tuendis</strong></span> 
     </span>
    </p>
   </div>
   <div class='ocr_carea' id='block_1_9' title="bbox 554 987 2018 1064">
    <p class='ocr_par' dir='ltr' id='par_1_9' title="bbox 554 987 2018 1064">
     <span class='ocr_line' id='line_1_9' title="bbox 554 987 2018 1064; baseline -0.016 -1"><span class='ocrx_word' id='word_1_47' title='bbox 554 1005 830 1062; x_wconf 90' lang='lat' dir='ltr'><strong>Conantur</strong></span> <span class='ocrx_word' id='word_1_48' title='bbox 864 1004 979 1058; x_wconf 90' lang='lat' dir='ltr'><strong>:sic</strong></span> <span class='ocrx_word' id='word_1_49' title='bbox 1005 1019 1081 1064; x_wconf 86' lang='lat' dir='ltr'><strong>se.</strong></span> <span class='ocrx_word' id='word_1_50' title='bbox 1114 1001 1258 1056; x_wconf 84' lang='lat' dir='ltr'><strong>facto</strong></span> <span class='ocrx_word' id='word_1_51' title='bbox 1287 997 1602 1058; x_wconf 78' lang='lat' dir='ltr'><strong>munimine,</strong></span> <span class='ocrx_word' id='word_1_52' title='bbox 1640 992 1852 1047; x_wconf 81' lang='lat' dir='ltr'><strong>cuidam</strong></span> <span class='ocrx_word' id='word_1_53' title='bbox 1886 987 2018 1058; x_wconf 72' lang='lat'><strong>(9.0),</strong></span> 
     </span>
    </p>
   </div>
   <div class='ocr_carea' id='block_1_10' title="bbox 555 1081 2047 1164">
    <p class='ocr_par' dir='ltr' id='par_1_10' title="bbox 555 1081 2047 1164">
     <span class='ocr_line' id='line_1_10' title="bbox 555 1081 2047 1164; baseline -0.013 -13"><span class='ocrx_word' id='word_1_54' title='bbox 555 1096 655 1163; x_wconf 85' lang='lat' dir='ltr'><strong>Qui</strong></span> <span class='ocrx_word' id='word_1_55' title='bbox 683 1095 933 1164; x_wconf 88' lang='lat' dir='ltr'><strong>princeps</strong></span> <span class='ocrx_word' id='word_1_56' title='bbox 959 1093 1244 1162; x_wconf 88' lang='lat' dir='ltr'><strong>Capuauus</strong></span> <span class='ocrx_word' id='word_1_57' title='bbox 1269 1096 1404 1149; x_wconf 82' lang='lat' dir='ltr'><strong>erat.</strong></span> <span class='ocrx_word' id='word_1_58' title='bbox 1436 1085 1760 1152; x_wconf 74' lang='lat' dir='ltr'><strong>conjungere</strong></span> <span class='ocrx_word' id='word_1_59' title='bbox 1797 1081 2047 1150; x_wconf 87' lang='lat' dir='ltr'><strong>gaudent.</strong></span> 
     </span>
    </p>
   </div>
   <div class='ocr_carea' id='block_1_11' title="bbox 555 1173 1883 1258">
    <p class='ocr_par' dir='ltr' id='par_1_11' title="bbox 555 1173 1883 1258">
     <span class='ocr_line' id='line_1_11' title="bbox 555 1173 1883 1258; baseline -0.011 -18"><span class='ocrx_word' id='word_1_60' title='bbox 555 1184 899 1258; x_wconf 75' lang='lat' dir='ltr'><strong>Principibus</strong></span> <span class='ocrx_word' id='word_1_61' title='bbox 927 1183 1067 1238; x_wconf 86' lang='lat' dir='ltr'><strong>Latii</strong></span> <span class='ocrx_word' id='word_1_62' title='bbox 1100 1182 1247 1254; x_wconf 85' lang='lat' dir='ltr'><strong>prior</strong></span> <span class='ocrx_word' id='word_1_63' title='bbox 1275 1184 1436 1248; x_wconf 86' lang='lat' dir='ltr'><strong>atque</strong></span> <span class='ocrx_word' id='word_1_64' title='bbox 1466 1176 1737 1246; x_wconf 89' lang='lat' dir='ltr'><strong>potentior</strong></span> <span class='ocrx_word' id='word_1_65' title='bbox 1768 1173 1883 1241; x_wconf 89' lang='lat' dir='ltr'><strong>ipse</strong></span> 
     </span>
    </p>
   </div>
   <div class='ocr_carea' id='block_1_12' title="bbox 556 1261 1962 1348">
    <p class='ocr_par' dir='ltr' id='par_1_12' title="bbox 556 1261 1962 1348">
     <span class='ocr_line' id='line_1_12' title="bbox 556 1261 1962 1348; baseline -0.011 -17"><span class='ocrx_word' id='word_1_66' title='bbox 556 1277 709 1332; x_wconf 84' lang='lat' dir='ltr'><strong>Tunc</strong></span> <span class='ocrx_word' id='word_1_67' title='bbox 735 1287 880 1342; x_wconf 90' lang='lat' dir='ltr'><strong>erat;</strong></span> <span class='ocrx_word' id='word_1_68' title='bbox 917 1275 1102 1330; x_wconf 83' lang='lat' dir='ltr'><strong>alliucs</strong></span> <span class='ocrx_word' id='word_1_69' title='bbox 1131 1281 1420 1344; x_wconf 81' lang='lat' dir='ltr'><strong>properant</strong></span> <span class='ocrx_word' id='word_1_70' title='bbox 1451 1271 1553 1324; x_wconf 91' lang='lat' dir='ltr'><strong>hoc</strong></span> <span class='ocrx_word' id='word_1_71' title='bbox 1582 1265 1823 1338; x_wconf 89' lang='lat' dir='ltr'><strong>principe</strong></span> <span class='ocrx_word' id='word_1_72' title='bbox 1853 1261 1962 1348; x_wconf 85' lang='lat' dir='ltr'><strong>tuti</strong></span> 
     </span>
    </p>
   </div>
   <div class='ocr_carea' id='block_1_13' title="bbox 563 1359 1880 1431">
    <p class='ocr_par' dir='ltr' id='par_1_13' title="bbox 563 1359 1880 1431">
     <span class='ocr_line' id='line_1_13' title="bbox 563 1359 1880 1431; baseline -0.009 -13"><span class='ocrx_word' id='word_1_73' title='bbox 563 1366 858 1420; x_wconf 87' lang='lat' dir='ltr'><strong>Devastare</strong></span> <span class='ocrx_word' id='word_1_74' title='bbox 887 1366 1054 1429; x_wconf 87' lang='lat' dir='ltr'><strong>locos,</strong></span> <span class='ocrx_word' id='word_1_75' title='bbox 1089 1365 1378 1431; x_wconf 89' lang='lat' dir='ltr'><strong>hostesque</strong></span> <span class='ocrx_word' id='word_1_76' title='bbox 1405 1359 1634 1412; x_wconf 84' lang='lat' dir='ltr'><strong>viriliter</strong></span> <span class='ocrx_word' id='word_1_77' title='bbox 1656 1366 1880 1422; x_wconf 80' lang='lat' dir='ltr'><strong>angunt.</strong></span> 
     </span>
    </p>
   </div>
   <div class='ocr_carea' id='block_1_14' title="bbox 558 1448 1958 1526">
    <p class='ocr_par' dir='ltr' id='par_1_14' title="bbox 558 1448 1958 1526">
     <span class='ocr_line' id='line_1_14' title="bbox 558 1448 1958 1526; baseline -0.01 -15"><span class='ocrx_word' id='word_1_78' title='bbox 558 1456 666 1511; x_wconf 90' lang='lat' dir='ltr'><strong>Sed</strong></span> <span class='ocrx_word' id='word_1_79' title='bbox 705 1457 830 1526; x_wconf 86' lang='lat' dir='ltr'><strong>quia</strong></span> <span class='ocrx_word' id='word_1_80' title='bbox 864 1456 1146 1509; x_wconf 82' lang='lat' dir='ltr'><strong>mundanae</strong></span> <span class='ocrx_word' id='word_1_81' title='bbox 1177 1453 1372 1508; x_wconf 88' lang='lat' dir='ltr'><strong>mentis</strong></span> <span class='ocrx_word' id='word_1_82' title='bbox 1402 1448 1751 1504; x_wconf 77' lang='lat' dir='ltr'><strong>meditamiua</strong></span> <span class='ocrx_word' id='word_1_83' title='bbox 1792 1460 1958 1515; x_wconf 89' lang='lat' dir='ltr'><strong>prona</strong></span> 
     </span>
    </p>
   </div>
   <div class='ocr_carea' id='block_1_15' title="bbox 559 1537 1938 1610">
    <p class='ocr_par' dir='ltr' id='par_1_15' title="bbox 559 1537 1938 1610">
     <span class='ocr_line' id='line_1_15' title="bbox 559 1537 1938 1610; baseline -0.006 -12"><span class='ocrx_word' id='word_1_84' title='bbox 559 1543 699 1599; x_wconf 90' lang='lat' dir='ltr'><strong>Sunt</strong></span> <span class='ocrx_word' id='word_1_85' title='bbox 729 1547 794 1600; x_wconf 90' lang='lat' dir='ltr'><strong>ad</strong></span> <span class='ocrx_word' id='word_1_86' title='bbox 831 1545 1136 1608; x_wconf 85' lang='lat' dir='ltr'><strong>avaritiam,</strong></span> <span class='ocrx_word' id='word_1_87' title='bbox 1173 1543 1438 1610; x_wconf 78' lang='lat' dir='ltr'><strong>vincitque</strong></span> <span class='ocrx_word' id='word_1_88' title='bbox 1465 1539 1688 1609; x_wconf 85' lang='lat' dir='ltr'><strong>pecunia</strong></span> <span class='ocrx_word' id='word_1_89' title='bbox 1715 1537 1938 1607; x_wconf 86' lang='lat' dir='ltr'><strong>passim,</strong></span> 
     </span>
    </p>
   </div>
   <div class='ocr_carea' id='block_1_16' title="bbox 559 1619 1915 1700">
    <p class='ocr_par' dir='ltr' id='par_1_16' title="bbox 559 1619 1915 1700">
     <span class='ocr_line' id='line_1_16' title="bbox 559 1619 1915 1700; baseline -0.007 -10"><span class='ocrx_word' id='word_1_90' title='bbox 559 1635 711 1690; x_wconf 87' lang='lat' dir='ltr'><strong>Nunc</strong></span> <span class='ocrx_word' id='word_1_91' title='bbox 743 1619 850 1690; x_wconf 23' lang='lat' dir='ltr'><strong>hoc.</strong></span> <span class='ocrx_word' id='word_1_92' title='bbox 871 1653 1010 1690; x_wconf 87' lang='lat' dir='ltr'><strong>nunc</strong></span> <span class='ocrx_word' id='word_1_93' title='bbox 1042 1635 1130 1688; x_wconf 93' lang='lat' dir='ltr'><strong>illo</strong></span> <span class='ocrx_word' id='word_1_94' title='bbox 1153 1641 1478 1700; x_wconf 84' lang='lat' dir='ltr'><strong>contempto,</strong></span> <span class='ocrx_word' id='word_1_95' title='bbox 1507 1630 1626 1700; x_wconf 88' lang='lat' dir='ltr'><strong>plus</strong></span> <span class='ocrx_word' id='word_1_96' title='bbox 1659 1628 1915 1683; x_wconf 85' lang='lat' dir='ltr'><strong>tribuenti</strong></span> 
     </span>
    </p>
   </div>
   <div class='ocr_carea' id='block_1_17' title="bbox 559 1719 1822 1797">
    <p class='ocr_par' dir='ltr' id='par_1_17' title="bbox 559 1719 1822 1797">
     <span class='ocr_line' id='line_1_17' title="bbox 559 1719 1822 1797; baseline -0.006 -16"><span class='ocrx_word' id='word_1_97' title='bbox 559 1727 787 1797; x_wconf 86' lang='lat' dir='ltr'><strong>Semper</strong></span> <span class='ocrx_word' id='word_1_98' title='bbox 811 1727 1191 1786; x_wconf 75' lang='lat' dir='ltr'><strong>adltzerebant;</strong></span> <span class='ocrx_word' id='word_1_99' title='bbox 1229 1724 1432 1778; x_wconf 91' lang='lat' dir='ltr'><strong>servire</strong></span> <span class='ocrx_word' id='word_1_100' title='bbox 1463 1722 1716 1775; x_wconf 89' lang='lat' dir='ltr'><strong>libentius</strong></span> <span class='ocrx_word' id='word_1_101' title='bbox 1745 1719 1822 1774; x_wconf 86' lang='lat' dir='ltr'><strong>illi</strong></span> 
     </span>
    </p>
   </div>
   <div class='ocr_carea' id='block_1_18' title="bbox 557 1812 1812 1888">
    <p class='ocr_par' dir='ltr' id='par_1_18' title="bbox 557 1812 1812 1888">
     <span class='ocr_line' id='line_1_18' title="bbox 557 1812 1812 1888; baseline -0.01 -14"><span class='ocrx_word' id='word_1_102' title='bbox 557 1817 761 1874; x_wconf 87' lang='lat' dir='ltr'><strong>Omnes</strong></span> <span class='ocrx_word' id='word_1_103' title='bbox 790 1816 1090 1888; x_wconf 87' lang='lat' dir='ltr'><strong>gaudebant</strong></span> <span class='ocrx_word' id='word_1_104' title='bbox 1121 1831 1149 1868; x_wconf 93' lang='lat' dir='ltr'><strong>a</strong></span> <span class='ocrx_word' id='word_1_105' title='bbox 1179 1830 1283 1884; x_wconf 90' lang='lat' dir='ltr'><strong>quo</strong></span> <span class='ocrx_word' id='word_1_106' title='bbox 1311 1813 1428 1882; x_wconf 84' lang='lat' dir='ltr'><strong>plus</strong></span> <span class='ocrx_word' id='word_1_107' title='bbox 1458 1812 1812 1881; x_wconf 90' lang='lat' dir='ltr'><strong>accipiebant.</strong></span> 
     </span>
    </p>
   </div>
   <div class='ocr_carea' id='block_1_19' title="bbox 560 1904 2125 1978">
    <p class='ocr_par' dir='ltr' id='par_1_19' title="bbox 560 1904 2125 1978">
     <span class='ocr_line' id='line_1_19' title="bbox 560 1904 2125 1978; baseline -0.004 -17"><span class='ocrx_word' id='word_1_108' title='bbox 560 1907 702 1962; x_wconf 87' lang='lat' dir='ltr'><strong>Bella</strong></span> <span class='ocrx_word' id='word_1_109' title='bbox 753 1908 922 1978; x_wconf 82' lang='lat' dir='ltr'><strong>magis</strong></span> <span class='ocrx_word' id='word_1_110' title='bbox 981 1907 1181 1976; x_wconf 89' lang='lat' dir='ltr'><strong>populi,</strong></span> <span class='ocrx_word' id='word_1_111' title='bbox 1213 1922 1371 1976; x_wconf 89' lang='lat' dir='ltr'><strong>quam</strong></span> <span class='ocrx_word' id='word_1_112' title='bbox 1427 1905 1630 1959; x_wconf 71' lang='lat' dir='ltr'><strong>hedera</strong></span> <span class='ocrx_word' id='word_1_113' title='bbox 1669 1904 1816 1973; x_wconf 81' lang='lat' dir='ltr'><strong>pacis</strong></span> <span class='ocrx_word' id='word_1_114' title='bbox 1863 1911 2125 1966; x_wconf 86' lang='lat' dir='ltr'><strong>amantes,</strong></span> 
     </span>
    </p>
   </div>
   <div class='ocr_carea' id='block_1_20' title="bbox 561 1981 1756 2068">
    <p class='ocr_par' dir='ltr' id='par_1_20' title="bbox 561 1981 1756 2068">
     <span class='ocr_line' id='line_1_20' title="bbox 561 1981 1756 2068; baseline -0.004 -14"><span class='ocrx_word' id='word_1_115' title='bbox 561 1981 892 2068; x_wconf 78' lang='lat' dir='ltr'><strong>Servitiique</strong></span> <span class='ocrx_word' id='word_1_116' title='bbox 923 1999 1070 2052; x_wconf 89' lang='lat' dir='ltr'><strong>vices</strong></span> <span class='ocrx_word' id='word_1_117' title='bbox 1109 2013 1206 2066; x_wconf 93' lang='lat' dir='ltr'><strong>pro</strong></span> <span class='ocrx_word' id='word_1_118' title='bbox 1235 1997 1438 2050; x_wconf 88' lang='lat' dir='ltr'><strong>viribus</strong></span> <span class='ocrx_word' id='word_1_119' title='bbox 1465 2005 1517 2049; x_wconf 89' lang='lat' dir='ltr'><strong>et</strong></span> <span class='ocrx_word' id='word_1_120' title='bbox 1551 1997 1756 2050; x_wconf 86' lang='lat' dir='ltr'><strong>ratione</strong></span> 
     </span>
    </p>
   </div>
   <div class='ocr_carea' id='block_1_21' title="bbox 569 2087 2126 2160">
    <p class='ocr_par' dir='ltr' id='par_1_21' title="bbox 569 2087 2126 2160">
     <span class='ocr_line' id='line_1_21' title="bbox 569 2087 2126 2160; baseline 0 -16"><span class='ocrx_word' id='word_1_121' title='bbox 569 2090 842 2160; x_wconf 75' lang='lat' dir='ltr'><strong>Temporis</strong></span> <span class='ocrx_word' id='word_1_122' title='bbox 867 2089 1204 2158; x_wconf 79' lang='lat' dir='ltr'><strong>expendunt;</strong></span> <span class='ocrx_word' id='word_1_123' title='bbox 1257 2088 1374 2158; x_wconf 86' lang='lat' dir='ltr'><strong>plus</strong></span> <span class='ocrx_word' id='word_1_124' title='bbox 1409 2090 1600 2142; x_wconf 88' lang='lat' dir='ltr'><strong>dantes</strong></span> <span class='ocrx_word' id='word_1_125' title='bbox 1633 2087 1801 2156; x_wconf 84' lang='lat' dir='ltr'><strong>pluris</strong></span> <span class='ocrx_word' id='word_1_126' title='bbox 1833 2087 2126 2144; x_wconf 88' lang='lat' dir='ltr'><strong>habebant.</strong></span> 
     </span>
    </p>
   </div>
   <div class='ocr_carea' id='block_1_22' title="bbox 561 2179 1780 2253">
    <p class='ocr_par' dir='ltr' id='par_1_22' title="bbox 561 2179 1780 2253">
     <span class='ocr_line' id='line_1_22' title="bbox 561 2179 1780 2253; baseline -0.002 -17"><span class='ocrx_word' id='word_1_127' title='bbox 561 2183 666 2237; x_wconf 87' lang='lat' dir='ltr'><strong>Illis</strong></span> <span class='ocrx_word' id='word_1_128' title='bbox 690 2182 1025 2253; x_wconf 87' lang='lat' dir='ltr'><strong>principibus</strong></span> <span class='ocrx_word' id='word_1_129' title='bbox 1055 2182 1366 2236; x_wconf 87' lang='lat' dir='ltr'><strong>dominandi</strong></span> <span class='ocrx_word' id='word_1_130' title='bbox 1395 2197 1582 2252; x_wconf 86' lang='lat' dir='ltr'><strong>magna</strong></span> <span class='ocrx_word' id='word_1_131' title='bbox 1614 2179 1780 2234; x_wconf 88' lang='lat' dir='ltr'><strong>libido</strong></span> 
     </span>
    </p>
   </div>
   <div class='ocr_carea' id='block_1_23' title="bbox 561 2270 2022 2340">
    <p class='ocr_par' dir='ltr' id='par_1_23' title="bbox 561 2270 2022 2340">
     <span class='ocr_line' id='line_1_23' title="bbox 561 2270 2022 2340; baseline 0 -16"><span class='ocrx_word' id='word_1_132' title='bbox 561 2271 701 2324; x_wconf 77' lang='lat' dir='ltr'><strong>Bella</strong></span> <span class='ocrx_word' id='word_1_133' title='bbox 732 2273 1114 2336; x_wconf 83' lang='lat' dir='ltr'><strong>ministrabat;</strong></span> <span class='ocrx_word' id='word_1_134' title='bbox 1151 2271 1261 2324; x_wconf 82' lang='lat' dir='ltr'><strong>vult</strong></span> <span class='ocrx_word' id='word_1_135' title='bbox 1287 2270 1516 2340; x_wconf 89' lang='lat' dir='ltr'><strong>quisque</strong></span> <span class='ocrx_word' id='word_1_136' title='bbox 1545 2271 1814 2340; x_wconf 89' lang='lat' dir='ltr'><strong>potentior</strong></span> <span class='ocrx_word' id='word_1_137' title='bbox 1843 2281 1984 2325; x_wconf 72' lang='lat' dir='ltr'><strong>esset</strong></span> <span class='ocrx_word' id='word_1_138' title='bbox 2017 2327 2022 2332; x_wconf 88' lang='lat'>_</span> 
     </span>
    </p>
   </div>
   <div class='ocr_carea' id='block_1_24' title="bbox 561 2351 1667 2430">
    <p class='ocr_par' dir='ltr' id='par_1_24' title="bbox 561 2351 1667 2430">
     <span class='ocr_line' id='line_1_24' title="bbox 561 2351 1667 2430; baseline 0.001 -15"><span class='ocrx_word' id='word_1_139' title='bbox 561 2362 708 2416; x_wconf 84' lang='lat' dir='ltr'><strong>Alter</strong></span> <span class='ocrx_word' id='word_1_140' title='bbox 736 2372 790 2416; x_wconf 91' lang='lat' dir='ltr'><strong>et</strong></span> <span class='ocrx_word' id='word_1_141' title='bbox 817 2351 1044 2418; x_wconf 84' lang='lat' dir='ltr'><strong>alterius</strong></span> <span class='ocrx_word' id='word_1_142' title='bbox 1073 2363 1292 2416; x_wconf 89' lang='lat' dir='ltr'><strong>tnolitttr</strong></span> <span class='ocrx_word' id='word_1_143' title='bbox 1312 2361 1434 2430; x_wconf 88' lang='lat' dir='ltr'><strong>jura</strong></span> <span class='ocrx_word' id='word_1_144' title='bbox 1467 2361 1667 2416; x_wconf 86' lang='lat' dir='ltr'><strong>subire.</strong></span> 
     </span>
    </p>
   </div>
   <div class='ocr_carea' id='block_1_25' title="bbox 563 2452 1877 2516">
    <p class='ocr_par' dir='ltr' id='par_1_25' title="bbox 563 2452 1877 2516">
     <span class='ocr_line' id='line_1_25' title="bbox 563 2452 1877 2516; baseline -0.002 -8"><span class='ocrx_word' id='word_1_145' title='bbox 563 2454 865 2509; x_wconf 88' lang='lat' dir='ltr'><strong>Procedunt</strong></span> <span class='ocrx_word' id='word_1_146' title='bbox 889 2454 1010 2508; x_wconf 87' lang='lat' dir='ltr'><strong>lites</strong></span> <span class='ocrx_word' id='word_1_147' title='bbox 1042 2455 1142 2508; x_wconf 89' lang='lat' dir='ltr'><strong>hoc</strong></span> <span class='ocrx_word' id='word_1_148' title='bbox 1171 2453 1377 2516; x_wconf 86' lang='lat' dir='ltr'><strong>fomite,</strong></span> <span class='ocrx_word' id='word_1_149' title='bbox 1405 2452 1608 2516; x_wconf 66' lang='lat' dir='ltr'><strong>praelia,</strong></span> <span class='ocrx_word' id='word_1_150' title='bbox 1638 2460 1838 2505; x_wconf 85' lang='lat' dir='ltr'><strong>mortes</strong></span> <span class='ocrx_word' id='word_1_151' title='bbox 1863 2469 1877 2516; x_wconf 88' lang='lat'><strong>;</strong></span> 
     </span>
    </p>
   </div>
   <div class='ocr_carea' id='block_1_26' title="bbox 561 2539 1867 2612">
    <p class='ocr_par' dir='ltr' id='par_1_26' title="bbox 561 2539 1867 2612">
     <span class='ocr_line' id='line_1_26' title="bbox 561 2539 1867 2612; baseline -0.002 -14"><span class='ocrx_word' id='word_1_152' title='bbox 561 2545 705 2599; x_wconf 82' lang='lat' dir='ltr'><strong>Inter</strong></span> <span class='ocrx_word' id='word_1_153' title='bbox 733 2539 987 2599; x_wconf 84' lang='lat' dir='ltr'><strong>mortales</strong></span> <span class='ocrx_word' id='word_1_154' title='bbox 1017 2544 1134 2597; x_wconf 90' lang='lat' dir='ltr'><strong>ideo</strong></span> <span class='ocrx_word' id='word_1_155' title='bbox 1171 2542 1309 2596; x_wconf 87' lang='lat' dir='ltr'><strong>mala</strong></span> <span class='ocrx_word' id='word_1_156' title='bbox 1339 2541 1565 2612; x_wconf 90' lang='lat' dir='ltr'><strong>plurima</strong></span> <span class='ocrx_word' id='word_1_157' title='bbox 1597 2551 1867 2596; x_wconf 88' lang='lat' dir='ltr'><strong>crescunt.</strong></span> 
     </span>
    </p>
   </div>
   <div class='ocr_carea' id='block_1_27' title="bbox 562 2634 2126 2704">
    <p class='ocr_par' dir='ltr' id='par_1_27' title="bbox 562 2634 2126 2704">
     <span class='ocr_line' id='line_1_27' title="bbox 562 2634 2126 2704; baseline -0.002 -14"><span class='ocrx_word' id='word_1_158' title='bbox 562 2635 706 2691; x_wconf 89' lang='lat' dir='ltr'><strong>lleul</strong></span> <span class='ocrx_word' id='word_1_159' title='bbox 747 2635 928 2690; x_wconf 89' lang='lat' dir='ltr'><strong>miseri</strong></span> <span class='ocrx_word' id='word_1_160' title='bbox 970 2636 1166 2704; x_wconf 85' lang='lat' dir='ltr'><strong>mundo</strong></span> <span class='ocrx_word' id='word_1_161' title='bbox 1195 2635 1451 2704; x_wconf 86' lang='lat' dir='ltr'><strong>quidquid</strong></span> <span class='ocrx_word' id='word_1_162' title='bbox 1492 2642 1774 2697; x_wconf 87' lang='lat' dir='ltr'><strong>conantur,</strong></span> <span class='ocrx_word' id='word_1_163' title='bbox 1806 2634 1965 2690; x_wconf 82' lang='lat' dir='ltr'><strong>inane</strong></span> <span class='ocrx_word' id='word_1_164' title='bbox 2002 2644 2084 2690; x_wconf 87' lang='lat' dir='ltr'><strong>est</strong></span> <span class='ocrx_word' id='word_1_165' title='bbox 2115 2653 2126 2687; x_wconf 91' lang='lat'>:</span> 
     </span>
    </p>
   </div>
   <div class='ocr_carea' id='block_1_28' title="bbox 562 2719 1780 2794">
    <p class='ocr_par' dir='ltr' id='par_1_28' title="bbox 562 2719 1780 2794">
     <span class='ocr_line' id='line_1_28' title="bbox 562 2719 1780 2794; baseline -0.002 -16"><span class='ocrx_word' id='word_1_166' title='bbox 562 2719 882 2780; x_wconf 85' lang='lat' dir='ltr'><strong>Innumeros</strong></span> <span class='ocrx_word' id='word_1_167' title='bbox 912 2739 1045 2777; x_wconf 89' lang='lat' dir='ltr'><strong>vana</strong></span> <span class='ocrx_word' id='word_1_168' title='bbox 1077 2723 1220 2794; x_wconf 86' lang='lat' dir='ltr'><strong>passi</strong></span> <span class='ocrx_word' id='word_1_169' title='bbox 1246 2739 1341 2791; x_wconf 91' lang='lat' dir='ltr'><strong>pro</strong></span> <span class='ocrx_word' id='word_1_170' title='bbox 1365 2723 1518 2777; x_wconf 88' lang='lat' dir='ltr'><strong>laude</strong></span> <span class='ocrx_word' id='word_1_171' title='bbox 1546 2723 1780 2788; x_wconf 87' lang='lat' dir='ltr'><strong>labores,</strong></span> 
     </span>
    </p>
   </div>
   <div class='ocr_carea' id='block_1_29' title="bbox 565 2812 2105 2884">
    <p class='ocr_par' dir='ltr' id='par_1_29' title="bbox 565 2812 2105 2884">
     <span class='ocr_line' id='line_1_29' title="bbox 565 2812 2105 2884; baseline -0.004 -16"><span class='ocrx_word' id='word_1_172' title='bbox 565 2815 691 2868; x_wconf 82' lang='lat' dir='ltr'><strong>Plus</strong></span> <span class='ocrx_word' id='word_1_173' title='bbox 727 2815 1114 2869; x_wconf 90' lang='lat' dir='ltr'><strong>cruciabuntur</strong></span> <span class='ocrx_word' id='word_1_174' title='bbox 1139 2821 1420 2883; x_wconf 86' lang='lat' dir='ltr'><strong>postquam</strong></span> <span class='ocrx_word' id='word_1_175' title='bbox 1463 2814 1734 2868; x_wconf 85' lang='lat' dir='ltr'><strong>mundana</strong></span> <span class='ocrx_word' id='word_1_176' title='bbox 1781 2812 2105 2884; x_wconf 81' lang='lat' dir='ltr'><strong>relinquent.</strong></span> 
     </span>
    </p>
   </div>
   <div class='ocr_carea' id='block_1_30' title="bbox 565 2903 2006 2974">
    <p class='ocr_par' dir='ltr' id='par_1_30' title="bbox 565 2903 2006 2974">
     <span class='ocr_line' id='line_1_30' title="bbox 565 2903 2006 2974; baseline 0.001 -16"><span class='ocrx_word' id='word_1_177' title='bbox 565 2903 848 2974; x_wconf 81' lang='lat' dir='ltr'><strong>Nunquam</strong></span> <span class='ocrx_word' id='word_1_178' title='bbox 879 2903 1224 2966; x_wconf 88' lang='lat' dir='ltr'><strong>Normannis,</strong></span> <span class='ocrx_word' id='word_1_179' title='bbox 1257 2918 1326 2956; x_wconf 90' lang='lat' dir='ltr'><strong>ne</strong></span> <span class='ocrx_word' id='word_1_180' title='bbox 1351 2916 1510 2970; x_wconf 71' lang='lat' dir='ltr'><strong>pmna</strong></span> <span class='ocrx_word' id='word_1_181' title='bbox 1537 2903 1735 2957; x_wconf 87' lang='lat' dir='ltr'><strong>rediret</strong></span> <span class='ocrx_word' id='word_1_182' title='bbox 1761 2905 1814 2956; x_wconf 83' lang='lat' dir='ltr'><strong>in</strong></span> <span class='ocrx_word' id='word_1_183' title='bbox 1843 2904 2006 2972; x_wconf 85' lang='lat' dir='ltr'><strong>ipsos,</strong></span> 
     </span>
    </p>
   </div>
   <div class='ocr_carea' id='block_1_31' title="bbox 566 2987 1800 3063">
    <p class='ocr_par' dir='ltr' id='par_1_31' title="bbox 566 2987 1800 3063">
     <span class='ocr_line' id='line_1_31' title="bbox 566 2987 1800 3063; baseline -0.002 -15"><span class='ocrx_word' id='word_1_184' title='bbox 566 2987 1036 3063; x_wconf 77' lang='lat' dir='ltr'><strong>Langobardorum</strong></span> <span class='ocrx_word' id='word_1_185' title='bbox 1065 2991 1266 3061; x_wconf 87' lang='lat' dir='ltr'><strong>placuit</strong></span> <span class='ocrx_word' id='word_1_186' title='bbox 1303 2991 1524 3044; x_wconf 83' lang='lat' dir='ltr'><strong>victoria</strong></span> <span class='ocrx_word' id='word_1_187' title='bbox 1559 3005 1800 3060; x_wconf 90' lang='lat' dir='ltr'><strong>prorsus.</strong></span> 
     </span>
    </p>
   </div>
   <div class='ocr_carea' id='block_1_32' title="bbox 566 3081 1927 3150">
    <p class='ocr_par' dir='ltr' id='par_1_32' title="bbox 566 3081 1927 3150">
     <span class='ocr_line' id='line_1_32' title="bbox 566 3081 1927 3150; baseline -0.002 -12"><span class='ocrx_word' id='word_1_188' title='bbox 566 3084 831 3138; x_wconf 83' lang='lat' dir='ltr'><strong>Funditus</strong></span> <span class='ocrx_word' id='word_1_189' title='bbox 855 3082 1022 3136; x_wconf 84' lang='lat' dir='ltr'><strong>everti</strong></span> <span class='ocrx_word' id='word_1_190' title='bbox 1052 3081 1350 3136; x_wconf 88' lang='lat' dir='ltr'><strong>discordem</strong></span> <span class='ocrx_word' id='word_1_191' title='bbox 1379 3095 1643 3150; x_wconf 82' lang='lat' dir='ltr'><strong>quemque</strong></span> <span class='ocrx_word' id='word_1_192' title='bbox 1679 3082 1927 3136; x_wconf 78' lang='lat' dir='ltr'><strong>vetabant</strong></span> 
     </span>
    </p>
   </div>
   <div class='ocr_carea' id='block_1_33' title="bbox 567 3169 2132 3239">
    <p class='ocr_par' dir='ltr' id='par_1_33' title="bbox 567 3169 2132 3239">
     <span class='ocr_line' id='line_1_33' title="bbox 567 3169 2132 3239; baseline 0.001 -13"><span class='ocrx_word' id='word_1_193' title='bbox 567 3173 718 3228; x_wconf 80' lang='lat' dir='ltr'><strong>Nunc</strong></span> <span class='ocrx_word' id='word_1_194' title='bbox 753 3171 907 3227; x_wconf 89' lang='lat' dir='ltr'><strong>favor</strong></span> <span class='ocrx_word' id='word_1_195' title='bbox 928 3173 1142 3226; x_wconf 87' lang='lat' dir='ltr'><strong>additus</strong></span> <span class='ocrx_word' id='word_1_196' title='bbox 1169 3171 1270 3236; x_wconf 91' lang='lat' dir='ltr'><strong>his,</strong></span> <span class='ocrx_word' id='word_1_197' title='bbox 1307 3179 1360 3226; x_wconf 92' lang='lat' dir='ltr'><strong>et</strong></span> <span class='ocrx_word' id='word_1_198' title='bbox 1390 3185 1533 3224; x_wconf 91' lang='lat' dir='ltr'><strong>nunc</strong></span> <span class='ocrx_word' id='word_1_199' title='bbox 1571 3169 1724 3224; x_wconf 85' lang='lat' dir='ltr'><strong>favor</strong></span> <span class='ocrx_word' id='word_1_200' title='bbox 1753 3172 1965 3226; x_wconf 86' lang='lat' dir='ltr'><strong>additus</strong></span> <span class='ocrx_word' id='word_1_201' title='bbox 1993 3171 2132 3239; x_wconf 88' lang='lat' dir='ltr'><strong>illis;</strong></span> 
     </span>
    </p>
   </div>
   <div class='ocr_carea' id='block_1_34' title="bbox 567 3263 1922 3336">
    <p class='ocr_par' dir='ltr' id='par_1_34' title="bbox 567 3263 1922 3336">
     <span class='ocr_line' id='line_1_34' title="bbox 567 3263 1922 3336; baseline -0.001 -16"><span class='ocrx_word' id='word_1_202' title='bbox 567 3267 776 3336; x_wconf 85' lang='lat' dir='ltr'><strong>Decipit</strong></span> <span class='ocrx_word' id='word_1_203' title='bbox 814 3265 1084 3321; x_wconf 88' lang='lat' dir='ltr'><strong>Ausonios</strong></span> <span class='ocrx_word' id='word_1_204' title='bbox 1114 3265 1396 3334; x_wconf 85' lang='lat' dir='ltr'><strong>prudentia</strong></span> <span class='ocrx_word' id='word_1_205' title='bbox 1438 3263 1670 3330; x_wconf 87' lang='lat' dir='ltr'><strong>Gallica;</strong></span> <span class='ocrx_word' id='word_1_206' title='bbox 1716 3263 1922 3318; x_wconf 89' lang='lat' dir='ltr'><strong>nullum</strong></span> 
     </span>
    </p>
   </div>
   <div class='ocr_carea' id='block_1_35' title="bbox 564 3355 2013 3429">
    <p class='ocr_par' dir='ltr' id='par_1_35' title="bbox 564 3355 2013 3429">
     <span class='ocr_line' id='line_1_35' title="bbox 564 3355 2013 3429; baseline 0.001 -19"><span class='ocrx_word' id='word_1_207' title='bbox 564 3357 726 3413; x_wconf 81' lang='lat' dir='ltr'><strong>Plena</strong></span> <span class='ocrx_word' id='word_1_208' title='bbox 763 3357 915 3412; x_wconf 90' lang='lat' dir='ltr'><strong>lance</strong></span> <span class='ocrx_word' id='word_1_209' title='bbox 942 3357 1058 3428; x_wconf 91' lang='lat' dir='ltr'><strong>capi</strong></span> <span class='ocrx_word' id='word_1_210' title='bbox 1090 3355 1353 3426; x_wconf 89' lang='lat' dir='ltr'><strong>permittit</strong></span> <span class='ocrx_word' id='word_1_211' title='bbox 1384 3357 1450 3411; x_wconf 90' lang='lat' dir='ltr'><strong>ab</strong></span> <span class='ocrx_word' id='word_1_212' title='bbox 1481 3357 1634 3410; x_wconf 67' lang='lat' dir='ltr'><strong>hoste</strong></span> <span class='ocrx_word' id='word_1_213' title='bbox 1667 3357 2013 3429; x_wconf 89' lang='lat' dir='ltr'><strong>triumphum.</strong></span> 
     </span>
    </p>
   </div>
   <div class='ocr_carea' id='block_1_36' title="bbox 566 3445 1681 3516">
    <p class='ocr_par' dir='ltr' id='par_1_36' title="bbox 566 3445 1681 3516">
     <span class='ocr_line' id='line_1_36' title="bbox 566 3445 1681 3516; baseline -0.001 -13"><span class='ocrx_word' id='word_1_214' title='bbox 566 3447 660 3503; x_wconf 91' lang='lat' dir='ltr'><strong>Sic</strong></span> <span class='ocrx_word' id='word_1_215' title='bbox 699 3449 1010 3516; x_wconf 87' lang='lat' dir='ltr'><strong>desperatos</strong></span> <span class='ocrx_word' id='word_1_216' title='bbox 1037 3445 1176 3501; x_wconf 89' lang='lat' dir='ltr'><strong>Latii</strong></span> <span class='ocrx_word' id='word_1_217' title='bbox 1205 3447 1474 3501; x_wconf 89' lang='lat' dir='ltr'><strong>discordia</strong></span> <span class='ocrx_word' id='word_1_218' title='bbox 1501 3445 1681 3502; x_wconf 86' lang='lat' dir='ltr'><strong>Gallos</strong></span> 
     </span>
    </p>
   </div>
   <div class='ocr_carea' id='block_1_37' title="bbox 563 3535 2026 3606">
    <p class='ocr_par' dir='ltr' id='par_1_37' title="bbox 563 3535 2026 3606">
     <span class='ocr_line' id='line_1_37' title="bbox 563 3535 2026 3606; baseline 0.002 -17"><span class='ocrx_word' id='word_1_219' title='bbox 563 3535 648 3590; x_wconf 82' lang='lat' dir='ltr'><strong>Ad</strong></span> <span class='ocrx_word' id='word_1_220' title='bbox 669 3551 841 3606; x_wconf 88' lang='lat' dir='ltr'><strong>spem,</strong></span> <span class='ocrx_word' id='word_1_221' title='bbox 873 3551 990 3604; x_wconf 76' lang='lat' dir='ltr'><strong>qua:</strong></span> <span class='ocrx_word' id='word_1_222' title='bbox 1020 3535 1194 3589; x_wconf 90' lang='lat' dir='ltr'><strong>fuerat</strong></span> <span class='ocrx_word' id='word_1_223' title='bbox 1224 3535 1374 3604; x_wconf 89' lang='lat' dir='ltr'><strong>pritts</strong></span> <span class='ocrx_word' id='word_1_224' title='bbox 1401 3537 1719 3604; x_wconf 81' lang='lat' dir='ltr'><strong>exstirpata,</strong></span> <span class='ocrx_word' id='word_1_225' title='bbox 1752 3537 2026 3593; x_wconf 73' lang='lat' dir='ltr'><strong>reformat.</strong></span> 
     </span>
    </p>
   </div>
   <div class='ocr_carea' id='block_1_38' title="bbox 567 3625 1883 3696">
    <p class='ocr_par' dir='ltr' id='par_1_38' title="bbox 567 3625 1883 3696">
     <span class='ocr_line' id='line_1_38' title="bbox 567 3625 1883 3696; baseline 0.003 -18"><span class='ocrx_word' id='word_1_226' title='bbox 567 3625 638 3678; x_wconf 84' lang='lat' dir='ltr'><strong>Et</strong></span> <span class='ocrx_word' id='word_1_227' title='bbox 665 3625 806 3679; x_wconf 91' lang='lat' dir='ltr'><strong>vires</strong></span> <span class='ocrx_word' id='word_1_228' title='bbox 829 3634 884 3679; x_wconf 91' lang='lat' dir='ltr'><strong>et</strong></span> <span class='ocrx_word' id='word_1_229' title='bbox 916 3639 1045 3693; x_wconf 91' lang='lat' dir='ltr'><strong>opes</strong></span> <span class='ocrx_word' id='word_1_230' title='bbox 1069 3634 1415 3694; x_wconf 79' lang='lat' dir='ltr'><strong>augmentum</strong></span> <span class='ocrx_word' id='word_1_231' title='bbox 1449 3627 1527 3680; x_wconf 89' lang='lat' dir='ltr'><strong>sic</strong></span> <span class='ocrx_word' id='word_1_232' title='bbox 1557 3627 1840 3696; x_wconf 85' lang='lat' dir='ltr'><strong>capiebant</strong></span> <span class='ocrx_word' id='word_1_233' title='bbox 1870 3648 1883 3682; x_wconf 91' lang='lat'>:</span> 
     </span>
    </p>
   </div>
   <div class='ocr_carea' id='block_1_39' title="bbox 570 3716 1717 3785">
    <p class='ocr_par' dir='ltr' id='par_1_39' title="bbox 570 3716 1717 3785">
     <span class='ocr_line' id='line_1_39' title="bbox 570 3716 1717 3785; baseline 0.005 -15"><span class='ocrx_word' id='word_1_234' title='bbox 570 3717 627 3770; x_wconf 87' lang='lat' dir='ltr'><strong>Si</strong></span> <span class='ocrx_word' id='word_1_235' title='bbox 657 3717 958 3770; x_wconf 87' lang='lat' dir='ltr'><strong>vicinorum</strong></span> <span class='ocrx_word' id='word_1_236' title='bbox 987 3716 1108 3783; x_wconf 89' lang='lat' dir='ltr'><strong>quis</strong></span> <span class='ocrx_word' id='word_1_237' title='bbox 1140 3717 1474 3785; x_wconf 86' lang='lat' dir='ltr'><strong>perniciosus</strong></span> <span class='ocrx_word' id='word_1_238' title='bbox 1499 3719 1567 3772; x_wconf 89' lang='lat' dir='ltr'><strong>ad</strong></span> <span class='ocrx_word' id='word_1_239' title='bbox 1599 3719 1717 3776; x_wconf 88' lang='lat' dir='ltr'><strong>illos</strong></span> 
     </span>
    </p>
   </div>
   <div class='ocr_carea' id='block_1_40' title="bbox 569 3804 1843 3880">
    <p class='ocr_par' dir='ltr' id='par_1_40' title="bbox 569 3804 1843 3880">
     <span class='ocr_line' id='line_1_40' title="bbox 569 3804 1843 3880; baseline 0.003 -20"><span class='ocrx_word' id='word_1_240' title='bbox 569 3804 952 3874; x_wconf 80' lang='lat' dir='ltr'><strong>Confugiebat,</strong></span> <span class='ocrx_word' id='word_1_241' title='bbox 984 3821 1104 3859; x_wconf 91' lang='lat' dir='ltr'><strong>eum</strong></span> <span class='ocrx_word' id='word_1_242' title='bbox 1133 3815 1409 3875; x_wconf 74' lang='lat' dir='ltr'><strong>gratanter</strong></span> <span class='ocrx_word' id='word_1_243' title='bbox 1439 3809 1800 3880; x_wconf 79' lang='lat' dir='ltr'><strong>suscipiebant</strong></span> <span class='ocrx_word' id='word_1_244' title='bbox 1828 3829 1843 3879; x_wconf 90' lang='lat'><strong>;</strong></span> 
     </span>
    </p>
   </div>
   <div class='ocr_carea' id='block_1_41' title="bbox 573 3893 2011 3970">
    <p class='ocr_par' dir='ltr' id='par_1_41' title="bbox 573 3893 2011 3970">
     <span class='ocr_line' id='line_1_41' title="bbox 573 3893 2011 3970; baseline 0.006 -23"><span class='ocrx_word' id='word_1_245' title='bbox 573 3893 813 3948; x_wconf 81' lang='lat' dir='ltr'><strong>Moribus</strong></span> <span class='ocrx_word' id='word_1_246' title='bbox 839 3901 892 3946; x_wconf 92' lang='lat' dir='ltr'><strong>et</strong></span> <span class='ocrx_word' id='word_1_247' title='bbox 917 3893 1117 3963; x_wconf 78' lang='lat' dir='ltr'><strong>lingua,</strong></span> <span class='ocrx_word' id='word_1_248' title='bbox 1151 3911 1500 3966; x_wconf 86' lang='lat' dir='ltr'><strong>quoscunque</strong></span> <span class='ocrx_word' id='word_1_249' title='bbox 1533 3901 1716 3954; x_wconf 91' lang='lat' dir='ltr'><strong>venire</strong></span> <span class='ocrx_word' id='word_1_250' title='bbox 1741 3903 2011 3970; x_wconf 87' lang='lat' dir='ltr'><strong>videbant,</strong></span> 
     </span>
    </p>
   </div>
   <div class='ocr_carea' id='block_1_42' title="bbox 571 3983 1824 4054">
    <p class='ocr_par' dir='ltr' id='par_1_42' title="bbox 571 3983 1824 4054">
     <span class='ocr_line' id='line_1_42' title="bbox 571 3983 1824 4054; baseline 0.003 -14"><span class='ocrx_word' id='word_1_251' title='bbox 571 3983 868 4040; x_wconf 77' lang='lat' dir='ltr'><strong>informant</strong></span> <span class='ocrx_word' id='word_1_252' title='bbox 897 3985 1135 4054; x_wconf 90' lang='lat' dir='ltr'><strong>propria,</strong></span> <span class='ocrx_word' id='word_1_253' title='bbox 1168 3999 1300 4054; x_wconf 86' lang='lat' dir='ltr'><strong>gens</strong></span> <span class='ocrx_word' id='word_1_254' title='bbox 1333 3985 1594 4042; x_wconf 85' lang='lat' dir='ltr'><strong>elliciatur</strong></span> <span class='ocrx_word' id='word_1_255' title='bbox 1619 4000 1675 4043; x_wconf 86' lang='lat' dir='ltr'><strong>ut</strong></span> <span class='ocrx_word' id='word_1_256' title='bbox 1701 4007 1824 4045; x_wconf 90' lang='lat' dir='ltr'><strong>una.</strong></span> 
     </span>
    </p>
   </div>
   <div class='ocr_carea' id='block_1_43' title="bbox 571 4075 1966 4152">
    <p class='ocr_par' dir='ltr' id='par_1_43' title="bbox 571 4075 1966 4152">
     <span class='ocr_line' id='line_1_43' title="bbox 571 4075 1966 4152; baseline 0.006 -22"><span class='ocrx_word' id='word_1_257' title='bbox 571 4076 702 4131; x_wconf 88' lang='lat' dir='ltr'><strong>Post</strong></span> <span class='ocrx_word' id='word_1_258' title='bbox 729 4090 897 4130; x_wconf 88' lang='lat' dir='ltr'><strong>annos</strong></span> <span class='ocrx_word' id='word_1_259' title='bbox 926 4075 1149 4145; x_wconf 87' lang='lat' dir='ltr'><strong>aliquot,</strong></span> <span class='ocrx_word' id='word_1_260' title='bbox 1183 4075 1456 4130; x_wconf 85' lang='lat' dir='ltr'><strong>Gallorum</strong></span> <span class='ocrx_word' id='word_1_261' title='bbox 1484 4081 1756 4136; x_wconf 86' lang='lat' dir='ltr'><strong>exercitus</strong></span> <span class='ocrx_word' id='word_1_262' title='bbox 1783 4083 1966 4152; x_wconf 87' lang='lat' dir='ltr'><strong>urbem</strong></span> 
     </span>
    </p>
   </div>
   <div class='ocr_carea' id='block_1_44' title="bbox 569 4164 2137 4246">
    <p class='ocr_par' dir='ltr' id='par_1_44' title="bbox 569 4164 2137 4246">
     <span class='ocr_line' id='line_1_44' title="bbox 569 4164 2137 4246; baseline 0.007 -27"><span class='ocrx_word' id='word_1_263' title='bbox 569 4164 824 4222; x_wconf 87' lang='lat' dir='ltr'><strong>Condidit</strong></span> <span class='ocrx_word' id='word_1_264' title='bbox 856 4165 1114 4220; x_wconf 89' lang='lat' dir='ltr'><strong>Aversam</strong></span> <span class='ocrx_word' id='word_1_265' title='bbox 1151 4165 1261 4236; x_wconf 73' lang='lat' dir='ltr'><strong>(2l)</strong></span> <span class='ocrx_word' id='word_1_266' title='bbox 1299 4165 1533 4222; x_wconf 82' lang='lat' dir='ltr'><strong>Ranull&#39;o</strong></span> <span class='ocrx_word' id='word_1_267' title='bbox 1562 4171 1780 4246; x_wconf 79' lang='lat' dir='ltr'><strong>consule</strong></span> <span class='ocrx_word' id='word_1_268' title='bbox 1822 4174 1932 4246; x_wconf 71' lang='lat'><strong>(2â€˜2)</strong></span> <span class='ocrx_word' id='word_1_269' title='bbox 1975 4185 2137 4230; x_wconf 91' lang='lat' dir='ltr'><strong>tutus.</strong></span> 
     </span>
    </p>
   </div>
   <div class='ocr_carea' id='block_1_45' title="bbox 569 4255 1966 4332">
    <p class='ocr_par' dir='ltr' id='par_1_45' title="bbox 569 4255 1966 4332">
     <span class='ocr_line' id='line_1_45' title="bbox 569 4255 1966 4332; baseline 0.005 -18"><span class='ocrx_word' id='word_1_270' title='bbox 569 4255 668 4314; x_wconf 82' lang='lat' dir='ltr'><strong>Hic</strong></span> <span class='ocrx_word' id='word_1_271' title='bbox 695 4259 887 4327; x_wconf 90' lang='lat' dir='ltr'><strong>opibus</strong></span> <span class='ocrx_word' id='word_1_272' title='bbox 915 4257 1104 4326; x_wconf 90' lang='lat' dir='ltr'><strong>plenus</strong></span> <span class='ocrx_word' id='word_1_273' title='bbox 1133 4258 1300 4324; x_wconf 89' lang='lat' dir='ltr'><strong>locus,</strong></span> <span class='ocrx_word' id='word_1_274' title='bbox 1329 4261 1474 4315; x_wconf 87' lang='lat' dir='ltr'><strong>utilis</strong></span> <span class='ocrx_word' id='word_1_275' title='bbox 1501 4273 1581 4317; x_wconf 89' lang='lat' dir='ltr'><strong>est</strong></span> <span class='ocrx_word' id='word_1_276' title='bbox 1612 4275 1665 4318; x_wconf 91' lang='lat' dir='ltr'><strong>et</strong></span> <span class='ocrx_word' id='word_1_277' title='bbox 1691 4282 1966 4332; x_wconf 77' lang='lat' dir='ltr'><strong>armentis;</strong></span> 
     </span>
    </p>
   </div>
   <div class='ocr_carea' id='block_1_46' title="bbox 1876 238 2491 296">
    <p class='ocr_par' dir='ltr' id='par_1_46' title="bbox 1876 238 2491 296">
     <span class='ocr_line' id='line_1_46' title="bbox 1876 238 2491 296; baseline -0.003 0"><span class='ocrx_word' id='word_1_278' title='bbox 1876 240 2248 296; x_wconf 66' lang='lat' dir='ltr'><strong>GUlLLELiil</strong></span> <span class='ocrx_word' id='word_1_279' title='bbox 2287 238 2491 296; x_wconf 80' lang='lat' dir='ltr'><strong>APULI</strong></span> 
     </span>
    </p>
   </div>
   <div class='ocr_carea' id='block_1_47' title="bbox 2157 352 3595 421">
    <p class='ocr_par' dir='ltr' id='par_1_47' title="bbox 2157 352 3595 421">
     <span class='ocr_line' id='line_1_47' title="bbox 2157 352 3595 421; baseline 0.005 -20"><span class='ocrx_word' id='word_1_280' title='bbox 2157 364 2198 416; x_wconf 75' lang='grc' dir='ltr'>Î‘</span> <span class='ocrx_word' id='word_1_281' title='bbox 2232 353 2330 416; x_wconf 83' lang='lat' dir='ltr'><strong>Qui</strong></span> <span class='ocrx_word' id='word_1_282' title='bbox 2361 362 2480 421; x_wconf 82' lang='lat' dir='ltr'><strong>post</strong></span> <span class='ocrx_word' id='word_1_283' title='bbox 2509 352 2794 417; x_wconf 74' lang='lat' dir='ltr'><strong>successit,</strong></span> <span class='ocrx_word' id='word_1_284' title='bbox 2831 367 2935 421; x_wconf 84' lang='lat' dir='ltr'><strong>quo</strong></span> <span class='ocrx_word' id='word_1_285' title='bbox 2967 368 3069 406; x_wconf 85' lang='lat' dir='ltr'><strong>non</strong></span> <span class='ocrx_word' id='word_1_286' title='bbox 3103 353 3392 408; x_wconf 85' lang='lat' dir='ltr'><strong>animosior</strong></span> <span class='ocrx_word' id='word_1_287' title='bbox 3423 353 3560 408; x_wconf 84' lang='lat' dir='ltr'><strong>ullus</strong></span> <span class='ocrx_word' id='word_1_288' title='bbox 3581 397 3595 416; x_wconf 87' lang='lat'><strong>,</strong></span> 
     </span>
    </p>
   </div>
   <div class='ocr_carea' id='block_1_48' title="bbox 3673 239 3802 292">
    <p class='ocr_par' dir='ltr' id='par_1_48' title="bbox 3673 239 3802 292">
     <span class='ocr_line' id='line_1_48' title="bbox 3673 239 3802 292; baseline 0 0"><span class='ocrx_word' id='word_1_289' title='bbox 3673 239 3802 292; x_wconf 70' lang='lat'><strong>â€œ232</strong></span> 
     </span>
    </p>
   </div>
   <div class='ocr_carea' id='block_1_49' title="bbox 2227 440 3640 510">
    <p class='ocr_par' dir='ltr' id='par_1_49' title="bbox 2227 440 3640 510">
     <span class='ocr_line' id='line_1_49' title="bbox 2227 440 3640 510; baseline 0.003 -18"><span class='ocrx_word' id='word_1_290' title='bbox 2227 440 2396 493; x_wconf 83' lang='lat' dir='ltr'><strong>Nemo</strong></span> <span class='ocrx_word' id='word_1_291' title='bbox 2428 441 2598 506; x_wconf 82' lang='lat' dir='ltr'><strong>magis</strong></span> <span class='ocrx_word' id='word_1_292' title='bbox 2635 442 2852 510; x_wconf 83' lang='lat' dir='ltr'><strong>largus;</strong></span> <span class='ocrx_word' id='word_1_293' title='bbox 2895 443 2983 510; x_wconf 91' lang='lat' dir='ltr'><strong>qui</strong></span> <span class='ocrx_word' id='word_1_294' title='bbox 3019 457 3125 496; x_wconf 87' lang='lat' dir='ltr'><strong>non</strong></span> <span class='ocrx_word' id='word_1_295' title='bbox 3157 443 3353 498; x_wconf 86' lang='lat' dir='ltr'><strong>virtute</strong></span> <span class='ocrx_word' id='word_1_296' title='bbox 3379 445 3640 498; x_wconf 85' lang='lat' dir='ltr'><strong>minorem</strong></span> 
     </span>
    </p>
   </div>
   <div class='ocr_carea' id='block_1_50' title="bbox 2225 530 3636 608">
    <p class='ocr_par' dir='ltr' id='par_1_50' title="bbox 2225 530 3636 608">
     <span class='ocr_line' id='line_1_50' title="bbox 2225 530 3636 608; baseline 0.004 -24"><span class='ocrx_word' id='word_1_297' title='bbox 2225 530 2512 608; x_wconf 84' lang='lat' dir='ltr'><strong>Jordanem</strong></span> <span class='ocrx_word' id='word_1_298' title='bbox 2545 535 2756 603; x_wconf 83' lang='lat' dir='ltr'><strong>genuit;</strong></span> <span class='ocrx_word' id='word_1_299' title='bbox 2788 533 3036 588; x_wconf 83' lang='lat' dir='ltr'><strong>Jordauis</strong></span> <span class='ocrx_word' id='word_1_300' title='bbox 3059 543 3110 589; x_wconf 90' lang='lat' dir='ltr'><strong>et</strong></span> <span class='ocrx_word' id='word_1_301' title='bbox 3136 535 3257 589; x_wconf 84' lang='lat' dir='ltr'><strong>inde</strong></span> <span class='ocrx_word' id='word_1_302' title='bbox 3283 535 3636 597; x_wconf 77' lang='lat' dir='ltr'><strong>Riehardum.</strong></span> 
     </span>
    </p>
   </div>
   <div class='ocr_carea' id='block_1_51' title="bbox 2131 623 3580 699">
    <p class='ocr_par' dir='ltr' id='par_1_51' title="bbox 2131 623 3580 699">
     <span class='ocr_line' id='line_1_51' title="bbox 2131 623 3580 699; baseline 0.003 -22"><span class='ocrx_word' id='word_1_303' title='bbox 2131 695 2136 699; x_wconf 22' lang='grc' dir='ltr'>Î·</span> <span class='ocrx_word' id='word_1_304' title='bbox 2225 623 2449 692; x_wconf 77' lang='lat' dir='ltr'><strong>Jamque</strong></span> <span class='ocrx_word' id='word_1_305' title='bbox 2479 625 2594 678; x_wconf 90' lang='lat' dir='ltr'><strong>viro</strong></span> <span class='ocrx_word' id='word_1_306' title='bbox 2627 625 2767 678; x_wconf 81' lang='lat' dir='ltr'><strong>vires</strong></span> <span class='ocrx_word' id='word_1_307' title='bbox 2799 625 3089 696; x_wconf 78' lang='lat' dir='ltr'><strong>condignas</strong></span> <span class='ocrx_word' id='word_1_308' title='bbox 3120 626 3221 681; x_wconf 83' lang='lat' dir='ltr'><strong>fert</strong></span> <span class='ocrx_word' id='word_1_309' title='bbox 3248 628 3580 682; x_wconf 75' lang='lat' dir='ltr'><strong>adolescens.</strong></span> 
     </span>
    </p>
   </div>
   <div class='ocr_carea' id='block_1_52' title="bbox 2227 715 3564 788">
    <p class='ocr_par' dir='ltr' id='par_1_52' title="bbox 2227 715 3564 788">
     <span class='ocr_line' id='line_1_52' title="bbox 2227 715 3564 788; baseline 0.004 -20"><span class='ocrx_word' id='word_1_310' title='bbox 2227 715 2494 770; x_wconf 67' lang='lat' dir='ltr'><strong>Moenibus</strong></span> <span class='ocrx_word' id='word_1_311' title='bbox 2522 715 2722 769; x_wconf 85' lang='lat' dir='ltr'><strong>Aversa</strong></span> <span class='ocrx_word' id='word_1_312' title='bbox 2763 715 3025 772; x_wconf 78' lang='lat' dir='ltr'><strong>Ranulfus</strong></span> <span class='ocrx_word' id='word_1_313' title='bbox 3049 718 3116 772; x_wconf 89' lang='lat' dir='ltr'><strong>ab</strong></span> <span class='ocrx_word' id='word_1_314' title='bbox 3151 719 3282 772; x_wconf 89' lang='lat' dir='ltr'><strong>urbe</strong></span> <span class='ocrx_word' id='word_1_315' title='bbox 3311 721 3564 788; x_wconf 82' lang='lat' dir='ltr'><strong>peractis.</strong></span> 
     </span>
    </p>
   </div>
   <div class='ocr_carea' id='block_1_53' title="bbox 2227 805 3440 880">
    <p class='ocr_par' dir='ltr' id='par_1_53' title="bbox 2227 805 3440 880">
     <span class='ocr_line' id='line_1_53' title="bbox 2227 805 3440 880; baseline 0.006 -23"><span class='ocrx_word' id='word_1_316' title='bbox 2227 805 2307 858; x_wconf 92' lang='lat' dir='ltr'><strong>Ad</strong></span> <span class='ocrx_word' id='word_1_317' title='bbox 2337 805 2568 873; x_wconf 87' lang='lat' dir='ltr'><strong>patriam</strong></span> <span class='ocrx_word' id='word_1_318' title='bbox 2597 805 2742 859; x_wconf 87' lang='lat' dir='ltr'><strong>misit</strong></span> <span class='ocrx_word' id='word_1_319' title='bbox 2773 805 2997 876; x_wconf 79' lang='lat' dir='ltr'><strong>legatos,</strong></span> <span class='ocrx_word' id='word_1_320' title='bbox 3031 808 3121 877; x_wconf 87' lang='lat' dir='ltr'><strong>qtti</strong></span> <span class='ocrx_word' id='word_1_321' title='bbox 3150 823 3440 880; x_wconf 86' lang='lat' dir='ltr'><strong>properare</strong></span> 
     </span>
    </p>
   </div>
   <div class='ocr_carea' id='block_1_54' title="bbox 2229 897 3796 970">
    <p class='ocr_par' dir='ltr' id='par_1_54' title="bbox 2229 897 3796 970">
     <span class='ocr_line' id='line_1_54' title="bbox 2229 897 3796 970; baseline 0.003 -18"><span class='ocrx_word' id='word_1_322' title='bbox 2229 897 2567 953; x_wconf 89' lang='lat' dir='ltr'><strong>Normannos</strong></span> <span class='ocrx_word' id='word_1_323' title='bbox 2595 897 2904 962; x_wconf 66' lang='lat' dir='ltr'><strong>faceret,~et</strong></span> <span class='ocrx_word' id='word_1_324' title='bbox 2943 917 3102 970; x_wconf 87' lang='lat' dir='ltr'><strong>quam</strong></span> <span class='ocrx_word' id='word_1_325' title='bbox 3139 903 3209 958; x_wconf 82' lang='lat' dir='ltr'><strong>sit</strong></span> <span class='ocrx_word' id='word_1_326' title='bbox 3272 917 3486 957; x_wconf 73' lang='lat' dir='ltr'><strong>ammna</strong></span> <span class='ocrx_word' id='word_1_327' title='bbox 3537 903 3796 958; x_wconf 70' lang='lat' dir='ltr'><strong>referrent</strong></span> 
     </span>
    </p>
   </div>
   <div class='ocr_carea' id='block_1_55' title="bbox 2227 988 3584 1064">
    <p class='ocr_par' dir='ltr' id='par_1_55' title="bbox 2227 988 3584 1064">
     <span class='ocr_line' id='line_1_55' title="bbox 2227 988 3584 1064; baseline 0.006 -23"><span class='ocrx_word' id='word_1_328' title='bbox 2227 988 2434 1058; x_wconf 84' lang='lat' dir='ltr'><strong>Appula</strong></span> <span class='ocrx_word' id='word_1_329' title='bbox 2469 988 2735 1056; x_wconf 82' lang='lat' dir='ltr'><strong>fertilitas,</strong></span> <span class='ocrx_word' id='word_1_330' title='bbox 2771 992 2955 1062; x_wconf 91' lang='lat' dir='ltr'><strong>inopes</strong></span> <span class='ocrx_word' id='word_1_331' title='bbox 2983 991 3098 1048; x_wconf 92' lang='lat' dir='ltr'><strong>fore</strong></span> <span class='ocrx_word' id='word_1_332' title='bbox 3128 1009 3250 1049; x_wconf 75' lang='lat' dir='ltr'><strong>mox</strong></span> <span class='ocrx_word' id='word_1_333' title='bbox 3278 993 3584 1064; x_wconf 84' lang='lat' dir='ltr'><strong>epulentos,</strong></span> 
     </span>
    </p>
   </div>
   <div class='ocr_carea' id='block_1_56' title="bbox 2230 1078 3578 1152">
    <p class='ocr_par' dir='ltr' id='par_1_56' title="bbox 2230 1078 3578 1152">
     <span class='ocr_line' id='line_1_56' title="bbox 2230 1078 3578 1152; baseline 0.004 -20"><span class='ocrx_word' id='word_1_334' title='bbox 2230 1078 2495 1134; x_wconf 84' lang='lat' dir='ltr'><strong>Divitibus</strong></span> <span class='ocrx_word' id='word_1_335' title='bbox 2527 1079 2691 1133; x_wconf 91' lang='lat' dir='ltr'><strong>multo</strong></span> <span class='ocrx_word' id='word_1_336' title='bbox 2717 1079 2835 1150; x_wconf 88' lang='lat' dir='ltr'><strong>plus</strong></span> <span class='ocrx_word' id='word_1_337' title='bbox 2865 1081 3221 1152; x_wconf 87' lang='lat' dir='ltr'><strong>polliceantur</strong></span> <span class='ocrx_word' id='word_1_338' title='bbox 3251 1083 3578 1138; x_wconf 87' lang='lat' dir='ltr'><strong>habendum.</strong></span> 
     </span>
    </p>
   </div>
   <div class='ocr_carea' id='block_1_57' title="bbox 2231 1168 3426 1241">
    <p class='ocr_par' dir='ltr' id='par_1_57' title="bbox 2231 1168 3426 1241">
     <span class='ocr_line' id='line_1_57' title="bbox 2231 1168 3426 1241; baseline 0.006 -19"><span class='ocrx_word' id='word_1_339' title='bbox 2231 1168 2450 1222; x_wconf 90' lang='lat' dir='ltr'><strong>Talibus</strong></span> <span class='ocrx_word' id='word_1_340' title='bbox 2481 1169 2694 1234; x_wconf 88' lang='lat' dir='ltr'><strong>auditis,</strong></span> <span class='ocrx_word' id='word_1_341' title='bbox 2723 1181 2775 1225; x_wconf 88' lang='lat' dir='ltr'><strong>et</strong></span> <span class='ocrx_word' id='word_1_342' title='bbox 2805 1181 3024 1241; x_wconf 83' lang='lat' dir='ltr'><strong>egentes</strong></span> <span class='ocrx_word' id='word_1_343' title='bbox 3053 1179 3107 1226; x_wconf 91' lang='lat' dir='ltr'><strong>et</strong></span> <span class='ocrx_word' id='word_1_344' title='bbox 3133 1172 3426 1241; x_wconf 75' lang='lat' dir='ltr'><strong>locupletes</strong></span> 
     </span>
    </p>
   </div>
   <div class='ocr_carea' id='block_1_58' title="bbox 2228 1258 3570 1332">
    <p class='ocr_par' dir='ltr' id='par_1_58' title="bbox 2228 1258 3570 1332">
     <span class='ocr_line' id='line_1_58' title="bbox 2228 1258 3570 1332; baseline 0.002 -20"><span class='ocrx_word' id='word_1_345' title='bbox 2228 1258 2534 1314; x_wconf 85' lang='lat' dir='ltr'><strong>Adveniunt</strong></span> <span class='ocrx_word' id='word_1_346' title='bbox 2559 1261 2710 1315; x_wconf 89' lang='lat' dir='ltr'><strong>multi</strong></span> <span class='ocrx_word' id='word_1_347' title='bbox 2739 1279 2750 1312; x_wconf 92' lang='lat'>:</span> <span class='ocrx_word' id='word_1_348' title='bbox 2781 1272 3032 1330; x_wconf 86' lang='lat' dir='ltr'><strong>properat</strong></span> <span class='ocrx_word' id='word_1_349' title='bbox 3059 1279 3166 1332; x_wconf 80' lang='lat' dir='ltr'><strong>quo</strong></span> <span class='ocrx_word' id='word_1_350' title='bbox 3191 1261 3334 1318; x_wconf 86' lang='lat' dir='ltr'><strong>fasce</strong></span> <span class='ocrx_word' id='word_1_351' title='bbox 3361 1263 3570 1322; x_wconf 82' lang='lat' dir='ltr'><strong>levetur</strong></span> 
     </span>
    </p>
   </div>
   <div class='ocr_carea' id='block_1_59' title="bbox 2231 1347 3614 1422">
    <p class='ocr_par' dir='ltr' id='par_1_59' title="bbox 2231 1347 3614 1422">
     <span class='ocr_line' id='line_1_59' title="bbox 2231 1347 3614 1422; baseline 0.006 -22"><span class='ocrx_word' id='word_1_352' title='bbox 2231 1347 2567 1416; x_wconf 76' lang='lat' dir='ltr'><strong>Paupertatis</strong></span> <span class='ocrx_word' id='word_1_353' title='bbox 2597 1349 2769 1418; x_wconf 83' lang='lat' dir='ltr'><strong>inops,</strong></span> <span class='ocrx_word' id='word_1_354' title='bbox 2804 1366 2866 1404; x_wconf 90' lang='lat' dir='ltr'><strong>ac</strong></span> <span class='ocrx_word' id='word_1_355' title='bbox 2895 1362 3094 1420; x_wconf 63' lang='lat' dir='ltr'><strong>quarrat</strong></span> <span class='ocrx_word' id='word_1_356' title='bbox 3129 1361 3185 1405; x_wconf 79' lang='lat' dir='ltr'><strong>ut</strong></span> <span class='ocrx_word' id='word_1_357' title='bbox 3215 1354 3412 1422; x_wconf 85' lang='lat' dir='ltr'><strong>optima</strong></span> <span class='ocrx_word' id='word_1_358' title='bbox 3445 1355 3614 1409; x_wconf 77' lang='lat' dir='ltr'><strong>dives.</strong></span> 
     </span>
    </p>
   </div>
   <div class='ocr_carea' id='block_1_60' title="bbox 2233 1439 3394 1513">
    <p class='ocr_par' dir='ltr' id='par_1_60' title="bbox 2233 1439 3394 1513">
     <span class='ocr_line' id='line_1_60' title="bbox 2233 1439 3394 1513; baseline 0.008 -22"><span class='ocrx_word' id='word_1_359' title='bbox 2233 1439 2440 1493; x_wconf 88' lang='lat' dir='ltr'><strong>Interea</strong></span> <span class='ocrx_word' id='word_1_360' title='bbox 2468 1439 2635 1494; x_wconf 90' lang='lat' dir='ltr'><strong>multo</strong></span> <span class='ocrx_word' id='word_1_361' title='bbox 2661 1443 2887 1497; x_wconf 89' lang='lat' dir='ltr'><strong>decurso</strong></span> <span class='ocrx_word' id='word_1_362' title='bbox 2917 1455 3177 1513; x_wconf 86' lang='lat' dir='ltr'><strong>tempore.</strong></span> <span class='ocrx_word' id='word_1_363' title='bbox 3218 1445 3394 1500; x_wconf 92' lang='lat' dir='ltr'><strong>nullus</strong></span> 
     </span>
    </p>
   </div>
   <div class='ocr_carea' id='block_1_61' title="bbox 2232 1529 3534 1600">
    <p class='ocr_par' dir='ltr' id='par_1_61' title="bbox 2232 1529 3534 1600">
     <span class='ocr_line' id='line_1_61' title="bbox 2232 1529 3534 1600; baseline 0.005 -16"><span class='ocrx_word' id='word_1_364' title='bbox 2232 1529 2482 1586; x_wconf 87' lang='lat' dir='ltr'><strong>Partibus</strong></span> <span class='ocrx_word' id='word_1_365' title='bbox 2507 1531 2758 1588; x_wconf 77' lang='lat' dir='ltr'><strong>Ausoniis</strong></span> <span class='ocrx_word' id='word_1_366' title='bbox 2783 1533 3056 1590; x_wconf 87' lang='lat' dir='ltr'><strong>Gallorum</strong></span> <span class='ocrx_word' id='word_1_367' title='bbox 3084 1547 3261 1594; x_wconf 91' lang='lat' dir='ltr'><strong>terror</strong></span> <span class='ocrx_word' id='word_1_368' title='bbox 3288 1537 3534 1600; x_wconf 85' lang='lat' dir='ltr'><strong>habetur.</strong></span> 
     </span>
    </p>
   </div>
   <div class='ocr_carea' id='block_1_62' title="bbox 2233 1622 3580 1696">
    <p class='ocr_par' dir='ltr' id='par_1_62' title="bbox 2233 1622 3580 1696">
     <span class='ocr_line' id='line_1_62' title="bbox 2233 1622 3580 1696; baseline 0.005 -20"><span class='ocrx_word' id='word_1_369' title='bbox 2233 1622 2312 1676; x_wconf 77' lang='lat' dir='ltr'><strong>Ex</strong></span> <span class='ocrx_word' id='word_1_370' title='bbox 2347 1637 2454 1692; x_wconf 90' lang='lat' dir='ltr'><strong>quo</strong></span> <span class='ocrx_word' id='word_1_371' title='bbox 2483 1622 2823 1680; x_wconf 81' lang='lat' dir='ltr'><strong>Normannos</strong></span> <span class='ocrx_word' id='word_1_372' title='bbox 2852 1625 3091 1696; x_wconf 87' lang='lat' dir='ltr'><strong>Catapan</strong></span> <span class='ocrx_word' id='word_1_373' title='bbox 3131 1628 3422 1683; x_wconf 88' lang='lat' dir='ltr'><strong>abscedere</strong></span> <span class='ocrx_word' id='word_1_374' title='bbox 3454 1629 3580 1683; x_wconf 81' lang='lat' dir='ltr'><strong>fecit</strong></span> 
     </span>
    </p>
   </div>
   <div class='ocr_carea' id='block_1_63' title="bbox 2161 1711 3515 1783">
    <p class='ocr_par' dir='ltr' id='par_1_63' title="bbox 2161 1711 3515 1783">
     <span class='ocr_line' id='line_1_63' title="bbox 2161 1711 3515 1783; baseline 0.007 -20"><span class='ocrx_word' id='word_1_375' title='bbox 2161 1722 2206 1782; x_wconf 77' lang='grc' dir='ltr'><strong><em>Î’</em></strong></span> <span class='ocrx_word' id='word_1_376' title='bbox 2237 1711 2450 1780; x_wconf 86' lang='lat' dir='ltr'><strong>Imperii</strong></span> <span class='ocrx_word' id='word_1_377' title='bbox 2483 1711 2674 1782; x_wconf 85' lang='lat' dir='ltr'><strong>Melum</strong></span> <span class='ocrx_word' id='word_1_378' title='bbox 2701 1717 3002 1783; x_wconf 88' lang='lat' dir='ltr'><strong>superando</strong></span> <span class='ocrx_word' id='word_1_379' title='bbox 3028 1716 3257 1773; x_wconf 84' lang='lat' dir='ltr'><strong>Basilius</strong></span> <span class='ocrx_word' id='word_1_380' title='bbox 3287 1719 3515 1774; x_wconf 79' lang='lat' dir='ltr'><strong>hostem.</strong></span> 
     </span>
    </p>
   </div>
   <div class='ocr_carea' id='block_1_64' title="bbox 2231 1802 3617 1880">
    <p class='ocr_par' dir='ltr' id='par_1_64' title="bbox 2231 1802 3617 1880">
     <span class='ocr_line' id='line_1_64' title="bbox 2231 1802 3617 1880; baseline 0.007 -26"><span class='ocrx_word' id='word_1_381' title='bbox 2231 1802 2494 1858; x_wconf 84' lang='lat' dir='ltr'><strong>Aversam</strong></span> <span class='ocrx_word' id='word_1_382' title='bbox 2534 1804 2713 1859; x_wconf 87' lang='lat' dir='ltr'><strong>subito</strong></span> <span class='ocrx_word' id='word_1_383' title='bbox 2747 1807 2896 1860; x_wconf 90' lang='lat' dir='ltr'><strong>venit</strong></span> <span class='ocrx_word' id='word_1_384' title='bbox 2923 1807 3192 1862; x_wconf 84' lang='lat' dir='ltr'><strong>Ardoinus</strong></span> <span class='ocrx_word' id='word_1_385' title='bbox 3223 1809 3356 1880; x_wconf 62' lang='lat'><strong>(24),</strong></span> <span class='ocrx_word' id='word_1_386' title='bbox 3387 1821 3438 1864; x_wconf 90' lang='lat' dir='ltr'><strong>et</strong></span> <span class='ocrx_word' id='word_1_387' title='bbox 3469 1811 3617 1864; x_wconf 87' lang='lat' dir='ltr'><strong>illum</strong></span> 
     </span>
    </p>
   </div>
   <div class='ocr_carea' id='block_1_65' title="bbox 2230 1891 3690 1968">
    <p class='ocr_par' dir='ltr' id='par_1_65' title="bbox 2230 1891 3690 1968">
     <span class='ocr_line' id='line_1_65' title="bbox 2230 1891 3690 1968; baseline 0.005 -24"><span class='ocrx_word' id='word_1_388' title='bbox 2230 1891 2478 1948; x_wconf 86' lang='lat' dir='ltr'><strong>Pluribus</strong></span> <span class='ocrx_word' id='word_1_389' title='bbox 2508 1893 2753 1951; x_wconf 87' lang='lat' dir='ltr'><strong>adductis</strong></span> <span class='ocrx_word' id='word_1_390' title='bbox 2784 1911 2989 1958; x_wconf 85' lang='lat' dir='ltr'><strong>secum,</strong></span> <span class='ocrx_word' id='word_1_391' title='bbox 3034 1899 3214 1953; x_wconf 84' lang='lat' dir='ltr'><strong>tremit</strong></span> <span class='ocrx_word' id='word_1_392' title='bbox 3241 1899 3476 1968; x_wconf 83' lang='lat' dir='ltr'><strong>Appulus</strong></span> <span class='ocrx_word' id='word_1_393' title='bbox 3502 1902 3690 1955; x_wconf 84' lang='lat' dir='ltr'><strong>omnis.</strong></span> 
     </span>
    </p>
   </div>
   <div class='ocr_carea' id='block_1_66' title="bbox 2230 1981 3620 2056">
    <p class='ocr_par' dir='ltr' id='par_1_66' title="bbox 2230 1981 3620 2056">
     <span class='ocr_line' id='line_1_66' title="bbox 2230 1981 3620 2056; baseline 0.005 -21"><span class='ocrx_word' id='word_1_394' title='bbox 2230 1981 2280 2036; x_wconf 91' lang='lat' dir='ltr'><strong>ls</strong></span> <span class='ocrx_word' id='word_1_395' title='bbox 2309 1983 2652 2042; x_wconf 86' lang='lat' dir='ltr'><strong>Lomhardus</strong></span> <span class='ocrx_word' id='word_1_396' title='bbox 2681 1995 2800 2039; x_wconf 89' lang='lat' dir='ltr'><strong>erat</strong></span> <span class='ocrx_word' id='word_1_397' title='bbox 2825 1983 3148 2055; x_wconf 72' lang='lat' dir='ltr'><strong>Graecosque</strong></span> <span class='ocrx_word' id='word_1_398' title='bbox 3175 1987 3360 2056; x_wconf 82' lang='lat' dir='ltr'><strong>fugare</strong></span> <span class='ocrx_word' id='word_1_399' title='bbox 3391 1987 3620 2042; x_wconf 85' lang='lat' dir='ltr'><strong>volebat.</strong></span> 
     </span>
    </p>
   </div>
   <div class='ocr_carea' id='block_1_67' title="bbox 2230 2071 3584 2142">
    <p class='ocr_par' dir='ltr' id='par_1_67' title="bbox 2230 2071 3584 2142">
     <span class='ocr_line' id='line_1_67' title="bbox 2230 2071 3584 2142; baseline 0.002 -15"><span class='ocrx_word' id='word_1_400' title='bbox 2230 2071 2340 2128; x_wconf 86' lang='lat' dir='ltr'><strong>Cur</strong></span> <span class='ocrx_word' id='word_1_401' title='bbox 2372 2074 2623 2130; x_wconf 89' lang='lat' dir='ltr'><strong>inimicus</strong></span> <span class='ocrx_word' id='word_1_402' title='bbox 2651 2077 2750 2142; x_wconf 89' lang='lat' dir='ltr'><strong>eis,</strong></span> <span class='ocrx_word' id='word_1_403' title='bbox 2785 2093 2881 2132; x_wconf 90' lang='lat' dir='ltr'><strong>cur</strong></span> <span class='ocrx_word' id='word_1_404' title='bbox 2908 2077 3090 2132; x_wconf 88' lang='lat' dir='ltr'><strong>Gallos</strong></span> <span class='ocrx_word' id='word_1_405' title='bbox 3117 2077 3350 2142; x_wconf 80' lang='lat' dir='ltr'><strong>duxerit,</strong></span> <span class='ocrx_word' id='word_1_406' title='bbox 3389 2079 3540 2132; x_wconf 66' lang='lat' dir='ltr'><strong>edam</strong></span> <span class='ocrx_word' id='word_1_407' title='bbox 3573 2096 3584 2130; x_wconf 92' lang='lat'>:</span> 
     </span>
    </p>
   </div>
   <div class='ocr_carea' id='block_1_68' title="bbox 2233 2163 3560 2239">
    <p class='ocr_par' dir='ltr' id='par_1_68' title="bbox 2233 2163 3560 2239">
     <span class='ocr_line' id='line_1_68' title="bbox 2233 2163 3560 2239; baseline 0.004 -23"><span class='ocrx_word' id='word_1_408' title='bbox 2233 2163 2366 2217; x_wconf 90' lang='lat' dir='ltr'><strong>Dum</strong></span> <span class='ocrx_word' id='word_1_409' title='bbox 2400 2165 2514 2219; x_wconf 86' lang='lat' dir='ltr'><strong>sedi</strong></span> <span class='ocrx_word' id='word_1_410' title='bbox 2547 2165 2773 2220; x_wconf 81' lang='lat' dir='ltr'><strong>Michael</strong></span> <span class='ocrx_word' id='word_1_411' title='bbox 2803 2167 3129 2238; x_wconf 85' lang='lat' dir='ltr'><strong>Epilepticus</strong></span> <span class='ocrx_word' id='word_1_412' title='bbox 3159 2167 3268 2239; x_wconf 72' lang='grc'><strong>(25)</strong></span> <span class='ocrx_word' id='word_1_413' title='bbox 3299 2169 3560 2238; x_wconf 86' lang='lat' dir='ltr'><strong>imperiali</strong></span> 
     </span>
    </p>
   </div>
   <div class='ocr_carea' id='block_1_69' title="bbox 2231 2252 3656 2328">
    <p class='ocr_par' dir='ltr' id='par_1_69' title="bbox 2231 2252 3656 2328">
     <span class='ocr_line' id='line_1_69' title="bbox 2231 2252 3656 2328; baseline 0.006 -20"><span class='ocrx_word' id='word_1_414' title='bbox 2231 2252 2510 2319; x_wconf 66' lang='lat' dir='ltr'><strong>Praesidet,</strong></span> <span class='ocrx_word' id='word_1_415' title='bbox 2543 2256 2594 2310; x_wconf 91' lang='lat' dir='ltr'><strong>in</strong></span> <span class='ocrx_word' id='word_1_416' title='bbox 2628 2257 2838 2313; x_wconf 91' lang='lat' dir='ltr'><strong>Siculos</strong></span> <span class='ocrx_word' id='word_1_417' title='bbox 2867 2259 3048 2314; x_wconf 84' lang='lat' dir='ltr'><strong>hostes</strong></span> <span class='ocrx_word' id='word_1_418' title='bbox 3073 2258 3224 2328; x_wconf 85' lang='lat' dir='ltr'><strong>jubet</strong></span> <span class='ocrx_word' id='word_1_419' title='bbox 3250 2276 3399 2314; x_wconf 87' lang='lat' dir='ltr'><strong>arma</strong></span> <span class='ocrx_word' id='word_1_420' title='bbox 3433 2263 3656 2326; x_wconf 81' lang='lat' dir='ltr'><strong>moveri,</strong></span> 
     </span>
    </p>
   </div>
   <div class='ocr_carea' id='block_1_70' title="bbox 2231 2346 3516 2422">
    <p class='ocr_par' dir='ltr' id='par_1_70' title="bbox 2231 2346 3516 2422">
     <span class='ocr_line' id='line_1_70' title="bbox 2231 2346 3516 2422; baseline 0.005 -22"><span class='ocrx_word' id='word_1_421' title='bbox 2231 2346 2331 2414; x_wconf 85' lang='lat' dir='ltr'><strong>Qui</strong></span> <span class='ocrx_word' id='word_1_422' title='bbox 2359 2348 2492 2402; x_wconf 84' lang='lat' dir='ltr'><strong>fines</strong></span> <span class='ocrx_word' id='word_1_423' title='bbox 2519 2347 2777 2404; x_wconf 86' lang='lat' dir='ltr'><strong>Calabros</strong></span> <span class='ocrx_word' id='word_1_424' title='bbox 2807 2365 2913 2405; x_wconf 87' lang='lat' dir='ltr'><strong>non</strong></span> <span class='ocrx_word' id='word_1_425' title='bbox 2946 2359 3162 2406; x_wconf 88' lang='lat' dir='ltr'><strong>cessant</strong></span> <span class='ocrx_word' id='word_1_426' title='bbox 3186 2353 3516 2422; x_wconf 79' lang='lat' dir='ltr'><strong>depOpulari.</strong></span> 
     </span>
    </p>
   </div>
   <div class='ocr_carea' id='block_1_71' title="bbox 2231 2435 3669 2513">
    <p class='ocr_par' dir='ltr' id='par_1_71' title="bbox 2231 2435 3669 2513">
     <span class='ocr_line' id='line_1_71' title="bbox 2231 2435 3669 2513; baseline 0.003 -23"><span class='ocrx_word' id='word_1_427' title='bbox 2231 2435 2493 2507; x_wconf 80' lang='lat' dir='ltr'><strong>Dirigitur</strong></span> <span class='ocrx_word' id='word_1_428' title='bbox 2523 2437 2748 2494; x_wconf 79' lang='lat' dir='ltr'><strong>Michael</strong></span> <span class='ocrx_word' id='word_1_429' title='bbox 2776 2439 3085 2495; x_wconf 83' lang='lat' dir='ltr'><strong>Dochianus</strong></span> <span class='ocrx_word' id='word_1_430' title='bbox 3111 2441 3178 2495; x_wconf 90' lang='lat' dir='ltr'><strong>ad</strong></span> <span class='ocrx_word' id='word_1_431' title='bbox 3205 2439 3257 2494; x_wconf 86' lang='lat' dir='ltr'><strong>id</strong></span> <span class='ocrx_word' id='word_1_432' title='bbox 3288 2442 3669 2513; x_wconf 85' lang='lat' dir='ltr'><strong>peragendum,</strong></span> 
     </span>
    </p>
   </div>
   <div class='ocr_carea' id='block_1_72' title="bbox 2233 2525 3798 2600">
    <p class='ocr_par' dir='ltr' id='par_1_72' title="bbox 2233 2525 3798 2600">
     <span class='ocr_line' id='line_1_72' title="bbox 2233 2525 3798 2600; baseline 0.003 -20"><span class='ocrx_word' id='word_1_433' title='bbox 2233 2525 2336 2592; x_wconf 88' lang='lat' dir='ltr'><strong>Qui</strong></span> <span class='ocrx_word' id='word_1_434' title='bbox 2383 2527 2565 2581; x_wconf 87' lang='lat' dir='ltr'><strong>multis</strong></span> <span class='ocrx_word' id='word_1_435' title='bbox 2602 2528 2845 2596; x_wconf 89' lang='lat' dir='ltr'><strong>equitum</strong></span> <span class='ocrx_word' id='word_1_436' title='bbox 2891 2529 3238 2600; x_wconf 88' lang='lat' dir='ltr'><strong>peditumque</strong></span> <span class='ocrx_word' id='word_1_437' title='bbox 3283 2539 3532 2599; x_wconf 89' lang='lat' dir='ltr'><strong>potenter</strong></span> <span class='ocrx_word' id='word_1_438' title='bbox 3565 2531 3619 2584; x_wconf 91' lang='lat' dir='ltr'><strong>iu</strong></span> <span class='ocrx_word' id='word_1_439' title='bbox 3649 2545 3798 2584; x_wconf 80' lang='lat' dir='ltr'><strong>arma</strong></span> 
     </span>
    </p>
   </div>
   <div class='ocr_carea' id='block_1_73' title="bbox 2237 2618 3593 2691">
    <p class='ocr_par' dir='ltr' id='par_1_73' title="bbox 2237 2618 3593 2691">
     <span class='ocr_line' id='line_1_73' title="bbox 2237 2618 3593 2691; baseline 0.001 -18"><span class='ocrx_word' id='word_1_440' title='bbox 2237 2618 2482 2688; x_wconf 89' lang='lat' dir='ltr'><strong>Undique</strong></span> <span class='ocrx_word' id='word_1_441' title='bbox 2509 2619 2765 2686; x_wconf 87' lang='lat' dir='ltr'><strong>collectis,</strong></span> <span class='ocrx_word' id='word_1_442' title='bbox 2797 2619 3008 2676; x_wconf 92' lang='lat' dir='ltr'><strong>Siculos</strong></span> <span class='ocrx_word' id='word_1_443' title='bbox 3033 2623 3368 2691; x_wconf 88' lang='lat' dir='ltr'><strong>compescuit</strong></span> <span class='ocrx_word' id='word_1_444' title='bbox 3394 2623 3593 2680; x_wconf 89' lang='lat' dir='ltr'><strong>hostes.</strong></span> 
     </span>
    </p>
   </div>
   <div class='ocr_carea' id='block_1_74' title="bbox 2233 2717 3353 2793">
    <p class='ocr_par' dir='ltr' id='par_1_74' title="bbox 2233 2717 3353 2793">
     <span class='ocr_line' id='line_1_74' title="bbox 2233 2717 3353 2793; baseline 0.004 -20"><span class='ocrx_word' id='word_1_445' title='bbox 2233 2717 2388 2773; x_wconf 71' lang='lat' dir='ltr'><strong>lnter&#39;</strong></span> <span class='ocrx_word' id='word_1_446' title='bbox 2406 2718 2657 2776; x_wconf 85' lang='lat' dir='ltr'><strong>collectos</strong></span> <span class='ocrx_word' id='word_1_447' title='bbox 2692 2729 2809 2776; x_wconf 89' lang='lat' dir='ltr'><strong>erat</strong></span> <span class='ocrx_word' id='word_1_448' title='bbox 2837 2721 3125 2788; x_wconf 89' lang='lat' dir='ltr'><strong>Ardoinus,</strong></span> <span class='ocrx_word' id='word_1_449' title='bbox 3156 2729 3210 2777; x_wconf 91' lang='lat' dir='ltr'><strong>et</strong></span> <span class='ocrx_word' id='word_1_450' title='bbox 3238 2721 3353 2793; x_wconf 83' lang='lat' dir='ltr'><strong>ejus</strong></span> 
     </span>
    </p>
   </div>
   <div class='ocr_carea' id='block_1_75' title="bbox 2233 2811 3504 2886">
    <p class='ocr_par' dir='ltr' id='par_1_75' title="bbox 2233 2811 3504 2886">
     <span class='ocr_line' id='line_1_75' title="bbox 2233 2811 3504 2886; baseline 0.001 -15"><span class='ocrx_word' id='word_1_451' title='bbox 2233 2816 2507 2872; x_wconf 73' lang='lat' dir='ltr'><strong>Asseculze</strong></span> <span class='ocrx_word' id='word_1_452' title='bbox 2539 2817 2757 2886; x_wconf 89' lang='lat' dir='ltr'><strong>quidam</strong></span> <span class='ocrx_word' id='word_1_453' title='bbox 2786 2811 3097 2873; x_wconf 69' lang='lat' dir='ltr'><strong>Griecorum</strong></span> <span class='ocrx_word' id='word_1_454' title='bbox 3132 2818 3277 2873; x_wconf 84' lang='lat' dir='ltr'><strong>caede</strong></span> <span class='ocrx_word' id='word_1_455' title='bbox 3313 2817 3504 2884; x_wconf 88' lang='lat' dir='ltr'><strong>relicti,</strong></span> 
     </span>
    </p>
   </div>
   <div class='ocr_carea' id='block_1_76' title="bbox 2235 2909 3656 2982">
    <p class='ocr_par' dir='ltr' id='par_1_76' title="bbox 2235 2909 3656 2982">
     <span class='ocr_line' id='line_1_76' title="bbox 2235 2909 3656 2982; baseline 0.001 -19"><span class='ocrx_word' id='word_1_456' title='bbox 2235 2909 2397 2967; x_wconf 83' lang='lat' dir='ltr'><strong>Plebs</strong></span> <span class='ocrx_word' id='word_1_457' title='bbox 2421 2909 2847 2965; x_wconf 87' lang='lat' dir='ltr'><strong>Lombardorum</strong></span> <span class='ocrx_word' id='word_1_458' title='bbox 2877 2909 3046 2967; x_wconf 90' lang='lat' dir='ltr'><strong>Gallis</strong></span> <span class='ocrx_word' id='word_1_459' title='bbox 3080 2911 3319 2966; x_wconf 79' lang='lat' dir='ltr'><strong>admixta</strong></span> <span class='ocrx_word' id='word_1_460' title='bbox 3343 2911 3656 2982; x_wconf 85' lang='lat' dir='ltr'><strong>quibusdam</strong></span> 
     </span>
    </p>
   </div>
   <div class='ocr_carea' id='block_1_77' title="bbox 2239 2999 3593 3074">
    <p class='ocr_par' dir='ltr' id='par_1_77' title="bbox 2239 2999 3593 3074">
     <span class='ocr_line' id='line_1_77' title="bbox 2239 2999 3593 3074; baseline 0.003 -20"><span class='ocrx_word' id='word_1_461' title='bbox 2239 3001 2340 3068; x_wconf 87' lang='lat' dir='ltr'><strong>Qui</strong></span> <span class='ocrx_word' id='word_1_462' title='bbox 2375 2999 2592 3072; x_wconf 85' lang='lat' dir='ltr'><strong>profugi</strong></span> <span class='ocrx_word' id='word_1_463' title='bbox 2631 2999 2869 3066; x_wconf 84' lang='lat' dir='ltr'><strong>fuerant,</strong></span> <span class='ocrx_word' id='word_1_464' title='bbox 2901 3001 2992 3057; x_wconf 92' lang='lat' dir='ltr'><strong>ubi</strong></span> <span class='ocrx_word' id='word_1_465' title='bbox 3032 3001 3171 3056; x_wconf 89' lang='lat' dir='ltr'><strong>bella</strong></span> <span class='ocrx_word' id='word_1_466' title='bbox 3201 3002 3430 3058; x_wconf 86' lang='lat' dir='ltr'><strong>Basilius</strong></span> <span class='ocrx_word' id='word_1_467' title='bbox 3464 3003 3593 3074; x_wconf 90' lang='lat' dir='ltr'><strong>egit.</strong></span> 
     </span>
    </p>
   </div>
   <div class='ocr_carea' id='block_1_78' title="bbox 2241 3091 3686 3162">
    <p class='ocr_par' dir='ltr' id='par_1_78' title="bbox 2241 3091 3686 3162">
     <span class='ocr_line' id='line_1_78' title="bbox 2241 3091 3686 3162; baseline -0.001 -15"><span class='ocrx_word' id='word_1_468' title='bbox 2241 3091 2481 3162; x_wconf 84' lang='lat' dir='ltr'><strong>Cumque</strong></span> <span class='ocrx_word' id='word_1_469' title='bbox 2508 3091 2834 3162; x_wconf 87' lang='lat' dir='ltr'><strong>triomphato</strong></span> <span class='ocrx_word' id='word_1_470' title='bbox 2862 3092 3076 3148; x_wconf 86' lang='lat' dir='ltr'><strong>rediens</strong></span> <span class='ocrx_word' id='word_1_471' title='bbox 3105 3091 3408 3148; x_wconf 88' lang='lat' dir='ltr'><strong>Dochianus</strong></span> <span class='ocrx_word' id='word_1_472' title='bbox 3439 3095 3505 3148; x_wconf 88' lang='lat' dir='ltr'><strong>ab</strong></span> <span class='ocrx_word' id='word_1_473' title='bbox 3533 3093 3686 3148; x_wconf 90' lang='lat' dir='ltr'><strong>hoste</strong></span> 
     </span>
    </p>
   </div>
   <div class='ocr_carea' id='block_1_79' title="bbox 2237 3181 3574 3258">
    <p class='ocr_par' dir='ltr' id='par_1_79' title="bbox 2237 3181 3574 3258">
     <span class='ocr_line' id='line_1_79' title="bbox 2237 3181 3574 3258; baseline 0.002 -22"><span class='ocrx_word' id='word_1_474' title='bbox 2237 3181 2466 3236; x_wconf 73' lang='lat' dir='ltr'><strong>Praemia</strong></span> <span class='ocrx_word' id='word_1_475' title='bbox 2499 3183 2763 3238; x_wconf 86' lang='lat' dir='ltr'><strong>militibus</strong></span> <span class='ocrx_word' id='word_1_476' title='bbox 2789 3184 2996 3256; x_wconf 83' lang='lat' dir='ltr'><strong>llegina</strong></span> <span class='ocrx_word' id='word_1_477' title='bbox 3030 3184 3139 3258; x_wconf 73' lang='lat'><strong>(26)</strong></span> <span class='ocrx_word' id='word_1_478' title='bbox 3170 3185 3400 3242; x_wconf 85' lang='lat' dir='ltr'><strong>solveret</strong></span> <span class='ocrx_word' id='word_1_479' title='bbox 3427 3186 3574 3241; x_wconf 88' lang='lat' dir='ltr'><strong>urbe.</strong></span> 
     </span>
    </p>
   </div>
   <div class='ocr_carea' id='block_1_80' title="bbox 2238 3272 3367 3332">
    <p class='ocr_par' dir='ltr' id='par_1_80' title="bbox 2238 3272 3367 3332">
     <span class='ocr_line' id='line_1_80' title="bbox 2238 3272 3367 3332; baseline 0.001 -3"><span class='ocrx_word' id='word_1_480' title='bbox 2238 3272 2440 3329; x_wconf 61' lang='lat' dir='ltr'><strong>Graecis</strong></span> <span class='ocrx_word' id='word_1_481' title='bbox 2466 3273 2679 3328; x_wconf 87' lang='lat' dir='ltr'><strong>donatis</strong></span> <span class='ocrx_word' id='word_1_482' title='bbox 2707 3274 2838 3328; x_wconf 91' lang='lat' dir='ltr'><strong>nihil</strong></span> <span class='ocrx_word' id='word_1_483' title='bbox 2869 3275 3140 3330; x_wconf 81' lang='lat' dir='ltr'><strong>Ardoiuus</strong></span> <span class='ocrx_word' id='word_1_484' title='bbox 3169 3277 3367 3332; x_wconf 85' lang='lat' dir='ltr'><strong>habere</strong></span> 
     </span>
    </p>
   </div>
   <div class='ocr_carea' id='block_1_81' title="bbox 2239 3363 3625 3434">
    <p class='ocr_par' dir='ltr' id='par_1_81' title="bbox 2239 3363 3625 3434">
     <span class='ocr_line' id='line_1_81' title="bbox 2239 3363 3625 3434; baseline 0.001 -17"><span class='ocrx_word' id='word_1_485' title='bbox 2239 3363 2514 3418; x_wconf 87' lang='lat' dir='ltr'><strong>Donorum</strong></span> <span class='ocrx_word' id='word_1_486' title='bbox 2541 3363 2738 3433; x_wconf 81' lang='lat' dir='ltr'><strong>potuit,</strong></span> <span class='ocrx_word' id='word_1_487' title='bbox 2769 3363 2935 3419; x_wconf 88' lang='lat' dir='ltr'><strong>miser</strong></span> <span class='ocrx_word' id='word_1_488' title='bbox 2962 3364 3322 3434; x_wconf 83' lang='lat' dir='ltr'><strong>itmuunisque</strong></span> <span class='ocrx_word' id='word_1_489' title='bbox 3353 3367 3625 3419; x_wconf 78' lang='lat' dir='ltr'><strong>remansit.</strong></span> 
     </span>
    </p>
   </div>
   <div class='ocr_carea' id='block_1_82' title="bbox 2237 3452 3498 3525">
    <p class='ocr_par' dir='ltr' id='par_1_82' title="bbox 2237 3452 3498 3525">
     <span class='ocr_line' id='line_1_82' title="bbox 2237 3452 3498 3525; baseline 0.002 -19"><span class='ocrx_word' id='word_1_490' title='bbox 2237 3452 2501 3509; x_wconf 87' lang='lat' dir='ltr'><strong>Convenit</strong></span> <span class='ocrx_word' id='word_1_491' title='bbox 2531 3453 2654 3508; x_wconf 86' lang='lat' dir='ltr'><strong>inde</strong></span> <span class='ocrx_word' id='word_1_492' title='bbox 2677 3469 2802 3510; x_wconf 92' lang='lat' dir='ltr'><strong>suos</strong></span> <span class='ocrx_word' id='word_1_493' title='bbox 2828 3454 3017 3518; x_wconf 85' lang='lat' dir='ltr'><strong>iratus,</strong></span> <span class='ocrx_word' id='word_1_494' title='bbox 3047 3462 3101 3509; x_wconf 91' lang='lat' dir='ltr'><strong>et</strong></span> <span class='ocrx_word' id='word_1_495' title='bbox 3127 3457 3304 3524; x_wconf 77' lang='lat' dir='ltr'><strong>arguit</strong></span> <span class='ocrx_word' id='word_1_496' title='bbox 3329 3455 3498 3525; x_wconf 83' lang='lat' dir='ltr'><strong>Argos</strong></span> 
     </span>
    </p>
   </div>
   <div class='ocr_carea' id='block_1_83' title="bbox 2241 3545 3522 3618">
    <p class='ocr_par' dir='ltr' id='par_1_83' title="bbox 2241 3545 3522 3618">
     <span class='ocr_line' id='line_1_83' title="bbox 2241 3545 3522 3618; baseline 0.001 -19"><span class='ocrx_word' id='word_1_497' title='bbox 2241 3545 2436 3615; x_wconf 85' lang='lat' dir='ltr'><strong>Turpis</strong></span> <span class='ocrx_word' id='word_1_498' title='bbox 2468 3546 2722 3606; x_wconf 69' lang='lat' dir='ltr'><strong>avaritiae,</strong></span> <span class='ocrx_word' id='word_1_499' title='bbox 2758 3547 2952 3618; x_wconf 89' lang='lat' dir='ltr'><strong>populo</strong></span> <span class='ocrx_word' id='word_1_500' title='bbox 2986 3548 3108 3616; x_wconf 80' lang='lat' dir='ltr'><strong>quia</strong></span> <span class='ocrx_word' id='word_1_501' title='bbox 3143 3549 3337 3600; x_wconf 86' lang='lat' dir='ltr'><strong>dantur</strong></span> <span class='ocrx_word' id='word_1_502' title='bbox 3367 3548 3522 3602; x_wconf 88' lang='lat' dir='ltr'><strong>inerti</strong></span> 
     </span>
    </p>
   </div>
   <div class='ocr_carea' id='block_1_84' title="bbox 2240 3634 3790 3708">
    <p class='ocr_par' dir='ltr' id='par_1_84' title="bbox 2240 3634 3790 3708">
     <span class='ocr_line' id='line_1_84' title="bbox 2240 3634 3790 3708; baseline 0.001 -20"><span class='ocrx_word' id='word_1_503' title='bbox 2240 3634 2462 3691; x_wconf 82' lang='lat' dir='ltr'><strong>Munera</strong></span> <span class='ocrx_word' id='word_1_504' title='bbox 2511 3636 2685 3690; x_wconf 88' lang='lat' dir='ltr'><strong>danda</strong></span> <span class='ocrx_word' id='word_1_505' title='bbox 2737 3637 2884 3700; x_wconf 88' lang='lat' dir='ltr'><strong>viris,</strong></span> <span class='ocrx_word' id='word_1_506' title='bbox 2918 3653 3038 3692; x_wconf 91' lang='lat' dir='ltr'><strong>cum</strong></span> <span class='ocrx_word' id='word_1_507' title='bbox 3067 3637 3137 3692; x_wconf 90' lang='lat' dir='ltr'><strong>sit</strong></span> <span class='ocrx_word' id='word_1_508' title='bbox 3172 3639 3323 3708; x_wconf 91' lang='lat' dir='ltr'><strong>quasi</strong></span> <span class='ocrx_word' id='word_1_509' title='bbox 3349 3637 3537 3693; x_wconf 68' lang='lat' dir='ltr'><strong>fen&#39;titta</strong></span> <span class='ocrx_word' id='word_1_510' title='bbox 3559 3637 3790 3692; x_wconf 67' lang='lat' dir='ltr'><strong>ercus.</strong></span> 
     </span>
    </p>
   </div>
   <div class='ocr_carea' id='block_1_85' title="bbox 2241 3726 3380 3800">
    <p class='ocr_par' dir='ltr' id='par_1_85' title="bbox 2241 3726 3380 3800">
     <span class='ocr_line' id='line_1_85' title="bbox 2241 3726 3380 3800; baseline 0.004 -20"><span class='ocrx_word' id='word_1_511' title='bbox 2241 3726 2411 3782; x_wconf 83' lang='lat' dir='ltr'><strong>Iratus</strong></span> <span class='ocrx_word' id='word_1_512' title='bbox 2445 3727 2668 3783; x_wconf 79' lang='lat' dir='ltr'><strong>Michael</strong></span> <span class='ocrx_word' id='word_1_513' title='bbox 2696 3739 2914 3798; x_wconf 85' lang='lat' dir='ltr'><strong>propter</strong></span> <span class='ocrx_word' id='word_1_514' title='bbox 2945 3731 3188 3785; x_wconf 81' lang='lat' dir='ltr'><strong>convicia</strong></span> <span class='ocrx_word' id='word_1_515' title='bbox 3215 3729 3380 3800; x_wconf 64' lang='lat' dir='ltr'><strong>jttSsll</strong></span> 
     </span>
    </p>
   </div>
   <div class='ocr_carea' id='block_1_86' title="bbox 2241 3818 3472 3888">
    <p class='ocr_par' dir='ltr' id='par_1_86' title="bbox 2241 3818 3472 3888">
     <span class='ocr_line' id='line_1_86' title="bbox 2241 3818 3472 3888; baseline 0.003 -14"><span class='ocrx_word' id='word_1_516' title='bbox 2241 3819 2554 3875; x_wconf 69' lang='lat' dir='ltr'><strong>Graecorum</strong></span> <span class='ocrx_word' id='word_1_517' title='bbox 2589 3821 2719 3887; x_wconf 89' lang='lat' dir='ltr'><strong>ritu,</strong></span> <span class='ocrx_word' id='word_1_518' title='bbox 2745 3818 3031 3875; x_wconf 64' lang='lat' dir='ltr'><strong>cmdeudus</strong></span> <span class='ocrx_word' id='word_1_519' title='bbox 3071 3829 3128 3874; x_wconf 91' lang='lat' dir='ltr'><strong>ut</strong></span> <span class='ocrx_word' id='word_1_520' title='bbox 3164 3837 3472 3888; x_wconf 81' lang='lat' dir='ltr'><strong>exueretur,</strong></span> 
     </span>
    </p>
   </div>
   <div class='ocr_carea' id='block_1_87' title="bbox 2243 3913 3536 3984">
    <p class='ocr_par' dir='ltr' id='par_1_87' title="bbox 2243 3913 3536 3984">
     <span class='ocr_line' id='line_1_87' title="bbox 2243 3913 3536 3984; baseline 0.003 -18"><span class='ocrx_word' id='word_1_521' title='bbox 2243 3913 2500 3982; x_wconf 82' lang='lat' dir='ltr'><strong>Corrigiis</strong></span> <span class='ocrx_word' id='word_1_522' title='bbox 2528 3926 2723 3966; x_wconf 64' lang='lat' dir='ltr'><strong>caesum</strong></span> <span class='ocrx_word' id='word_1_523' title='bbox 2755 3913 2990 3982; x_wconf 83' lang='lat' dir='ltr'><strong>graviter</strong></span> <span class='ocrx_word' id='word_1_524' title='bbox 3015 3927 3268 3982; x_wconf 85' lang='lat' dir='ltr'><strong>peccasse</strong></span> <span class='ocrx_word' id='word_1_525' title='bbox 3298 3916 3536 3984; x_wconf 83' lang='lat' dir='ltr'><strong>puderet.</strong></span> 
     </span>
    </p>
   </div>
   <div class='ocr_carea' id='block_1_88' title="bbox 2243 4000 3392 4072">
    <p class='ocr_par' dir='ltr' id='par_1_88' title="bbox 2243 4000 3392 4072">
     <span class='ocr_line' id='line_1_88' title="bbox 2243 4000 3392 4072; baseline 0.003 -18"><span class='ocrx_word' id='word_1_526' title='bbox 2243 4000 2531 4057; x_wconf 87' lang='lat' dir='ltr'><strong>Dedecoris</strong></span> <span class='ocrx_word' id='word_1_527' title='bbox 2561 4002 2691 4056; x_wconf 88' lang='lat' dir='ltr'><strong>tanti</strong></span> <span class='ocrx_word' id='word_1_528' title='bbox 2720 4002 3048 4057; x_wconf 88' lang='lat' dir='ltr'><strong>cruciatibus</strong></span> <span class='ocrx_word' id='word_1_529' title='bbox 3074 4003 3392 4072; x_wconf 77' lang='lat' dir='ltr'><strong>exagitatus,</strong></span> 
     </span>
    </p>
   </div>
   <div class='ocr_carea' id='block_1_89' title="bbox 2241 4089 3580 4156">
    <p class='ocr_par' dir='ltr' id='par_1_89' title="bbox 2241 4089 3580 4156">
     <span class='ocr_line' id='line_1_89' title="bbox 2241 4089 3580 4156; baseline 0.001 -12"><span class='ocrx_word' id='word_1_530' title='bbox 2241 4089 2452 4146; x_wconf 66' lang='lat' dir='ltr'><strong>Mulctaa</strong></span> <span class='ocrx_word' id='word_1_531' title='bbox 2481 4091 2828 4146; x_wconf 91' lang='lat' dir='ltr'><strong>commissum</strong></span> <span class='ocrx_word' id='word_1_532' title='bbox 2860 4107 2964 4146; x_wconf 91' lang='lat' dir='ltr'><strong>non</strong></span> <span class='ocrx_word' id='word_1_533' title='bbox 2996 4092 3313 4147; x_wconf 88' lang='lat' dir='ltr'><strong>dimissurus</strong></span> <span class='ocrx_word' id='word_1_534' title='bbox 3341 4093 3580 4156; x_wconf 88' lang='lat' dir='ltr'><strong>inultum,</strong></span> 
     </span>
    </p>
   </div>
   <div class='ocr_carea' id='block_1_90' title="bbox 2243 4181 3652 4253">
    <p class='ocr_par' dir='ltr' id='par_1_90' title="bbox 2243 4181 3652 4253">
     <span class='ocr_line' id='line_1_90' title="bbox 2243 4181 3652 4253; baseline -0.002 -17"><span class='ocrx_word' id='word_1_535' title='bbox 2243 4182 2391 4236; x_wconf 90' lang='lat' dir='ltr'><strong>Clam</strong></span> <span class='ocrx_word' id='word_1_536' title='bbox 2423 4198 2542 4236; x_wconf 89' lang='lat' dir='ltr'><strong>cum</strong></span> <span class='ocrx_word' id='word_1_537' title='bbox 2569 4191 2725 4253; x_wconf 90' lang='lat' dir='ltr'><strong>gente</strong></span> <span class='ocrx_word' id='word_1_538' title='bbox 2756 4197 2852 4236; x_wconf 91' lang='lat' dir='ltr'><strong>sua</strong></span> <span class='ocrx_word' id='word_1_539' title='bbox 2889 4181 3197 4236; x_wconf 66' lang='lat' dir='ltr'><strong>Graecorum</strong></span> <span class='ocrx_word' id='word_1_540' title='bbox 3230 4193 3402 4236; x_wconf 82' lang='lat' dir='ltr'><strong>castra</strong></span> <span class='ocrx_word' id='word_1_541' title='bbox 3433 4183 3652 4252; x_wconf 88' lang='lat' dir='ltr'><strong>reliquit.</strong></span> 
     </span>
    </p>
   </div>
   <div class='ocr_carea' id='block_1_91' title="bbox 2243 4270 3722 4344">
    <p class='ocr_par' dir='ltr' id='par_1_91' title="bbox 2243 4270 3722 4344">
     <span class='ocr_line' id='line_1_91' title="bbox 2243 4270 3722 4344; baseline -0.001 -20"><span class='ocrx_word' id='word_1_542' title='bbox 2243 4270 2402 4325; x_wconf 79' lang='lat' dir='ltr'><strong>Missa</strong></span> <span class='ocrx_word' id='word_1_543' title='bbox 2443 4271 2788 4342; x_wconf 81' lang='lat' dir='ltr'><strong>Pelasgorum</strong></span> <span class='ocrx_word' id='word_1_544' title='bbox 2818 4285 3008 4326; x_wconf 90' lang='lat' dir='ltr'><strong>manus</strong></span> <span class='ocrx_word' id='word_1_545' title='bbox 3050 4273 3189 4327; x_wconf 90' lang='lat' dir='ltr'><strong>hunc</strong></span> <span class='ocrx_word' id='word_1_546' title='bbox 3220 4281 3278 4325; x_wconf 91' lang='lat' dir='ltr'><strong>ut</strong></span> <span class='ocrx_word' id='word_1_547' title='bbox 3305 4283 3722 4344; x_wconf 83' lang='lat' dir='ltr'><strong>persequeretur,</strong></span> 
     </span>
    </p>
   </div>
   <div class='ocr_carea' id='block_1_92' title="bbox 567 4349 3669 4446">
    <p class='ocr_par' dir='ltr' id='par_1_92' title="bbox 567 4349 3669 4446">
     <span class='ocr_line' id='line_1_92' title="bbox 567 4349 3669 4446; baseline 0.004 -42"><span class='ocrx_word' id='word_1_548' title='bbox 567 4349 684 4405; x_wconf 86' lang='lat' dir='ltr'><strong>Non</strong></span> <span class='ocrx_word' id='word_1_549' title='bbox 713 4360 852 4416; x_wconf 86' lang='lat' dir='ltr'><strong>sata,</strong></span> <span class='ocrx_word' id='word_1_550' title='bbox 889 4365 994 4405; x_wconf 90' lang='lat' dir='ltr'><strong>non</strong></span> <span class='ocrx_word' id='word_1_551' title='bbox 1042 4349 1268 4415; x_wconf 85' lang='lat' dir='ltr'><strong>fructus,</strong></span> <span class='ocrx_word' id='word_1_552' title='bbox 1318 4368 1422 4406; x_wconf 92' lang='lat' dir='ltr'><strong>non</strong></span> <span class='ocrx_word' id='word_1_553' title='bbox 1467 4364 1620 4424; x_wconf 87' lang='lat' dir='ltr'><strong>prata</strong></span> <span class='ocrx_word' id='word_1_554' title='bbox 1673 4357 1994 4434; x_wconf 85' lang='lat' dir='ltr'><strong>arbustaque</strong></span> <span class='ocrx_word' id='word_1_555' title='bbox 2054 4361 2142 4414; x_wconf 91' lang='lat' dir='ltr'><strong>dc-</strong></span> <span class='ocrx_word' id='word_1_556' title='bbox 2175 4390 2221 4446; x_wconf 72' lang='grc' dir='ltr'>Ï…</span> <span class='ocrx_word' id='word_1_557' title='bbox 2250 4360 2508 4430; x_wconf 77' lang='lat' dir='ltr'><strong>Repperit</strong></span> <span class='ocrx_word' id='word_1_558' title='bbox 2537 4362 2590 4414; x_wconf 91' lang='lat' dir='ltr'><strong>iu</strong></span> <span class='ocrx_word' id='word_1_559' title='bbox 2614 4377 2832 4432; x_wconf 89' lang='lat' dir='ltr'><strong>campo;</strong></span> <span class='ocrx_word' id='word_1_560' title='bbox 2859 4379 2980 4416; x_wconf 88' lang='lat' dir='ltr'><strong>cmn</strong></span> <span class='ocrx_word' id='word_1_561' title='bbox 3008 4379 3112 4432; x_wconf 89' lang='lat' dir='ltr'><strong>quo</strong></span> <span class='ocrx_word' id='word_1_562' title='bbox 3139 4363 3424 4432; x_wconf 82' lang='lat' dir='ltr'><strong>conï¬‚igere</strong></span> <span class='ocrx_word' id='word_1_563' title='bbox 3450 4373 3669 4426; x_wconf 87' lang='lat' dir='ltr'><strong>tentans,</strong></span> 
     </span>
    </p>
   </div>
   <div class='ocr_carea' id='block_1_93' title="bbox 1893 4447 2066 4519">
    <p class='ocr_par' dir='ltr' id='par_1_93' title="bbox 1893 4447 2066 4519">
     <span class='ocr_line' id='line_1_93' title="bbox 1893 4447 2066 4519; baseline -0.006 -16"><span class='ocrx_word' id='word_1_564' title='bbox 1893 4447 2034 4519; x_wconf 89' lang='lat' dir='ltr'><strong>[sunt</strong></span> <span class='ocrx_word' id='word_1_565' title='bbox 2053 4467 2066 4515; x_wconf 88' lang='lat'><strong>;</strong></span> 
     </span>
    </p>
   </div>
   <div class='ocr_carea' id='block_1_94' title="bbox 567 4531 1966 4606">
    <p class='ocr_par' dir='ltr' id='par_1_94' title="bbox 567 4531 1966 4606">
     <span class='ocr_line' id='line_1_94' title="bbox 567 4531 1966 4606; baseline 0.004 -20"><span class='ocrx_word' id='word_1_566' title='bbox 567 4531 757 4588; x_wconf 83' lang='lat' dir='ltr'><strong>Nullus</strong></span> <span class='ocrx_word' id='word_1_567' title='bbox 783 4533 834 4588; x_wconf 92' lang='lat' dir='ltr'><strong>in</strong></span> <span class='ocrx_word' id='word_1_568' title='bbox 863 4549 914 4588; x_wconf 86' lang='grc' dir='ltr'><strong>Î¿Î¹</strong></span> <span class='ocrx_word' id='word_1_569' title='bbox 927 4533 995 4588; x_wconf 88' lang='lat' dir='ltr'><strong>be</strong></span> <span class='ocrx_word' id='word_1_570' title='bbox 1021 4533 1170 4589; x_wconf 89' lang='lat' dir='ltr'><strong>locus</strong></span> <span class='ocrx_word' id='word_1_571' title='bbox 1189 4531 1477 4602; x_wconf 90' lang='lat' dir='ltr'><strong>jucundior</strong></span> <span class='ocrx_word' id='word_1_572' title='bbox 1503 4551 1516 4587; x_wconf 90' lang='lat'><strong>:</strong></span> <span class='ocrx_word' id='word_1_573' title='bbox 1543 4535 1685 4590; x_wconf 85' lang='lat' dir='ltr'><strong>hunc</strong></span> <span class='ocrx_word' id='word_1_574' title='bbox 1718 4541 1966 4606; x_wconf 87' lang='lat' dir='ltr'><strong>generosi</strong></span> 
     </span>
    </p>
   </div>
   <div class='ocr_carea' id='block_1_95' title="bbox 568 4623 1767 4694">
    <p class='ocr_par' dir='ltr' id='par_1_95' title="bbox 568 4623 1767 4694">
     <span class='ocr_line' id='line_1_95' title="bbox 568 4623 1767 4694; baseline 0.004 -18"><span class='ocrx_word' id='word_1_575' title='bbox 568 4623 816 4678; x_wconf 87' lang='lat' dir='ltr'><strong>Consulis</strong></span> <span class='ocrx_word' id='word_1_576' title='bbox 843 4623 1002 4694; x_wconf 84' lang='lat' dir='ltr'><strong>elegit</strong></span> <span class='ocrx_word' id='word_1_577' title='bbox 1027 4624 1310 4694; x_wconf 90' lang='lat' dir='ltr'><strong>prudentia</strong></span> <span class='ocrx_word' id='word_1_578' title='bbox 1349 4627 1767 4693; x_wconf 79' lang='lat' dir='ltr'><strong>przememorati.</strong></span> 
     </span>
    </p>
   </div>
   <div class='ocr_carea' id='block_1_96' title="bbox 569 4712 1977 4784">
    <p class='ocr_par' dir='ltr' id='par_1_96' title="bbox 569 4712 1977 4784">
     <span class='ocr_line' id='line_1_96' title="bbox 569 4712 1977 4784; baseline 0.006 -18"><span class='ocrx_word' id='word_1_579' title='bbox 569 4712 738 4782; x_wconf 82' lang='lat' dir='ltr'><strong>llnjus</strong></span> <span class='ocrx_word' id='word_1_580' title='bbox 763 4715 1016 4783; x_wconf 74' lang='lat' dir='ltr'><strong>praeclara</strong></span> <span class='ocrx_word' id='word_1_581' title='bbox 1044 4715 1308 4784; x_wconf 88' lang='lat' dir='ltr'><strong>processit</strong></span> <span class='ocrx_word' id='word_1_582' title='bbox 1337 4717 1506 4784; x_wconf 89' lang='lat' dir='ltr'><strong>stirpe</strong></span> <span class='ocrx_word' id='word_1_583' title='bbox 1530 4715 1642 4784; x_wconf 70' lang='grc' dir='ltr'><strong>(á¼“á½¸)</strong></span> <span class='ocrx_word' id='word_1_584' title='bbox 1671 4717 1977 4774; x_wconf 83' lang='lat' dir='ltr'><strong>Richardus</strong></span> 
     </span>
    </p>
   </div>
   <div class='ocr_carea' id='block_1_97' title="bbox 641 4889 1529 4962">
    <p class='ocr_par' dir='ltr' id='par_1_97' title="bbox 641 4889 1529 4962">
     <span class='ocr_line' id='line_1_97' title="bbox 641 4889 1529 4962; baseline -0.001 -18"><span class='ocrx_word' id='word_1_585' title='bbox 641 4889 752 4962; x_wconf 71' lang='grc'>(20)</span> <span class='ocrx_word' id='word_1_586' title='bbox 792 4890 1106 4961; x_wconf 88' lang='lat' dir='ltr'><strong>Pandulpho</strong></span> <span class='ocrx_word' id='word_1_587' title='bbox 1133 4901 1344 4959; x_wconf 88' lang='lat' dir='ltr'><strong>quarto.</strong></span> <span class='ocrx_word' id='word_1_588' title='bbox 1379 4891 1529 4962; x_wconf 79' lang='lat' dir='ltr'><strong>LEtn.</strong></span> 
     </span>
    </p>
   </div>
   <div class='ocr_carea' id='block_1_98' title="bbox 644 4961 2138 5083">
    <p class='ocr_par' dir='ltr' id='par_1_98' title="bbox 644 4961 2138 5083">
     <span class='ocr_line' id='line_1_98' title="bbox 644 4961 2138 5083; baseline 0.007 -71"><span class='ocrx_word' id='word_1_589' title='bbox 644 4962 757 5083; x_wconf 58' lang='lat' dir='ltr'><strong>(ï¬ll)</strong></span> <span class='ocrx_word' id='word_1_590' title='bbox 779 4963 982 5016; x_wconf 85' lang='lat' dir='ltr'><strong>Aversa</strong></span> <span class='ocrx_word' id='word_1_591' title='bbox 1023 4963 1151 5015; x_wconf 90' lang='lat' dir='ltr'><strong>urbs</strong></span> <span class='ocrx_word' id='word_1_592' title='bbox 1181 4963 1318 5015; x_wconf 91' lang='lat' dir='ltr'><strong>inter</strong></span> <span class='ocrx_word' id='word_1_593' title='bbox 1345 4961 1619 5031; x_wconf 81' lang='lat' dir='ltr'><strong>Neapolim</strong></span> <span class='ocrx_word' id='word_1_594' title='bbox 1653 4972 1705 5017; x_wconf 89' lang='lat' dir='ltr'><strong>et</strong></span> <span class='ocrx_word' id='word_1_595' title='bbox 1733 4962 1969 5034; x_wconf 85' lang='lat' dir='ltr'><strong>Capuam</strong></span> <span class='ocrx_word' id='word_1_596' title='bbox 1999 4968 2138 5036; x_wconf 87' lang='lat' dir='ltr'><strong>posi-</strong></span> 
     </span>
     <span class='ocr_line' id='line_1_99' title="bbox 644 5047 826 5083; baseline 0.027 -5"><span class='ocrx_word' id='word_1_597' title='bbox 644 5073 646 5078; x_wconf 92' lang='lat'><strong>.</strong></span> <span class='ocrx_word' id='word_1_598' title='bbox 705 5047 826 5083; x_wconf 69' lang='grc' dir='ltr'><strong>,Î•Î¹Î¹Î¹â¸</strong></span> 
     </span>
    </p>
   </div>
   <div class='ocr_carea' id='block_1_99' title="bbox 570 5039 826 5084">
    <p class='ocr_par' dir='ltr' id='par_1_99' title="bbox 570 5039 826 5084">
     <span class='ocr_line' id='line_1_100' title="bbox 570 5039 826 5084; baseline 0 -1"><span class='ocrx_word' id='word_1_599' title='bbox 570 5039 646 5083; x_wconf 85' lang='lat' dir='ltr'><strong>ta.</strong></span> <span class='ocrx_word' id='word_1_600' title='bbox 679 5039 826 5084; x_wconf 75' lang='grc' dir='ltr'><strong>Î™Î¹Î•Î™Î’.</strong></span> 
     </span>
    </p>
   </div>
   <div class='ocr_carea' id='block_1_100' title="bbox 647 5100 1534 5170">
    <p class='ocr_par' dir='ltr' id='par_1_100' title="bbox 647 5100 1534 5170">
     <span class='ocr_line' id='line_1_101' title="bbox 647 5100 1534 5170; baseline 0.006 -18"><span class='ocrx_word' id='word_1_601' title='bbox 647 5101 756 5170; x_wconf 70' lang='lat'><strong>(â€˜22)</strong></span> <span class='ocrx_word' id='word_1_602' title='bbox 796 5100 990 5170; x_wconf 79' lang='lat' dir='ltr'><strong>Consul</strong></span> <span class='ocrx_word' id='word_1_603' title='bbox 1021 5115 1116 5167; x_wconf 92' lang='lat' dir='ltr'><strong>pro</strong></span> <span class='ocrx_word' id='word_1_604' title='bbox 1143 5103 1355 5155; x_wconf 89' lang='lat' dir='ltr'><strong>comite.</strong></span> <span class='ocrx_word' id='word_1_605' title='bbox 1385 5103 1534 5157; x_wconf 73' lang='lat' dir='ltr'><strong>Lars.</strong></span> 
     </span>
    </p>
   </div>
   <div class='ocr_carea' id='block_1_101' title="bbox 646 5169 2139 5240">
    <p class='ocr_par' dir='ltr' id='par_1_101' title="bbox 646 5169 2139 5240">
     <span class='ocr_line' id='line_1_102' title="bbox 646 5169 2139 5240; baseline 0.005 -18"><span class='ocrx_word' id='word_1_606' title='bbox 646 5169 758 5240; x_wconf 68' lang='grc'>(25)</span> <span class='ocrx_word' id='word_1_607' title='bbox 776 5169 1074 5240; x_wconf 64' lang='lat' dir='ltr'><strong>Consentit</strong></span> <span class='ocrx_word' id='word_1_608' title='bbox 1107 5169 1422 5224; x_wconf 84' lang='lat' dir='ltr'><strong>Wilhelmus</strong></span> <span class='ocrx_word' id='word_1_609' title='bbox 1445 5175 1912 5236; x_wconf 78' lang='lat' dir='ltr'><strong>Gemmeticeusis,</strong></span> <span class='ocrx_word' id='word_1_610' title='bbox 1936 5176 2026 5230; x_wconf 89' lang='lat' dir='ltr'><strong>lib.</strong></span> <span class='ocrx_word' id='word_1_611' title='bbox 2043 5191 2139 5240; x_wconf 89' lang='lat' dir='ltr'><strong>vtt,</strong></span> 
     </span>
    </p>
   </div>
   <div class='ocr_carea' id='block_1_102' title="bbox 573 5237 2144 5311">
    <p class='ocr_par' dir='ltr' id='par_1_102' title="bbox 573 5237 2144 5311">
     <span class='ocr_line' id='line_1_103' title="bbox 573 5237 2144 5311; baseline 0.006 -19"><span class='ocrx_word' id='word_1_612' title='bbox 573 5253 622 5292; x_wconf 89' lang='lat' dir='ltr'><strong>c.</strong></span> <span class='ocrx_word' id='word_1_613' title='bbox 653 5237 745 5292; x_wconf 36' lang='lat'><strong>43.&quot;</strong></span> <span class='ocrx_word' id='word_1_614' title='bbox 771 5238 876 5311; x_wconf 71' lang='lat' dir='ltr'><strong>Sed</strong></span> <span class='ocrx_word' id='word_1_615' title='bbox 902 5237 1010 5290; x_wconf 86' lang='lat' dir='ltr'><strong>Leo</strong></span> <span class='ocrx_word' id='word_1_616' title='bbox 1036 5238 1296 5311; x_wconf 79' lang='lat' dir='ltr'><strong>Ostiensis</strong></span> <span class='ocrx_word' id='word_1_617' title='bbox 1327 5243 1416 5294; x_wconf 92' lang='lat' dir='ltr'><strong>lib.</strong></span> <span class='ocrx_word' id='word_1_618' title='bbox 1446 5259 1503 5306; x_wconf 85' lang='lat' dir='ltr'><strong>II,</strong></span> <span class='ocrx_word' id='word_1_619' title='bbox 1534 5261 1582 5296; x_wconf 90' lang='lat' dir='ltr'><strong>c.</strong></span> <span class='ocrx_word' id='word_1_620' title='bbox 1609 5247 1694 5311; x_wconf 72' lang='lat'><strong>($7,</strong></span> <span class='ocrx_word' id='word_1_621' title='bbox 1721 5255 1903 5298; x_wconf 86' lang='lat' dir='ltr'><strong>narrat</strong></span> <span class='ocrx_word' id='word_1_622' title='bbox 1925 5237 2144 5302; x_wconf 43' lang='lat' dir='ltr'><strong>Ascilit;</strong></span> 
     </span>
    </p>
   </div>
   <div class='ocr_carea' id='block_1_103' title="bbox 573 5306 2145 5360">
    <p class='ocr_par' dir='ltr' id='par_1_103' title="bbox 573 5306 2145 5360">
     <span class='ocr_line' id='line_1_104' title="bbox 573 5306 2145 5360; baseline 0 0"><span class='ocrx_word' id='word_1_623' title='bbox 573 5311 746 5360; x_wconf 79' lang='lat' dir='ltr'><strong>:iuutu</strong></span> <span class='ocrx_word' id='word_1_624' title='bbox 779 5306 1142 5360; x_wconf 86' lang='lat' dir='ltr'><strong>Normannum</strong></span> <span class='ocrx_word' id='word_1_625' title='bbox 1180 5308 1394 5360; x_wconf 79' lang='lat' dir='ltr'><strong>duxisse</strong></span> <span class='ocrx_word' id='word_1_626' title='bbox 1433 5306 1692 5360; x_wconf 56' lang='lat' dir='ltr'><strong>sororem&#39;</strong></span> <span class='ocrx_word' id='word_1_627' title='bbox 1727 5315 1954 5360; x_wconf 77' lang='lat' dir='ltr'><strong>Hantllli-</strong></span> <span class='ocrx_word' id='word_1_628' title='bbox 1987 5317 2145 5360; x_wconf 67' lang='lat' dir='ltr'><strong>nimm</strong></span> 
     </span>
    </p>
   </div>
   <div class='ocr_carea' id='block_1_104' title="bbox 2248 4451 3569 4524">
    <p class='ocr_par' dir='ltr' id='par_1_104' title="bbox 2248 4451 3569 4524">
     <span class='ocr_line' id='line_1_105' title="bbox 2248 4451 3569 4524; baseline 0.001 -18"><span class='ocrx_word' id='word_1_629' title='bbox 2248 4451 2401 4507; x_wconf 84' lang='lat' dir='ltr'><strong>Cedit</strong></span> <span class='ocrx_word' id='word_1_630' title='bbox 2427 4469 2440 4504; x_wconf 88' lang='lat'>:</span> <span class='ocrx_word' id='word_1_631' title='bbox 2472 4461 2526 4506; x_wconf 91' lang='lat' dir='ltr'><strong>et</strong></span> <span class='ocrx_word' id='word_1_632' title='bbox 2553 4452 2749 4507; x_wconf 85' lang='lat' dir='ltr'><strong>occisis</strong></span> <span class='ocrx_word' id='word_1_633' title='bbox 2777 4453 2955 4507; x_wconf 87' lang='lat' dir='ltr'><strong>decies</strong></span> <span class='ocrx_word' id='word_1_634' title='bbox 2987 4455 3056 4508; x_wconf 89' lang='lat' dir='ltr'><strong>ibi</strong></span> <span class='ocrx_word' id='word_1_635' title='bbox 3082 4455 3316 4524; x_wconf 89' lang='lat' dir='ltr'><strong>quinque</strong></span> <span class='ocrx_word' id='word_1_636' title='bbox 3340 4451 3569 4524; x_wconf 80' lang='lat' dir='ltr'><strong>Pelasgis</strong></span> 
     </span>
    </p>
   </div>
   <div class='ocr_carea' id='block_1_105' title="bbox 2245 4543 3597 4612">
    <p class='ocr_par' dir='ltr' id='par_1_105' title="bbox 2245 4543 3597 4612">
     <span class='ocr_line' id='line_1_106' title="bbox 2245 4543 3597 4612; baseline 0 -16"><span class='ocrx_word' id='word_1_637' title='bbox 2245 4543 2505 4597; x_wconf 85' lang='lat' dir='ltr'><strong>Aversam</strong></span> <span class='ocrx_word' id='word_1_638' title='bbox 2545 4551 2824 4612; x_wconf 88' lang='lat' dir='ltr'><strong>properat;</strong></span> <span class='ocrx_word' id='word_1_639' title='bbox 2855 4543 3176 4598; x_wconf 85' lang='lat' dir='ltr'><strong>Normannis</strong></span> <span class='ocrx_word' id='word_1_640' title='bbox 3207 4545 3386 4598; x_wconf 86' lang='lat' dir='ltr'><strong>omnia</strong></span> <span class='ocrx_word' id='word_1_641' title='bbox 3421 4551 3597 4598; x_wconf 71' lang='lat' dir='ltr'><strong>narrat</strong></span> 
     </span>
    </p>
   </div>
   <div class='ocr_carea' id='block_1_106' title="bbox 2248 4631 3786 4704">
    <p class='ocr_par' dir='ltr' id='par_1_106' title="bbox 2248 4631 3786 4704">
     <span class='ocr_line' id='line_1_107' title="bbox 2248 4631 3786 4704; baseline -0.003 -17"><span class='ocrx_word' id='word_1_642' title='bbox 2248 4633 2379 4702; x_wconf 63' lang='lat' dir='ltr'><strong>Qua:</strong></span> <span class='ocrx_word' id='word_1_643' title='bbox 2421 4635 2521 4688; x_wconf 90' lang='lat' dir='ltr'><strong>sibi</strong></span> <span class='ocrx_word' id='word_1_644' title='bbox 2548 4635 2902 4704; x_wconf 84' lang='lat' dir='ltr'><strong>contigerant.</strong></span> <span class='ocrx_word' id='word_1_645' title='bbox 2934 4635 3280 4690; x_wconf 63' lang='lat' dir='ltr'><strong>vehementer</strong></span> <span class='ocrx_word' id='word_1_646' title='bbox 3307 4644 3357 4688; x_wconf 91' lang='lat' dir='ltr'><strong>et</strong></span> <span class='ocrx_word' id='word_1_647' title='bbox 3381 4635 3612 4704; x_wconf 88' lang='lat' dir='ltr'><strong>increpat</strong></span> <span class='ocrx_word' id='word_1_648' title='bbox 3635 4631 3744 4685; x_wconf 84' lang='lat' dir='ltr'><strong>illos</strong></span> <span class='ocrx_word' id='word_1_649' title='bbox 3773 4648 3786 4682; x_wconf 92' lang='lat'><strong>:</strong></span> 
     </span>
    </p>
   </div>
   <div class='ocr_carea' id='block_1_107' title="bbox 2246 4723 3528 4795">
    <p class='ocr_par' dir='ltr' id='par_1_107' title="bbox 2246 4723 3528 4795">
     <span class='ocr_line' id='line_1_108' title="bbox 2246 4723 3528 4795; baseline -0.001 -16"><span class='ocrx_word' id='word_1_650' title='bbox 2246 4723 2452 4795; x_wconf 87' lang='lat' dir='ltr'><strong>Appula</strong></span> <span class='ocrx_word' id='word_1_651' title='bbox 2493 4724 2819 4779; x_wconf 77' lang='lat' dir='ltr'><strong>multimoda:</strong></span> <span class='ocrx_word' id='word_1_652' title='bbox 2855 4740 2976 4778; x_wconf 89' lang='lat' dir='ltr'><strong>cum</strong></span> <span class='ocrx_word' id='word_1_653' title='bbox 3012 4733 3154 4780; x_wconf 75' lang='lat' dir='ltr'><strong>terra</strong></span> <span class='ocrx_word' id='word_1_654' title='bbox 3188 4726 3256 4778; x_wconf 90' lang='lat' dir='ltr'><strong>sit</strong></span> <span class='ocrx_word' id='word_1_655' title='bbox 3283 4723 3528 4778; x_wconf 84' lang='lat' dir='ltr'><strong>utilitatis</strong></span> 
     </span>
    </p>
   </div>
   <div class='ocr_carea' id='block_1_108' title="bbox 2247 4901 2396 4954">
    <p class='ocr_par' dir='ltr' id='par_1_108' title="bbox 2247 4901 2396 4954">
     <span class='ocr_line' id='line_1_109' title="bbox 2247 4901 2396 4954; baseline 0 0"><span class='ocrx_word' id='word_1_656' title='bbox 2247 4901 2396 4954; x_wconf 78' lang='lat' dir='ltr'><strong>LEIB.</strong></span> 
     </span>
    </p>
   </div>
   <div class='ocr_carea' id='block_1_109' title="bbox 2322 4970 3787 5053">
    <p class='ocr_par' dir='ltr' id='par_1_109' title="bbox 2322 4970 3787 5053">
     <span class='ocr_line' id='line_1_110' title="bbox 2322 4970 3787 5053; baseline -0.004 -27"><span class='ocrx_word' id='word_1_657' title='bbox 2322 4973 2432 5053; x_wconf 68' lang='grc'>(24)</span> <span class='ocrx_word' id='word_1_658' title='bbox 2473 4971 3198 5053; x_wconf 47' lang='grc' dir='ltr'><strong>Î Î±Î¼Î½á¾±Î¿á½²Î·Ï…Ï‚Î»Î»ÏÎ·ÎµÎ¿Î¹ÎµÏ€á¾¶Ï„Î¹Îµ</strong></span> <span class='ocrx_word' id='word_1_659' title='bbox 3247 4971 3579 5053; x_wconf 76' lang='lat' dir='ltr'><strong>Normannos</strong></span> <span class='ocrx_word' id='word_1_660' title='bbox 3623 4970 3787 5032; x_wconf 82' lang='lat' dir='ltr'><strong>ducit;</strong></span> 
     </span>
    </p>
   </div>
   <div class='ocr_carea' id='block_1_110' title="bbox 2254 5043 3791 5111">
    <p class='ocr_par' dir='ltr' id='par_1_110' title="bbox 2254 5043 3791 5111">
     <span class='ocr_line' id='line_1_111' title="bbox 2254 5043 3791 5111; baseline -0.002 -20"><span class='ocrx_word' id='word_1_661' title='bbox 2254 5043 2340 5110; x_wconf 83' lang='lat' dir='ltr'><strong>qui</strong></span> <span class='ocrx_word' id='word_1_662' title='bbox 2377 5058 2496 5096; x_wconf 89' lang='lat' dir='ltr'><strong>cum</strong></span> <span class='ocrx_word' id='word_1_663' title='bbox 2544 5043 2594 5096; x_wconf 90' lang='lat' dir='ltr'><strong>in</strong></span> <span class='ocrx_word' id='word_1_664' title='bbox 2641 5043 2981 5111; x_wconf 81' lang='lat' dir='ltr'><strong>expeditione</strong></span> <span class='ocrx_word' id='word_1_665' title='bbox 3021 5043 3346 5096; x_wconf 77' lang='lat' dir='ltr'><strong>Saracenum</strong></span> <span class='ocrx_word' id='word_1_666' title='bbox 3374 5045 3648 5110; x_wconf 83' lang='lat' dir='ltr'><strong>quemdam</strong></span> <span class='ocrx_word' id='word_1_667' title='bbox 3677 5055 3791 5108; x_wconf 81' lang='lat' dir='ltr'><strong>pru-</strong></span> 
     </span>
    </p>
   </div>
   <div class='ocr_carea' id='block_1_111' title="bbox 2251 5111 3789 5182">
    <p class='ocr_par' dir='ltr' id='par_1_111' title="bbox 2251 5111 3789 5182">
     <span class='ocr_line' id='line_1_112' title="bbox 2251 5111 3789 5182; baseline -0.003 -17"><span class='ocrx_word' id='word_1_668' title='bbox 2251 5113 2547 5175; x_wconf 82' lang='lat' dir='ltr'><strong>stravisset,</strong></span> <span class='ocrx_word' id='word_1_669' title='bbox 2568 5113 2684 5182; x_wconf 87' lang='lat' dir='ltr'><strong>ejus</strong></span> <span class='ocrx_word' id='word_1_670' title='bbox 2707 5127 2863 5182; x_wconf 86' lang='lat' dir='ltr'><strong>equo,</strong></span> <span class='ocrx_word' id='word_1_671' title='bbox 2880 5129 3038 5181; x_wconf 86' lang='lat' dir='ltr'><strong>quem</strong></span> <span class='ocrx_word' id='word_1_672' title='bbox 3054 5111 3152 5182; x_wconf 84' lang='lat' dir='ltr'><strong>sibi</strong></span> <span class='ocrx_word' id='word_1_673' title='bbox 3167 5115 3452 5180; x_wconf 83' lang='lat' dir='ltr'><strong>pugnando</strong></span> <span class='ocrx_word' id='word_1_674' title='bbox 3474 5112 3789 5180; x_wconf 73' lang='lat' dir='ltr'><strong>quzesiverat,</strong></span> 
     </span>
    </p>
   </div>
   <div class='ocr_carea' id='block_1_112' title="bbox 2250 5181 3790 5252">
    <p class='ocr_par' dir='ltr' id='par_1_112' title="bbox 2250 5181 3790 5252">
     <span class='ocr_line' id='line_1_113' title="bbox 2250 5181 3790 5252; baseline -0.002 -18"><span class='ocrx_word' id='word_1_675' title='bbox 2250 5182 2528 5248; x_wconf 84' lang='lat' dir='ltr'><strong>spoliatus,</strong></span> <span class='ocrx_word' id='word_1_676' title='bbox 2563 5181 2770 5252; x_wconf 72' lang='lat' dir='ltr'><strong>injuria:</strong></span> <span class='ocrx_word' id='word_1_677' title='bbox 2797 5181 3114 5252; x_wconf 65' lang='lat' dir='ltr'><strong>ulciscenda)</strong></span> <span class='ocrx_word' id='word_1_678' title='bbox 3149 5183 3374 5249; x_wconf 79' lang='lat' dir='ltr'><strong>euâ€™pidus</strong></span> <span class='ocrx_word' id='word_1_679' title='bbox 3399 5183 3667 5236; x_wconf 84' lang='lat' dir='ltr'><strong>consilium</strong></span> <span class='ocrx_word' id='word_1_680' title='bbox 3695 5183 3790 5232; x_wconf 72' lang='lat' dir='ltr'><strong>cri-</strong></span> 
     </span>
    </p>
   </div>
   <div class='ocr_carea' id='block_1_113' title="bbox 2249 5251 3336 5320">
    <p class='ocr_par' dir='ltr' id='par_1_113' title="bbox 2249 5251 3336 5320">
     <span class='ocr_line' id='line_1_114' title="bbox 2249 5251 3336 5320; baseline 0.002 -18"><span class='ocrx_word' id='word_1_681' title='bbox 2249 5254 2454 5320; x_wconf 73' lang='lat' dir='ltr'><strong>piendre</strong></span> <span class='ocrx_word' id='word_1_682' title='bbox 2485 5253 2688 5305; x_wconf 64' lang='lat' dir='ltr'><strong>Gra&#39;eis</strong></span> <span class='ocrx_word' id='word_1_683' title='bbox 2721 5251 2927 5320; x_wconf 87' lang='lat' dir='ltr'><strong>Apuli:e</strong></span> <span class='ocrx_word' id='word_1_684' title='bbox 2949 5253 3108 5319; x_wconf 83' lang='lat' dir='ltr'><strong>cepit.</strong></span> <span class='ocrx_word' id='word_1_685' title='bbox 3143 5251 3336 5304; x_wconf 72' lang='lat' dir='ltr'><strong>Tmen.</strong></span> 
     </span>
    </p>
   </div>
   <div class='ocr_carea' id='block_1_114' title="bbox 2321 5317 3787 5360">
    <p class='ocr_par' dir='ltr' id='par_1_114' title="bbox 2321 5317 3787 5360">
     <span class='ocr_line' id='line_1_115' title="bbox 2321 5317 3787 5360; baseline 0 0"><span class='ocrx_word' id='word_1_686' title='bbox 2321 5319 2431 5360; x_wconf 53' lang='lat' dir='ltr'><strong>t9?â€œ</strong></span> <span class='ocrx_word' id='word_1_687' title='bbox 2471 5322 2569 5360; x_wconf 79' lang='lat' dir='ltr'><strong>nni</strong></span> <span class='ocrx_word' id='word_1_688' title='bbox 2607 5317 3063 5360; x_wconf 48' lang='lat' dir='ltr'><strong>\â€˜Itlarfpzntlilnaâ€”n</strong></span> <span class='ocrx_word' id='word_1_689' title='bbox 3123 5321 3412 5360; x_wconf 69' lang='lat' dir='ltr'><strong>imnnrettnr</strong></span> <span class='ocrx_word' id='word_1_690' title='bbox 3451 5321 3619 5360; x_wconf 65' lang='lat' dir='ltr'><strong>furtu:</strong></span> <span class='ocrx_word' id='word_1_691' title='bbox 3649 5317 3787 5360; x_wconf 62' lang='grc'><strong>11118-</strong></span> 
     </span>
    </p>
   </div>
  </div>
