4044 5360
219 335 358 405 tias

219 459 488 520 Femineis
519 458 722 515 Graecis
747 473 844 512 cur
873 455 1216 524 permittatur
1246 448 1454 512 haberi,

183 554 346 610 .t'lnm
374 567 542 622 genus
569 553 816 618 ignavum
849 549 939 610 sit,
981 547 1122 614 quod
1153 558 1335 599 comes
1369 537 1648 595 ebrietatis

219 645 445 712 Crapula
478 639 736 694 dissolvat
767 638 990 691 minimo
1023 649 1164 704 Smpc
1193 633 1348 688 hoste
1381 630 1616 702 fugatos,

223 733 532 799 Vestituqu:
562 743 772 799 graves,
805 743 912 781 non
947 726 1114 780 armis
1141 724 1338 777 asserit
1365 731 1538 792 aptos.

219 821 530 886 Nortnanni,
564 821 808 890 quamvis
845 819 1082 872 Danaum
1109 817 1308 868 virtute
1331 811 1536 876 coacti,

217 914 418 984 Appula
455 927 578 966 rura
607 911 756 979 prius
783 909 1078 970 dimittere,
1109 921 1298 962 rursus
1319 905 1472 960 adire

219 1004 328 1058 Hoc
354 1003 668 1056 stimulante
697 1009 925 1071 parant;
955 1013 1178 1052 numero
1203 1011 1324 1050 cum
1351 995 1556 1048 viribus
1603 999 1782 1056 aucto,

219 1095 420 1151 Omnes
447 1093 796 1156 conveniunt,
825 1099 882 1144 et
911 1090 992 1144 bis
1021 1103 1112 1144 sex
1139 1086 1446 1148 nobiliores,

219 1185 360 1251 Quos
383 1200 552 1254 genus
575 1193 626 1238 et
651 1183 886 1252 gravitas
916 1195 1126 1234 morum
1156 1177 1450 1232 decorabat
1479 1183 1534 1230 et
1561 1183 1712 1236 tetas,

219 1278 440 1346 Elegere
465 1278 661 1338 duces;
697 1272 970 1345 provectis
995 1271 1062 1326 ad
1089 1271 1408 1326 comitatum

221 1366 312 1422 llis
338 1367 426 1420 alii
453 1375 678 1436 parcnt;
706 1364 998 1418 comitatus
1025 1375 1222 1415 nomen
1257 1357 1478 1413 honoris
1507 1355 1644 1424 (â€˜27),

219 1457 332 1524 Quo
359 1460 646 1521 donantur,
685 1463 822 1509 erat.
851 1453 914 1508 lli
949 1461 1088 1507 totas
1113 1451 1348 1520 undique
1380 1457 1552 1504 terras

221 1549 454 1604 Divisere
489 1548 612 1612 sibi,
641 1546 694 1599 ui
727 1559 846 1600 sors
875 1544 1092 1598 inimica
1119 1549 1400 1612 repugnet,

219 1638 434 1708 Singula
467 1649 776 1708 proponunt
801 1637 938 1700 loca,
971 1649 1090 1704 qua:
1116 1632 1434 1702 contingere
1469 1639 1618 1686 sorte

220 1733 418 1802 (Inique
463 1731 586 1786 duci
636 1729 854 1794 debent,
893 1739 950 1782 et
995 1741 1222 1798 quaeque
1255 1726 1454 1780 tributa
1509 1723 1783 1788 locorum;

221 1821 328 1877 Hae
355 1822 420 1874 ad
451 1820 592 1874 bella
621 1819 776 1874 simul
807 1819 1066 1874 festinant
1101 1817 1432 1872 conditione.

221 1909 404 1964 Nullus
435 1918 566 1961 tunc
597 1906 744 1960 Italis
771 1907 1042 1960 exercitus
1069 1903 1364 1978 imperialis

219 1999 464 2054 Partibus
493 1998 667 2053 audiri
691 2015 704 2062 ;
735 1997 1048 2053 Graecorum
1079 2007 1188 2052 tota
1218 1997 1402 2068 quieta

221 2089 324 2146 Res
353 2101 489 2152 erat,
525 2099 578 2144 et
599 2091 771 2144 solum
801 2090 1094 2159 tranqttillo
1127 2098 1368 2160 tempore
1393 2089 1591 2146 bellum

219 2181 492 2236 Adversus
529 2181 740 2235 Siculos
763 2181 956 2252 agitari
989 2181 1130 2234 fama
1161 2179 1386 2236 ferebat.

220 2271 417 2341 Appula
448 2269 780 2326 Normannis
817 2271 1144 2324 intrantibus
1173 2285 1324 2334 arva,
1359 2277 1582 2338 repente

223 2362 518 2433 Meltia(23)
547 2375 708 2433 capta
739 2363 860 2428 fuit,
885 2363 1014 2432 quid
1037 2363 1144 2432 ltlitl
1185 2364 1510 2432 prtedantur,
1547 2363 1614 2418 ad
1645 2361 1790 2420 illam

223 2453 413 2508 Urbem
446 2455 750 2520 deducunt;
791 2454 892 2509 hac
919 2455 1046 2512 sede
1075 2454 1304 2508 Basilius
1329 2463 1452 2508 ante
1471 2493 1488 2518 ,

221 2545 380 2608 Quem
409 2559 576 2613 supra
611 2545 856 2608 tuemini,
887 2543 1130 2598 modicas
1155 2543 1516 2598 fabricaverat
1535 2543 1699 2608 aedes,

227 2635 350 2690 Esse
375 2635 558 2690 locum
579 2649 810 2690 cernens
837 2635 1067 2704 inopina:
1091 2635 1514 2690 commoditatis.

221 2728 446 2782 Accessu
473 2728 662 2798 populi
689 2743 830 2782 nunc
859 2729 988 2782 urbs
1015 2727 1242 2782 illustris
1272 2728 1523 2791 habetur,

223 2815 440 2873 Finibus
465 2819 634 2873 Italia:
663 2819 1040 2884 celeberrima,
1071 2821 1224 2874 dives
1255 2818 1454 2874 amomi

225 2910 520 2966 Fertilitate
555 2912 680 2972 loci,
714 2912 931 2966 Cereris
956 2927 1055 2966 nec
1088 2927 1258 2981 egena
1291 2927 1392 2966 nec
1415 2910 1615 2976 amnis,

223 2999 288 3055 Et
311 3017 412 3071 qua
439 3013 602 3072 parte
629 3003 731 3056 sita
763 3011 868 3067 est,
901 3003 1126 3073 insignis
1155 3003 1360 3056 honore
1389 2999 1588 3056 dueali.

225 3093 411 3148 Audito
441 3095 618 3150 reditu
651 3093 848 3149 Siculis
879 3093 1157 3150 Michaelis
1180 3093 1248 3146 ab
1275 3092 1406 3157 oris,

229 3183 352 3239 Sese
380 3187 446 3240 ad
483 3185 624 3240 bella
657 3195 852 3254 parant
873 3183 1192 3249 Normanni,
1222 3183 1378 3253 copia
1409 3184 1658 3252 quamvis

229 3273 384 3330 Multa
411 3277 482 3330 sit
523 3275 822 3345 Argorum,
861 3291 958 3330 sua
995 3289 1158 3343 quam
1197 3273 1522 3342 paucissima
1549 3287 1682 3340 gens
1707 3271 1796 3326 sit.

229 3363 356 3420 Nam
387 3367 597 3436 pedites
626 3375 832 3420 tantum
861 3367 1190 3436 quingentos
1223 3365 1379 3418 turba
1407 3362 1692 3434 pedestris,

231 3457 291 3510 Et
321 3463 694 3529 septingentos
721 3459 1010 3514 comitatus
1047 3455 1278 3510 habebat
1317 3455 1616 3524 equestris;

227 3547 480 3606 Obtectos
505 3551 714 3621 elypeis
741 3565 942 3620 paucos
970 3549 1136 3604 lorica
1173 3558 1374 3602 tuetur.

227 3643 424 3696 Armati
454 3645 662 3714 pedites
693 3645 942 3696 dextrum
985 3642 1284 3709 laevmuque
1315 3647 1604 3694 monentur

229 3733 588 3788 Circumslare
617 3732 786 3798 latus;
819 3731 1022 3802 aliquot
1053 3730 1331 3804 sociantur
1357 3737 1659 3799 equestres,

229 3819 454 3876 Firmior
481 3831 538 3876 ut
571 3823 810 3892 peditum
841 3822 990 3892 plebs
1021 3822 1094 3876 sit
1119 3821 1501 3876 comitantibus
1533 3821 1656 3874 illis.

231 3911 322 3967 llis
351 3914 678 3970 interdicunt
705 3916 926 3970 omnino
957 3916 1212 3970 recedere
1245 3930 1454 3984 campo,

239 4003 304 4058 Ut
333 4007 494 4076 recipi
526 4006 760 4070 valeant,
789 4008 832 4060 si
863 4007 1002 4062 forte
1031 4005 1282 4076 fugentur
1315 4007 1383 4060 ab
1425 4008 1598 4062 hoste.

235 4093 432 4150 Taliter
459 4099 740 4154 instructis
781 4098 882 4152 illis
913 4105 967 4152 ct
993 4098 1246 4165 utrinque
1276 4095 1486 4160 locatis,

233 4183 536 4256 Digreditur
565 4203 769 4244 cuneus
801 4190 958 4257 longe
983 4189 1260 4257 paulisper
1289 4189 1588 4256 equestris;

233 4274 428 4334 Contra
459 4294 594 4348 quos
623 4295 830 4335 cuneus
851 4278 1164 4336 Graecorum
1199 4278 1433 4332 mittitur
1463 4291 1622 4332 unus.

235 4367 348 4424 Non
373 4374 572 4426 etenim
604 4380 746 4426 totas
777 4373 940 4426 Danai
971 4371 1154 4425 laxare
1181 4369 1436 4426 cohortes

235 4457 414 4516 Primo
443 4463 610 4530 Marte
641 4463 834 4526 solent,
861 4462 1127 4532 legionem
1159 4462 1250 4516 sed
1279 4461 1430 4529 prius
1459 4477 1645 4524 uuam,

239 4549 360 4605 inde
385 4553 546 4606 aliam
577 4553 814 4616 mittunt,
848 4561 906 4606 ut
933 4553 1105 4606 virtus
1132 4561 1288 4606 aucta
1313 4565 1534 4605 suorum

241 4639 428 4696 llostcs
457 4643 720 4708 debilitet,
753 4653 1124 4710 terroremque
1145 4651 1344 4712 augeat
1369 4642 1498 4696 illis.

240 4729 328 4786 Sic
352 4734 594 4802 equitum
629 4734 880 4803 princeps
909 4732 1080 4786 obniti
1113 4734 1237 4786 dum
1271 4734 1414 4787 videt
1441 4734 1648 4797 hostes,

241 4819 368 4876 Cum
402 4826 570 4905 magis
593 4826 766 4880 electo
796 4825 885 4893 qui
921 4833 1086 4878 restat
1119 4825 1285 4878 milite
1315 4839 1496 4878 secum

241 4909 536 4983 Proripitur
563 4917 772 4980 subito;
804 4916 1052 4983 viresque
1084 4915 1372 4969 retundere
1397 4929 1622 4982 prorsus

246 4979 330 5036 Sic
360 4979 498 5038 sulet
523 4979 764 5050 hostiles,
793 4979 999 5038 animos
1028 4986 1322 5054 reparando
1351 4979 1592 5040 suorum.

243 5069 304 5088 1â€˜7.
705 5076 716 5085 Î¹
1223 5075 1233 5084 Î¹

359 5089 604 5110 nutriunto
637 5076 754 5110 unt-in
783 5088 1030 5110 noneos-9n
1093 5076 1320 5110 Î¹Î¹Î¼Î¹Î½á¿–Î·Î¹ÏƒÎ¹
1361 5086 1538 5110 Ï€Î»Î·ÏƒÎ¹Î¹á¿‚

850 343 938 398 DE
979 338 1202 396 ltEDUS
1240 331 1482 392 GESTIS
1519 322 1870 382 NOItMAN-N.
1909 322 1974 378 IN
2011 319 2244 379 SiCIIJA
2267 362 2280 384 ,
2323 319 2472 374 ETC.
2503 348 2572 358 -â€”
2607 317 2730 372 LIB.
2773 317 2809 370 Î™.

1811 451 1852 506 Î‘
1887 435 2120 490 Fortiter
2147 433 2472 502 insequitur,
2501 445 2760 484 rtesorum
2788 442 3014 498 corpora
3045 426 3208 482 nmlta

3321 315 3460 372 Ï‰Î´Îµ

1881 527 2088 596 Appula
2119 523 2387 596 planities,
2419 523 2611 576 ï¬‚uvius
2642 521 2733 576 sed
2765 521 2917 590 plura
2947 523 3166 592 recepit.

1882 617 2026 672 Gens
2055 617 2250 684 Argiva
2274 615 2489 684 quidem
2517 613 2682 668 nitnio
2709 611 2952 679 perculsa
2983 627 3205 680 pavore,

1883 708 2020 764 Dum
2079 705 2430 762 tremebunda
2483 705 2654 776 fugit,
2709 719 2815 758 non
2864 705 3154 774 asperitate
3191 705 3464 774 locorum,

1883 797 1998 854 Non
2027 799 2339 868 prohibetur
2364 797 2517 866 aquis
2545 797 2970 860 vehementibus,
3003 805 3058 849 ut
3091 796 3314 866 fugitiva

1883 887 2000 944 Non
2028 904 2085 944 se
2118 889 2448 958 prarcipitet;
2482 889 2664 955 plures
2700 887 2752 939 in
2781 885 2997 940 ï¬‚umine
3025 903 3231 942 mersos

1883 982 2082 1038 Alveus
2109 980 2332 1034 involvit
2361 993 2525 1048 quam
2557 979 2715 1032 morti
2744 979 2974 1034 traderet
3007 979 3172 1032 ensis.

1884 1071 1996 1128 ï¬‚os
2021 1073 2243 1144 jaculis,
2269 1073 2391 1126 illus
2423 1071 2616 1142 gladiis
2645 1085 2776 1140 gens
2803 1069 3004 1124 Gallica
3032 1069 3248 1134 stravit,

1884 1162 2081 1232 Fitque
2109 1163 2284 1218 modis
2313 1160 2474 1214 variis
2499 1159 2807 1214 Cra-corum
2837 1159 3067 1214 maxima
3099 1160 3290 1214 cmdes.

1885 1251 2020 1310 Cum
2045 1254 2235 1322 paucis
2269 1261 2506 1306 montem
2544 1247 2771 1304 Michael
2795 1247 3010 1320 elapsus
3037 1251 3224 1304 adivit.

1887 1343 2108 1398 Vicinos
2139 1353 2348 1396 montes
2374 1354 2630 1412 superare
2657 1342 2936 1394 cacumine
2958 1341 3161 1396 visum:

1887 1431 2168 1488 Gallorum
2201 1433 2344 1486 vires
2368 1431 2594 1486 victoria
2621 1432 2890 1486 mentibus
2917 1443 3098 1502 auget,

1889 1522 2000 1578 Nec
2036 1533 2226 1579 contra
2275 1523 2486 1578 Danaos
2525 1521 2637 1591 jam
2683 1521 2821 1578 bella
2865 1525 3102 1594 gerenda
3145 1529 3458 1594 pavescant.

1890 1613 2043 1670 Haud
2071 1631 2230 1670 secus
2259 1614 2516 1682 accipiter
2545 1611 2734 1668 solitus
2771 1621 2987 1681 captare
3017 1613 3252 1671 minores

1889 1707 2260 1764 lndubitanter
2291 1721 2440 1772 aves,
2467 1705 2720 1760 dubitans
2747 1705 2967 1774 majoris
2999 1707 3137 1762 inire

1815 1807 1864 1868 Î’
1891 1797 2050 1852 Alitis
2077 1797 2364 1860 assultnm,
2395 1797 2598 1867 poterit
2623 1797 2667 1850 si
2695 1795 2832 1850 forte
2855 1795 2936 1850 vel
2965 1813 3126 1850 unam

1891 1877 2234 1958 Exsuperare
2261 1903 2469 1958 gruem,
2501 1901 2606 1942 non
2639 1887 2762 1940 inde
2787 1886 2998 1942 timebit
3027 1888 3254 1956 olorem,

1891 1983 1958 2038 Et
1989 1985 2196 2056 magnis
2219 1984 2320 2036 avi;
2346 1999 2408 2038 us
2431 1983 2542 2052 jam
2575 1981 2648 2036 nil
2689 1983 2907 2036 obSIare
2933 1981 3172 2052 pavebit.

1890 2074 2120 2145 Agmine
2151 2073 2382 2128 collecto
2411 2073 2741 2136 Grareorum,
2781 2087 2968 2126 rursus
2997 2072 3063 2126 ad
3089 2087 3306 2128 amucm

1891 2163 2094 2220 Cannis
2118 2163 2329 2218 alIinem
2363 2164 2452 2232 qui
2483 2163 2681 2216 dicitur
2709 2161 2950 2226 Auï¬dus,
2981 2177 3170 2218 omnes

1893 2257 2040 2324 Quos
2061 2255 2242 2310 secum
2267 2255 2442 2326 potuit
2469 2253 2693 2308 Michael
2721 2251 3007 2316 deducere,
3043 2253 3216 2307 duxit.

1891 2350 1972 2406 Ad
2001 2363 2232 2418 pugnam
2265 2345 2400 2402 Galli
2427 2345 2672 2410 redeunt,
2699 2354 2758 2398 ut
2786 2351 3024 2400 cesserat
3049 2354 3196 2400 ante.

1893 2441 2046 2498 Cedit
2071 2457 2150 2494 ets
2179 2437 2427 2502 Michael,
2467 2437 2590 2490 victi
2627 2435 2810 2508 fugere
2835 2434 3070 2506 Pelasgi,

1893 2533 2184 2590 Caeduntur
2211 2531 2382 2596 multi,
2413 2529 2642 2584 labentis
2668 2543 2806 2597 equo
2833 2527 3087 2582 Dochiaui

1893 2625 2160 2694 Armigeri
2195 2621 2395 2676 auxilio
2422 2629 2670 2674 servatur
2698 2617 2807 2673 vita
2837 2617 3066 2690 fugacis.

1895 2715 2114 2771 Corruit
2137 2713 2342 2772 offenso
2375 2713 2514 2782 pede
2541 2712 2678 2767 forte
2705 2711 2942 2766 caballus
2969 2711 3034 2766 ad
3066 2709 3243 2768 amnis

1897 2805 2224 2877 lngressum.
2259 2802 2486 2860 Michael
2509 2803 2758 2858 manibus
2777 2801 2888 2870 jam
2917 2816 3056 2872 pene
3085 2803 3344 2860 tenendus

1899 2896 2125 2952 liostilis
2155 2894 2346 2960 turbae,
2379 2881 2656 2964 proprium
2692 2893 2921 2948 ducente
2953 2892 3200 2950 ministro

1897 2989 1994 3044 Est
2019 2987 2232 3056 elapsus
2258 3001 2454 3056 equum
2480 3002 2494 3052 ;
2532 2983 2824 3040 Normanni
2851 2983 2970 3054 plus
2992 2983 3301 3040 animantur

1899 3079 2018 3147 Quo
2062 3080 2234 3150 magis
2261 3087 2491 3148 augetur
2517 3077 2644 3132 felt:
2672 3091 2953 3133 successus
2982 3077 3036 3131 in
3072 3077 3260 3132 armis.

1824 3179 1872 3242 Î¿
1901 3169 2098 3224 Pelusii
2127 3172 2328 3226 montis
2356 3171 2580 3226 Michael
2611 3169 2748 3240 petit
2777 3170 2944 3224 ardua
2973 3169 3169 3226 victus.

1905 3258 2041 3314 ilinc
2067 3261 2328 3314 exercitui
2356 3259 2668 3314 Graecorum
2698 3258 2884 3312 nuntia
2917 3257 3101 3324 mittit,

1903 3351 2004 3416 Qui
2034 3351 2228 3406 Siculis
2264 3351 2440 3404 inerat
2469 3357 2600 3404 tunc
2631 3349 2898 3418 partibus,
2923 3358 2980 3402 ut
3007 3347 3327 3417 reparandis

1905 3441 2123 3495 Viribus
2158 3441 2414 3505 accedat,
2445 3439 2642 3510 quibus
2673 3438 2827 3492 hoste
2857 3437 3073 3506 fugatus
3103 3437 3310 3508 egebat.

1903 3531 2076 3586 Metti-.1
2107 3529 2432 3586 Normannis
2459 3529 2778 3594 victoribus,
2807 3538 2866 3584 ut
2891 3538 3188 3600 repetatur,

1903 3624 2234 3694 Complacet,
2275 3624 2361 3678 hic
2391 3622 2576 3694 spoliis
2605 3621 2844 3678 collectis
2873 3623 3046 3694 gentis
3069 3621 3302 3686 Achtew,

1905 3715 2067 3768 Stant
2095 3703 2489 3784 aliquantisper
2521 3712 2804 3782 tranquilla
2841 3727 2970 3782 pace
3001 3711 3192 3782 quieti.

1907 3807 2011 3861 Pro
2045 3823 2270 3861 numero
2311 3807 2569 3862 comitum
2601 3805 2683 3859 bis
2707 3820 2798 3858 sex
2829 3813 3070 3859 statuere
3095 3802 3322 3874 plateas,

1905 3899 2086 3968 Atque
2109 3901 2302 3952 domus
2322 3897 2582 3952 comitum
2611 3895 2831 3952 totidem
2860 3896 3194 3951 fabricantur
3245 3895 3298 3950 in
3321 3897 3475 3950 urbe.

1907 3987 2014 4041 Sed
2043 3988 2168 4056 quia
2198 3985 2484 4056 terrigenis
2514 3985 2712 4040 terreni
2743 3989 2954 4052 semper
2985 3985 3215 4040 honores

1905 4080 2163 4134 invidiam
2195 4079 2434 4150 pariunt,
2467 4080 2722 4134 comitum
2751 4079 3001 4132 mandata
3033 4086 3302 4140 recusant,

1907 4171 2053 4238 Quos
2085 4171 2184 4226 sibi
2218 4171 2598 4240 praetulerunt,
2629 4168 2766 4224 Galli
2794 4183 3010 4222 servare
3041 4167 3271 4222 feroces.

1909 4263 2218 4332 lndigenam
2251 4263 2390 4316 Latii
2421 4259 2652 4329 propriae
2677 4273 2990 4328 praeponere
3019 4259 3164 4328 genti

1910 4353 2156 4408 Dilexere
2187 4353 2376 4422 magis,
2411 4349 2702 4406 Beneventi
2732 4349 2988 4420 principis
3016 4349 3173 4420 hujus
3439 4409 3448 4420 Î²

1907 4445 2116 4501 Nomen
2143 4443 2460 4506 Adenolfus,
2491 4457 2625 4514 quos
2658 4443 2880 4498 forsitan
2913 4443 3026 4510 ipse
3051 4442 3134 4495 vel
3161 4456 3348 4496 aurum
3443 4517 3450 4522 _

1833 4517 1882 4570 á¿™)
1911 4536 2094 4588 Dando
2122 4535 2204 4588 vel
2237 4543 2538 4604 argentum,
2567 4533 2708 4604 pacti
2741 4541 2950 4588 mutare
2973 4533 3170 4602 prioris

1908 4623 2256 4693 Compulcrat
2283 4633 2492 4688 votum;
2519 4623 2649 4694 quid
2679 4639 2786 4680 non
2818 4623 3089 4694 compellit
3118 4623 3258 4680 inire

1908 4713 2146 4768 Ambitio
2176 4713 2413 4769 census?
2446 4727 2610 4768 sanos
2639 4722 2884 4768 evertere
2910 4701 3103 4768 sensus

1911 4803 2036 4858 llam
2071 4805 2234 4869 valet,
2264 4821 2328 4858 ac
2359 4805 2477 4858 fidei
2520 4803 2724 4870 rigidos
2745 4800 3044 4860 dissolvere
3073 4820 3270 4864 nexus.

1912 4897 2204 4964 Postquam
2237 4897 2440 4950 delatos
2475 4893 2735 4949 Dochiani
2768 4894 3041 4952 exercitus
3071 4896 3222 4955 audi:

1915 4987 2162 5043 Partibus
2199 4987 2251 5040 in
2283 4984 2481 5041 Siculis
2519 4983 2723 5052 apices,
2750 4977 2898 5040 etde
2928 4991 3256 5056 reparandis

1913 5077 2028 5110 â€˜r'in:
2041 5079 2132 5110 hnc
2167 5077 2472 5110 nni-nnnilnc

2531 5071 2864 5110 lâ€˜niâ€˜ltianlnn
2895 5078 3040 5110 nnvil
3073 5091 3235 5110 Annua
3249 5095 3330 5110 Î·..-
