4044 5360
560 162 701 224 ’1053

1890 158 2267 215 GUll.l.l§L.\il
2304 158 2510 214 Al’UlJ

3687 157 3816 213 1056

556 284 813 353 Corpora,
843 297 959 351 que
1000 280 1201 349 campis
1243 288 1296 333 et
1344 279 1496 349 aquis
1540 278 1815 331 inhumata
1854 276 2128 345 jacebant.
2158 280 2207 338 Α
2238 272 2388 327 Nunc
2412 274 2488 336 hi,
2522 289 2661 326 nunc
2689 272 2761 327 illi
2793 272 3109 345 fugiuntque
3133 272 3425 343 fugantque
3464 272 3752 342 fugantes;

557 378 690 429 Cum
717 375 919 431 Grazcis
945 376 1169 428 aderant
1196 372 1433 442 quidam,
1463 386 1598 440 quos
1631 368 1898 440 pessimus
1924 383 2077 422 error

555 464 780 519 Fecerat
811 475 1075 526 amentes,
1114 472 1166 516 et
1192 463 1258 515 ah
1294 462 1407 531 ipso
1438 475 1628 514 nomen
1658 460 1948 522 habebant,

553 551 709 609 Plebs
750 555 884 610 solet
906 555 1005 609 ista
1036 555 1248 609 Patrem
1272 568 1395 607 cum
1424 552 1641 607 Christo
1677 552 1855 606 dicere
1885 566 2127 621 passum,

552 644 619 698 Et
646 644 810 699 fronti
839 644 1006 713 digito
1046 643 1256 713 signum
1288 643 1468 697 crucis
1505 642 1762 711 imprimit
1807 658 1933 706 uno,

552 735 669 791 Non
710 735 871 789 aliam
898 733 1017 787 Nati
1049 750 1333 804 personam
1362 750 1520 802 quam
1548 733 1727 787 Patris
1754 748 1897 799 esse,

550 827 701 882 lianc
730 826 893 881 etiam
925 824 1093 879 sancti
1126 823 1444 894 Spiramiuis
1472 838 1591 877 esse
1622 822 1904 877 docebant.

549 918 615 973 lli
648 918 807 975 simul
837 918 903 973 ad
938 917 1141 972 bellum
1188 924 1499 986 properant,
1534 930 1685 970 mens
1718 915 1968 970 omnibus
1997 929 2128 981 una,

553 1010 728 1078 Vires,
758 1026 896 1082 quas
920 1009 1148 1065 Michael
1179 1011 1460 1073 amiserat,
1490 1017 1549 1061 ut
1574 1018 1911 1077 reparentur.

550 1103 704 1159 llunc
766 1115 946 1158 tamen
1000 1118 1120 1158 esse
1167 1101 1358 1157 ducem
1412 1108 1561 1155 vetat
1617 1100 1848 1170 amplius
1901 1100 2130 1171 agminis

1833 1194 2058 1268 [huius,

546 1286 762 1358 Imperii
796 1290 893 1343 sub
919 1302 1025 1357 quo
1058 1286 1263 1343 romani
1306 1302 1435 1342 cura
1464 1283 1735 1349 manebat,

547 1378 748 1432 Contra
777 1376 1138 1443 Normannos,
1167 1377 1290 1447 quia
1324 1375 1527 1430 nullum
1557 1374 1932 1446 prosperitatis

548 1468 867 1523 Successum
892 1468 1144 1531 obtinuit,
1172 1468 1348 1538 jubet,
1380 1467 1724 1538 Exaugustus
1753 1476 1811 1522 ut
1844 1466 2003 1537 hujus

529 1558 789 1614 ﬂfﬁcium
830 1560 1040 1624 subeat,
1072 1559 1284 1614 Danaos
1312 1559 1363 1612 in
1394 1558 1579 1627 prtelia
1606 1558 1791 1612 ducat.

543 1650 759 1705 Dicitur
786 1650 929 1705 hunc
960 1651 1132 1706 victor
1156 1649 1405 1720 genuisse
1432 1648 1662 1705 Basilius
1694 1648 1805 1717 ille,

545 1738 647 1806 Qui
676 1741 810 1795 duce
847 1737 948 1794 sub
974 1738 1110 1794 Melo
1139 1738 1323 1795 Gallos
1350 1741 1477 1795 dare
1506 1748 1655 1809 terga
1686 1740 1882 1811 coegit.

544 1832 671 1889 inde
700 1833 842 1889 redit
869 1833 1081 1889 Siculas
1113 1832 1338 1891 Michael
1371 1833 1678 1891 Dochianus
1706 1836 1773 1890 ad
1801 1850 1945 1891 oras.

534 1923 885 1995 Exaugustus
912 1940 1027 1991 eos,
1064 1939 1293 1995 quorum
1323 1925 1425 1980 sibi
1459 1926 1653 1980 tradita
1684 1942 1810 1981 cura
1838 1936 1941 1994 est,

542 2013 747 2069 Taliter
771 2013 1062 2085 alloquitur
1095 2032 1110 2069 :
1147 2012 1437 2070 Prudentia
1467 2026 1643 2072 vestca
1675 2018 1818 2073 virili

542 2104 863 2161 Conditioue
898 2106 1083 2177 vigens
1115 2122 1221 2161 non
1252 2122 1347 2163 vos
1371 2109 1648 2176 permittat
1678 2110 1878 2165 habere

539 2195 645 2249 Cor
674 2196 956 2262 muliebre,
986 2197 1108 2253 viri.
1141 2198 1270 2266 Qua:
1300 2214 1394 2253 vos
1424 2199 1631 2270 ignavia
1663 2214 1877 2270 semper

540 2286 695 2359 Cogit
721 2289 858 2344 inire
880 2289 1094 2360 fugam?
1125 2304 1390 2345 memores
1416 2300 1591 2345 estote
1617 2292 1879 2360 priorum,

538 2381 776 2449 Quorum
801 2380 1090 2438 strenuitas
1116 2390 1281 2438 totum
1312 2382 1412 2437 sibi
1441 2382 1677 2437 subdidit
1698 2382 1907 2438 orbem.

538 2469 738 2525 Hector
767 2471 1020 2526 Achilleis
1047 2470 1373 2527 fortissimus
1403 2471 1600 2527 occidit
1623 2472 1809 2526 armis.

538 2558 697 2626 Troja
725 2556 1000 2614 Michzenei
1026 2561 1140 2632 (30)
1169 2559 1276 2615 ruit
1301 2561 1512 2633 ignibus
1541 2570 1659 2615 usta
1689 2559 1920 2623 furoris;

538 2648 766 2718 Philippi
796 2656 1029 2717 quantus
1050 2649 1213 2704 fuerit
1240 2651 1407 2721 vigor,
1436 2650 1582 2705 ludia
1614 2651 1792 2716 novit;

540 2736 707 2808 Hujus
736 2740 1039 2794 Alexander
1070 2741 1246 2808 proles
1276 2741 1569 2796 fortissima
1626 2755 1803 2796 nonne

539 2830 723 2885 Fortia
756 2831 1043 2885 multorum
1073 2832 1301 2901 subjecit
1331 2847 1497 2904 regna
1524 2833 1797 2903 Pelasgis?

538 2922 787 2980 Partibus
816 2925 1078 2991 occiduis,
1108 2924 1420 2981 Graecorum
1446 2928 1588 2983 fama
1617 2928 1796 2984 timori

533 3014 796 3070 Omnibus
819 3024 873 3070 et
904 3017 1085 3071 mundi
1116 3018 1422 3089 regionibus
1451 3035 1573 3077 esse
1594 3022 1821 3077 solebat.

534 3104 663 3171 Quze
688 3120 838 3176 gens,
867 3106 1050 3160 audito
1078 3107 1387 3164 Gra'corum
1419 3112 1649 3175 nomine,
1681 3121 1827 3167 stare

533 3195 779 3253 Audebat
808 3197 1036 3265 campo?
1063 3198 1150 3251 vix
1176 3199 1393 3269 oppida,
1424 3209 1622 3267 castra,
1649 3200 1731 3256 vel
1761 3203 1920 3256 urbes

524 3283 845 3347 ﬁeddebant
875 3296 1018 3342 tutos
1052 3288 1119 3342 ab
1144 3305 1330 3344 eorum
1360 3291 1566 3347 viribus
1593 3293 1804 3357 hostes;

533 3375 704 3443 State,
735 3392 947 3447 precor,
978 3379 1159 3445 validi,
1191 3396 1457 3437 memores
1486 3382 1701 3439 virtutis
1728 3386 1906 3451 avitae,

530 3469 941 3542 Degeneresque
969 3474 1161 3542 pedum
1189 3490 1293 3528 non
1328 3489 1423 3530 vos
1448 3474 1639 3530 ﬁducia
1672 3476 1877 3531 reddat.

532 3560 683 3615 ilosti
715 3562 905 3616 adimit
939 3564 1083 3618 vires
1110 3564 1201 3634 qui
1225 3574 1369 3620 stare
1408 3566 1637 3621 viriliter
1668 3569 1847 3622 audet.

533 3650 828 3705 Procurate
852 3653 1002 3720 sequi
1035 3654 1253 3723 vestigia
1287 3655 1458 3726 prima
1492 3667 1803 3727 parentum.

524 3736 649 3791 'Jam
686 3738 809 3810 iuga
836 3739 1143 3811 displiceat;
1180 3751 1321 3798 totus
1346 3760 1441 3798 vos
1464 3748 1662 3801 sentiat
1686 3748 1834 3804 orbis

531 3827 720 3883 Fortes
751 3844 871 3884 esse
896 3832 1060 3885 viros.
1086 3830 1197 3887 Non
1219 3841 1302 3887 est
1323 3835 1388 3888 ad
1418 3834 1552 3890 bella
1586 3838 1858 3893 timendus

530 3917 862 3975 Francorum
892 3922 1138 3992 p0pulus,
1169 3938 1499 3993 numeroque
1529 3936 1583 3980 et
1613 3928 1817 3983 viribus
1846 3930 2021 4001 impar

529 4010 627 4065 His
654 4011 812 4067 dictis
852 4013 1061 4068 animos
1087 4013 1395 4071 Graecorum
1427 4020 1696 4085 accendit,
1724 4030 1780 4077 et
1818 4037 2008 4080 omnes

528 4099 780 4172 Praecipit
808 4102 1087 4172 Argolicos
1114 4114 1365 4162 montana
1391 4110 1719 4180 relinquere,
1748 4114 1921 4185 campi

524 4192 775 4259 Qtirerere
798 4194 1103 4263 planitiem;
1135 4198 1338 4267 campis
1364 4209 1418 4254 et
1449 4212 1627 4256 castra
1656 4202 1875 4260 locavit.

524 4282 906 4353 Exploratores
930 4285 1065 4341 Galli
1098 4288 1314 4354 misere,
1342 4300 1561 4359 paratus

514 4372 599 4427 ~Ut
624 4373 863 4430 Danaum
889 4376 1125 4431 videant.
1160 4378 1420 4434 Referunt
1449 4382 1515 4437 ad
1549 4382 1684 4438 bella
1711 4395 1951 4455 paratos,

526 4464 595 4517 Et
626 4480 731 4521 non
764 4476 967 4523 mutata
1001 4476 1265 4524 mutatum
1295 4480 1475 4527 mente
1504 4476 1821 4546 magistrum

525 4552 610 4609 Nil
633 4565 877 4613 metuunt
900 4560 1075 4626 multi,
1109 4561 1272 4617 sociis
1298 4563 1351 4616 in
1383 4573 1564 4619 monte
1594 4566 1812 4633 relictis,

526 4644 644 4710 Quo
669 4648 763 4700 tuti
796 4649 1036 4717 redeant,
1068 4650 1228 4706 fuerit
1253 4653 1295 4707 si
1327 4652 1466 4709 forte
1496 4670 1740 4723 necesse,

523 4735 789 4805 indigenae
816 4736 1014 4794 Danais
1040 4741 1373 4797 descendunt
1401 4745 1676 4801 auxiliari.

524 4824 707 4895 Campi
736 4827 965 4896 planicie
996 4833 1220 4899 populus
1248 4837 1501 4891 convenit
1524 4845 1780 4909 uterque;

516 4914 707 4985 Pugna
738 4918 797 4971 iit
824 4920 945 4973 inde
969 4923 1169 4988 gravis,
1203 4932 1262 4978 ut
1292 4924 1471 4980 vincat
1500 4935 1728 4998 uterque
1756 4929 1987 4985 lahorat.

593 5141 706 5213 (50)
750 5141 1022 5213 Mycenazi.
1046 5142 1197 5213 Lars.

594 5214 706 5285 (51)
740 5212 964 5287 parium
1009 5212 1351 5287 aliis_di_c_i_tur
1392 5217 1595 5287 Apuliae
1630 5221 1760 5278 urbs
1791 5222 2088 5281 maritima.

521 5279 649 5360 nec
670 5279 698 5335 a
731 5280 1022 5338 Guilielmo
1047 5279 1089 5347 Ι,
1114 5281 1311 5336 Siciliae
1341 5279 1465 5355 rege
1490 5288 1730 5346 funditus
1758 5294 1935 5348 deleta
1980 5279 2085 5351 est.

2235 367 2479 433 Cumque
2518 366 2607 419 diu
2648 382 2882 437 pugnam
2912 365 3079 421 Gallis
3113 367 3442 433 patientibus
3481 365 3609 434 Argi

2231 454 2444 507 Acriter
2470 456 2754 521 instarent,
2783 456 3017 510 victores
3037 454 3150 523 jam
3190 468 3353 525 prope
3380 455 3532 514 facti.

2230 545 2532 615 Proripitur
2562 548 2741 602 subito
2772 549 2976 602 medios
2997 548 3248 601 Galterus
3270 547 3321 599 in
3353 546 3564 607 hostes;

2232 636 2571 691 Normannos
2595 639 2821 695 hortans
2847 641 2913 693 ad
2944 641 3080 695 bella
3112 640 3292 694 redire
3314 640 3570 709 fugaces;
3614 688 3629 703 ,κ

2232 726 2349 795 Ipse
2375 728 2671 782 electorum
2695 731 2950 784 comitum
2975 732 3073 785 fuit
3098 748 3256 797 unus,
3290 733 3451 787 amici

2230 817 2398 874 Filius
2424 820 2678 891 insignis;
2722 822 2926 876 nullum
2954 832 3229 877 certamen
3261 824 3456 878 Achivi

2230 911 2450 981 Experti
2489 914 2737 983 gravius;
2763 914 2856 970 sed
2886 915 3150 984 plurimus
3176 918 3262 971 hic
3289 918 3414 988 quia
3456 918 3613 971 miles

2230 1000 2464 1068 Occidit,
2492 1004 2684 1059 heroes
2708 1006 2862 1059 multi
2892 1006 3051 1060 simul
3085 1006 3363 1061 interiere.

2229 1095 2431 1151 Ductus
2460 1096 2700 1151 Adenolll
2732 1098 2900 1151 miser
2944 1099 3285 1168 Exaugustus
3315 1100 3379 1153 ad
3415 1100 3635 1166 urbem,

2230 1186 2571 1242 Prmcedebat
2594 1203 2791 1257 equum
2808 1188 3033 1243 victoris
3060 1190 3127 1245 ab
3156 1190 3309 1244 hoste
3331 1190 3530 1259 ligatus

2229 1281 2517 1337 Ostentare
2542 1284 2623 1338 sui
2647 1299 2899 1354 pompam
2927 1285 3175 1354 cupiente
3208 1286 3488 1356 triumphi.

2231 1372 2336 1427 Ter
2360 1373 2527 1429 Gallis
2560 1375 2650 1430 illo
2688 1376 2919 1431 victoria
2956 1378 3185 1447 contigit
3219 1393 3385 1431 anno.

2227 1462 2477 1519 Confusis
2504 1464 2703 1520 Danais
2726 1467 2840 1535 jam
2868 1481 2993 1535 spes
3017 1476 3102 1521 est
3136 1467 3279 1521 nulla
3306 1468 3557 1536 trophmi,

2226 1554 2416 1609 Omnia
2439 1556 2759 1625 przeciarum
2788 1572 2951 1627 super
2973 1556 3181 1627 Appula
3211 1560 3409 1613 rnmnia
3441 1559 3642 1614 Barum
3667 1562 3799 1634 (3i),

2157 1634 2199 1692 Β
2226 1646 2335 1702 illis
2367 1648 2720 1717 temporibus,
2752 1648 3052 1717 Monopolis
3074 1659 3126 1705 et
3161 1648 3485 1715 Juvenacus,

2224 1738 2399 1808 Atque
2421 1739 2582 1793 urbes
2613 1739 2732 1794 alia:
2762 1740 3110 1809 quamplures
3137 1740 3342 1797 foedere
3373 1750 3558 1811 spreto

2223 1828 2557 1896 Grtecorum,
2581 1840 2797 1900 pactum
2832 1846 2953 1886 cum
3021 1831 3368 1902 Francigenis
3397 1832 3589 1888 iniere.

2224 1919 2350 1977 Inde
2373 1938 2591 1978 manere
2618 1924 2727 1978 Deo
2748 1923 2965 1979 nolente
2987 1923 3189 1979 diutius
3212 1925 3327 1995 ejus

2221 2009 2533 2081 imperium,
2576 2014 2807 2068 moritur
2838 2014 3070 2068 Michael
3099 2014 3236 2085 (52),
3276 2015 3531 2072 Michaele
3574 2026 3758 2087 nepote

2223 2103 2562 2158 Succedente
2601 2104 2725 2167 sibi.
2755 2105 2844 2174 qui
2871 2105 3261 2161 Constantinus
3287 2116 3343 2161 et
3372 2107 3516 2162 idem

2219 2192 2450 2250 Nomine
2473 2196 2649 2249 dictus
2676 2205 2796 2249 erat
2830 2213 2846 2251 :
2887 2198 3200 2266 quemdam,
3224 2198 3464 2253 solamen
3492 2208 3552 2252 ut
3581 2199 3702 2253 inde

2218 2286 2417 2339 Auxilii
2446 2296 2662 2355 caperet
2695 2301 2826 2356 gens
2852 2288 3083 2357 Appula,
3116 2290 3484 2360 Synolianum

2220 2378 2490 2443 Destinat,
2525 2378 2612 2432 hic
2654 2379 2895 2444 veniens,
2942 2389 2998 2435 et
3040 2381 3216 2449 primo
3259 2380 3515 2451 appulsus
3547 2380 3784 2451 Hydrun-

3348 2471 3488 2544 [tum
3516 2472 3650 2541 (53),

2220 2554 2451 2628 Legatos
2478 2574 2656 2615 socias
2686 2559 3017 2617 Francorum
3046 2561 3192 2617 misit
3221 2562 3289 2617 ad
3329 2564 3511 2629 urbes,

2219 2648 2289 2704 Se
2316 2652 2479 2719 recipi
2502 2652 2767 2722 rogitans;
2803 2652 2995 2707 nolunt
3022 2667 3216 2723 parere
3240 2654 3472 2724 roganti.

2217 2738 2461 2794 Militiam
2491 2758 2746 2810 reparare
2770 2744 2938 2814 cupit,
2969 2745 3065 2799 sed
3096 2745 3267 2799 milite
3303 2745 3471 2799 multo

2215 2830 2366 2885 Caeso
2399 2848 2461 2886 ac
2488 2832 2757 2903 disperso,
2788 2850 2988 2906 paucos
3016 2836 3254 2891 retinere
3278 2836 3509 2892 valebat.

2218 2923 2561 2995 Synodianns
2590 2926 2659 2980 ob
2688 2927 2790 2982 hoc
2820 2943 3004 2983 muros
3032 2944 3140 2983 non
3176 2929 3378 2984 deserit
3402 2930 3573 2985 urbis.

2138 2985 2184 3050 c
2216 3015 2370 3072 llunc
2400 3027 2575 3073 tamen
2605 3020 2840 3074 edictum
2888 3020 3015 3076 facit
3046 3021 3325 3093 imperiale
3356 3026 3573 3079 reverti.

2212 3104 2374 3160 Multa
2402 3124 2498 3176 per
2529 3110 2630 3165 hoc
2663 3118 2872 3180 tempus
2900 3112 2999 3166 sibi
3030 3113 3378 3182 promittente
3406 3114 3614 3170 Salerni

2211 3196 2468 3270 Principe
2494 3200 2810 3257 Guaimario
2842 3203 2977 3275 (54),
3008 3204 3371 3262 Normannica
3401 3223 3532 3277 gens
3558 3207 3774 3261 famula.

3533 3299 3669 3372 [tum

2210 3376 2425 3447 Spernit
2451 3380 2728 3451 Adenolti;
2755 3385 2850 3440 sed
2891 3401 2950 3442 se
2984 3389 3355 3445 tantummodo
3380 3390 3526 3445 cives

2206 3468 2425 3525 Aversa:
2444 3473 2708 3530 dederant
2735 3476 2924 3531 ditioni
2950 3477 3352 3536 Guaimarianze
3380 3499 3394 3535 :

2205 3560 2341 3615 Nam
2377 3562 2566 3632 reliqui
2597 3564 2758 3631 Galli,
2791 3581 2925 3636 quos
2971 3570 3180 3639 Appula
3213 3581 3360 3627 terra
3397 3572 3629 3637 tenebat,

2203 3654 2415 3726 Argyro
2454 3656 2575 3711 Meli
2614 3660 2800 3729 genito
2826 3660 3034 3716 servire
3062 3663 3335 3719 volebant.

2204 3744 2340 3800 Nam
2375 3756 2527 3817 pater
2548 3749 2717 3819 ipsius
2746 3753 2894 3820 prior
2922 3754 3268 3810 introducere
3292 3755 3489 3819 Gallos,

2204 3834 2299 3890 liis
2322 3848 2374 3891 et
2402 3839 2453 3891 in
2483 3838 2631 3895 Italia
2667 3842 2872 3897 studuit
2893 3844 3023 3899 dare
3044 3860 3265 3901 munera
3294 3847 3518 3916 primus.

2201 3925 2441 3997 Argyrus
2461 3943 2681 3998 pauper,
2718 3930 2843 3986 licet
2871 3934 3046 3987 audax
3076 3943 3130 3988 et
3165 3948 3478 4003 generosus,

2204 4018 2275 4074 Se
2304 4028 2467 4075 tanta:
2492 4023 2635 4091 genti
2664 4024 2933 4080 dominari
2955 4041 3115 4096 posse
3145 4029 3382 4097 negavit.

2201 4108 2333 4163 Cum
2361 4110 2494 4164 nihil
2528 4115 2737 4183 argenti
2765 4115 2941 4171 valeat
2968 4118 3233 4187 praebere.
3265 4120 3348 4172 vel
3377 4120 3515 4174 auri.

2201 4196 2264 4251 ili
2289 4214 2347 4254 se
2379 4215 2483 4255 non
2515 4216 2707 4257 aurum
2728 4208 3053 4274 proﬁtentur
3080 4225 3286 4276 amare,
3312 4212 3405 4265 sed
3433 4212 3624 4280 ipsum.

2130 4324 2175 4380 Β
2200 4287 2365 4357 Cujus
2387 4290 2467 4345 eis
2490 4292 2734 4360 placidus
2761 4294 2935 4350 fuerat
2959 4307 3132 4366 pater.
3162 4299 3277 4367 ipse
3312 4309 3621 4369 precantem

2200 4375 2428 4433 Exaudit
2455 4382 2737 4451 populum;
2770 4394 3033 4441 nocturno
3059 4396 3302 4456 tempore
3340 4404 3523 4443 secum

2199 4469 2425 4526 Deducit
2447 4473 2642 4527 Barum
2669 4484 2797 4529 natu
2826 4492 3098 4548 sensuque
3122 4481 3352 4550 priores,

2198 4562 2344 4629 Quos
2370 4567 2542 4620 sancti
2570 4567 2761 4623 ductos
2789 4569 3118 4638 Apollinaris
3149 4573 3216 4625 ad
3245 4573 3417 4629 aedem

2199 4655 2405 4712 Taliter
2428 4657 2623 4713 affatur
2652 4678 2666 4714 :
2699 4661 2861 4716 Pretii
2886 4677 3006 4717 cum
3032 4663 3175 4717 nulla
3203 4664 3430 4719 facultas

2199 4748 2280 4804 Sit
2315 4751 2468 4817 mihi,
2498 4768 2606 4822 quo
2628 4755 2830 4822 possim
2856 4756 3108 4825 populum
3127 4759 3330 4811 donare
3366 4765 3648 4826 potentem,

2197 4840 2306 4895 Cur
2325 4843 2549 4912 populus
2570 4854 2748 4899 vester
2775 4861 2859 4900 me
2886 4847 3000 4899 vult
3027 4847 3125 4901 sibi
3153 4847 3403 4917 praefore,
3436 4862 3616 4903 miror.

2198 4933 2305 4989 Vos
2335 4935 2532 4989 etenim
2562 4936 2687 4990 novi
2725 4939 2951 4994 diversis
2980 4941 3139 4994 rebus
3168 4956 3351 5010 egere,

2195 5158 2344 5215 LEIB.

2268 5233 2378 5309 (ζῶ)
2420 5232 2777 5309 liydruntum.
2826 5253 2944 5309 quze
3000 5246 3054 5292 et
3114 5238 3419 5309 Hydrusia
3474 5236 3737 5293 Ptolomreo

2197 5301 2417 5360 dieitur.
2452 5301 2581 5360 urbs
2629 5317 2712 5360 est
2747 5309 2800 5360 iu
2845 5301 3098 5360 Calabria
3146 5301 3296 5360 iuxta
3347 5308 3553 5360 lenium
3604 5313 3735 5358 mnrc
