4044 5360
221 325 358 384 I057
900 327 986 382 DE
1024 327 1248 383 llEBUS
1283 325 1528 383 GESTIS
1567 325 1922 382 NOIIMANN.
1960 325 2024 380 ΙΝ
2067 292 2337 391 SllleIA,
2368 324 2516 382 I'ZTC.
2548 357 2615 366 —
2653 326 2777 380 LIB.
2818 326 2859 382 I.
3350 313 3482 390 l053

219 441 370 506 Quas
395 453 517 493 cum
550 453 654 492 non
678 439 897 502 dedero,
927 456 1011 496 me
1042 457 1146 495 non
1177 441 1308 495 dare
1334 456 1491 510 posse
1521 440 1734 496 dolebo.
1833 444 1881 501 Α
1907 440 2149 509 Argyrus
2194 440 2383 495 nolens
2417 440 2516 495 sibi
2551 439 2688 495 desit
2719 450 2776 494 ut
2799 413 3096 509 imperialis
3157 423 3159 425 1

221 529 304 582 Illi
334 530 667 601 respondent
693 547 706 583 :
734 529 988 586 Nostrum
1020 540 1070 585 to
1111 533 1370 602 principe,
1413 531 1596 586 nullus
1905 525 2110 591 Gloria,
2141 527 2478 582 Normamws
2502 529 2796 598 σοιηροεαίι
2825 531 2890 584 ult
2920 531 3203 585 Obsidione

221 619 438 690 Pauper
461 621 567 673 erit
589 621 670 673 vel
699 636 895 692 egens;
936 623 1072 677 duce
1100 633 1173 687 te,
1214 623 1429 678 fortuna
1461 622 1693 690 favebit;
1908 617 2098 684 Trani,
2125 621 2264 689 quod
2295 619 2469 674 solum
2503 631 2630 675 tunc
2657 623 2872 691 agmina
2896 639 3068 692 grteca
3097 624 3313 680 fovebat

219 711 557 781 Consiliiquc
585 711 722 774 vias,
751 713 888 766 duce
916 729 1053 782 quas
1079 715 1324 783 genitore
1351 715 1559 769 solebat
1791 722 1797 733 ‘
1907 709 2265 780 Conliuesque
2291 711 2438 767 locos
2465 713 2678 768 desistit
2704 714 3037 784 depopulari.

221 803 492 868 Pandere,
534 814 586 859 te
612 803 765 859 nobis
791 805 983 859 elfecto
1011 807 1256 876 principe
1298 806 1530 877 pandet.'
1907 801 2140 858 Nuntius
2162 804 2362 858 interea
2389 806 2481 874 qui
2509 815 2732 860 venerat
2759 807 3054 875 imperialis

221 895 338 949 Iloc
382 896 472 950 ubi
513 897 787 960 dixerunt,
821 897 1117 953 sublimant
1148 899 1261 970 (55)
1293 900 1541 970 protinus
1571 899 1721 953 illum
1906 891 2140 947 Maxima
2166 896 2305 949 dona
2334 894 2514 950 ferens
2539 897 2752 966 Capitur
2779 898 2944 952 miser
2979 913 3009 952 a
3040 897 3306 962 Mattiaco,

220 987 426 1041 Omnes
452 988 762 1052 unanimes;
804 991 1076 1043 communi
1110 989 1169 1044 lit
1194 1005 1357 1059 prece
1382 992 1658 1062 princeps.
1909 983 2161 1038 Diversas
2188 1000 2375 1054 poenas
2406 987 2688 1050 adhibent,
2717 996 2772 1042 et
2798 997 3008 1042 stercus
3027 989 3282 1057 equinum

221 1077 435 1132 Interea
465 1094 660 1149 magno
684 1079 928 1134 Danaum
969 1082 1264 1138 comitante
1303 1093 1513 1153 paratu,
1907 1073 2269 1145 Purgatncnto
2299 1077 2546 1132 immixto
2573 1078 2816 1143 naribus,
2849 1079 3090 1143 auribus,
3119 1079 3198 1133 ori

224 1169 477 1238 Nequitia
509 1171 698 1239 plenus
722 1173 868 1225 venit
891 1172 1002 1242 (56)
1027 1173 1303 1229 Maniacus
1328 1175 1661 1246 Hydruntum
1908 1165 2064 1222 Iluuc
2099 1169 2229 1222 facit
2260 1167 2424 1239 amigi
2453 1170 2712 1238 graviter,
2754 1170 3074 1239 stabuloque
3103 1170 3306 1224 necari.

221 1257 461 1327 Imperio
483 1258 694 1314 Latium
719 1261 906 1330 jussus
939 1261 1217 1318 Michaelis
1245 1264 1426 1329 adire;
1907 1259 2026 1328 Ipse
2057 1259 2247 1315 videns
2276 1262 2395 1314 auri
2430 1271 2639 1316 tantum
2668 1277 2726 1316 se
2754 1264 2964 1332 pondus
2985 1265 3188 1320 habere

219 1349 272 1403 Is
296 1358 495 1418 pncler
514 1350 746 1406 formam
774 1353 850 1406 nil
871 1353 1092 1423 dignum
1119 1354 1278 1409 laude
1309 1357 1550 1426 gerebat.
1909 1351 2104 1407 Extolli
2132 1353 2357 1406 nimium
2387 1337 2572 1424 Coepit,
2607 1353 2746 1409 redit
2772 1355 2897 1409 inde
2926 1355 3220 1411 Tarentum
3251 1373 3267 1411 :

222 1438 402 1494 Mente
429 1441 696 1509 superbus
711 1452 852 1506 erat,
885 1444 1001 1497 dira
1035 1443 1254 1500 feritate
1294 1447 1624 1502 redundans.
1905 1442 2082 1513 Atque
2103 1444 2217 1496 auri
2245 1443 2471 1497 Inuitum
2503 1443 2633 1514 (quo
2653 1443 2776 1514 plus
2804 1444 2905 1499 sibi
2928 1446 3308 1516 concilientur)

222 1529 503 1587 Classibus
528 1531 790 1602 Ilydronti
821 1534 1080 1599 dimissis,
1115 1551 1308 1606 agmen
1347 1536 1592 1607 iniquutn
1805 1551 1807 1553 ‘
1908 1533 2109 1604 Erogal
2127 1533 2416 1604 ArgoliCiS.
2440 1536 3062 1606 assumiturimperialis

223 1620 453 1676 Francis
476 1631 786 1692 eompactas
818 1624 1074 1680 invadere
1096 1637 1404 1682 commovet
1430 1630 1626 1696 urbes;
1905 1624 2173 1695 Purpura,
2208 1640 2303 1694 pes
2327 1625 2517 1681 dexter
2543 1626 2833 1681 decoratur
2861 1627 3002 1696 pel'e
3033 1629 3270 1689 rubenti.

221 1709 290 1764 Et
311 1710 642 1782 Monopoleis
677 1713 910 1782 primum
937 1713 1256 1771 diffunditur
1283 1719 1449 1772 arvis.
1907 1716 2024 1784 Qua
2051 1716 2188 1771 solet
2226 1717 2439 1787 imperii
2462 1718 2554 1786 qui
2583 1733 2770 1774 curam
2799 1719 3027 1788 suscipit
3052 1721 3150 1775 uti.

221 1799 493 1857 Interimit
522 1801 722 1858 multos
743 1802 1038 1871 Maniacus,
1075 1814 1130 1859 et
1148 1807 1346 1862 arbore
1374 1807 1640 1877 quosdam
1835 1807 1882 1866 Β
1909 1807 2036 1862 Inde
2063 1807 2214 1862 venit
2235 1808 2404 1864 multo
2428 1808 2658 1864 vallatus
2684 1809 2854 1864 milite
2878 1810 3103 1875 Barum,

223 1895 554 1964 Suspensos,
575 1895 718 1952 alios
756 1905 1041 1953 truncatos
1066 1898 1270 1953 vertice
1297 1907 1522 1954 mactat.
1905 1898 2183 1971 Argyrum
2229 1915 2460 1970 sperans
2491 1901 2774 1970 promissis
2798 1900 2988 1958 fallere
3018 1918 3197 1973 posse.

221 1985 404 2040 Caedis
427 1986 730 2042 inauditum
757 2002 930 2058 genus
949 2002 1211 2044 exercere
1232 1998 1497 2059 tyrannus
1909 1989 1983 2046 Ut
2015 1991 2217 2063 collega
2247 2007 2380 2047 suus
2409 1991 2562 2048 fieret
2586 2000 2775 2048 contra
2809 1993 3149 2051 Monomachi

221 2081 408 2137 Audet
446 2081 499 2136 in
534 2080 790 2145 infantes,
814 2081 1048 2137 viventis
1073 2082 1272 2148 adhuc,
1304 2083 1431 2152 quia
1456 2082 1621 2154 capti
1907 2079 2220 2151 Imperium,
2247 2082 2429 2139 Gallos
2447 2084 2610 2138 etiam
2638 2085 2740 2138 sibi
2775 2085 3066 2154 pacificare

222 2172 440 2243 Corpus
458 2173 626 2228 humo
652 2172 848 2242 sepelit
868 2173 1043 2243 pueri,
1073 2182 1236 2244 caput
1262 2175 1467 2228 eminet
1495 2183 1672 2229 extra.
1911 2171 2202 2228 Tentabat.
2230 2173 2472 2240 Quorum
2500 2174 2544 2229 si
2567 2183 2749 2245 posset
2771 2175 2971 2231 habere
2990 2177 3277 2246 juvamen.

225 2265 320 2319 Sic
342 2266 560 2335 perimit
588 2265 806 2331 multos,
837 2275 893 2320 et
923 2265 1056 2320 nulli
1087 2280 1318 2336 parcere
1345 2275 1524 2323 curat.
1909 2261 2135 2318 Caedere
2165 2278 2324 2334 posse
2345 2264 2461 2318 suis
2489 2266 2748 2334 sperabat
2766 2266 2976 2322 viribus
3001 2268 3213 2324 hostem

220 2356 476 2411 Posthac
498 2355 759 2412 Materam
785 2357 923 2427 (37),
961 2372 1068 2426 qua
1097 2356 1203 2411 ﬁxa
1229 2356 1396 2412 fuisse
1427 2356 1676 2410 feruntur
1909 2353 1978 2408 Et
2001 2353 2362 2410 Constantino
2389 2356 2534 2411 facili
2561 2357 2812 2413 diadema
2843 2359 3030 2416 labore

223 2449 380 2504 Ραθηί
406 2457 585 2506 castra
610 2449 782 2515 ducis,
809 2465 930 2504 cum
969 2450 1229 2505 subderet
1250 2449 1484 2504 Annibal
1520 2448 1668 2504 Afris
1917 2447 2166 2502 Ahlatum
2199 2449 2435 2504 retinere
2462 2450 2585 2504 sibi.
2611 2450 2766 2518 Quod
2796 2463 3002 2523 sperat,
3036 2454 3199 2511 inane
3225 2462 3342 2519 est;

224 2541 461 2608 Italiam,
490 2540 764 2596 Maniacus
793 2541 941 2605 adit;
965 2539 1282 2610 campisque
1304 2540 1565 2596 ducentos
1871 2547 1880 2556 '
1913 2539 2046 2596 Nam
2085 2556 2262 2612 neque
2298 2540 2640 2599 Normannos
2680 2557 2779 2600 nec
2829 2559 3018 2600 eorum
3061 2554 3311 2602 avertere
3340 2559 3491 2600 men-

225 2635 510 2706 Agricolas
530 2642 720 2702 captos
742 2631 1029 2688 furibunda
1059 2641 1241 2687 mente
1268 2633 1520 2687 trucidat.
3282 2636 3415 2710 [tem

226 2726 344 2780 Non
367 2741 500 2796 puer
523 2733 618 2779 aut
643 2723 874 2788 vetulus,
903 2738 1008 2778 non
1034 2724 1336 2778 monachus
1362 2732 1527 2793 atque
1553 2722 1812 2779 sacerdos
1913 2721 2182 2794 Principis
2209 2723 2433 2782 evaluit.
2464 2733 2808 2794 contemptus
2828 2732 2884 2780 at
2907 2724 3032 2781 inde
3067 2725 3310 2781 recessit.

226 2818 531 2889 Impunitus
564 2825 715 2883 erat;
749 2815 880 2871 nulli
913 2816 1208 2870 miseretur
1235 2815 1476 2884 iniquus,
1919 2815 2070 2871 Unde
2094 2815 2275 2871 furore
2295 2817 2446 2886 gravi
2475 2817 2664 2887 plenus
2685 2831 2812 2886 quia
2843 2823 3062 2888 spretus
3083 2817 3288 2886 abibat,

227 2909 442 2963 Interea
476 2907 723 2970 Michael,
753 2907 844 2977 qui
883 2907 1101 2963 miserat
1133 2907 1277 2962 hunc
1305 2906 1633 2970 Maniacum,
1914 2904 2160 2972 Quatuor
2183 2907 2234 2960 in
2261 2917 2443 2977 partes
2465 2908 2637 2962 diviso
2668 2908 2859 2973 milite,
2885 2908 3106 2963 mandat

227 3001 433 3071 Captus
462 3009 722 3065 emetitur,
752 2991 986 3055 caecatos
1013 3001 1236 3072 ab‘arce
1259 2999 1497 3070 fugatur.
1655 3047 1658 3051 .
1914 2997 2150 3068 Pergere
2176 2999 2473 3068 praedatum
2509 2999 3064 3056 circumcursantibus
3095 2999 3247 3066 ipsis.

229 3093 347 3149 I‘Ioc
375 3094 552 3150 fecere
577 3093 686 3149 Zoe
709 3093 823 3165 (58)
856 3093 1017 3148 simul
1046 3105 1100 3148 et
1122 3093 1407 3149 Theodora
1438 3109 1684 3158 sorore..,
1845 3150 1883 3165 Λ
1917 3090 2015 3144 l-Zst
2061 3091 2361 3154 hominum,
2414 3105 2671 3153 pecorum
2730 3107 2860 3164 pars
2898 3094 3134 3148 maxima
3176 3095 3334 3148 ducta
3385 3092 3492 3150 Ta-

230 3187 414 3241 Prima
442 3186 542 3240 fuit
570 3187 746 3257 patrui
775 3185 1012 3255 coniunx
1038 3186 1338 3252 Michaelis,
1369 3187 1613 3255 adusque
1841 3150 1884 3207 θ
3006 3187 3190 3261 [rento
3217 3187 3351 3259 (ιι).

235 3277 406 3348 Ilujns
436 3292 770 3344 successum,
796 3293 921 3332 cum
951 3292 1053 3347 qua
1085 3278 1210 3348 quia
1241 3277 1416 3334 noluit
1446 3280 1562 3347 ipse
1917 3275 1961 3329 Δ
1988 3275 2344 3331 Constantino
2373 3276 2472 3331 sub
2496 3276 2687 3332 eodem
2712 3285 2956 3347 tempore
2979 3278 3163 3334 missis

235 3370 441 3425 Partiri
473 3385 722 3440 regnum,
750 3380 901 3425 ratus
927 3371 1066 3425 hanc
1099 3369 1422 3440 prohibente
1449 3383 1638 3426 senatu
1917 3365 2157 3436 Argyrus
2189 3365 2378 3420 multis
2400 3366 2518 3420 auri
2545 3367 2866 3438 argentique
2905 3368 3148 3433 talentis.

232 3451 723 3524 Exhéredandam,
749 3459 991 3530 privatus
1017 3459 1220 3514 lumine
1246 3469 1457 3530 captos,
1919 3451 2261 3508 NOI'maImOS
2286 3454 2495 3508 donans
2523 3455 2627 3509 Sibi
2665 3455 2903 3525 ροειιιιει
2931 3458 3199 3519 auxiliari.

235 3553 333 3607 Est
356 3551 715 3606 Constantino
738 3551 944 3606 sociata
972 3549 1080 3606 Zoe
1106 3550 1462 3607 Mouomacho
1489 3551 1606 3621 (59)
1917 3543 2148 3598 Auxiliis
2173 3544 2365 3598 horum
2389 3543 2664 3600 Maniacus
2689 3554 2748 3600 ut
2769 3547 2982 3603 occidat
3003 3547 3177 3603 hostis

235 3643 376 3698 Ilnic
404 3643 658 3698 inimicus
681 3650 798 3696 erat
827 3641 1127 3702 Maniacus,
1155 3653 1209 3696 et
1242 3643 1328 3696 hic
1356 3642 1602 3698 Mattiaco
1631 3642 1744 3713 (Ill)
1917 3634 2134 3704 Imperii
2161 3636 2367 3701 sancti;
2403 3635 2484 3690 sic
2513 3635 2746 3706 plurima
2781 3638 3178 3707 promerituros

236 3734 476 3789 Alterius
497 3733 756 3804 quoniam
785 3732 884 3787 fuit
908 3733 1050 3787 alter
1077 3735 1276 3787 abusus
1307 3734 1479 3787 amica
1515 3751 1528 3787 :
1921 3727 2085 3782 Hoste
2112 3727 2445 3795 triumphato
2475 3743 2574 3797 pro
2595 3729 2736 3783 votis
2765 3731 2962 3785 asserit
2989 3731 3130 3788 illos.

237 3825 504 3895 Zelotypo
529 3824 742 3894 imperii
771 3822 1127 3878 Monomacho
1155 3824 1350 3878 tradita
1381 3825 1537 3879 sedes
1919 3817 2283 3887 Quamplurcs
2312 3819 2476 3888 igitur
2497 3818 2842 3876 Normannos
2872 3836 2978 3876 non
3005 3837 3159 3878 amor
3182 3825 3308 3880 teris

237 3914 528 3969 Concussit
556 3923 793 3969 mentem
823 3913 992 3968 nimio
1020 3923 1230 3970 terrore
1258 3917 1499 3986 tyranni,
1921 3909 2026 3964 Sed
2053 3910 2205 3965 ducis
2227 3909 2420 3980 Argyri
2447 3909 2692 3965 Maniaco
2722 3911 2956 3966 reddidit
2981 3913 3185 3969 hostes.

238 4007 307 4062 Et
333 3989 596 4076 probrosa
633 4005 802 4062 refert
835 4006 974 4062 odiis
1003 4009 1238 4093 agitatus
1266 4017 1322 4062 et
1348 4009 1425 4063 ira
1449 4024 1466 4073 ;
1919 4001 2137 4056 Aversa:
2163 4001 2392 4055 comites
2421 4001 2588 4056 etiam
2613 4016 2736 4056 cum
2763 4002 3011 4070 pluribus
3040 4003 3184 4058 ultro

239 4097 508 4153 Omnibus
533 4107 588 4153 et
612 4113 796 4153 secum
822 4113 960 4170 quos
985 4091 1233 4163 duxerat,
1267 4099 1498 4169 imperat
1527 4099 1707 4171 Argis,
1919 4091 2202 4148 Advertere
2227 4093 2360 4146 suis.
2395 4091 2661 4146 Tancredi
2699 4091 2860 4155 ﬁlius.
2892 4092 3088 4146 horum

241 4192 494 4262 Principe
519 4207 578 4247 se
618 4191 781 4257 facto,
800 4189 912 4259 jam
942 4191 1121 4247 nullus
1143 4191 1476 4246 obediatilli.
1922 4181 2155 4236 Maxima
2219 4196 2372 4252 spes,
2421 4181 2632 4247 aderat,
2687 4180 3009 4236 Guilielmns
3046 4181 3114 4234 ad
3142 4195 3293 4234 arma
3344 4197 3500 4251 para-

247 4284 542 4338 Assumcus
567 4284 812 4338 habitum
841 4283 942 4338 sibi
965 4284 1202 4353 perfidus
1233 4282 1566 4352 imperialctn
2088 4268 2090 4271 ’
3281 4267 3414 4341 [illst

245 4377 464 4446 Imperii
489 4377 660 4431 sancli
691 4391 797 4432 non
827 4391 1020 4432 nomen
1049 4377 1200 4432 adire
1224 4385 1460 4430 veretur,
1925 4365 2080 4419 Ilunc
2153 4363 2514 4417 DI‘IIICﬂIIOCIO
2600 4361 2856 4416 comitem
2939 4360 3235 4416 comitante
3303 4360 3501 4415 ROdIII-

244 4468 540 4538 I’ostquam
571 4469 808 4537 suscepit
830 4468 947 4522 solii
982 4467 1367 4522 Monomachus
1395 4467 1676 4533 honorem,
1852 4483 1902 4541 υ
3268 4451 3420 4522 [Ριιον

244 4559 456 4630 Arger
486 4558 707 4613 mandat
727 4557 942 4612 studeat
966 4567 1287 4612 convertere
1309 4555 1512 4620 Gallos,
1928 4544 2028 4612 Q'li
2063 4551 2184 4613 ιιοει
2216 4543 2426 4597 “imum
2459 4543 2741 4598 decessum
2782 4542 2994 4614 Ρηετυίι
3029 4541 3147 4597 "rbi
3185 4541 3321 4612 (nlo

247 4648 617 4719 Procuretque
642 4649 756 4704 suis
781 4648 993 4702 sociare
1021 4648 1266 4702 ﬁdelibus
1297 4648 1436 4711 illos,

1925 4633 2190 4688 Terrebat
2217 4633 2432 4689 Danaos
2456 4633 2731 4689 Guilieltni
2752 4634 2928 4689 nobile
2954 4649 3181 4697 nomen;

245 4741 312 4795 Et
337 4741 621 4812 promittat
646 4740 726 4796 eis
755 4755 815 4794 se
835 4739 1054 4809 praemia
1080 4754 1274 4809 magna
1301 4742 1572 4793 daturum.
1931 4727 1980 4780 IS
2003 4725 2126 4794 ‘Illia
2151 4723 2304 4781 Ῐοῐῑίε
2324 4736 2462 4790 eri",
2493 4734 2575 4781 εει
2601 4723 2777 4781 ferrea
2799 4726 2976 4817 dial“
3002 4724 3200 4780 habere

317 4946 870 5029 (35)-F:rancis_sicut
907 4955 961 5029 et
985 4944 1413 5029 Caninefatibus,
1444 4954 1581 5028 teste
1614 4945 1824 5014 Tacito,
1928 4956 2316 5029 oculorumque
2341 4926 2438 5011 usu
2477 4953 2740 5023 privatus,
2791 4951 3041 5009 restituta
3089 4951 3156 5006 ad
3214 4953 3511 5029 imperium

247 5020 386 5072 ritus
440 5018 545 5072 fuit
579 5026 637 5070 ut
679 5018 1020 5081 designatum
1070 5032 1248 5087 regem
1275 5027 1428 5087 scuto
1465 5018 1823 5084 imponerent,
1928 5031 2060 5086 zOe.
2092 5018 2240 5082 Lata:

244 5091 643 5166 sublimemque
673 5087 925 5166 humeris
941 5086 1238 5166 gestarent.
1271 5086 1499 5166 TIREM.‘
1660 5158 1688 5166 ν.
1715 5161 1717 5164 ⁴
2007 5096 2119 5166 (59)
2159 5095 2546 5154 Constantinus
2579 5089 2972 5149 Monomachus
2997 5092 3192 5151 tertius
3218 5094 3371 5155 Zoes
3415 5107 3530 5150 ma-

315 5161 429 5206 «5m
469 5155 701 5206 Mauiae.
725 5158 771 5206 is
791 5165 872 5206 est
889 5155 1151 5206 Georgius
1175 5155 1448 5206 Maniaeus
1467 5155 1800 5206 szanlinuc
1932 5155 2073 5206 ..ςιέια
2101 5155 2198 5206 imi
2253 5169 2377 5200 tum
