4044 5360
552 219 717 287 "MSS

1894 225 2259 283 ϐυιιωςιικιι
2300 221 2506 281 APULI

3705 222 3831 280 I040

578 344 808 399 Brachia
833 344 967 413 (-55),
992 360 1112 399 nam
1140 343 1341 399 validas
1364 345 1506 399 vires
1527 344 1874 414 animumque
1901 343 2145 414 gerebat.
2177 348 2226 403 Α
2254 338 2423 393 Aﬂixa
2455 337 2646 402 cauda,
2671 336 2926 409 deﬁgitur
2953 338 3124 393 altera
3157 347 3335 393 terrae.

576 436 744 506 Ilujus
771 436 1036 491 Robertns
1068 437 1230 491 frater
1256 436 1377 501 fuit,
1410 436 1500 490 ille
1531 438 1783 491 ducatum

575 528 675 593 Qui
697 539 811 597 post
834 528 1084 590 obtinuit,
1102 528 1428 581 Guiscardus
1450 527 1563 599 (44)
1580 528 1644 579 ad
1667 527 1845 579 onntia
1870 525 2139 595 prudens:

576 619 872 673 Tantorum
901 621 1159 672 comitum
1189 620 1451 672 comitatu
1487 618 1623 672 fisus
1653 619 1704 671 in
1735 619 1945 672 hostem

577 713 816 780 Argyrus
851 720 1128 779 properat,
1161 710 1357 764 Tarant
1389 710 1817 780 (45),Maniacus
1840 714 1905 765 ad
1933 725 2145 765 amnem

577 798 830 862 Venerat,
856 798 939 852 Itis
972 798 1097 852 inibi
1124 808 1361 852 metatus
1395 810 1575 853 castra
1603 799 1814 855 diebus.

572 891 643 943 At
668 907 771 943 non
805 889 990 945 audito
1014 898 1178 945 tanta:
1211 891 1506 945 subsistere
1534 892 1709 962 gentis

547 980 834 1035 “Prmt'alct
863 981 1093 1036 adventu
1123 983 1413 1038 conclusus
1440 984 1491 1037 in
1516 984 1648 1038 urbe
1675 984 1914 1038 Tarenti.

571 1074 651 1126 Ad
685 1075 900 1127 tluvmm
933 1074 1071 1129 Galli
1100 1077 1340 1141 veniunt,
1375 1075 1674 1147 castrisque
1710 1078 1941 1148 receptis

573 1167 888 1221 Graecorum
914 1170 1118 1233 vacuis,
1144 1169 1256 1224 loca
1282 1172 1462 1241 pontis
1485 1172 1550 1224 ad
1574 1188 1743 1240 usque
1766 1173 2147 1243 propinquant.

573 1255 727 1310 Hunc
751 1258 1003 1327 utrinque
1033 1260 1199 1314 maris
1222 1261 1576 1316 circumvolat
1606 1263 1771 1328 unda,
1797 1264 1896 1317 sub
1929 1264 2053 1319 aliis

550 1332 820 1415 τΒυρὶὺιιε
851 1346 1076 1415 objectis
1102 1350 1180 1405 sic
1202 1351 1544 1405 iuterciditur
1570 1368 1774 1423 (equm,

572 1433 758 1491 Pontia
784 1445 841 1490 ut
864 1439 1063 1494 auxilio
1094 1440 1312 1494 transiri
1332 1442 1504 1509 possit
1528 1442 1593 1495 ad
1621 1442 1825 1505 urbem,

572 1528 809 1597 Quaeque
846 1530 1036 1585 viatori
1070 1531 1153 1585 via
1184 1548 1328 1587 nunc
1358 1534 1538 1587 brevis
1572 1548 1694 1589 esse
1724 1535 1956 1599 videtur,

568 1615 753 1687 Longa
785 1618 1058 1673 videretur
1092 1621 1302 1692 gyrattti
1334 1621 1535 1677 littoris
1560 1638 1688 1685 ora;

572 1707 817 1777 Namque
846 1711 978 1762 mari
1005 1721 1215 1779 septum
1246 1710 1433 1780 majori
1463 1723 1619 1781 parte
1646 1713 1944 1768 Tarentum

556 1797 754 1850 Insula
780 1812 901 1851 mox
925 1800 1099 1860 fieret.
1132 1800 1373 1857 modicus
1404 1804 1504 1858 nisi
1534 1804 1688 1859 collis
1712 1806 1946 1859 adesset.

572 1885 836 1941 Montibus
860 1890 1093 1944 inclusos
1117 1906 1306 1961 pugnae
1331 1892 1650 1949 Guilielmus
1673 1894 1908 1948 Achivos

578 1978 864 2042 l'rovocat,
896 1990 950 2033 at
980 1996 1250 2049 nunquam
1281 1982 1519 2037 dimissis
1569 1984 1835 2038 manibus
1862 1982 1936 2037 illi

573 2066 906 2124 Conseruere
934 2087 1149 2133 manus;
1187 2087 1293 2127 non
1325 2072 1564 2128 ﬂuminis
1596 2075 1830 2143 impetus
1875 2074 1969 2128 ulli

576 2155 698 2210 l'lus
722 2168 807 2212 est
837 2175 998 2227 quam
1030 2163 1162 2215 lauti
1191 2162 1344 2217 ducis
1378 2162 1621 2217 hostibus
1652 2164 1803 2218 hasta
1838 2162 2040 2219 timori.

578 2246 669 2303 Sic
700 2251 1007 2307 incantatur
1035 2256 1315 2310 studiosus
1337 2272 1435 2325 pro
1464 2256 1723 2326 capienda

571 2341 794 2407 Asnide,
822 2342 1133 2399 multimoda
1163 2354 1393 2418 conatur
1417 2356 1477 2400 ut
1498 2346 1775 2401 abstrahat
1800 2355 1916 2402 arte

574 2429 885 2488 Visceribus
909 2443 1084 2502 terrae,
1119 2438 1315 2505 quibus
1347 2438 1546 2501 abdita,
1577 2447 1688 2492 tuta
1716 2448 1959 2494 moratur
1986 2456 2002 2506 ;

558 2522 806 2580 Auribus
844 2525 931 2581 hic
957 2543 1023 2582 ne
1053 2529 1179 2598 quid
1210 2545 1373 2600 grave
1431 2530 1649 2597 sentiat,
1678 2532 1913 2587 obstruit
1955 2546 2139 2596 uuam,

2256 428 2613 485 Dissimulant
2639 431 2805 486 Danai
2838 430 3019 487 Gallos
3046 432 3236 485 audire
3270 432 3474 486 cientes

2251 521 2331 577 Ad
2360 538 2613 593 pugnam,
2649 524 2945 593 positisque
2968 524 3107 579 seris
3140 534 3485 579 remorantur
3510 525 3562 580 itt
3606 527 3759 581 urbe.

2255 613 2338 667 Ad
2374 614 2572 668 bellum
2605 626 2889 684 postquam
2922 616 3216 685 procedere
3244 617 3386 672 nolle
3407 617 3665 688 Pelasgos

2253 705 2391 761 Galli
2422 708 2787 777 conspiciunt,
2815 717 2870 762 et
2896 710 3164 763 mcenibus
3202 710 3255 762 iu
3289 711 3571 779 capiendis

2254 796 2415 867 Spem
2445 800 2680 869 gravitas
2701 801 2909 865 adimit,
2939 802 3063 869 quia
3089 801 3487 858 munitissimus
3518 819 3670 859 urots

2252 887 2350 941 Est
2374 888 2534 955 situs,
2555 890 2878 955 abscedunt;
2928 900 3049 961 post
3073 892 3187 947 hate
3210 905 3516 950 remoratus
3544 896 3598 950 in
3624 898 3762 951 urbe

2254 978 2362 1033 Per
2390 988 2602 1051 tempus
2628 981 2896 1037 modicum
2926 986 3119 1052 repetit
3143 983 3419 1040 Mattiacas
3450 988 3826 1058 llydronttnn:

2260 1068 2469 1123 Rursus
2487 1070 2803 1141 etArgyrus
2852 1087 2952 1127 nec
2986 1088 3092 1126 non
3126 1074 3470 1142 Theodorus;
3502 1086 3558 1133 at
3584 1079 3691 1133 iste

2254 1157 2422 1212 Ililite
2450 1173 2571 1212 cum
2601 1160 2794 1226 multo,
2820 1176 2942 1215 cum
2979 1162 3162 1218 multis
3187 1163 3451 1220 classibus
3472 1165 3583 1230 iLle,

2250 1247 2462 1318 Imperii
2483 1251 2635 1316 jussu
2666 1266 2958 1322 properare
2988 1266 3211 1324 paratus
3242 1259 3292 1311 iu
3322 1260 3529 1329 ipsum,

2252 1339 2515 1397 IIostilem
2535 1346 2787 1413 quatiunt
2814 1350 2963 1402 varia
2996 1348 3286 1406 formidine
3316 1362 3573 1420 mentem,

2158 1476 2161 1477 ν
2252 1433 2318 1487 Et
2348 1434 2585 1489 titubans
2610 1437 2814 1504 animo,
2845 1454 2989 1493 nunc
3015 1440 3140 1506 huc,
3175 1459 3317 1497 nunc
3341 1440 3562 1499 ﬂuctuat
3584 1444 3733 1500 illnc.

2253 1522 2397 1579 Urbe
2429 1536 2570 1580 metu
2595 1529 2806 1583 tandem
2838 1530 3006 1585 nimio
3036 1533 3255 1601 prodire
3284 1546 3505 1591 coactus

2254 1616 2497 1687 Rupibus
2526 1621 2713 1676 incisis
2738 1621 2892 1691 juxta
2927 1625 3097 1681 maris
3136 1626 3246 1680 alta
3276 1626 3475 1683 locavit

2222 1709 2270 1764 ι)
2298 1710 2457 1764 illicili
2489 1727 2585 1766 sua
2618 1725 2797 1769 castra
2832 1715 2977 1779 loco;
3013 1733 3117 1786 qua
3149 1720 3370 1788 pervius
3412 1721 3507 1775 ulli

2258 1800 2371 1855 Non
2404 1803 2579 1858 aditus
2606 1805 2779 1869 fieret,
2805 1807 3037 1876 scopulis
3067 1809 3272 1865 haerere
3298 1811 3513 1866 carinas

2254 1891 2539 1961 Intpositas
2565 1895 2822 1963 gradibus
2849 1897 3157 1973 faciens,.ut
3184 1901 3466 1970 pacificate
3542 1910 3549 1915 '

2255 1982 2499 2053 Aiquore
2529 1988 2816 2054 transiret;
2851 1990 3134 2058 quosdam,
3167 2008 3303 2063 quos
3336 2009 3552 2064 aequora
3583 1996 3758 2053 credit

2255 2072 2611 2131 Perturbasse
2637 2081 2824 2149 magis,
2857 2083 3085 2151 cruciat,
3112 2084 3392 2140 succendit
3414 2095 3470 2141 et
3491 2087 3632 2159 igni;

2254 2165 2493 2223 Necdum
2524 2170 2723 2227 sedatis
2755 2174 3043 2243 tranquillo
3074 2185 3317 2246 tempore
3352 2195 3580 2249 prorsus

2255 2258 2534 2315 Fluctibus
2557 2264 2844 2331 aequoreis,
2870 2266 3057 2321 naveis
3086 2269 3220 2337 petit
3257 2278 3311 2323 et
3336 2284 3487 2323 mare
3517 2270 3734 2325 transit.

2254 2348 2536 2406 Transitus
2570 2353 2657 2408 ille
2685 2364 2883 2421 tamen,
2914 2358 3113 2414 misero
3147 2360 3219 2415 nil
3249 2360 3451 2431 profuit
3480 2361 3578 2427 illi,

2181 2450 2187 2455 '
2254 2440 2586 2498 Oceurrente
2612 2446 2829 2515 quidem
2858 2447 3197 2505 Monomacbi
3224 2450 3396 2505 milite
3424 2460 3598 2506 stratu

2260 2534 2466 2587 Occidit
2496 2535 2607 2604 (46)
2639 2547 2693 2589 ct
2721 2537 2986 2593 scelerum
3010 2539 3270 2609 persolvit
3292 2555 3520 2613 corpore
3544 2553 3751 2613 poenas.

1843 2705 2071 2771 Explicit
2095 2705 2225 2760 liber
2245 2708 2464 2762 erimus.

1239 2865 1773 2980 lNClPlT
1860 2868 2277 2983 LIBER
2347 2872 3157 3039 ‘SECUNDUS.

576 3086 819 3156 Argyrus
843 3079 983 3140 Latii
1010 3084 1215 3143 dimoto
1249 3086 1446 3144 tinibus
1476 3090 1652 3153 hoste,

572 3178 736 3233 Vadit
765 3180 1095 3234 ldrontinam
1124 3180 1305 3235 multis
1330 3182 1621 3236 comitatus
1644 3183 1711 3236 ad
1740 3182 1952 3237 urbem.

577 3271 832 3327 Traditur
858 3272 986 3327 urbs
1041 3271 1137 3336 illi,
1178 3274 1324 3327 cives
1355 3274 1455 3328 hoc
1483 3273 1725 3342 principe
1748 3275 2003 3343 gaudent.

577 3363 716 3418 ilinc
740 3363 939 3417 Barqu
966 3371 1215 3432 repetens
1240 3363 1425 3419 G.dlos
1453 3365 1715 3435 permittit
1740 3367 1893 3422 abire
1918 3383 1932 3420 :

578 3457 654 3511 llli
682 3455 1008 3526 Guaymario
1038 3456 1237 3510 vadunt
1264 3459 1468 3511 servire
1507 3456 1815 3522 Salernum,

575 3546 937 3618 Gnaymarins
962 3547 1212 3617 princeps
1240 3547 1476 3602 confisus
1507 3549 1710 3603 viribus
1737 3550 1956 3618 horum,

578 3638 688 3693 Hos
717 3655 901 3693 secum
924 3640 1118 3692 Barttm
1144 3640 1361 3693 deducit
1384 3650 1438 3693 ct
1463 3641 1673 3695 obsidet
1698 3640 1849 3695 illud.

576 3731 811 3798 Imperat
847 3730 1053 3798 Argyro
1082 3730 1185 3783 sibi
1213 3738 1397 3797 pareat
1423 3731 1554 3784 urbe
1583 3732 1787 3795 relicta,

579 3818 844 3874 Transeat
873 3819 939 3872 ad
969 3818 1207 3873 Gnaeos.
1235 3818 1452 3873 Monitis
1483 3834 1674 3888 parere
1705 3823 1974 3877 monentis

578 3909 782 3964 Abnuit
812 3909 1071 3979 Argirous
1099 3926 1111 3962 :
1141 3906 1429 3977 coaﬂigere
1458 3925 1561 3962 non
1594 3919 1771 3963 tamen
1806 3913 2011 3967 audens

579 4000 852 4055 Iuvalidus
881 4016 1069 4069 pugna:
1095 4015 1153 4054 se
1195 4000 1482 4054 cusmdivit
1512 4001 1567 4053 in
1591 4001 1742 4063 urbe,

580 4089 917 4160 Depopulans
947 4103 1105 4160 agros
1129 4098 1182 4143 et
1207 4102 1419 4142 amoena
1450 4089 1658 4142 novalia
1686 4089 1808 4144 Bari
1834 4108 1849 4143 :

578 4182 775 4236 Matina
806 4178 1167 4250 Gnaymarius
1192 4178 1423 4248 propr-ire
1444 4178 1717 4247 repedavit
1746 4181 1811 4233 ad
1839 4182 2011 4237 urbis.

577 4269 962 4326 Constantinus
990 4283 1055 4322 eo
1083 4268 1173 4337 qui
1208 4278 1443 4336 tempore
1464 4267 1584 4335 jura
1615 4270 1835 4340 regebat

579 4359 814 4429 Imperii,
847 4359 1066 4413 mandat
1114 4367 1363 4427 properet
1391 4361 1714 4427 quantocius
1740 4361 1807 4415 ad
1828 4377 1888 4416 se

581 4452 724 4519 Argy
738 4466 851 4513 rus,
878 4450 1047 4519 jussis
1079 4446 1225 4501 faVet
1251 4446 1619 4515 imperialibus
1652 4449 1740 4504 ille

577 4539 836 4609 Equoris
864 4540 1081 4593 Adriaei
1109 4548 1448 4593 transvectus
1468 4538 1720 4593 ﬂuetibus
1748 4539 1939 4594 urbem

578 4630 795 4698 Appetit
821 4631 1033 4699 imperii
1071 4629 1334 4698 placidus,
1378 4628 1468 4698 qui
1499 4629 1753 4698 praesidet
1784 4628 1903 4683 urbi

582 4721 817 4788 Suscipit
842 4736 1117 4790 egressum
1134 4714 1360 4789 'magnis
1388 4728 1443 4774 et
1476 4720 1778 4773 honoribus
1803 4718 1972 4774 illum.

583 4811 869 4867 Promovet
892 4814 1093 4867 interea
1120 4812 1371 4884 populus,
1398 4828 1558 4882 quem
1589 4819 1805 4867 rexerat
1837 4812 1951 4882 ipse

663 4978 775 5045 (ὦ)
836 4976 1155 5033 Guilielmns
1205 4978 1633 5036 Ferrabraehius
1683 4979 1949 5036 Taucredi
1986 4980 2146 5036 filius.

582 5046 769 5185 mal)
808 5116 1168 5171 Guiscardum
1192 5117 1374 5186 plures
1400 5120 1660 5177 Erronem
1708 5121 1980 5184 dixerunt,
2008 5124 2149 5188 quod

582 5203 680 5256 per
702 5196 875 5240 terras
906 5199 1071 5253 vagus
1092 5197 1257 5259 esset.
1281 5188 1349 5240 At
1373 5191 1745 5259 magisplacet
1769 5194 1881 5245 haec
1905 5190 2151 5245 denomi-

585 5259 734 5336 natio
767 5264 1059 5320 nostroque
1084 5256 1201 5309 usui
1234 5256 1485 5325 propria.w
1516 5256 1664 5336 Nam
1692 5270 1743 5314 et
1777 5261 1933 5336 vulgo
1963 5271 2146 5336 nostra

584 5338 629 5360 ne
643 5332 653 5360 ἱ
666 5344 746 5360 ιιι-ι
776 5334 837 5360 ml
851 5334 935 5360 Mn
958 5332 1174 5360 nmnlnm

1209 5333 1259 5360 nl
1310 5338 1543 5360 nul-Ilum
1569 5328 1923 5360 nn:nnunxluaus
1967 5330 2117 5360 ἰη’-ιη.

2184 3098 2227 3159 c
2262 3086 2395 3148 Pars
2420 3098 2604 3150 comiti
2632 3097 2815 3163 Petro,
2844 3117 2969 3171 pars
2993 3112 3075 3158 est
3104 3104 3308 3159 sociata
3344 3105 3575 3175 Drogoui

2254 3184 2514 3241 Taucredi
2555 3190 2756 3259 genito,
2786 3195 2999 3250 modico
3035 3196 3163 3265 quia
3194 3197 3401 3252 vixerat
3426 3196 3543 3267 ejus

2251 3276 2512 3346 Tempore
2537 3295 2844 3349 germanus,
2888 3285 2971 3339 vir
2998 3285 3171 3342 ferrea
3207 3289 3383 3345 dictus
3412 3290 3609 3347 habere
3685 3353 3693 3360 _

2250 3367 2475 3423 Brachia
2505 3370 2840 3441 Guilielmus,
2878 3377 2963 3432 cui
2996 3379 3177 3435 vivere
3201 3381 3247 3435 si
3284 3382 3545 3450 licuisset,

2251 3459 2419 3515 Nemo
2447 3474 2600 3532 poeta
2633 3482 2758 3522 snas
2787 3479 2968 3538 posset
2996 3471 3317 3541 depromere
3345 3474 3547 3533 Iaudes.

2252 3550 2426 3606 Tanta
2454 3555 2552 3619 fuit
2579 3558 2818 3625 probitas
2845 3562 3030 3625 animi,
3068 3571 3173 3616 tam
3200 3566 3374 3620 vivida
3398 3569 3588 3625 virtus.

2254 3638 2549 3699 Unfredum
2580 3656 2722 3701 totus
2750 3663 2873 3704 cum
2912 3651 3081 3707 fratre
3110 3653 3357 3726 Drogoue
3381 3660 3643 3717 tremebat

2252 3731 2419 3789 Italia:
2449 3737 2695 3806 populus,
2726 3744 2972 3809 quamvis
3001 3751 3129 3799 tunc
3157 3750 3416 3816 temporis
3440 3759 3583 3805 esset

2254 3826 2427 3882 Ditior
2451 3830 2536 3885 his
2563 3831 2753 3888 Petrus
2782 3839 3249 3907 consanguinitate
3280 3846 3606 3915 propinquus
3630 3862 3645 3899 :

2254 3915 2434 3971 Edidit
2465 3919 2551 3973 hic
2577 3922 2839 3989 Andrum,
2872 3926 3157 3997 fabricavit
3178 3939 3232 3985 et
3257 3932 3380 3989 inde
3407 3934 3678 4001 Curetum,

2252 4005 2505 4075 Busilias,
2539 4009 2787 4066 Baroluut
2822 4018 2988 4072 maris
3012 4019 3296 4075 aedificavit
3327 4010 3383 4077 in
3407 4022 3538 4078 oris.

2256 4093 2419 4150 Fama
2446 4113 2607 4169 super
2629 4102 2857 4158 comites
2882 4106 3014 4161 alios
3042 4121 3362 4166 excreverat
3390 4111 3568 4181 hujus,

2256 4191 2360 4247 Sed
2396 4210 2577 4251 comes
2609 4196 2879 4255 quredus
2917 4216 3038 4255 eum
3071 4202 3236 4258 fratre
3262 4203 3507 4273 Drogoue
3536 4205 3809 4276 superbam

2254 4283 2539 4353 Deponunt
2563 4299 2817 4357 mentem,
2846 4293 2968 4360 quia
3002 4294 3127 4347 dum
3154 4305 3428 4349 certamen
3456 4297 3592 4351 inire

2256 4372 2305 4428 Is
2330 4389 2508 4443 parat,
2538 4379 2723 4435 infelix
2753 4381 2928 4438 felicia
2959 4395 3195 4454 tempora
3219 4388 3453 4454 perdeus

2182 4459 2228 4518 D
2259 4462 2505 4520 Vincitur
2532 4476 2586 4521 et
2610 4471 2852 4538 capitur;
2877 4488 3040 4527 curru
3075 4472 3291 4531 fortuna
3334 4486 3509 4534 rotato

2257 4552 2520 4610 Tancredi
2552 4569 2711 4614 natos
2740 4560 2995 4617 sublimes
3028 4564 3252 4619 reddere
3279 4567 3484 4635 etrapit:

2258 4640 2471 4712 Imperii
2509 4658 2688 4702 rector
2711 4659 2986 4704 scrutatur
3010 4665 3451 4721 praememoratus

2254 4732 2543 4802 Argyrum,
2571 4735 2753 4793 Gallos
2772 4740 3040 4809 depellere
3060 4742 3295 4811 qualiter
3315 4745 3426 4800 oris

2255 4820 2420 4877 Italia:
2448 4825 2643 4894 valeat,
2669 4843 2841 4899 neque
2867 4839 2925 4885 ut
2952 4829 3164 4905 [enim],
3196 4831 3331 4902 jam,
3382 4852 3539 4906 posse
3569 4837 3732 4908 fugari

2255 4979 2505 5063 carengx
2536 4980 2777 5063 .Rob‘ert‘o
2806 4985 3126 5063 G_uiscardo,
3177 5000 3233 5045 et
3277 4990 3513 5063 Rogerto
3562 4994 3806 5049 Taneredi

2250 5047 2586 5131 Altavill-fein
2631 5050 2797 5131 gallia
2832 5057 2956 5111 filiis
3004 5047 3510 5131 stirps_priuc7punt
3559 5047 3807 5119 Norntau;

2251 5131 2442 5194 norunt
2472 5121 2523 5194 i_t_t
2551 5118 2697 5175 Italia
2724 5139 3013 5194 prOpagata
3043 5118 3141 5182 esi.
3169 5118 3318 5183 L'sta.

2251 5186 2433 5312 Tati)
2476 5189 2634 5243 Forte
2709 5186 2990 5259 legendum
3047 5198 3396 5270 Tarunt,‘qtti
3470 5202 3657 5258 ﬂuvius
3707 5214 3803 5256 est.

2298 5275 2313 5311 t
2430 5295 2444 5312 .

2298 5270 2444 5312 ιιιεκ.

2322 5326 2342 5360 Ι
2366 5330 2529 5360 (siin-II
2612 5331 2811 5360 ΙΜηῑυ..
2881 5332 3075 5360 'l‘-_....:
3167 5353 3217 5360 --
3244 5341 3256 5360 ι
