4044 5360
175 173 308 230 ίοιι
848 177 934 233 DE
957 178 1182 235 REBUS
1207 176 1450 236 GESTIS
1489 173 1846 244 NORIIANN.
1901 174 1967 230 IN
2001 175 2262 245 SICILIA,
2295 178 2447 235 ETC.
2477 209 2544 219 —
2582 177 2710 240 UB.
2752 175 2793 232 II

173 289 497 360 Comperit:
528 290 670 362 Ergo
697 290 834 346 alios
865 292 1084 349 molitus
1109 294 1264 348 adire
1285 302 1506 363 paratus

171 384 427 448 tlousitii,
456 384 582 453 quia
607 399 743 453 quos
769 383 937 438 fortes
963 385 1029 439 ad
1058 401 1228 450 arma,
1259 401 1360 442 nec
1387 383 1557 440 armis

181 475 494 530 Vincendus
518 475 690 539 novit,
717 477 1003 544 promissis
1029 477 1213 532 fallere
1247 487 1461 547 sperat;

181 568 352 620 Audit
374 568 518 622 enim
546 568 672 637 quia
700 583 833 637 gens
861 583 1079 637 semper
1107 568 1470 624 Normannica
1499 585 1668 638 prona

183 655 279 710 Est
303 656 367 709 ad
402 657 709 720 avaritiam,
747 657 867 726 plus
896 658 986 727 qui
1019 658 1139 727 plus
1161 660 1360 729 praebet
1391 673 1627 716 amatur.

185 745 448 800 Traditur
477 746 689 818 Argyro
741 749 1003 816 portanda
1026 750 1250 819 pecunia
1281 751 1472 816 multa,

186 837 412 907 Argenti
460 837 709 898 multum,
741 840 1088 908 pretiosaque
1123 840 1304 902 vestis,
1333 850 1387 895 et
1415 855 1627 905 aurum,

189 929 261 982 Iit
294 930 375 986 sic
406 928 705 986 Normanni
734 929 1011 996 fallantur,
1041 943 1096 987 et
1121 933 1463 1000 egredientes

189 1019 419 1076 Finibus
442 1020 736 1092 Hesperiae,
765 1037 993 1093 propere
1016 1037 1166 1077 mare
1193 1024 1680 1093 transgrediantur,

191 1109 384 1182 Magna
412 1112 512 1166 sub
538 1113 749 1182 imperii
779 1112 1127 1168 famulamine
1151 1115 1521 1183 promerituri.

188 1205 428 1276 Imperat
463 1208 550 1261 hic
593 1208 780 1270 etiam,
805 1209 947 1278 quod
973 1209 1016 1263 si
1041 1208 1276 1263 transire
1302 1220 1592 1279 negarent;

191 1297 321 1354 ltmc
342 1301 470 1355 aliis
500 1300 604 1354 illis
633 1316 752 1370 quae
779 1301 956 1355 danda
985 1299 1135 1356 fuere
1158 1303 1440 1364 darentur,

194 1389 543 1459 Opprimeret
561 1407 793 1459 quorum
817 1392 998 1462 gravis
1022 1391 1298 1447 infestatio
1325 1391 1529 1448 Gallos.

194 1482 386 1536 I‘arnit
416 1485 676 1554 Argyr-ns,
706 1484 821 1540 loca
855 1485 1050 1540 transit
1075 1486 1144 1540 ad
1175 1486 1397 1557 Appula,
1421 1500 1606 1554 jussus

193 1571 532 1627 Francorum
573 1574 801 1629 comites
828 1583 1007 1640 vocat,
1037 1583 1093 1628 et
1116 1590 1176 1629 se
1200 1591 1392 1646 magna
1429 1575 1684 1630 daturum

197 1663 422 1718 “inierat
456 1665 748 1735 promittit,
775 1665 819 1720 si
852 1666 1324 1735 transgrediantnr
1353 1668 1418 1722 ad
1445 1669 1638 1737 Argos.

197 1753 438 1808 Dimisso
465 1754 640 1820 Latio,
671 1770 834 1824 grave
859 1755 950 1824 qui
977 1766 1254 1811 certamen
1284 1755 1557 1811 habebant

197 1845 336 1901 Cum
363 1846 566 1908 Persis,
591 1857 646 1901 et
675 1862 768 1902 eos
794 1846 986 1916 iurans
1009 1848 1274 1918 promittit
1310 1849 1378 1902 ab
1408 1847 1498 1902 illo

192 1936 305 2002 Qui
333 1938 470 2008 regit
492 1937 775 2006 imperium
801 1946 1081 2006 gratanter
1107 1937 1500 2007 suscipiendos,

201 2028 270 2081 Et
299 2029 509 2099 magnis
535 2028 731 2097 opibus
757 2029 1009 2082 ditandes
1037 2028 1206 2084 affore
1235 2026 1470 2095 spondit.

197 2116 406 2172 Callida
439 2117 752 2174 Graecorum
783 2133 1096 2188 promissio,
1132 2117 1485 2174 calliditatem

202 2209 324 2264 Non
357 2211 515 2266 latuit
545 2211 721 2282 gentis
752 2209 966 2266 Latium
997 2226 1256 2281 superare
1287 2209 1538 2275 volentis,

203 2303 276 2361 Et
305 2303 628 2357 diu-rissuros
649 2302 769 2357 loca
801 2319 859 2358 se
891 2318 998 2356 non
1025 2301 1231 2372 Appula
1261 2302 1470 2363 dicunt,

204 2393 345 2446 Dum
384 2395 800 2462 conquirantur.
832 2394 934 2446 nisi
965 2392 1104 2446 forte
1132 2391 1408 2461 potentior
1439 2391 1545 2445 illi;

206 2484 389 2539 Turba
433 2485 826 2555 superveniens
857 2483 1108 2553 depellat,
1141 2493 1194 2536 et
1222 2485 1492 2552 opprimat
1526 2482 1662 2538 illos.

209 2575 310 2629 Vir
340 2575 448 2630 Leo
475 2574 586 2647 (47)
621 2576 884 2630 mirificus
925 2575 1026 2630 bac
1059 2584 1377 2643 tempestate
1407 2575 1627 2645 regebat

208 2665 516 2725 Ratnanam
560 2667 764 2730 sedem,
801 2665 934 2720 tanti
969 2680 1100 2734 gens
1130 2664 1332 2735 Appula
1362 2680 1515 2735 papa:

213 2759 380 2814 Audit
409 2769 468 2813 ut
494 2758 805 2822 adventum,
839 2758 1018 2812 varias
1042 2756 1257 2812 deferre
1285 2756 1532 2825 querelas

209 2851 414 2920 prit,
443 2859 498 2904 et
529 2860 748 2904 accusat
781 2849 995 2903 diverso
1020 2847 1251 2904 crimine
1281 2847 1498 2914 Gallos;

210 2940 375 2996 Yeris
406 2940 768 2996 commisccns
789 2939 1002 2994 fallacia
1036 2940 1221 2993 nuntia
1254 2938 1422 2993 mittit

218 3020 460 3107 Argyrus
489 3051 662 3105 papm,
693 3034 1048 3104 precibusque
1077 3030 1454 3101 frequentibus
1482 3030 1633 3086 illum

214 3127 505 3192 Obsecrat,
535 3125 746 3180 Italiam
778 3125 923 3194 quod
957 3124 1209 3179 libertate
1237 3133 1516 3178 carentem

219 3223 462 3286 Liberet,
490 3237 555 3276 ac
581 3220 835 3291 populum
869 3218 1148 3272 discedere
1179 3227 1340 3286 cogat
1368 3217 1637 3285 iniquum,

214 3313 390 3383 Cujus
421 3329 606 3383 pressa
629 3310 762 3382 jugo
796 3309 1183 3379 pessumdatur
1217 3307 1421 3377 Appula
1452 3306 1626 3361 tellus.

217 3404 340 3460 Iloc
371 3401 809 3457 Normannorum
840 3401 1016 3470 Drogo
1034 3399 1473 3471 Gaymariusque
1508 3398 1715 3468 priores

219 3495 496 3565 Tempore
523 3491 761 3548 defuncti
794 3490 1028 3554 fuerant,
1059 3506 1088 3543 a
1120 3489 1332 3544 civibus
1358 3475 1499 3542 alter

223 3587 298 3643 Et
322 3585 739 3656 consanguineis
759 3583 975 3639 occisus
999 3581 1186 3636 fraude
1215 3580 1462 3646 Salerni;

229 3679 385 3732 Alter
417 3677 486 3730 ab
523 3677 812 3746 indigems,
849 3674 1075 3727 nimium
1107 3687 1231 3742 qnta
1265 3672 1514 3727 credulus
1544 3671 1668 3735 illis,

232 3770 498 3828 Pontilari
525 3784 700 3824 caesus
733 3767 866 3838 (I8).
897 3765 968 3820 Se
996 3780 1127 3835 gens
1161 3775 1372 3820 rectore
1397 3773 1671 3820 carentem

228 3861 442 3920 Gallica
475 3860 852 3931 conqueritur,
887 3849 1038 3928 papa:~
1067 3866 1247 3910 tamen
1273 3855 1428 3910 obvia
1457 3857 1602 3908 venit

227 3955 374 4010 Cum
410 3953 631 4022 quantis
660 3952 904 4021 equitum
935 3948 1105 4002 valuit
1131 3947 1486 4017 peditumque
1512 3943 1777 4008 catervis;

231 4048 540 4103 Advenisse
570 4046 786 4115 quidam
807 4043 947 4098 Latii
976 4058 1098 4097 cum
1133 4041 1305 4094 milite
1335 4039 1501 4094 multo

233 4142 540 4196 Audierant
567 4154 781 4208 papam,
815 4136 1207 4192 comitantibus
1242 4135 1385 4188 hunc
1410 4132 1726 4188 Alemannis

233 4231 546 4287 Innumeris
575 4231 686 4301 (I9)
709 4241 764 4285 et
792 4228 1123 4289 Teutonicis,
1151 4228 1216 4280 ad
1241 4227 1374 4279 bella
1405 4237 1674 4295 paratum.

236 4321 539 4377 Normanni
572 4321 700 4374 licet
727 4320 962 4388 insignes
989 4317 1318 4387 fulgentibus
1345 4315 1532 4379 armis,

237 4411 566 4484 Agminihus
608 4409 769 4463 tantis
796 4407 926 4461 visis
952 4407 1169 4460 obstare
1211 4403 1461 4457 timentes

239 4503 478 4574 Legatos
510 4502 732 4557 mittunt
765 4500 856 4567 qui
882 4499 1030 4568 pacis
1057 4496 1262 4550 ftedera
1295 4503 1541 4565 poscant,

239 4596 460 4665 Quique
489 4601 681 4663 rogent
713 4605 905 4661 papam
938 4587 1182 4658 placidus
1209 4585 1534 4641 famulamen
1567 4599 1753 4637 eorum

247 4687 553 4756 Suscipiat;
583 4698 703 4739 sese
731 4696 882 4752 papa:
912 4695 1102 4750 parere
1132 4686 1351 4749 paratos

248 4781 448 4834 Omnes
481 4787 774 4840 testantur,
806 4788 913 4827 non
944 4772 1086 4826 lnmc
1116 4769 1388 4824 offendere
1419 4765 1586 4833 velle,

249 4873 326 4932 Ac
360 4871 717 4941 quaesitorum
757 4877 1086 4935 cognoscere
1121 4875 1317 4915 munus
1346 4857 1415 4914 ab
1442 4858 1579 4929 ipso.

321 5158 433 5226 (47)
474 5156 754 5226 Leopapa
791 5161 962 5226 nonus
990 5145 1151 5226 hujus
1180 5143 1433 5226 nominis,
1465 5154 1610 5226 auito
1637 5138 1820 5226 salutis

253 5211 813 5294 It)i9,'pontitica'tum
847 5216 983 5268 iniit.
1015 5211 1181 5294 ,δέπαι
1213 5215 1390 5268 Bruno
1425 5211 1736 5274 vocabatur,
1766 5219 1814 5266 et

250 5284 516 5350 Ἰιιίιεέιιίεὶε
551 5293 840 5358 cpiscopus
869 5295 1002 5360 erat.
1039 5284 1266 5360 TtltEIt.__
1310 5351 1339 5360 η

3308 179 3474 236 ΝΒ*

1787 293 1835 352 Α
1869 289 1924 347 Si
1952 291 2160 364 placet,
2177 298 2322 351 hunc
2347 294 2622 352 dominum
2643 303 2871 368 poscunt
2889 294 3013 362 sibi,
3044 309 3210 366 seque
3237 295 3468 353 fideles-

1871 387 2179 455 Teutonici,
2211 389 2340 460 quia
2368 390 2620 446 czesaries
2651 399 2706 444 et
2733 387 2905 444 forma
2936 387 3168 444 decoros

1873 479 2100 536 Fecerat
2122 480 2338 551 egregie
2365 479 2574 552 proceri
2603 479 2846 550 corporis
2873 479 3012 542 illos,

1871 571 2114 643 Corpora
2147 572 2398 629 derident
2432 570 2812 635 Normannica,
2841 585 2961 640 quae
2990 569 3244 626 breviora

1873 663 2008 719 Esse
2035 663 2380 728 videbantur,
2413 678 2512 718 nec
2539 676 2728 718 eorum
2753 661 2940 716 nuntia
2971 669 3185 722 curant,

1878 751 1948 808 Ut
1978 763 2103 824 pote
2138 770 2235 808 nec
2261 769 2488 810 numero
2514 753 2692 824 populi
2733 768 2832 809 nec
2859 752 3062 807 viribus
3090 750 3264 821 ωηιιῇ

1876 843 2217 900 Conveniunt
2244 860 2434 916 papam
2464 843 2645 900 verbis
2667 858 2958 912 animoque
2982 841 3234 912 superbi;

1880 935 2118 1006 Praecipe
2152 937 2475 992 Normannis
2503 935 2664 991 Italas
2689 935 2964 991 dimittere
2992 942 3188 998 terras,

1873 1026 2117 1097 Ahjectis
2143 1027 2333 1094 armis,
2362 1028 2676 1098 patriosque
2713 1025 2951 1081 revisere
2989 1025 3144 1080 lines.

1879 1117 2034 1186 Quod
2074 1118 2117 1173 si
2149 1118 2446 1182 noluerint,
2479 1133 2581 1173 nec
2613 1117 2816 1172 foedera
2859 1117 3006 1187 pacis
3036 1117 3105 1172 ab
3135 1116 3264 1186 ipsis

1881 1209 2156 1280 Suscipias
2189 1208 2456 1271 volumus,
2487 1225 2587 1264 nec
2617 1225 2805 1264 eorum
2838 1209 3025 1263 mmtia
3059 1223 3268 1272 cures;-_

1886 1297 2134 1354 Nondum
2165 1309 2292 1356 sunt
2313 1299 2522 1369 gladios
2547 1301 2754 1369 experti
2781 1300 3246 1363 Teutonicoer

1882 1393 2155 1450 Intereaut
2189 1392 2402 1462 gladiis,
2430 1402 2526 1447 aut
2553 1392 2945 1462 compellantur
2972 1391 3143 1454 abire,

1882 1482 2150 1552 Invitiqne
2173 1482 2374 1546 solum,
2403 1481 2547 1550 quod
2576 1481 2768 1538 uolunt
2798 1489 3018 1549 sponte,
3060 1479 3400 1550 relinquant.

1884 1574 2052 1647 Papa,
2080 1574 2206 1629 licet
2241 1571 2463 1628 turni.lis
2487 1571 2636 1626 varia
2669 1571 2878 1626 ratione
2908 1569 3172 1632 renitens,

1817 1649 1860 1704 Β
1889 1666 2000 1720 Non
2028 1666 2240 1720 animos
2265 1663 2442 1735 gentis
2465 1663 2639 1734 potuit
2665 1661 2859 1717 sedare
2886 1660 3152 1728 superbae.

1889 1760 2050 1827 Spem
2082 1759 2245 1813 dabat
2271 1756 2356 1813 bis
2384 1755 2531 1812 itala:
2563 1754 2663 1810 faex
2699 1752 3073 1824 indignissima
3103 1749 3312 1818 gentis,

1884 1849 2033 1904 Gens
2069 1848 2355 1903 Marchana
2389 1847 2572 1918 probis
2613 1845 2773 1915 digne
2798 1842 3082 1912 reprobata
3113 1839 3346 1898 Latinis.

1886 1937 2023 1993 Cum
2055 1939 2232 2008 plures
2267 1937 2384 1992 Itali
2421 1953 2612 2008 magna
2641 1936 2840 1990 virtute
2871 1933 3196 1994 redundent,

1892 2031 1987 2086 llis
2007 2039 2123 2086 erat
2155 2031 2370 2084 innatus
2395 2044 2583 2100 pavor,
2607 2037 2662 2083 et
2687 2027 2807 2097 fuga
2829 2024 3198 2094 quuriesque,

1892 2122 2172 2178 Teutonici
2196 2121 2376 2191 pepuli
2407 2136 2511 2174 non
2545 2120 2697 2189 copia
2728 2131 2919 2188 magna
2944 2117 3176 2171 videtur.

1890 2216 2115 2271 Turbati
2146 2215 2371 2270 redeunt
2400 2212 2719 2278 Nor-manui,
2752 2226 2888 2282 pace
2920 2217 3135 2280 negata,

1894 2312 2072 2381 Atque
2098 2309 2520 2365 Alemannorum
2555 2320 2814 2376 responsa
2848 2303 3108 2357 tumentia
3137 2299 3407 2369 pandunt...

1895 2402 2129 2472 Tempus
2152 2409 2272 2454 erat
2294 2399 2404 2466 jam
2438 2396 2665 2452 triticeis
2691 2393 2906 2449 confine
2931 2392 3198 2448 metendis

1895 2492 2192 2562 Frugibus;
2229 2499 2284 2544 at
2307 2489 2506 2543 virides
2536 2486 2774 2541 nondum
2806 2484 2985 2555 legere
3008 2482 3276 2552 maniplos

1895 2582 2179 2653 Agricolae,
2211 2595 2348 2650 quos
2376 2577 2746 2647 Francigenae,
2774 2577 2899 2646 quia
2930 2589 3069 2648 pane
3095 2572 3329 2629 careban
3357 2608 3379 2638 ,

1898 2675 2009 2744 Igni
2049 2674 2329 2728 torrebant
2361 2679 2416 2727 et
2443 2669 2802 2726 vescebantur
2831 2667 3068 2733 adustis;

1899 2765 2082 2820 Talem
2123 2763 2390 2834 degebant
2413 2762 2484 2818 ob
2523 2770 2702 2818 castra
2742 2757 2962 2814 rebellia
2987 2758 3184 2822 vitam,

1902 2857 2150 2926 Undique
2188 2853 2500 2910 Teutonicis
2540 2849 2880 2912 latitulautia,
2915 2863 3014 2904 nec
3048 2847 3149 2903 sibi
3182 2844 3486 2918 quidquam

1828 2985 1874 3046 α
1906 2952 2117 3014 Dantia,
2147 2961 2420 3020 corporea:
2446 2947 2569 3001 vitte
2597 2943 2739 3014 quod
2771 2941 3006 3011 postulat
3033 2955 3184 2994 usus.

1782 3057 1786 3062 ‘
1829 3025 1874 3049 ’⁸
1907 3042 2097 3096 Frater
2125 3039 2378 3095 defuncto
2410 3037 2499 3106 qui
2531 3036 2697 3091 fratre
2731 3034 2980 3101 Drogone
3007 3037 3282 3100 superstes

1905 3135 2124 3191 Exstitit
2151 3130 2423 3189 Unfredus
2438 3129 2553 3200 (50)
2579 3141 2864 3195 procerum
2901 3125 2966 3178 de
2996 3121 3464 3198 It‘rancigeuarunt

1909 3227 2058 3284 Unus
2085 3224 2386 3279 habebatur
2415 3219 2746 3288 maioribus;
2782 3217 2904 3270 inde
2929 3213 3238 3269 Ricltardus

1906 3319 2109 3373 Aversa
2143 3313 2302 3386 paulo
2329 3321 2452 3368 ante
2477 3323 2666 3366 comes
2691 3307 2929 3362 delectus
2955 3307 3008 3360 in
3035 3304 3194 3366 urbe,

1910 3407 2295 3474 I’anlisperqtte
2322 3418 2449 3458 suos
2485 3401 2684 3455 fratres
2711 3406 2830 3453 erat
2861 3405 2990 3450 ante
3015 3404 3244 3457 secutus,

1911 3498 2204 3560 Robertus,
2230 3495 2321 3564 qui
2347 3491 2691 3564 magnanima
2723 3491 2922 3544 virtute
2949 3487 3162 3556 priores

1913 3589 2268 3646 Transccndit
2297 3589 2529 3650 fratres;
2569 3586 2658 3639 hic
2695 3583 2838 3638 bello
2869 3579 3111 3636 interfuit
3139 3578 3238 3634 illi.

1912 3685 2225 3749 Cognomeu
2256 3678 2588 3736 Guiseardus
2615 3686 2734 3731 erat
2777 3676 2903 3731 auia
2931 3671 3246 3727 calliditatis

1916 3779 2031 3833 Non
2066 3777 2258 3832 Cicero
2284 3783 2444 3829 tanta:
2477 3769 2600 3833 fuit,
2633 3780 2726 3824 aut.
2751 3777 3002 3823 versutus
3033 3763 3276 3835 Ulysscs.

1913 3872 2061 3928 inter
2085 3886 2181 3924 eos
2207 3869 2431 3926 aderant
2457 3864 2650 3919 Petrus
2676 3871 2731 3916 et.
2754 3861 3030 3926 Galterus,
3059 3857 3218 3912 amici

1918 3963 2145 4033 Insignis
2171 3959 2407 4022 soboles,
2441 3955 2601 4011 simul
2637 3953 3004 4032 Aureolanus,
3035 3949 3266 4004 libertus

1921 4051 2210 4119 Muscaque
2255 4045 2574 4108 Raiutldus,
2619 4057 2803 4097 comes
2843 4040 3033 4108 Ilugo,
3081 4048 3372 4103 comesque
3397 4033 3494 4087 Gi-

3169 4125 3428 4196 [rardusz

1926 4236 2024 4296 llic
2050 4230 2444 4289 Beneventanis
2473 4229 2743 4298 praelatus,
2768 4232 2822 4277 at
2852 4223 2904 4275 bi
2931 4218 3260 4275 Tlielesinis.

1849 4320 1899 4380 Β
1928 4328 2038 4381 Ilos
2071 4320 2430 4379 Ilouianensis
2451 4316 2666 4372 comitis
2701 4314 2957 4370 comitata
2987 4307 3202 4367 [indulti

1929 4418 2024 4471 Est
2051 4415 2226 4466 virtus
2255 4419 2308 4464 et
2341 4405 2570 4463 consilio
2593 4402 2844 4472 pollentis
2873 4408 2924 4455 et
2953 4398 3141 4452 annis.

1928 4507 2029 4564 Vix
2061 4516 2316 4574 proceres
2355 4500 2486 4553 istos
2511 4495 2721 4564 equites
2753 4503 2835 4547 ter
2865 4490 3010 4544 mille
3039 4496 3360 4556 sequuntur,

1931 4599 1998 4656 Et
2024 4592 2180 4667 pauci
2210 4591 2440 4662 pedites,
2471 4585 2647 4640 triduo
2677 4583 2802 4652 quia
2835 4593 2990 4649 panis
3020 4586 3240 4648 egentes

1934 4693 2100 4747 Arma
2134 4690 2346 4753 petunt,
2375 4676 2558 4735 cuncti
2598 4673 2772 4742 magis
2797 4681 2856 4724 ut
2886 4668 3188 4722 moriantur
3215 4670 3455 4726 honeste

1934 4778 2194 4846 Bellando
2223 4778 2466 4845 cupiunt,
2513 4780 2677 4838 quam
2709 4775 2936 4833 corpora
2964 4769 3111 4816 tanta
3139 4761 3398 4821 virorum.

1942 4871 2225 4953 Opprimat
2260 4863 2469 4920 esuries
2498 4855 2802 4916 inhonestae
2829 4851 3020 4906 funere
3041 4854 3264 4910 mortis.

1952 5135 2170 5210 insidiis
2214 5133 2280 5187 ad
2337 5121 2648 5210 Μοιιῑο¹ἓ¹¹ί¹¹
2734 5115 2999 5210 ίῖἓῖιέίδξὲῗ
3057 5109 3562 5210 ςίι¹ῖῖ¹¹⁸¹¹ῖί⁵ζ¹ῗιῗῗιέῖ

1953 5177 2170 5217 illam“
2215 5177 2280 5187 ω’
2338 5177 2437 5185 ὴν
2773 5177 2828 5200 ⁷’“
3069 5187 3079 5195 ”
3125 5186 3134 5196 ·
3321 5182 3324 5183 ⁷
3448 5177 3562 5216 vn.

1954 5220 2164 5283 visast:
2191 5217 2380 5283 genere
2405 5191 2940 5283 .AP:‘_‘9.-.E‘f2“'}.‘.€’i‘f
2955 5185 3260 5283 ιῗὲἓῗξὶίὲδξο
3275 5186 3562 5283 ,ίξῗέἷᾷωις

2191 5243 2758 5326 ἷῇηξῖιῖιί-Ᾰιειιίίιῇηῑ,
2790 5269 2925 5327 quos
2955 5252 3227 5310 Henricus
3275 5243 3571 5311 sect“ldus

2111 5347 2120 5358 .
2190 5342 2208 5360 π
2281 5341 2543 5360 η-.--......ιι
2612 5328 2912 5360 ἰτηηιηιηιηιο
2949 5324 3088 5360 -ςηιιιιι
3116 5323 3410 5360 Vnmnnllns‘n
3438 5312 3571 5360 Drm-

2612 5312 2912 5360 .Imnn'nn'lnl'
2949 5324 3088 5360 1‘“qu
3116 5323 3410 5360 Vnrnnllns
3438 5312 3580 5360 0733‘
