4044 5360
569 361 708 421 1043

570 481 715 537 Gens
740 475 1184 541 Alemannorum,
1218 473 1413 545 stipata
1444 473 1676 530 satellite
1709 474 1895 542 multo,

569 568 1046 640 Langobardorum
1070 567 1268 621 frustra
1299 565 1499 621 conlisa
1528 565 1736 636 fugacis

570 659 787 714 Auxilio
811 659 1000 722 turbas,
1032 655 1372 710 Normannos
1402 663 1550 725 terga
1583 656 1805 711 daturos

569 748 841 804 Credebat
872 746 1060 816 primis
1083 743 1441 810 conﬂictibus,
1473 753 1564 800 aut
1594 738 1964 814 perimendos.

568 840 640 894 At
663 855 767 894 non
795 839 845 891 in
878 851 1123 901 numero,
1154 853 1252 892 nec
1283 837 1458 906 equis,
1488 850 1586 890 nec
1610 845 1796 906 gente,
1825 849 1924 889 nec
1950 834 2140 898 armis,

572 931 677 984 Sed
703 928 793 983 cui
823 928 890 981 de
923 926 1062 982 ccelo
1085 927 1246 982 datur
1273 937 1353 982 est
1385 926 1612 982 victoria
1636 925 1784 980 belli.

570 1020 717 1076 Inter
750 1019 1079 1076 Teutonicos
1105 1019 1648 1087 Normannorumquc
1677 1026 1930 1071 catervas

569 1111 735 1170 Collis
758 1121 874 1170 erat
904 1112 1133 1177 medius,
1159 1127 1290 1184 gens
1315 1110 1725 1166 innumerabilis
1750 1109 1825 1164 illi

572 1205 807 1275 Appula,
835 1203 1136 1268 Balbcnsis,
1170 1202 1516 1273 Campauica,
1547 1200 1743 1266 Marsa,
1772 1198 2059 1254 Thclensis

581 1293 818 1351 Venerat
843 1293 1076 1360 auxilio;
1116 1293 1433 1348 Guar-uerus
1456 1291 1878 1346 Teutonicorum

573 1387 935 1458 Albertusque
971 1387 1136 1444 duces
1167 1403 1274 1441 non
1317 1386 1588 1441 adduxere
1617 1385 1826 1440 Suevos

573 1475 700 1532 Plus
730 1478 1130 1550 septingentos;
1165 1479 1280 1533 haec
1307 1493 1438 1548 gens
1467 1477 1710 1531 animosa
1740 1476 1952 1530 feroces

574 1567 702 1623 Fert
735 1569 964 1633 animos,
997 1570 1090 1624 sed
1117 1583 1287 1638 equos
1319 1569 1460 1623 adeo
1486 1583 1592 1623 non
1623 1569 1818 1623 ducere
1849 1574 2028 1627 cauta,

576 1659 770 1717 Ictibus
803 1661 1017 1716 illorum
1043 1677 1206 1732 quam
1235 1661 1421 1716 lancea
1448 1660 1567 1732 plus
1594 1660 1738 1716 valet
1775 1661 1954 1723 ensis;

575 1750 719 1806 Nam
766 1768 866 1808 nec
891 1767 1063 1822 equus
1085 1752 1240 1807 docte
1267 1753 1516 1806 manibus
1539 1759 1764 1823 gyratur
1795 1763 2010 1814 eorum,

575 1843 686 1902 Nec
707 1842 916 1900 validos
936 1845 1082 1900 ictus
1101 1844 1194 1898 dat
1231 1844 1440 1908 lancea,
1473 1844 1754 1915 praeminet
1777 1842 1942 1905 ensis,

578 1931 717 1989 Sunt
739 1932 938 1989 etettim
967 1931 1110 2003 longi
1137 1933 1446 2003 specialiter
1465 1941 1522 1987 et
1543 1934 1790 2002 peracnti

575 2023 791 2081 Illorum
832 2024 1018 2096 gladii,
1046 2040 1365 2097 percussum
1396 2041 1426 2079 a
1453 2025 1657 2081 vertice
1685 2040 1881 2094 corpus

1875 355 2248 415 ουιιιεωιι
2287 353 2489 410 APULI

2171 479 2220 534 Α
2248 472 2416 542 Inque
2443 468 2619 541 fugam
2646 467 2788 524 versi
2819 482 2914 537 per
2942 466 3121 536 plana,
3151 466 3249 534 per
3286 462 3476 527 ardua,
3507 459 3714 514 cursim

3679 343 3819 402 10M

2245 561 2568 631 Diffugiunt;
2601 559 2798 614 multos
2827 558 2969 626 cogit
3001 557 3354 611 succumbere
3385 561 3590 607 stratos

2246 649 2477 720 Impetus
2509 652 2622 720 ipse
2645 649 2811 720 fuga;
2834 648 3034 717 jaculis
3062 646 3342 701 caeduntur
3371 652 3427 698 et
3453 658 3606 697 ense.

2244 743 2487 810 Qualiter
2511 741 2709 806 aerias,
2743 741 2832 795 ubi
2861 753 3171 795 convenere
3197 736 3497 806 palumbes,

2243 835 2379 889 Dum
2409 835 2542 905 petit
2571 834 2826 902 accipiter
2854 830 3078 900 fugitivo
3109 843 3319 884 summa
3349 827 3553 888 volatu,

2247 927 2312 982 Et
2336 927 2617 997 scopulosa
2643 925 2772 980 facit
2802 925 2933 980 celsi
2964 922 3094 993 juga
3116 935 3366 992 quaerere
3391 920 3614 984 montis,

2245 1017 2392 1085 Quas
2416 1029 2594 1073 tamen
2620 1017 2736 1087 ipse
2759 1016 2936 1086 capit,
2970 1030 3074 1070 non
3106 1022 3331 1084 possunt
3360 1010 3591 1081 amplius
3621 1009 3794 1061 nilum

2247 1109 2498 1177 Qumrere
2525 1107 2868 1178 confugium;
2915 1106 2994 1160 sic
3027 1105 3218 1159 dantes
3249 1111 3398 1171 terga
3458 1093 3802 1154 Ilii-bardus;

2170 1225 2177 1232 -
2248 1200 2543 1270 Diffugiunt
2569 1199 2686 1255 Itali
2712 1215 2727 1264 ;
2755 1199 2852 1254 sed
2873 1212 3009 1268 quos
3037 1196 3180 1265 capit
3209 1195 3346 1264 ipse,
3381 1193 3460 1247 vel
3493 1194 3590 1262 ipsi

2247 1291 2526 1346 Ηωτθιιῑθε
2552 1290 2709 1356 socii,
2738 1288 2860 1360 fuga
2889 1287 2966 1342 nil
2984 1286 3141 1355 juvat
3171 1302 3184 1338 :
3217 1285 3415 1340 occidit
3443 1283 3570 1337 illnc

2249 1383 2487 1438 Plurima
2527 1398 2660 1452 gens
2701 1381 2838 1436 Latii
2869 1379 3029 1444 bello,
3065 1394 3192 1449 pars
3216 1377 3449 1432 maxima
3484 1375 3642 1446 fugit.

2253 1476 2474 1533 quredi
2505 1485 2698 1531 contra
2723 1490 2832 1531 non
2864 1472 3045 1543 segnis
3080 1473 3147 1526 ad
3177 1485 3324 1524 arma
3354 1468 3525 1523 Sucv'r

2249 1571 2398 1626 Bella
2427 1579 2621 1640 parant
2648 1567 2844 1633 aciem,
2876 1567 2997 1622 telis
3025 1565 3176 1634 prior
3203 1563 3416 1618 eminus
3446 1561 3566 1615 ilius

2250 1662 2470 1730 Appetit
2502 1659 2798 1725 quredus,
2830 1658 2950 1722 telis
2979 1655 3261 1712 hostilibus
3294 1654 3410 1722 ipse

2252 1752 2461 1807 Rursus
2482 1761 2536 1807 et
2562 1751 2862 1821 appetitur;
2890 1748 3106 1803 tandem
3135 1745 3414 1800 concurrit
3445 1752 3674 1814 uterque

2256 1845 2336 1898 Ad
2366 1844 2572 1914 gladios
2601 1842 2852 1913 populus,
2887 1837 3151 1895 mirabilis
3181 1838 3319 1892 ictus
3345 1837 3599 1904 utrinque

2259 1935 2342 1990 Fit
2368 1935 2590 2006 gladiis,
2621 1935 2732 1989 illic
2760 1932 3057 1988 humanum
3086 1947 3117 1984 a
3159 1929 3364 1984 vertice
3393 1944 3588 1999 corpus

2257 2026 2515 2092 Vidisses,
2543 2033 2598 2081 et
2619 2039 2787 2094 equos
2812 2023 3048 2079 hominis
3072 2036 3196 2078 cum
3218 2033 3445 2091 corpore
3466 2034 3656 2074 caesos.

576 2113 838 2174 Scindere
882 2129 1026 2186 saepe
1065 2114 1264 2182 solent,
1312 2125 1366 2170 et
1417 2114 1575 2171 lirtno
1617 2124 1764 2170 stant
1805 2115 1961 2186 pede,
2006 2125 2154 2186 post-
2251 2120 2539 2191 Postquam
2567 2119 2837 2175 Robertus
2865 2117 3018 2174 fratri
3043 2125 3153 2171 tam
3189 2114 3454 2184 conspicit
3478 2113 3658 2168 hostes

1911 2205 2096 2277 [quam

574 2298 1125 2371 Deponunturcquis,
1154 2298 1334 2369 potius
1365 2299 1624 2354 certando
1649 2298 1831 2370 perire

575 2392 753 2464 Quam
788 2391 918 2448 dare
948 2401 1097 2460 terga
1128 2391 1346 2456 volunt,
1383 2392 1557 2463 magis
1587 2391 1689 2446 hoc
1719 2401 1845 2445 sunt
1874 2390 2046 2448 Marte
2081 2393 2148 2446 ti-

1878 2482 2080 2555 [mendt

571 2573 744 2642 Quam
773 2574 900 2630 dum
931 2583 1058 2630 sunt
1081 2575 1322 2646 equites;
1357 2582 1500 2628 tanta
1526 2582 1609 2629 est
1634 2573 1856 2628 audacia
1890 2573 2100 2644 gentis,

572 2663 737 2720 Italiae
762 2666 958 2735 popqu
986 2681 1108 2735 quae
1135 2680 1193 2720 se
1221 2665 1548 2720 sociaverat.
1573 2664 1689 2720 Illis

576 2754 831 2810 Germani
862 2757 1090 2812 comites
1113 2765 1376 2826 praesunt,
1403 2756 1813 2812 Transmundus
1840 2765 1893 2811 et
1920 2758 2070 2822 Atto,

577 2845 644 2898 Et
669 2846 966 2901 Burrellina
999 2859 1254 2917 generata
1287 2849 1580 2920 propagine
1605 2849 1804 2919 proles.

577 2935 642 2992 Ili
669 2936 828 2990 simul
863 2936 931 2991 ad
959 2937 1157 2991 bellum
1188 2949 1483 3008 properant
1508 2939 1792 3009 campique
1824 2938 2018 2993 marini

576 3027 778 3083 Accola
809 3027 1101 3084 Maldreliis
1121 3029 1539 3100 Molinensisque
1565 3029 1780 3084 Rodulfi

582 3115 851 3172 Bofredus
879 3132 1065 3184 socer;
1092 3118 1254 3189 hujus
1282 3131 1520 3175 castrum
1547 3119 1784 3175 Guardia
1813 3135 2042 3187 nomen;

577 3207 650 3262 Et
679 3207 857 3278 plures
881 3207 992 3274 alii,
1022 3224 1251 3280 quorum
1279 3226 1385 3264 non
1418 3211 1634 3265 nomina
1672 3211 1816 3265 novi.

578 3300 696 3356 Huc
733 3316 947 3372 quoque
974 3303 1227 3370 Romani,
1256 3303 1551 3369 Samnites,
1579 3314 1632 3359 et
1659 3304 1897 3374 Capuani

578 3393 853 3449 Auxilium
882 3395 1128 3460 mittunt,
1161 3411 1260 3450 nec
1283 3411 1414 3468 opes
1443 3395 1664 3464 Ancona
1698 3397 1934 3470 negavit.

581 3484 697 3545 lluc
731 3485 1018 3557 Spoletini,
1045 3487 1207 3542 simul
1231 3502 1512 3545 accessere
1537 3489 1746 3555 Sabini,

579 3578 698 3632 Huc
725 3593 940 3649 quoque
971 3579 1246 3646 Firmani;
1276 3597 1383 3636 non
1415 3581 1590 3637 evalet
1619 3583 1928 3637 enumerari

579 3667 925 3724 Carminibus
967 3670 1191 3734 nostris,
1222 3687 1383 3740 quam
1417 3672 1620 3726 multus
1646 3673 1854 3728 venerit
1894 3671 2088 3738 hostis,

581 3759 931 3830 Fraucigenze
952 3763 1126 3830 gentis
1151 3777 1344 3817 nomen
1377 3763 1554 3818 delere
1582 3763 1852 3818 laborans.

585 3849 648 3902 Ili
673 3865 792 3903 cum
820 3849 1133 3906 Teutonicis
1153 3853 1216 3906 ad
1243 3853 1410 3921 ripam
1436 3852 1672 3909 ﬂuminis
1699 3870 1910 3918 omnes,

586 3939 814 3994 Nomine
839 3939 1066 3995 Fertorii
1114 3942 1345 3996 tentoria
1382 3942 1485 3995 fixa
1515 3943 1781 4005 locarant,

585 4029 838 4084 Proxima
867 4045 1060 4084 nomen
1085 4028 1294 4084 habens
1314 4039 1432 4084 erat
1461 4032 1589 4085 urbs
1627 4048 1656 4084 a
1693 4033 1900 4086 civibus
1933 4034 2085 4102 ipsis.

585 4119 876 4188 Postquam
910 4118 1206 4175 Normanni
1239 4120 1518 4202 pacisque,
1548 4120 1794 4191 fugaeque
1818 4132 2066 4193 negatam

585 4212 748 4282 Spem
781 4212 884 4267 sibi
915 4223 1273 4282 cognoscunt,
1303 4213 1378 4266 nil
1404 4229 1515 4282 quo
1538 4213 1774 4284 fugiatur
1795 4216 2073 4277 habentes.

582 4306 782 4360 Collem
810 4306 1203 4370 conscendunt,
1231 4316 1292 4360 ut
1317 4315 1492 4361 castra
1523 4307 1736 4361 hostilia
1767 4316 2031 4376 spectent.

584 4395 858 4465 Spectatis
885 4395 1102 4460 castris,
1138 4406 1438 4463 armantur,
1471 4407 1524 4452 et
1559 4398 1775 4466 agmine
1802 4399 1991 4455 dextro

585 4486 987 4550 Arci-sanorum
1015 4487 1268 4541 comitem
1299 4497 1536 4543 statuere
1567 4489 1897 4544 Richardum

581 4577 682 4641 Qui
708 4576 1135 4647 Longonbardos
1165 4577 1352 4642 adeat;
1386 4579 1537 4647 prior
1566 4579 1708 4633 hunc
1738 4581 2029 4634 comitatur

580 4667 736 4720 tllara
767 4669 962 4724 cohors
989 4671 1252 4740 equitum,
1289 4669 1587 4738 medizeque
1618 4671 1857 4725 cohortis
1883 4672 2106 4741 agendae

586 4753 858 4813 'Infredus
897 4769 1086 4814 contra
1124 4759 1292 4815 fortes
1321 4761 1385 4812 ad
1417 4759 1552 4812 bella
1587 4759 1794 4814 Suevos

584 4845 812 4915 Eligitur
851 4849 1072 4915 ductor;
1097 4867 1264 4905 cornu
1293 4867 1512 4907 servare
1536 4853 1819 4906 sinistrum

587 4935 857 4994 ltobertus
879 4937 1050 4992 frater
1069 4941 1295 4994 Calabra
1328 4959 1450 4995 cum
1483 4952 1641 4996 gente
1669 4943 1902 4996 intretur.

2252 2214 2466 2269 Acriter
2490 2213 2777 2277 instantes,
2804 2219 2860 2267 et
2884 2211 2935 2266 ei
2961 2209 3272 2264 nullatenus
3300 2207 3408 2262 ullo

2252 2304 2456 2361 Cedere
2482 2304 2618 2360 velle
2648 2304 2827 2384 modo,
2872 2302 3088 2359 comitis
3118 2300 3412 2357 comitante
3441 2296 3657 2353 Girardi

2251 2397 2516 2454 Praeditus
2539 2397 2767 2463 auxilio,
2797 2395 3155 2464 Calabrisque
3195 2389 3548 2460 sequentibus
3580 2386 3727 2440 illum

2252 2487 2398 2554 Quos
2419 2486 2756 2542 conducendi
2790 2485 2970 2539 fuerat
2997 2483 3100 2539 sibi
3131 2481 3330 2537 tradita
3358 2495 3510 2542 cura,

2250 2578 2413 2633 Irruit
2444 2579 2703 2633 audacter
2729 2576 2935 2633 medios
2967 2577 3249 2630 animosus
3279 2575 3331 2627 in
3365 2574 3584 2632 hostes;

2252 2669 2484 2740 Cuspide
2515 2669 2756 2740 perforat
2788 2669 2909 2732 hos,
2937 2666 3117 2737 gladio
3141 2665 3429 2720 detruncat
3450 2672 3506 2717 et
3542 2661 3686 2722 illos,

2253 2761 2321 2814 Et
2346 2759 2537 2816 validis
2560 2760 2809 2814 manibus
2839 2758 3143 2814 horrendos
3167 2754 3363 2811 incutit
3393 2753 3566 2808 ictus:

2252 2855 2465 2922 Pugnat
2498 2862 2726 2923 utraque
2759 2867 2940 2917 manu,
2975 2865 3076 2905 nec
3105 2850 3295 2904 lancea
3335 2863 3515 2912 cassa,
3556 2861 3653 2900 nec
3685 2843 3826 2897 ensis

2252 2946 2454 3000 Cassus
2482 2953 2622 3009 erat,
2655 2957 2977 3014 quocunque
3007 2956 3228 2994 manmn
3259 2939 3527 2994 deducere
3551 2935 3747 2999 vellet;

2254 3035 2361 3090 Ter
2384 3037 2626 3106 dejectus
2652 3050 2810 3104 equo,
2839 3044 2922 3090 ter
2954 3033 3160 3088 viribus
3195 3032 3310 3100 ipse
3338 3030 3631 3099 resumptis

2256 3123 2426 3193 Major
2456 3126 2510 3180 in
2537 3140 2689 3179 arma
2715 3124 2878 3189 redit,
2903 3122 3150 3178 stimulos
3172 3121 3322 3176 furor
3344 3120 3456 3190 ipse
3485 3119 3777 3180 ministrat,

2179 3223 2224 3284 C
2260 3218 2328 3274 Ut
2358 3218 2440 3272 leo
2466 3233 2586 3272 cum
2615 3216 2872 3272 frendens
2896 3214 3152 3270 animalia
3179 3214 3320 3268 forte
3350 3212 3558 3267 minora

2260 3309 2472 3362 Acriter
2499 3308 2721 3371 invadit,
2751 3306 2798 3360 si
2827 3306 2954 3376 quid
2987 3305 3257 3375 reperire,
3289 3304 3431 3374 quod
3462 3304 3659 3367 obstet,

2259 3400 2517 3470 Coeperit,
2546 3401 2776 3464 insanit;
2818 3399 2988 3468 magis
3025 3407 3079 3453 et
3117 3396 3413 3464 majoribus
3439 3395 3519 3449 ira

2259 3490 2502 3545 Accensa
2531 3489 2794 3554 stimulat,
2826 3488 2899 3543 nil
2920 3487 3034 3557 jam
3067 3487 3291 3542 dimittit
3313 3483 3540 3540 inultum
3566 3501 3580 3535 :

2262 3581 2377 3637 I’Ioc
2416 3581 2604 3644 trahit,
2637 3582 2745 3637 hoe
2768 3579 2996 3646 mandit,
3021 3579 3164 3649 quod
3195 3577 3372 3632 mandi
3402 3589 3560 3646 posse
3586 3581 3817 3643 negatur,

2262 3673 2495 3742 Dissipat
2524 3670 2765 3742 alni'gens
2793 3686 2959 3742 pecus
2980 3669 3276 3724 exitialiter
3296 3682 3495 3723 omne:

2263 3763 2467 3818 Taliter
2499 3765 2779 3819 obstantes
2808 3762 3020 3816 diversa
3046 3760 3190 3815 caede
3231 3759 3435 3815 Suevos

2261 3854 2482 3909 Cmdere
2513 3869 2617 3908 non
2652 3862 2831 3908 cessat
2864 3852 3195 3915 Bodbertus,
3227 3859 3281 3905 et
3313 3851 3410 3905 hos
3437 3849 3569 3919 pede
3596 3854 3814 3904 truncat.

2264 3945 2329 3998 Et
2359 3942 2610 3998 manibus
2636 3943 2925 4013 quosdam,
2960 3949 3124 4012 caput
3161 3941 3285 3995 huic
3323 3955 3445 3995 cum
3473 3954 3692 4010 corpore
3719 3953 3814 3990 cae-

3633 4026 3748 4099 [dit,

2261 4129 2409 4183 Illius
2439 4135 2684 4182 ventrem
2712 4139 2832 4178 cum
2861 4132 3078 4193 pectore
3109 4121 3365 4185 dissecat',
3397 4118 3555 4186 nujus

2262 4220 2610 4290 Transadigit
2632 4228 2812 4274 costas
2843 4215 3085 4270 abscisso
3113 4215 3338 4279 vertice,
3367 4227 3558 4283 magna

2261 4312 2502 4382 Corpora
2531 4310 2850 4380 corporibus
2883 4316 3134 4362 truncata
3159 4305 3458 4359 minoribus
3484 4309 3672 4370 aequat,

2264 4403 2600 4472 Virtutisque
2635 4403 2790 4456 docet
2820 4399 3052 4469 palmam
3077 4412 3181 4451 non
3208 4395 3374 4450 all‘orc
3405 4403 3607 4448 tantum

2263 4496 2595 4564 Corporibus
2626 4493 2868 4562 magnis,
2899 4506 3003 4561 qua
3036 4505 3176 4558 saepe
3216 4489 3427 4542 minora
3467 4484 3772 4541 redundant;
3841 4511 3847 4518 -

2189 4558 2244 4615 Di
2265 4558 2451 4644 Nullus
2478 4589 2531 4643 in
2564 4589 2668 4642 hoc
2708 4558 2877 4649 bello,
2907 4558 3065 4638 sicuti
3104 4590 3224 4652 post
3251 4581 3388 4635 bella
3418 4579 3686 4649 probatum
3715 4583 3802 4632 esi.

2269 4682 2453 4737 Victor
2479 4679 2559 4733 vel
2589 4679 2762 4732 victus
2804 4686 2910 4730 tam
2941 4689 3162 4744 magnos
3188 4672 3354 4727 edidit
3379 4673 3533 4726 ictus.

2262 4773 2483 4828 Patrata
2516 4772 2729 4827 rediens
2761 4769 2964 4838 ingenti
2997 4767 3142 4822 czcde
3169 4764 3479 4819 Ricbardus

2263 4867 2516 4921 Ausonia:
2541 4865 2736 4936 gentis,
2779 4863 2933 4932 cujus
2961 4876 3086 4929 pars
3109 4860 3277 4913 altera
3306 4858 3463 4928 fugit,

2269 4959 2441 4996 Altam
2470 4973 2592 4996 παι-ε
2626 4954 2816 4996 nlnrliie
2843 4963 2896 4996 ρι
2921 4953 3142 4996 (vitettitln
3175 4965 3312 4996 musa
3347 4946 3599 4996 remansit
