4044 5360
237 315 388 369 1045

234 429 523 496 Caedibns,
553 443 607 488 et
640 440 787 488 tanta
813 443 1059 504 superest
1087 437 1153 490 de
1177 445 1339 506 gente
1363 452 1464 492 nec
1494 451 1636 492 unus

234 518 448 576 Exitus
480 522 567 577 hic
589 524 709 578 belli
733 538 925 594 papam
951 529 1278 583 mmroribus
1305 527 1509 598 implet,

235 611 608 684 Afﬂictusqne
630 617 778 686 gravi
805 617 952 672 luctu
980 619 1224 688 confugit
1250 620 1317 674 ad
1349 620 1536 675 urbem
1561 635 1577 683 ;

237 702 351 758 Sed
385 704 540 760 cives
560 721 756 777 papam
784 724 888 763 non
918 724 1180 778 excepere
1201 711 1477 776 decenter,

238 792 584 852 Normannis
606 798 764 852 veriti
803 815 966 869 grave
989 816 1057 856 ne
1085 803 1379 858 victoribus
1406 813 1551 860 esset
1580 821 1594 858 :

239 885 408 943 Hunc
431 889 661 959 genibus
690 890 846 948 flexis
871 893 1232 951 Normannica
1269 912 1400 968 gens
1428 907 1744 963 veneratur,

241 979 564 1049 Deposcens
591 983 827 1049 veniam,
854 997 1108 1042 curvatos
1128 1003 1267 1058 papa
1291 989 1521 1060 benigne

241 1066 518 1138 Suscipit,
550 1071 734 1126 oscula
759 1071 890 1128 dant
919 1075 1147 1144 pedibus
1170 1079 1535 1133 communiter
1547 1092 1760 1134 omnes.

245 1156 492 1215 Vocibus
517 1161 605 1216 ille
633 1161 734 1231 piis
763 1163 862 1218 ltus
891 1165 1168 1231 admonet,
1199 1182 1264 1222 ac
1293 1168 1583 1234 benedicit,

236 1251 702 1322 Coriquestusque
733 1255 918 1321 nimis,
949 1259 1074 1326 quia
1103 1260 1253 1329 pacis
1282 1270 1462 1330 spreta
1493 1261 1647 1317 fuere

243 1343 473 1412 Nuntia,
500 1347 770 1404 defunctis
794 1349 1102 1421 lacrymans
1126 1367 1224 1422 pro
1256 1353 1516 1410 fratribus
1543 1363 1684 1409 orat.

241 1437 450 1491 Audito
484 1445 649 1493 tanta:
678 1456 931 1496 successu
965 1445 1339 1512 prosperitatis

242 1525 584 1584 Normannis
605 1531 826 1596 habitae,
855 1549 963 1587 non
997 1534 1356 1591 sollicitudine
1385 1551 1549 1607 parva

239 1620 481 1690 Angitur
505 1621 776 1694 Argyrus;
811 1641 911 1682 nec
935 1628 1078 1682 enim
1110 1629 1194 1684 vel
1218 1630 1427 1694 fraude,
1461 1631 1548 1685 vel
1569 1631 1738 1686 armis

242 1708 412 1766 Posse
438 1713 543 1768 sibi
577 1717 760 1786 peragi
783 1717 926 1772 videt
960 1719 1259 1789 imperialia
1285 1721 1458 1791 jussu,

247 1798 315 1854 Ut
342 1800 592 1858 Francos
617 1802 770 1857 Latio
792 1816 1023 1870 moveat,
1053 1809 1133 1862 vel
1158 1819 1317 1879 cogat
1345 1811 1516 1866 abire.

240 1889 411 1958 Copia
445 1900 595 1945 tanta
624 1893 862 1961 quidem,
887 1896 1082 1966 quibus
1112 1898 1164 1951 hi
1191 1914 1297 1954 non
1319 1899 1487 1954 Marte
1511 1907 1828 1970 repugnent,

246 1977 361 2033 Non
407 1990 533 2036 erat
559 1981 791 2053 Argyro,
823 1999 921 2040 nec
941 2000 1035 2042 eos
1065 1988 1330 2058 promissa
1360 2004 1596 2055 movere,

249 2065 319 2122 Ut
350 2067 491 2125 ﬁnes
522 2070 658 2126 alios
680 2083 950 2141 peterent,
983 2076 1067 2131 vel
1095 2079 1236 2132 dona
1264 2079 1535 2134 valebant.

246 2157 362 2214 Hoc
392 2162 667 2219 meditans
686 2165 808 2220 Bari
836 2167 1057 2223 dimissa
1087 2169 1406 2226 transfretat
1445 2173 1598 2228 urbe.

246 2250 328 2304 Ad
357 2251 643 2308 dominum
669 2257 846 2321 rediit,
875 2259 1054 2329 populi
1091 2275 1348 2330 responsa
1381 2260 1581 2316 ferocis

247 2341 456 2400 Ordine
485 2355 684 2403 cuncta
707 2347 896 2412 refert,
922 2359 977 2404 et
999 2351 1120 2405 belli
1156 2361 1304 2422 gesta
1336 2354 1574 2408 recentis

250 2432 456 2492 Contra
487 2436 846 2505 Teutonicos;
883 2440 994 2511 iam
1021 2442 1414 2497 Constantinus
1444 2458 1629 2497 amare

252 2524 462 2583 Desinit
483 2527 777 2600 Argyrum,
810 2546 910 2587 nec
947 2536 1025 2601 (ut
1060 2541 1184 2587 ante
1210 2533 1416 2588 solebat
1444 2534 1656 2603 haberi)

253 2617 346 2673 Est
365 2617 480 2686 jam
509 2623 722 2678 consilii
752 2639 935 2680 comes
956 2627 1179 2682 intimus
1207 2627 1520 2696 imperialis.

254 2709 523 2766 Exsilium
546 2728 760 2783 passus,
788 2715 947 2788 longo
973 2727 1094 2787 post
1125 2728 1363 2787 tempore
1386 2719 1554 2772 vitam

258 2798 412 2870 chit
436 2801 493 2856 in
513 2805 797 2872 aerumnis,
831 2815 886 2861 et
906 2807 1155 2876 corporis
1175 2808 1448 2863 anxietate

258 2891 497 2948 Vexatus
526 2895 726 2952 misere
752 2897 913 2952 vitam
947 2899 1132 2954 finisse
1157 2899 1410 2955 refertur.

255 2981 466 3040 Crescit
489 2983 821 3043 Normannis
849 2989 1062 3046 animus
1085 2992 1382 3047 victoribus
1407 2993 1620 3064 ingens.

255 3071 484 3144 Jamque
523 3077 740 3133 rebellis
759 3079 838 3135 eis
863 3081 991 3135 urbs
1017 3080 1223 3152 Appula
1254 3083 1400 3138 nulla
1435 3086 1711 3140 remansit.

255 3164 455 3224 Omnes
484 3185 547 3225 se
573 3171 796 3238 dedunt,
827 3182 920 3227 aut
944 3175 1222 3247 vectigalia
1245 3178 1480 3241 solvunt,

261 3258 409 3316 Tune
433 3277 622 3319 comes
645 3262 917 3321 Unfredus
945 3267 1175 3324 fraterni
1206 3269 1414 3325 funeris
1448 3269 1596 3325 ultor

260 3349 492 3409 Funesto
525 3363 748 3410 cunctos
777 3355 996 3414 fuerant
1018 3361 1110 3430 qui
1139 3362 1455 3432 participati

259 3441 524 3514 Consilio,
544 3449 724 3516 punit,
757 3449 855 3506 bos
881 3461 1117 3518 truncat,
1153 3452 1386 3523 perfodit
1411 3453 1553 3517 illos.

261 3531 456 3590 Multos
480 3539 786 3608 suspendit,
830 3551 1133 3596 memorata
1163 3552 1338 3597 morte
1364 3543 1627 3614 Drogonis

260 3621 488 3682 Parcere
521 3629 634 3684 vult
661 3629 820 3698 nulli;
847 3631 1122 3702 jacetalto
1144 3642 1363 3702 pectore
1398 3634 1559 3697 ﬁxus,

260 3713 537 3774 Fraternas
567 3723 758 3778 mortis
779 3739 1074 3780 succensus
1095 3724 1286 3780 fomite
1325 3723 1514 3792 major.

261 3807 522 3868 Omnibus
551 3814 852 3871 horrendus
885 3817 1080 3871 multas
1105 3816 1208 3872 sibi
1235 3817 1476 3872 subdidit
1507 3819 1689 3873 urbes.

265 3896 481 3956 Solvere
510 3901 731 3973 Trojani
755 3905 937 3960 comiti
972 3920 1187 3975 erepere
1219 3907 1518 3972 tributum;

265 3984 414 4046 Hunc
441 4001 496 4046 et
526 3992 727 4059 Barini,
771 3993 1076 4050 Tranenscs
1099 3997 1235 4066 (51),
1260 4006 1314 4052 et
1342 3996 1596 4052 Venusini
1627 3997 1764 4068 (52),

263 4076 418 4136 Cives
440 4082 704 4154 llydronti
735 4087 1084 4153 famulantur,
1111 4096 1169 4142 et
1197 4090 1327 4144 urbs
1352 4089 1626 4144 Acerunti.

267 4169 498 4231 Roberto
523 4176 680 4231 fratri
711 4177 966 4233 Calabras
995 4179 1279 4248 acquirere
1309 4188 1480 4234 terras

266 4262 521 4322 Concedit
547 4268 784 4339 juvenis,
817 4271 1031 4339 patiens
1058 4280 1178 4327 erat
1214 4271 1314 4324 iste
1342 4269 1562 4334 laboris,

272 4352 360 4408 Vir
415 4360 674 4427 prudens,
717 4372 773 4416 et
822 4362 1028 4418 habens
1079 4363 1144 4416 ad
1166 4376 1394 4433 qua:un
1417 4361 1628 4433 negotia
1661 4376 1838 4431 prom-

980 321 1069 376 DE
1102 319 1327 378 REBUS
1361 321 1603 379 GESTIS
1637 316 1991 378 NORIANN.
2036 317 2102 373 IN
2133 318 2406 386 SICILIA,
2448 319 2600 376 ETC.
2626 348 2696 364 --
2733 321 2867 376 LIB.
2896 322 2955 377 ll.

3370 323 3529 380 tota

1833 425 1899 503 Α
1927 430 2276 504 Multiplicem
2325 434 2560 505 praedam
2611 450 2904 506 peragens,
2961 451 3097 507 quas
3136 436 3304 490 frater
3335 438 3503 492 habe-

3297 525 3432 598 [liaL

1929 616 2190 687 Quodque
2213 617 2330 690 capi
2359 627 2592 688 poterat,
2621 618 2748 673 dum
2773 619 2960 674 dividit
2983 621 3234 674 omnibus
3257 634 3438 690 teque,

1929 708 2131 764 Omnes
2152 718 2276 764 sunt
2298 709 2448 764 citari
2478 710 2601 773 sibi,
2629 711 2826 765 charus
2849 721 2904 764 et
2926 711 3177 766 omnibus
3199 710 3348 778 ipse;

1930 797 2132 868 Captus
2162 801 2230 853 ab
2263 798 2504 855 Unfredo
2535 815 2718 854 secum
2749 800 3066 870 prandente,
3102 799 3315 853 volebat

1931 890 1988 945 In
2012 889 2237 946 fratrem
2267 892 2447 963 gladio
2469 907 2824 963 consurgere,
2849 893 2945 947 sed
2971 892 3262 947 Gocelinns

1931 982 2394 1050 Comprehensum
2425 984 2674 1038 manibus
2714 984 2904 1048 tenuit,
2940 985 3256 1040 cuStodibns
3280 985 3414 1040 inde

1934 1070 2212 1139 Traditur,
2233 1083 2289 1128 et
2307 1074 2474 1129 multa
2503 1089 2612 1128 non
2635 1082 2950 1143 tempestate
2978 1083 3256 1130 retentum.

1934 1164 2149 1220 Dimisit
2176 1165 2371 1228 frater.
2400 1166 2647 1222 Calabra:
2671 1166 2904 1237 regionis
2923 1165 3157 1220 eturbes

1931 1257 2233 1330 Castraque
2256 1261 2549 1325 concessit,
2573 1261 2816 1329 equitum
2847 1259 3098 1330 suffragia
3131 1251 3400 1329 prrebeus.‘

1935 1346 2025 1402 llle
2049 1349 2401 1417 capessunda:
2428 1350 2655 1420 cupidus
2688 1349 2917 1415 telluris,
2948 1365 3191 1404 amorem

1933 1437 2195 1494 Omnibus
2213 1447 2488 1503 ostentat;
2515 1453 2618 1492 non
2647 1437 2766 1508 plus
2799 1435 3032 1492 affabilis
3061 1437 3152 1492 illo

1935 1529 2042 1583 Aut
2070 1528 2286 1583 humilis
2312 1528 2597 1598 quisquam
2625 1527 2831 1583 studuit
2864 1527 3168 1582 dominator
3191 1526 3400 1581 haberi.

1942 1620 2191 1690 Undique
2218 1635 2352 1689 gens
2384 1619 2592 1676 clarum
2639 1617 2997 1674 Normannica
3029 1634 3222 1674 nomen
3261 1617 3522 1685 habebat,

1936 1711 2005 1762 At
2027 1724 2131 1764 non
2156 1711 2366 1780 experti
2397 1711 2676 1775 virtutem,
2702 1710 2939 1765 nominis
2964 1710 3122 1780 hujus

1862 1775 1907 1834 π
1938 1775 2241 1856 Terrcntur
2263 1802 2478 1858 Calabri
2510 1811 2658 1857 tanta
2689 1802 2905 1858 feritate
2935 1775 3144 1872 repleti.

1933 1892 2013 1946 Ad
2053 1892 2205 1946 ducis
2231 1892 2534 1963 ingressum
2568 1892 2837 1948 Robertus
2873 1893 3039 1948 milite
3077 1891 3244 1948 fultus

1936 1981 2052 2038 Non
2082 1983 2314 2049 modico,
2349 1985 2578 2054 praedas,
2610 1983 2855 2039 incendia
2871 1984 3036 2055 jussit
3068 1985 3269 2056 ubique

1936 2071 2228 2128 Terrarum
2257 2074 2393 2137 fieri,
2425 2090 2561 2144 quos
2589 2074 2792 2143 appetit
2813 2083 2868 2128 et
2889 2072 3133 2144 spoliari,

1934 2166 2195 2236 Quodque
2218 2175 2419 2220 metum
2449 2166 2676 2221 incutiat
2703 2164 3024 2230 cultoribus,
3049 2179 3211 2221 omne
3234 2160 3444 2236 patrari

1939 2255 2197 2311 Militibus
2225 2271 2508 2311 remorans
2533 2256 2770 2310 dimissis
2805 2255 2992 2311 fratris
3022 2256 3197 2319 abire,

1936 2346 2052 2401 Non
2087 2345 2257 2401 multo
2281 2345 2560 2411 Calabros,
2589 2345 2685 2400 sed
2713 2345 2887 2400 atroci
2913 2345 3083 2401 milite
3113 2354 3291 2400 vexat.

1937 2441 2183 2506 Quicum
2206 2439 2491 2493 discedens
2517 2438 2622 2492 huc
2651 2437 3046 2507 przedabundus
3068 2446 3120 2494 et
3149 2437 3274 2492 illuc

1937 2531 2052 2586 Non
2086 2532 2303 2602 aliquod
2337 2540 2574 2586 castrum
2605 2540 2787 2602 posset
2821 2540 3041 2600 captare
3071 2529 3152 2584 vel
3183 2529 3386 2586 urbem.

1936 2624 2067 2678 Arte
2100 2623 2272 2678 locum
2306 2624 2596 2694 quemdam
2623 2621 2841 2676 molitur
2869 2622 3040 2687 adire,
3067 2621 3162 2676 sed
3190 2618 3307 2688 ejus

1939 2713 2178 2770 Dillleilis
2210 2729 2546 2770 conscensus
2573 2716 2868 2783 erat,.quia
2896 2712 3162 2783 plurimus
3189 2711 3364 2780 hujus.

1938 2805 2135 2860 Accola
2169 2822 2299 2876 grex
2324 2806 2599 2872 habitans,
2628 2807 2789 2861 etiam
2821 2805 3150 2860 monasticus
3177 2804 3287 2859 illic

1940 2897 2055 2952 Non
2097 2898 2454 2969 alienigenam
2481 2899 2726 2970 quemvis
2747 2899 2951 2954 intrare
2981 2899 3251 2952 sinebant.

1941 2990 2083 3046 Utile
2107 2990 2421 3060 figmentum
2449 3000 2700 3045 versutus
2729 2991 3008 3045 adinvenit
3055 2999 3219 3058 atque

1863 3112 1910 3177 ο
1944 3081 2161 3135 Mandat
2189 3080 2503 3135 defunctutn
2530 3081 2671 3150 quod
2703 3080 2996 3150 quemlibet
3027 3093 3146 3134 esse
3174 3091 3396 3132 suorum

1939 3174 2084 3229 Gens
2115 3190 2209 3228 sua
2235 3183 2482 3243 testetur,
2515 3175 2606 3244 qui
2639 3189 2783 3238 cum,
2821 3173 2972 3242 quasi
3005 3180 3250 3226 mortuus
3278 3176 3440 3229 esset.

1939 3265 2230 3334 lmpositus
2257 3266 2480 3326 feretro,
2514 3280 2832 3334 pannusque
2861 3263 3128 3317 obducere
3163 3277 3286 3317 cera

1938 3356 2107 3410 lllitus
2133 3356 2274 3411 hunc
2304 3356 2441 3410 facie
2463 3355 2647 3425 jussus
2675 3354 2921 3408 latitante
2947 3353 3158 3417 fuisset,

1941 3445 2010 3500 Ut
2037 3445 2470 3500 Nortnannoruui
2496 3446 2673 3499 velare
2699 3448 2961 3498 cadavera
2992 3459 3106 3497 mos
3127 3451 3231 3507 est,

1935 3535 2254 3593 Conduntur
2283 3536 2481 3592 feretro
2508 3537 2608 3592 sub
2651 3545 2798 3604 tergo
2821 3534 3061 3604 corporis
3087 3548 3263 3590 enses.

1936 3626 2016 3681 Ad
2046 3627 2361 3682 monasterii
2393 3625 2828 3690 snblnnnanslum
2857 3623 3042 3677 limina
3070 3637 3270 3692 corpus

1934 3716 2154 3782 Fertur,
2185 3725 2240 3771 et
2274 3718 2495 3787 ignarus
2518 3717 2744 3781 fraudis,
2779 3731 2912 3785 quos
2941 3713 3125 3768 fallere
3155 3713 3273 3770 vivi.

1935 3808 2050 3862 Non
2080 3817 2328 3878 poterant
2359 3808 2634 3872 homines,
2662 3807 2900 3862 defuncti
2933 3805 3076 3860 fictio
3101 3805 3260 3870 fallit,

1935 3899 2182 3970 Dumque
2209 3901 2486 3954 videretur
2514 3900 2744 3970 simplex
2776 3899 2964 3954 modus
2994 3896 3398 3967 exsequiarum,

1937 3991 2177 4063 Erigitur
2211 3992 2389 4048 subito
2409 3992 2499 4063 qui
2533 3993 2854 4048 credebatur
2883 3990 3208 4046 humandas.

1936 4083 2248 4152 Evaginatis
2269 4082 2603 4137 comitantes.
2621 4081 2840 4135 ensibus
2869 4080 3013 4132 illum

1936 4173 2191 4228 invasere
2219 4175 2320 4230 loci
2347 4175 2751 4242 deceptos'arte
2772 4171 3008 4226 colonos.

1935 4266 2075 4332 Quid
2104 4266 2347 4320 facerent
2366 4264 2583 4320 stolidi?
2607 4279 2708 4318 nec
2737 4279 2796 4319 se
2822 4260 3107 4316 defendere
3128 4268 3370 4330 possunt,

1939 4361 2058 4428 Quo
2086 4360 2293 4429 fugiant
2323 4374 2420 4412 nec
2450 4357 2677 4420 habent,
2699 4370 2890 4410 omnes
2911 4354 3228 4422 capiuntur;
3261 4361 3314 4406 et
3335 4349 3458 4407 illic.

1626 4453 1768 4525 [ptas
1866 4469 1916 4530 ι)
1941 4449 2257 4504 Praesidium
2289 4447 2453 4500 castri
2482 4446 2737 4514 primum,
2773 4444 3028 4505 Roberte,
3060 4441 3286 4507 locasti;

271 4536 576 4599 Exercenda
609 4560 822 4600 manus.
848 4544 1118 4600 Robertus
1142 4555 1196 4600 et
1219 4547 1526 4617 ingeniosus

274 4626 491 4699 Semper
517 4635 661 4689 celsa
688 4644 902 4704 petens,
924 4645 980 4690 et
1002 4635 1177 4690 laudis
1201 4651 1390 4692 amans
1409 4647 1463 4691 et
1491 4637 1709 4690 honoris

273 4716 329 4772 Si
366 4727 710 4798 contingebat
758 4728 859 4782 sibi
891 4728 1087 4797 palma,
1121 4728 1206 4782 vel
1241 4738 1379 4794 arte,
1407 4727 1487 4781 vel
1520 4727 1687 4782 armis

278 4807 444 4881 (Eque
473 4816 734 4882 ducebat;
762 4819 886 4886 quia
915 4817 1057 4888 quod
1088 4817 1339 4872 violentia
1371 4834 1514 4888 saape

280 4901 388 4958 Non
419 4910 630 4978 explere
650 4919 846 4978 potest,
871 4911 1050 4980 explet
1069 4911 1307 4966 versutia
1339 4911 1553 4966 mentis.

281 4992 463 5052 Clarus
488 4999 540 5054 in
570 5000 786 5070 eloquio
815 5002 978 5056 dabat
1008 5003 1092 5057 hic
1121 5016 1378 5070 responsa
1402 5011 1630 5071 repente

278 5083 504 5156 Optima,
536 5092 816 5146 consultus
839 5092 883 5148 si
914 5092 1034 5161 quis
1059 5093 1338 5162 qumrebat
1356 5095 1424 5150 ab
1450 5093 1542 5146 illo

278 5175 582 5249 Consilium,
610 5183 883 5252 sapienter
911 5184 960 5238 ei
991 5185 1116 5239 dare
1145 5195 1369 5241 noverat
1399 5183 1549 5241 illud.

281 5266 562 5292 Il'.--!a°_.
659 5273 940 5292 -.--nla

1939 4543 2057 4596 Non
2089 4539 2398 4594 monasterii
2431 4548 2612 4592 tamen
2642 4546 2726 4591 est
2761 4550 2968 4590 eversio
2993 4534 3155 4597 facta,

1939 4632 2057 4687 Non
2079 4629 2414 4697 exstirpatns
2441 4643 2574 4698 grex
2610 4635 2694 4680 est
2723 4625 3054 4679 monasticus
3087 4624 3227 4676 inde.

1941 4721 2167 4791 Agmina
2194 4736 2384 4790 uutgna
2410 4720 2590 4790 legens
2625 4729 2804 4773 αλδιιό
2834 4716 3099 4770 Robertus
3126 4715 3179 4768 in
3209 4714 3336 4780 illo,_

1940 4812 2171 4868 Charior
2194 4828 2312 4868 esse
2340 4812 2456 4866 suis
2477 4810 2662 4879 coepit,
2688 4811 2812 4880 quia
2841 4818 3093 4861 strenuus
3115 4808 3282 4862 armis

1939 4902 2288 4974 Consilioque
2311 4917 2474 4970 sagax
2507 4915 2690 4956 comes
2719 4902 2819 4955 hac
2852 4898 3070 4967 regione
3101 4909 3325 4954 vocatus

1857 5053 1860 5057 ,
1943 4997 2056 5060 Est,
2080 5004 2134 5052 et
2162 4997 2230 5050 ab
2254 4997 2336 5051 his
2359 4993 2593 5057 habitus,
2622 4991 2923 5062 praesertim
2951 5005 3088 5061 quos
3116 4992 3375 5047 comitati.

1943 5087 2084 5142 Sunt
2115 5091 2324 5158 equites
2348 5084 2573 5153 aliquot,
2599 5083 2897 5146 Torstenus
2924 5081 3122 5138 dicitur
3150 5098 3316 5150 unus,

1941 5179 2094 5234 Alter
2117 5179 2356 5250 Arenga,
2387 5175 2684 5242 valensque
2729 5180 2964 5244 gerenda
2995 5174 3060 5226 ad
3089 5171 3231 5228 bella
3260 5176 3528 5244 Bogerus.

1943 5267 2040 5292 ΙΙέοκ
2075 5269 2168 5290 ,εις
2210 5284 2228 5290 -

2315 5278 2476 5290 Ana-AM
2502 5262 2747 5290 ηιιηιιΙι-ιοκ
2781 5262 2919 5288 ,³.υ³21
2950 5261 3138 5288 Ακηξιιη
3167 5269 3325 5288 ..ι-...μ
