4044 5360
493 208 626 261 ΜΠ

491 325 762 381 Itoiiertus
789 333 1061 394 properat,
1093 325 1316 380 fratrem
1347 325 1476 378 dum
1501 325 1764 393 conspicit
1795 340 1997 396 argi-um

489 417 832 486 (Iompatiens
859 416 1050 486 plorat,
1076 417 1263 470 solatia
1295 431 1486 488 magna
1512 417 1600 470 dat
1635 433 1781 488 {egro

491 508 769 561 Adventus
801 507 1008 572 fratris,
1037 508 1280 576 deposcit
1301 516 1356 560 et
1383 507 1781 572 advenientem,

491 598 689 652 lict-tor
721 607 988 654 terrarum
1027 601 1096 653 sit
1119 615 1185 654 eo
1217 601 1482 655 moriente
1511 616 1753 666 suarum,

489 690 552 744 Et
581 689 744 760 geniti
775 697 920 742 tutor
947 689 1187 758 puerilis,
1221 706 1378 760 quem
1413 701 1558 744 vetat
1581 699 1713 746 artas

491 782 771 837 Rectorem
805 784 942 846 fieri,
979 782 1146 838 frater
1174 784 1320 839 favet
1345 787 1536 840 anxius
1569 787 1667 849 illi,

490 877 550 930 Et
579 894 636 930 se
661 878 924 933 facturum
958 895 1076 949 qute
1101 882 1708 950 prazcipitmnniadicit.

487 966 600 1020 Non
633 968 842 1022 infirma
868 970 1052 1025 valens
1077 969 1190 1039 jam
1225 971 1450 1027 reddere
1487 974 1726 1026 membra
1759 972 1920 1026 saluti

487 1058 674 1114 Interit
709 1060 979 1116 quredus
1011 1063 1145 1131 (5'5),
1179 1063 1487 1134 lacrymans
1517 1064 1741 1134 Appulia
1773 1074 1881 1119 tota

487 1153 598 1206 Flet
633 1154 802 1222 patris
833 1153 1150 1219 interitum;
1181 1158 1366 1226 patrim
1391 1167 1544 1228 pater
1567 1158 1656 1212 iIle
1680 1158 1946 1228 benignus

489 1241 637 1296 lianc
667 1241 871 1310 placide
905 1246 1062 1308 rexit,
1101 1247 1268 1299 vitzun
1295 1246 1568 1302 decoravit
1597 1247 1852 1304 honestas
1883 1265 1896 1306 :

487 1331 598 1384 Non
625 1333 830 1386 studuit
853 1333 1104 1403 populant
1141 1351 1338 1392 vexare
1364 1338 1650 1407 tyrannide
1677 1339 1816 1404 dira,

484 1422 865 1494 Iustitiamqae
885 1426 1090 1488 colens,
1117 1443 1279 1496 quam
1311 1427 1526 1492 Iredere,
1557 1444 1780 1500 parcere
1807 1429 1992 1484 multis

487 1513 672 1568 Ilaluit
701 1516 949 1580 offensis;
987 1515 1190 1572 fratres
1203 1534 1372 1589 prope
1394 1529 1844 1588 prmmcmoratos

487 1608 578 1662 Est
607 1609 915 1664 monasterii
947 1610 1197 1664 Venusini
1227 1613 1356 1667 sede
1377 1613 1639 1683 sepultus.

485 1700 716 1755 Funeris
750 1702 1030 1771 obsequiis
1057 1702 1326 1758 liobertus
1357 1705 1708 1773 ritepcractis

486 1793 564 1846 Ad
597 1793 853 1849 Calabros
881 1795 1059 1858 rediit,
1091 1795 1290 1850 Cariati
1315 1798 1566 1866 protinus
1589 1797 1773 1852 urbem

486 1883 746 1952 Obsidet,
765 1887 870 1942 hac
895 1897 1049 1956 capta
1079 1888 1311 1957 reliquas
1345 1899 1402 1942 ut
1433 1897 1633 1945 terreat
1661 1889 1846 1946 urbes.

488 1979 694 2035 Interea
721 1997 869 2052 papa:
897 1981 1100 2038 Nicolai
1132 1983 1245 2054 (-55)
1278 1982 1418 2039 forte
1439 1985 1660 2039 secundi

485 2063 760 2143 Comperit
789 2076 1100 2140 adventrum,
1145 2076 1440 2132 dimittitur
1465 2077 1746 2132 obsidione

485 2163 722 2220 Plurima
755 2183 878 2236 pars
916 2169 1182 2238 equitum,
1212 2169 1508 2223 comitatur
1535 2183 1660 2238 pars
1691 2167 2056 2222 minorillum.

485 2255 658 2310 idclfta
685 2259 909 2328 suscipit
941 2259 1107 2324 hunc,
1139 2269 1194 2314 et
1220 2259 1290 2315 ibi
1319 2269 1604 2330 susceptus
1638 2260 1844 2315 honore

487 2350 684 2422 Magno
723 2367 856 2422 papa
881 2351 1008 2418 fuit;
1045 2353 1132 2408 hic
1159 2351 1523 2409 ecclesiastica
1547 2363 1766 2422 propter

489 2443 566 2496 Ad
603 2443 784 2514 partes
807 2445 926 2500 illas
956 2445 1234 2500 tractanda
1261 2445 1472 2515 negotia
1501 2445 1666 2499 venit.

485 2535 729 2606 Namque
752 2537 1084 2604 sacerdotes,
1129 2536 1326 2602 levitas,
1361 2537 1594 2592 clericus
1624 2536 1799 2590 omnis

489 2628 604 2681 Ilac
631 2629 851 2698 regione
890 2628 1064 2698 palam
1089 2643 1146 2682 se
1171 2627 1420 2698 coniugio
1449 2629 1757 2693 sociabant;

490 2719 790 2772 Concilium
817 2718 1095 2772 celebrans
1125 2719 1194 2774 ibi
1220 2735 1355 2789 papa
1387 2719 1523 2790 (55),
1553 2719 1856 2774 faventibus
1882 2719 1958 2774 illi

491 2807 820 2866 Prtrsnlihus
843 2817 1060 2863 centum
1079 2812 1166 2876 jus
1198 2813 1263 2865 ad
1291 2811 1554 2883 synodale
1581 2812 1808 2872 vocatis,

493 2898 662 2952 Ferre
690 2899 1004 2954 sacerdotes
1031 2910 1214 2956 monet
1251 2902 1546 2972 altarisqne
1578 2903 1855 2956 ministros

491 2990 654 3042 Arma
679 2990 978 3057 pudicitite;
1011 3000 1165 3046 vocat
1190 2993 1306 3057 hos,
1346 3002 1402 3048 et
1426 2993 1664 3064 prrecipit
1687 3009 1806 3048 esse

495 3081 750 3138 Ecclesia:
774 3097 1021 3151 sponsos,
1047 3085 1170 3153 quia
1196 3099 1300 3140 non
1329 3085 1550 3152 cstjure
1577 3087 1830 3140 sacerdos
1861 3069 1872 3078 θ

493 3175 744 3230 Luxuria:
772 3179 978 3241 cultor;
1007 3176 1085 3230 sic
1111 3176 1420 3245 exstirpavit
1445 3177 1510 3230 ah
1540 3176 1644 3232 illis

490 3261 742 3320 Partibus
772 3279 966 3320 uxores
993 3265 1214 3321 omnino
1235 3267 1692 3338 presbyterorum,

497 3357 782 3424 Spretores
809 3356 1067 3411 minitans
1100 3359 1448 3412 anathemate
1475 3355 1877 3425 pereutien.'.os.

496 3447 672 3502 Finita
696 3449 915 3519 synolo,
953 3447 1244 3504 multorum
1273 3463 1410 3518 papa
1441 3458 1628 3518 rogatu

495 3537 792 3591 Iiohertum
829 3538 994 3592 donat
1027 3537 1278 3592 Nicolaus
1307 3535 1420 3606 (56)
1447 3537 1652 3590 honore
1687 3533 1890 3588 dueali.

495 3631 596 3684 liic
633 3631 890 3684 comitum
921 3629 1066 3684 solus
1093 3643 1352 3683 concesso
1374 3627 1496 3695 jure
1527 3628 1756 3682 ducatus

499 3723 594 3774 I'Ist
617 3737 766 3789 papa:
795 3721 971 3774 factus
1002 3720 1375 3789 jurandojur-e
1403 3719 1592 3773 iidelis.

499 3811 652 3868 Unde
679 3810 778 3862 sibi
809 3809 1036 3864 Calaber
1061 3823 1350 3863 concessus
1373 3819 1426 3862 et
1458 3809 1696 3878 Aponius
1725 3809 1902 3862 onmis

500 3903 592 3957 Est
618 3903 795 3964 Iocus,
824 3909 878 3956 et
903 3900 1058 3955 Latio
1089 3900 1276 3970 patria:
1299 3901 1589 3954 dominatio
1613 3901 1807 3968 gentis.

501 3995 722 4050 Romam
757 4009 888 4063 papa
922 3993 1080 4058 redit,
1104 4007 1226 4048 cum
1257 4007 1450 4064 magno
1479 3995 1580 4046 dux
1609 3993 1852 4063 equitatu

499 4085 788 4140 Obsessum
814 4085 1010 4154 repetit
1033 4083 1332 4148 Cariatum,
1357 4075 1472 4153 'qno
1497 4084 1596 4138 sibi
1629 4083 1732 4138 lida

497 4160 726 4227 Maxima
751 4189 880 4242 pars
901 4173 1142 4242 equitum
1162 4173 1384 4228 dimissa
1415 4185 1742 4230 renuntiat-rat
1786 4183 1913 4232 ante
1945 4193 1958 4229 :

496 4267 640 4321 Gens
661 4265 1014 4330 Cariatensis,
1043 4271 1178 4319 duce
1205 4267 1514 4335 perturbata
1545 4283 1777 4329 reverso,

498 4357 614 4412 Non
638 4357 856 4412 obstare
885 4357 1092 4420 valens,
1127 4355 1202 4409 illi
1230 4371 1289 4410 se
1310 4357 1478 4419 dedit,
1505 4365 1560 4411 et
1581 4358 1800 4420 urbem;

499 4450 676 4503 I‘rima
703 4449 895 4504 ducem
926 4457 1084 4502 vocat
1109 4449 1253 4502 hunc
1275 4463 1406 4510 geris
1437 4448 1560 4514 ista,
1595 4449 1896 4517 ducemque
1917 4449 2066 4502 salu-

1898 4536 2000 4610 [tat

495 4629 752 4684 Partibus
781 4630 832 4684 iu
857 4629 1125 4695 Calabris,
1156 4629 1284 4684 hinc
1311 4629 1376 4682 ad
1409 4629 1523 4683 loca
1550 4636 1742 4684 caetera
1779 4632 1993 4684 transit.

497 4721 649 4774 'l‘nnc
679 4719 919 4774 Rossana
945 4729 1158 4790 potens,
1187 4720 1470 4775 Cossentia
1503 4719 2064 4790 fortisinannis(57),

498 4813 634 4867 Tum
665 4828 876 4882 quoque
898 4814 1052 4869 dives
1085 4829 1245 4881 opum
1274 4812 1504 4869 Geracia
1537 4814 1784 4868 subditur
1813 4814 1909 4876 illi,

496 4903 567 4968 Et
585 4893 824 4970 Subjecta
863 4903 937 4957 illi
981 4904 1038 4957 fit
1067 4921 1203 4973 pene
1231 4904 1478 4960 Calabria
1515 4914 1625 4960 tota
1657 4924 1670 4959 :

496 4996 740 5066 Cumque
766 5003 1074 5062 pozentatus
1105 4997 1359 5066 cmpisset
1387 5012 1636 5052 crescere
1661 5013 1858 5052 nomen

497 5148 684 5274 LP(ili)
724 5145 950 5202 Unfrcdi
991 5147 1170 5201 obitus
1195 5149 1409 5206 circiter
1457 5168 1654 5207 annuat
1699 5154 1886 5210 salutis
1907 5154 2063 5210 I053.

561 5233 594 5270 ει
639 5257 649 5268 .

545 5233 649 5270 εΙΒ.

573 5287 690 5360 (Si)
725 5285 980 5340 Nit'nlatlﬁ
1006 5300 1136 5360 Dalii!
1172 5287 1327 5360 hujus
1358 5289 1591 5344 nominis
1611 5291 1876 5345 secundus
1899 5293 2067 5347 natio-

1761 212 1800 268 ί]
1817 211 2134 269 ιςιωεωιξ
2161 213 2362 270 AI’ULI

3612 229 3752 284 I058

2096 330 2152 400 Α
2178 328 2510 404 Virtutisque
2535 351 2668 400 sine,
2704 336 2910 408 legatos
2931 338 3148 398 mittere
3175 343 3364 411 coepit,

2171 419 2271 487 Qui
2307 439 2404 478 sua
2433 426 2706 484 deferrent
2727 445 2990 500 generoso
3015 433 3173 487 verba
3199 433 3466 503 Gisnlpho

2169 516 2482 589 Gnaymarii
2511 521 2712 590 genito,
2753 537 3024 591 germanae
3052 527 3228 580 nobile
3257 540 3490 595 poscens

2167 610 2509 682 Conjugium,
2539 615 2665 683 quia
2705 616 2958 685 conjugio
2991 625 3116 671 tunc
3141 617 3255 686 ipse
3283 617 3530 678 carebat,

2169 701 2348 757 Prima
2373 703 2598 774 conjuge
2629 705 2739 775 (:38)
2763 722 2862 776 pro
2887 709 3362 776 consanguinitate
3393 707 3636 775 repulsa,

2169 791 2243 845 De
2269 808 2374 862 qua
2407 809 2566 848 natus
2595 805 2714 848 erat
2741 794 3104 856 Buamundns.
3135 805 3354 851 strenua
3387 797 3594 866 proles,
3621 793 3746 865 (59)

2165 881 2397 954 Insignis
2422 885 2584 940 nimia
2615 887 2814 940 virtute
2839 895 3135 956 potensque
3149 888 3384 941 futurus.

2165 971 2350 1030 Primo
2377 976 2597 1032 Iioberti
2627 977 2832 1046 sprevit
2857 979 3108 1032 mandata
3139 977 3458 1046 Gisuiphus,

2165 1060 2280 1117 Non
2312 1069 2454 1136 quod
2483 1067 2674 1137 majori
2709 1075 2909 1136 posset,
2947 1067 3030 1121 vel
3059 1067 3310 1121 nobiliori

2165 1154 2492 1214 Consociare
2523 1161 2636 1214 viro
2665 1174 3002 1229 germanam,
3031 1160 3124 1214 sed
3163 1160 3288 1229 quia
3311 1159 3456 1215 Galli

2165 1242 2300 1299 Esae
2325 1247 2649 1304 videbantur
2670 1264 2802 1322 gens
2835 1246 3020 1308 eirera.
3053 1249 3302 1312 barbara,
3323 1249 3464 1315 dira,

2165 1336 2356 1394 Mentis
2389 1341 2696 1396 inhumana:
2716 1341 2998 1412 primoque
3027 1340 3262 1409 repul‘sio
3291 1339 3436 1396 facta

2164 1427 2438 1498 Conjugis,
2465 1430 2692 1486 alterius
2724 1429 2972 1500 producit
2999 1438 3238 1498 tempora
3263 1428 3456 1484 dandae

2163 1519 2409 1574 Assentit
2446 1522 2661 1578 tandem
2686 1523 2958 1593 princeps,
2983 1530 3218 1589 natoque
3245 1521 3482 1591 priorem

2166 1612 2352 1667 Tradit
2375 1613 2426 1668 in
2449 1629 2672 1670 uxorem
2697 1613 2816 1678 tibi,
2837 1613 2944 1668 dux
2970 1612 3232 1676 Roberte,
3255 1626 3522 1666 sororem.

2091 1681 2132 1740 Β
2161 1704 2470 1762 Gatelerina
2500 1707 2696 1769 minor,
2729 1707 2844 1761 hrec
2865 1705 3170 1776 Sichelgata
3201 1703 3322 1776 (60)
3347 1713 3592 1767 vocatur,

2159 1799 2352 1870 Nupsit
2377 1799 2597 1854 Jordani
2628 1809 2748 1870 post
2773 1799 3080 1854 Galelerina
3116 1798 3320 1868 nepoti,

2161 1893 2261 1959 Qui
2286 1891 2482 1962 Captae
2513 1892 2766 1961 princeps
2791 1892 3073 1960 utriusque
3101 1890 3362 1960 ducisque
3389 1891 3670 1959 patrisque

2163 1982 2406 2038 Virtutes
2431 1983 2598 2038 animi
2616 1983 2906 2038 virtutibus
2927 1984 3304 2052 tetptiparavit.

2161 2072 2425 2144 Conjugio
2460 2073 2624 2128 ducto
2657 2081 2766 2128 tam
2792 2088 2998 2143 magna:
3029 2072 3349 2136 nobilitatis,

2160 2166 2359 2236 Augeri
2391 2166 2554 2235 coepit
2581 2165 2803 2220 Roberti
2833 2163 3014 2220 nobile
3049 2179 3275 2228 nomen;

2162 2255 2230 2310 Et
2256 2271 2386 2324 gens
2416 2269 2537 2323 qua:
2559 2255 2828 2323 quondam
2859 2255 3064 2308 servire
3085 2263 3270 2308 coacta
3303 2250 3516 2306 solebat

2163 2344 2438 2414 Obsequio
2463 2345 2634 2398 solum
2647 2343 2762 2413 jam
2785 2345 2964 2398 debita
2991 2344 3130 2414 juris
3151 2343 3304 2409 aviti,

2163 2435 2296 2491 Nam
2320 2437 2538 2506 proavis
2572 2444 2626 2490 ct
2649 2436 2764 2491 avis
2787 2436 3086 2506 subjectam
3121 2435 3365 2506 conjugis
3399 2433 3558 2503 hujus

2164 2528 2398 2582 Noverat
2426 2529 2631 2582 Italiam
2663 2544 2792 2598 gens
2824 2527 3174 2598 Longobarda
3211 2527 3396 2582 fuisse.

2167 2620 2316 2674 Dedit
2349 2619 2462 2673 haec
2491 2633 2686 2688 pueros
2711 2617 2812 2673 sibi
2839 2628 2972 2682 tres,
3011 2628 3065 2672 et
3087 2619 3327 2688 quinque
3363 2615 3572 2686 puellas

2164 2712 2450 2782 Egregiam
2471 2711 2706 2766 sobolem
2733 2727 2894 2766 sexus
2921 2713 3204 2780 utriusque
3227 2711 3486 2766 futuram.

2165 2804 2352 2859 Gloria
2379 2805 2620 2869 Roberti,
2647 2819 2766 2874 qum
2803 2811 2950 2858 tanta
2987 2810 3276 2873 augmenta
3301 2801 3486 2857 subire

2168 2897 2438 2968 Ct'eperat,
2473 2895 2754 2958 invidiam,
2783 2895 2902 2948 laus
2919 2895 3059 2947 unde
3079 2893 3385 2948 adhibenda
3414 2890 3622 2954 fuisset,

2093 3021 2138 3081 η
2169 2989 2284 3044 Non
2319 2989 2584 3043 modicam
2615 2985 2861 3055 acquirit,
2903 2986 3027 3056 quia
3051 2985 3176 3038 dum
3203 2984 3491 3038 virtutibus
3511 2982 3626 3051 ejus

2171 3082 2416 3136 Invidere
2451 3081 2574 3144 viri,
2606 3081 2834 3136 comites
2861 3095 2894 3135 a
2921 3079 3074 3148 plebe
3097 3078 3274 3132 vocati

2169 3173 2270 3240 Qui
2299 3187 2524 3226 numero
2543 3173 2624 3226 bis
2645 3187 2740 3226 sex
2769 3171 3004 3236 fuerant,
3027 3169 3384 3224 communiter
3409 3166 3556 3220 illum

2169 3263 2324 3318 Horti
2362 3263 2680 3318 tradendum
2707 3260 3058 3330 conjuravere
3082 3260 3300 3324 dolose;

2169 3357 2403 3425 Tempus
2429 3357 2494 3410 ad
2528 3356 2629 3410 hoc
2658 3364 2841 3424 aptum
2877 3353 2989 3408 fieri
3017 3369 3139 3408 cum
3173 3352 3310 3406 forte
3343 3351 3616 3406 viderent:

2167 3446 2372 3500 Ilorum
2401 3444 2696 3508 Gem-idus,
2726 3443 3014 3500 Gocelinus
3033 3453 3090 3497 et
3115 3441 3482 3511 Abageiardus

2169 3535 2338 3590 Filius
2362 3535 2606 3600 Unfredi,
2645 3535 2742 3589 sibi
2761 3534 2884 3604 jura
2913 3541 3137 3601 paterna
3158 3545 3446 3601 reposcens

2169 3626 2428 3696 Praecipiti
2453 3624 2664 3678 fuerant
2690 3633 2900 3678 actores
2921 3622 3296 3676 consiliorum.

2168 3718 2282 3772 Dux
2308 3718 2476 3790 igitur
2501 3725 2780 3786 postquam
2802 3715 2901 3769 sibi
2935 3713 3236 3782 eonjuratio
3261 3720 3384 3766 nota

2167 3808 2332 3863 Facta
2361 3807 2462 3860 fuit
2483 3806 2764 3870 comitum,
2796 3805 2990 3860 bellum
3018 3803 3268 3867 molitur,
3289 3802 3340 3856 in
3361 3815 3548 3854 names

2165 3897 2380 3950 Acriter
2399 3895 2626 3957 exarsit,
2647 3893 2792 3964 capit
2817 3893 2936 3955 hos,
2960 3901 3014 3946 et
3047 3891 3264 3961 projieit
3287 3889 3406 3944 illos
3432 3905 3450 3953 ;

2168 3987 2372 4041 AiIIixit.
2387 3987 2552 4040 variis
2577 3983 2928 4054 quorumdam
2959 3997 3184 4052 corpora
3207 3985 3400 4052 pomis.

2167 4078 2367 4132 Iratum
2392 4085 2638 4131 metuens
2663 4075 2798 4142 fugit
2825 4071 3112 4129 Gocelinus
3135 4073 3200 4126 ad
3231 4073 3424 4142 Argos.

2166 4168 2364 4224 Pelusii
2397 4167 2596 4222 utentis
2627 4175 2864 4220 castrum
2899 4156 3208 4234 pavefactus
3231 4165 3384 4218 adire

2167 4257 2442 4314 Goﬂridus
2463 4265 2716 4328 properat
2740 4259 2880 4321 dux;
2911 4258 3054 4326 quod
3083 4272 3186 4310 non
3217 4257 3390 4310 evalet
3413 4251 3591 4313 armis.

2096 4361 2142 4416 ι)
2170 4353 2296 4403 Arte
2326 4349 2471 4416 capit
2493 4355 2752 4408 castrum,
2781 4346 3060 4414 promissis
3087 4345 3286 4414 decipit
3317 4345 3471 4412 hujus

2167 4438 2456 4495 Custodem
2488 4437 2651 4490 castri
2688 4435 3054 4500 Godefridum,
3083 4435 3220 4490 dans
3257 4435 3357 4488 sibi
3395 4431 3642 4502 quaedam,

2167 4529 2435 4597 Pluraque
2464 4528 2735 4598 pollicitus
2755 4536 3100 4594 castrumque
3129 4525 3395 4578 valentius
3419 4525 3546 4593 ipso.

2167 4619 2362 4674 Pelusii
2397 4619 2598 4672 montis
2621 4616 2914 4672 dominatio
2936 4632 3038 4670 non
3067 4615 3342 4670 Godefridi

2168 4708 2244 4762 Es
2279 4719 2389 4761 toto
2413 4707 2612 4771 inerat;
2645 4706 2874 4760 mediam
2903 4715 3242 4758 concesserat
3276 4705 3350 4757 illi

2166 4801 2435 4856 Goﬂ'ridus
2461 4807 2688 4868 partem,
2713 4797 2804 4853 sed
2829 4799 2955 4860 dux,
2989 4797 3108 4864 quia
3140 4795 3422 4851 nobilioris

2168 4893 2384 4948 Castelli
2422 4900 2589 4945 totum
2621 4891 2942 4959 promiserat
2969 4889 3092 4942 huic
3115 4888 3472 4950 dominatum,

2169 4985 2389 5041 Scilicet
2423 4981 2773 5051 Ojaui,-solus
2799 4981 3020 5050 cupiens
3049 4979 3336 5045 dominari,

2241 5154 2351 5225 (56)
2391 5153 2659 5208 Robertus
2689 5167 2716 5205 a
2742 5151 2966 5225 ﬁicolao
2990 5149 3031 5204 Il
3060 5149 3314 5219 pontiﬁce
3339 5149 3446 5202 dux
3475 5141 3702 5198 Canthi-.0

2167 5233 2220 5280 et
2249 5221 2452 5292 Apulia:
2481 5233 2716 5277 creatur.
2741 5221 2934 5292 Tim-zu.

2241 5285 2352 5360 (5'7)
2395 5293 2484 5346 Hze
2515 5301 2641 5348 sunt
2669 5292 2718 5343 in
2755 5290 2998 5344 Calabria
3041 5290 3200 5341 urbes
3225 5288 3436 5360 viciam.
3463 5285 3635 5339 Tmen-
