4044 5360
225 273 246 326 l
255 267 354 326 0‘9

221 385 428 442 Maudat
453 380 684 435 Roberto
709 375 930 430 desistat
975 373 1042 428 ab
1065 369 1370 430 obsidione,

223 474 572 534 Dissimulaus
603 469 834 524 reditum
859 465 988 534 ;sed
1021 479 1144 519 mox
1177 471 1234 516 ut
1261 459 1410 514 novit
1433 457 1626 512 abesse

221 565 544 626 Goffredum,
574 560 760 616 redeat
783 565 1022 612 castrum
1045 567 1270 608 securus
1300 559 1356 602 et
1387 549 1572 609 intret,

223 659 470 716 Clavibus
497 652 762 723 acceptis,
783 648 1012 717 Ojanum
1033 644 1280 700 conferat
1309 641 1382 696 illi
1407 657 1422 704 ;

223 755 330 808 Hac
362 751 434 806 illi
461 758 702 804 castrum
729 741 1072 800 Godefredns
1095 735 1316 792 tradidit
1339 745 1475 786 arte.

223 841 422 912 Accipit
443 839 698 909 Ojannm,
720 835 816 890 Sed
845 835 968 902 quis
997 837 1122 898 post
1141 827 1394 882 crederet
1423 821 1496 876 illi
1527 821 1549 872 Ἰ

223 936 470 992 Traditor
495 941 580 988 est
607 929 742 986 Latii
771 927 968 998 populo
987 924 1260 978 vocitatus
1279 920 1346 974 ab
1385 915 1558 972 otttni.

225 1027 310 1082 Sic
335 1021 668 1080 ducisastuti
699 1017 982 1088 prudentia
1021 1014 1166 1082 quod
1197 1023 1460 1080 superare
1541 1017 1546 1022 '

225 1119 334 1176 Non
352 1117 518 1170 armis
551 1113 744 1184 potuit,
773 1109 1052 1180 superavit
1071 1106 1272 1176 Stepius
1301 1113 1440 1156 arte.

227 1209 474 1266 llostibns
503 1205 756 1261 edomitis
785 1212 838 1258 et
859 1201 1034 1270 captis
1059 1199 1296 1267 nudique
1327 1192 1548 1254 castris,

225 1301 416 1357 Contra
439 1297 732 1351 Barensem
754 1295 1008 1362 populum
1033 1297 1190 1358 parat
1215 1283 1574 1340 obsidionem.

229 1391 430 1461 Appula
463 1387 610 1440 nulla
635 1391 754 1439 erat
777 1383 908 1436 urbs
927 1393 1090 1450 quam
1113 1391 1216 1430 non
1239 1373 1510 1444 opulentia
1545 1367 1666 1422 Bari

233 1481 514 1539 Vincet-et;
551 1479 690 1532 hanc
711 1475 906 1544 opibus
935 1472 1158 1526 dilatam
1185 1467 1376 1522 robore
1405 1465 1618 1533 plenam

234 1573 470 1637 Obsidet,
499 1579 578 1634 ut,
607 1567 766 1622 victis
795 1573 960 1618 tanta:
985 1561 1310 1632 primatibus
1337 1557 1504 1619 urbis,

233 1669 472 1725 Nondum
505 1664 778 1734 subjcelas
811 1660 1014 1730 repleat
1043 1667 1254 1712 terrore
1285 1654 1526 1708 minores

240 1761 466 1822 Urbibus
493 1759 586 1814 illa
617 1757 862 1826 quidem,
888 1767 1026 1822 quas
1052 1751 1294 1806 continet
1325 1743 1532 1816 Appula
1561 1740 1742 1804 tellus,

237 1858 398 1927 Major
429 1853 748 1916 habebatur,
779 1853 885 1902 dux
913 1845 1088 1902 munit
1113 1843 1286 1898 milite
1309 1851 1510 1902 castra,

239 1953 408 2018 Atque
435 1944 614 2013 replet
637 1939 884 1998 Οιι1.;ὶιι’ἱε
914 1936 1158 1994 advectis
1189 1933 1416 1988 navibus
1441 1943 1648 2000 aequor.

239 2039 444 2109 Imperii
469 2035 646 2092 sancti
669 2039 820 2088 cives
843 2028 1100 2098 suifragia
1139 2031 1388 2096 poscunt,

243 2133 336 2200 Qui
367 2127 632 2199 conjurati
669 2126 886 2180 fuerant
911 2137 1036 2177 cum
1077 2119 1290 2176 civibus
1312 2117 1440 2172 illuc

247 2225 471 2294 Legatos
503 2221 752 2282 mittunt,
775 2213 936 2271 simul
959 2211 1240 2282 imperiale
1261 2209 1520 2279 juvamen

245 2321 438 2376 Omnes
466 2315 790 2383 deposcunt,
825 2308 934 2363 dust
967 2304 1188 2360 mandat
1215 2301 1424 2358 civibus
1445 2296 1590 2353 a-detl

247 2409 430 2480 Argyri
463 2408 568 2462 sibi
623 2407 776 2468 deut,
799 2417 934 2472 quas
957 2407 1186 2456 noverat
1211 2397 1474 2452 editiores

246 2497 516 2568 Cantigttis
547 2494 826 2558 domibus;
857 2507 994 2563 quas
1023 2491 1102 2545 sic
1129 2486 1446 2542 conscendit
1471 2483 1722 2554 adeptus,

251 2592 440 2648 Urbem
469 2589 742 2644 Robertns
775 2594 942 2641 totam
971 2583 1072 2637 sibi
1097 2581 1326 2636 subdere
1351 2583 1562 2648 sperat.

251 2685 506 2740 Barenses
535 2691 754 2734 austera
788 2677 909 2732 duci
947 2689 1204 2744 responsa
1229 2674 1516 2726 dederunt.

253 2779 270 2834 l
293 2779 338 2834 le
361 2783 724 2846 repugnantes
745 2777 1018 2840 oppugnat
1051 2766 1264 2820 fortiter
1304 2764 1454 2818 urbis

253 2869 532 2940 Indigenas
559 2863 788 2923 validos,
815 2876 920 2914 non
953 2858 1018 2913 ad
1055 2855 1354 2912 certamina
1387 2868 1604 2924 segnes.

255 2963 332 3016 Ad
361 2969 637 3030 portarum
663 2954 842 3008 aditus
869 2961 1046 3006 crates
1071 2950 1366 3018 prudenter
1385 2945 1636 3008 adorsns,

259 3053 364 3108 Sub
391 3051 590 3122 quibus
613 3057 854 3102 artuatos
874 3041 1218 3098 obstantibus
1247 3037 1570 3092 insidiantes

259 3147 501 3207 0r.lillal,
527 3149 586 3196 et
609 3139 800 3193 turrim
826 3134 1084 3195 fabricat,
1109 3145 1228 3199 qua:
1253 3129 1426 3197 lignea
1451 3125 1620 3178 nun-is

261 3239 338 3292 Pr.
363 3239 554 3296 minet,
589 3249 654 3288 ac
678 3232 836 3301 juxta
867 3231 932 3283 de
971 3239 1188 3297 quoque
1215 3221 1450 3292 petraria
1475 3217 1585 3289 (6|)
1617 3225 1774 3286 parte

263 3331 432 3394 Ponit,
461 3340 516 3386 et
541 3328 800 3396 adjuncto
823 3337 1008 3376 ntttros
1031 3334 1140 3388 quo
1162 3326 1408 3371 evertere
1431 3311 1599 3381 possit

267 3425 464 3478 liirersi
492 3421 709 3492 generis
730 3425 1020 3476 tormento,
1055 3427 1156 3466 nec
1174 3411 1350 3464 minus
1373 3407 1561 3460 urbem

265 3515 416 3570 Cives
435 3513 756 3573 defendunt,
783 3521 888 3560 non
915 3505 1058 3558 inter
1090 3499 1288 3555 tumuia
1317 3495 1488 3549 clausi

267 3604 396 3659 Cum
429 3603 570 3656 duce
596 3607 898 3670 pugnantes
929 3599 1112 3648 astant
1137 3605 1232 3658 pro
1257 3586 1528 3642 menibus
1553 3581 1724 3644 urbis,

271 3696 376 3751 llos
405 3693 698 3765 pugnando
725 3689 929 3760 fugant,
959 3689 1312 3756 prosternunt
1343 3677 1538 3733 ictibus
1567 3675 1707 3737 illos,

270 3786 340 3843 Ut
363 3802 478 3841 nios
507 3795 594 3840 est
617 3781 773 3845 belli;
815 3779 966 3850 fugat
994 3775 1166 3830 hostis
1189 3781 1242 3828 et
1271 3773 1426 3824 hoste
1451 3767 1668 3838 fugatur
1697 3781 1710 3817 :

273 3877 336 3932 Et
369 3877 504 3946 petit
525 3885 578 3930 et
605 3874 830 3944 petitur,
855 3881 1108 3938 repetens
1147 3865 1272 3919 ferit
1301 3875 1352 3917 et
1381 3859 1659 3916 referitur.

279 3969 344 4023 Ut
383 3971 486 4023 duo
517 3983 641 4020 tum
663 3971 876 4020 certant
900 3959 1178 4031 productis
1201 3955 1450 4011 dentibus
1477 3951 1610 4022 apri,

277 4061 424 4116 Alter
446 4059 514 4116 ab
540 4058 768 4113 alterius
793 4052 1140 4126 profunditur
1163 4063 1261 4103 ore
1283 4047 1452 4102 sativa

279 4153 478 4208 Dentes
500 4163 800 4213 esacneus,
827 4155 886 4199 ut
913 4151 1100 4198 acutos
1129 4139 1328 4195 inferat
1355 4136 1516 4197 ictus,

281 4244 480 4300 Ictibus
509 4253 565 4297 et
593 4241 786 4294 validis
809 4238 1010 4292 feriunt
1036 4249 1132 4288 sua
1166 4241 1316 4299 terga
1347 4227 1614 4290 vicissim,

283 4339 433 4394 Nunc
461 4339 622 4409 pede,
653 4349 798 4390 nunc
825 4330 994 4388 costis
1030 4327 1322 4387 laeduntur,
1379 4329 1608 4388 uterque
1661 4313 1866 4371 resistit

286 4433 520 4494 Acriter,
547 4437 600 4483 et
631 4435 822 4480 neuter
847 4423 960 4476 vult
988 4421 1202 4482 cedere,
1243 4415 1428 4471 saucia
1453 4413 1626 4466 donec

289 4523 522 4576 Membra
557 4521 838 4590 fatigatum
870 4514 1003 4569 fusis
1033 4509 1393 4568 clamoribus,
1425 4518 1618 4574 aprum

290 4613 436 4668 Velle
461 4611 646 4666 subire
674 4609 854 4678 fugam
875 4607 1087 4666 doceat,
1109 4601 1392 4666 victusque
1421 4595 1657 4649 recedat.

289 4705 502 4758 Acriter
533 4703 794 4757 insistunt
821 4695 1141 4758 Normanni,
1171 4705 1273 4745 nec
1301 4688 1478 4742 minus
1507 4699 1661 4738 acres

291 4797 570 4850 Obsistunt
597 4796 768 4856 cives,
795 4789 1120 4856 diversaque
1152 4779 1402 4838 machina
1437 4775 1608 4832 muris

293 4888 544 4954 Additur,
573 4883 780 4941 eversis
811 4889 868 4933 ut
896 4878 1167 4932 moenibus
1191 4873 1339 4927 urbis
1369 4877 1568 4942 apertae

295 4983 614 5008 m..-..---.--:..
639 4981 818 5008 ,ηιειωι
851 4983 1024 5008 nnlnnl
1078 4983 1239 5008 ηηρηι
1272 4965 1450 5008 nlullan
1495 4961 1730 5008 nemtbat

817 259 907 314 DE
941 253 1166 312 liEBUS
1201 251 1450 310 GESTIS
1487 243 1846 304 ΝΟΙΰῖΑΝΝ.
1893 241 1958 297 IN
1985 241 2246 308 SiClI.l.-\,
2293 241 2441 296 ETC.
2489 267 2549 278 —
2591 237 2716 292 [ΛΒ.
2751 235 2811 289 ll.

1817 363 1868 424 Λ
1897 361 2024 416 Fixa
2057 359 2206 414 ducis
2231 357 2466 412 fuerant.
2491 353 2730 422 Objectis
2753 347 2984 404 molibus
3009 359 3196 413 mutuor

3341 226 3484 282 1050

1895 453 2052 508 Parte
2083 451 2294 520 replens
2329 447 2432 502 alia
2465 459 2632 500 naves
2663 440 2876 512 prodire
2907 436 3124 490 vetabat

1895 545 2142 604 Birinus,
2167 551 2486 612 portumque
2519 535 2629 590 suis
2653 541 2980 602 pontemque
3005 525 3218 596 paravit
3243 539 3259 590 ;

1897 640 2072 708 Atque
2099 651 2260 704 super
2286 643 2504 702 pontem
2537 627 2712 699 posito
2751 621 3048 676 munimine
3081 618 3242 672 terris

1899 729 2134 786 Urbanis
2157 741 2422 796 nusquam
2459 721 2610 791 prodi
2623 735 2678 772 re
2705 716 2903 770 licebat
2926 713 2992 766 ab
3017 711 3172 772 urbe,

1901 823 2144 890 Tutaque
2169 817 2420 874 servabat
2447 811 2640 868 classis
2685 803 3047 862 Normanuica
3081 809 3318 868 portum.

1903 918 1970 970 At
1993 915 2140 970 cives
2163 913 2356 966 turrim
2387 907 2632 974 capiunt,
2661 909 2716 956 et
2753 898 2986 952 maxima
3023 893 3204 962 pontis

1903 1003 2162 1074 JEquorei
2193 999 2388 1056 cecidit
2413 1011 2560 1066 pars,
2590 987 2960 1046 evertentibus
2999 985 3131 1048 ibis;

1905 1099 2107 1154 Urbem
2135 1095 2396 1148 Bai-enses
2431 1100 2684 1157 terraque
2708 1083 2952 1150 marique
2993 1084 3233 1132 tuentur.

1905 1192 2036 1246 Post
2067 1189 2154 1244 ubi
2189 1185 2460 1242 Robertns
2483 1181 2736 1248 desperat
2769 1173 2968 1230 tnmnia
3012 1167 3138 1225 Bari

1909 1283 2074 1338 Posse
2099 1279 2216 1348 Capi
2249 1292 2450 1348 pugna,
2477 1274 2646 1342 csrpit
2683 1267 3006 1338 promittere
3041 1262 3208 1317 utulta

1913 1373 2194 1429 Nobilibus
2225 1367 2436 1440 patriae,
2467 1378 2698 1432 quorum
2729 1359 2964 1429 pollebat
2993 1355 3046 1410 in
3079 1354 3214 1406 urbe

1913 1467 2176 1522 Nobilitas
2201 1449 2400 1532 potius,
2427 1467 2776 1526 quorumque
2805 1448 3044 1521 potentia
3075 1441 3266 1512 major.

1915 1560 1979 1614 Et
2009 1559 2088 1612 sic
2115 1553 2356 1610 collectis
2379 1547 2698 1618 majoribus,
2731 1540 3050 1598 alliciendos

1915 1649 2206 1706 Promissis
2235 1644 2406 1700 credit
2438 1642 2552 1696 fore
2581 1636 3004 1704 mtmeribusqne
3033 1629 3304 1690 minores;

1843 1711 1892 1772 Β
1920 1749 2076 1818 Saepe
2109 1743 2284 1796 minas
2312 1737 2518 1792 faciens
2547 1741 2606 1786 ut
2629 1729 2838 1786 civibus
2863 1725 3200 1780 iucuteretnr

1929 1851 2140 1900 terror,
2169 1843 2226 1889 et
2253 1826 2581 1886 omnimodis
2607 1837 2706 1894 pro
2737 1817 3010 1874 deditione
3037 1813 3254 1868 laborat

1927 1933 2106 1997 Urbis,
2133 1929 2288 1998 cujus
2315 1931 2436 1980 erat
2459 1919 2734 1990 capienda:
2770 1927 2966 1983 magna
2997 1908 3185 1964 libido.

1928 2025 2222 2080 Venturum
2245 2017 2448 2074 auxilio
2475 2012 2792 2071 Gocelinum
2821 2007 2963 2062 fama
2991 2001 3221 2058 ferebat,

1924 2117 2108 2172 Multis
2133 2111 2342 2183 imperii
2371 2123 2494 2164 cum
2525 2103 2788 2162 navibus;
2821 2097 2888 2152 ad
2913 2091 3236 2164 capiemlum

1925 2211 2314 2280 Exploratores
2339 2199 2518 2272 posuit
2544 2198 2652 2252 duit
2683 2190 2910 2247 callidus
2945 2187 3124 2241 ilhun.

1825 2311 1832 2322 '
1928 2305 2136 2359 Praetor
2157 2305 2276 2352 erat
2305 2291 2614 2362 Stephanus
2639 2280 2970 2338 Barensibus
3003 2268 3269 2342 imperiali

1931 2395 2184 2451 Traditus
2213 2361 2416 2451 edicto,
2443 2394 2726 2452 cognoneu
2747 2375 2836 2432 cui
2866 2372 3168 2428 Pateranns
3207 2361 3344 2434 (ϐξ).

1929 2489 2028 2544 V'ir
2059 2484 2259 2557 probus
2285 2489 2340 2536 et
2371 2479 2575 2546 largus,
2605 2469 2786 2526 studio
2809 2461 3098 2522 laudabilis
3119 2454 3302 2518 outni,

1932 2553 2282 2646 Prmterquod
2311 2567 2444 2624 tanti
2485 2562 2692 2620 studuit
2717 2558 2870 2614 ducis
2891 2554 3054 2609 edere
3083 2553 3336 2603 mortem.

1934 2673 2087 2728 Miles
2113 2676 2230 2724 erat
2253 2663 2400 2726 Bari,
2435 2657 2520 2713 cui
2551 2655 2786 2711 dedecus
2813 2663 2843 2704 ιι
2867 2646 3002 2702 duce
3029 2636 3300 2710 quondam

1935 2765 2146 2820 lllatum
2175 2761 2352 2813 fuerat
2379 2765 2563 2823 grave,
2605 2744 2848 2816 partibus
2873 2755 2940 2794 ex
2967 2732 3156 2791 alienis

1936 2862 2227 2926 Promptus
2243 2851 2308 2905 ad
2325 2859 2484 2903 omne
2503 2841 2728 2902 malum,
2741 2833 2894 2895 levis,
2920 2823 3216 2884 iracundus
3231 2825 3286 2874 et
3307 2812 3482 2870 anzlax
3503 2824 3523 2864 :

2870 2923 2879 2926 _
3096 2912 3107 2926 ,
3180 2917 3259 2926 ,__
3284 2921 3303 2926 Α
3320 2904 3431 2926 μη

1939 2904 2134 3004 Castra
2147 2943 2302 2998 ducis
2323 2935 2634 3004 Stephanus
2659 2933 2846 2983 monet
2869 2923 3009 2976 hunc
3033 2912 3260 2970 solerter
3281 2904 3454 2964 adire,

1863 3077 1908 3136 Β
1940 3041 2330 3101 lurantumqne
2356 3029 2547 3082 ducem
2571 3028 2836 3075 nocturno
2877 3019 3137 3079 tempore,
3181 2995 3340 3054 morti

1946 3131 1988 3136 —
2075 3129 2086 3136 ·
2215 3125 2228 3136 -
2270 3123 2304 3136 λ·
2331 3117 2447 3136 ’με
2477 3123 2788 3136 unum...“
2831 3099 3048 3136 summa
3079 3089 3246 3136 ρηιηῑ,

1946 3129 2186 3185 Tradere
2215 3117 2450 3176 lethiferi
2475 3123 2790 3184 percussum
2831 3099 3048 3169 cuspide
3079 3089 3247 3152 conti,

1951 3217 2228 3272 vollicitus
2255 3209 2504 3266 multum,
2537 3201 2582 3255 si
2609 3199 2718 3253 dux
2749 3189 3116 3250 occumberet,
3143 3178 3282 3234 auri.

1951 3305 2240 3366 Dedecoris
2271 3311 2478 3354 memor
2509 3291 2668 3352 illati,
2699 3283 3034 3355 cupidusque
3061 3266 3305 3328 lucrandi

1952 3401 2106 3457 Miles
2135 3395 2242 3450 abit
2279 3395 2464 3448 noctu,
2503 3371 2878 3444 circumspicit
2907 3367 3142 3430 undique
3167 3366 3368 3419 castra,

1950 3495 2034 3550 Nil
2059 3493 2276 3546 obstare
2305 3481 2470 3543 videt,
2497 3469 2718 3530 ltoberti
2751 3460 3198 3550 pcrvenitlnsque

1952 3586 2032 3641 Ad
2065 3579 2218 3636 ducis
2237 3541 2554 3643 hospitium,
2583 3562 2726 3634 quod
2749 3557 2930 3614 culmo
2957 3541 3162 3606 texerat
3188 3543 3324 3612 ipse,

1956 3671 2256 3731 Froudibus
2285 3673 2340 3720 et
2367 3659 2558 3730 sepsit,
2587 3655 2742 3708 fieret
2768 3661 2874 3718 quo
2902 3643 3100 3712 frigore
3125 3643 3273 3690 tutus

1957 3761 2240 3833 Temporis
2273 3751 2484 3810 hiberni
2518 3765 2532 3802 :
2561 3751 2834 3800 coenatum
2867 3745 3088 3802 vespere
3115 3726 3258 3780 facto

1961 3816 2216 3915 Voluit-at,
2243 3844 2490 3916 explorat
2515 3837 2666 3895 ducis
2690 3833 2779 3888 ille
2801 3825 2972 3884 sedile
3001 3816 3240 3878 sedentis

1958 3949 2040 4005 Ad
2065 3902 2528 4003 cmuam,.ntetliis
2579 3932 2878 3982 etcoutum
2917 3911 3197 3970 frondibus
3230 3902 3378 3958 illam

1961 4038 2146 4096 Intulit
2178 4035 2232 4088 in
2263 3997 2476 4100 partem
2509 4035 2616 4090 qua
2641 4015 2856 4070 sederat
2883 4006 3001 4070 ille;
3029 4000 3124 4058 sed
3149 3997 3230 4052 ori

1963 4089 2504 4198 Tiburtinus-ubertas
2530 4089 2886 4178 Asoperaddita
2915 4097 3118 4152 fecerat
3149 4089 3296 4144 illum

1967 4176 2092 4276 Sui:
2110 4227 2300 4272 mensa
2331 4179 2562 4264 curvare
2587 4176 2754 4266 caput
2777 4191 2914 4264 (63),
2943 4188 3094 4240 iocus
3122 4179 3263 4235 unde
3301 4176 3552 4242 repertus

1967 4313 2063 4368 Est
2089 4315 2253 4363 conto
2281 4311 2504 4359 vacuus,
2545 4301 2733 4345 cassos
2759 4293 2814 4338 et
2840 4277 3060 4350 protulit
3086 4274 3243 4328 ictus.

1889 4415 1940 4474 D
1969 4364 2055 4461 Ille
2085 4399 2224 4454 redit
2255 4393 2484 4462 fugiens,
2523 4386 2561 4440 it
2592 4389 2762 4435 totam
2789 4377 2926 4430 fama
2959 4385 3056 4442 per
3085 4364 3270 4420 urbem

1969 4486 2300 4550 Occubuisse
2334 4482 2555 4537 ducem;
2594 4471 2742 4524 cives
2775 4465 3026 4518 laetantur
3053 4464 3104 4510 et
3141 4463 3352 4508 omnes,

1969 4579 2328 4651 Cougaudens
2355 4567 2582 4644 populus
2616 4561 2906 4614 clamorem
2935 4548 3068 4602 tollit
3102 4543 3167 4598 ad
3209 4547 3352 4592 astra

2891 4643 2902 4651 ‘
3029 4649 3032 4651 λ
3197 4629 3352 4651 -.Λα-ξ

1975 4678 2036 4734 lli
2065 4629 2192 4729 ait."
2221 4668 2544 4724 clamarent.
2575 4658 2680 4708 dux
2715 4643 2954 4706 advenit,
2987 4649 3150 4708 atque
3195 4629 3354 4685 saluti

1973 4775 2096 4842 Ipse
2127 4781 2238 4823 sine
2269 4761 2446 4824 testis,
2479 4754 2751 4810 elatum-es
2779 4739 3008 4796 fundere
3039 4735 3240 4790 frustra

1976 4829 2205 4920 Uivihns
2235 4855 2544 4912 exclamat;
2575 4835 2863 4895 clamantis
2885 4829 3112 4884 vocibus
3133 4837 3288 4890 nutus

1979 4951 2214 5008 Auditis.
2239 4949 2442 5004 clamor
2471 4929 2726 4993 cessavit,
2761 4922 3075 4990 lmtititnque
