4044 5360
500 165 650 224 ’1051
1815 163 2097 226 GUILLEI

2217 159 2420 218 APULl
2727 163 2734 172 ’
2865 221 2868 224 ,
3655 161 3789 219 1053

1259 323 1798 439 lNCIPIT
1889 319 2303 436 LIBER
2389 317 3046 438 TERTIUS.

575 567 786 624 lnterea
811 567 1039 626 Michael
1064 571 1178 643 (64)
1223 573 1450 627 Romani
1477 572 1854 644 jura'regebat
2115 549 2162 608 Α
2192 567 2386 622 Intenti
2417 568 2594 624 Persae
2619 567 2822 624 faciunt
2853 569 3082 624 evadere
3117 567 3336 624 multos.

511 657 726 729 lmperii
755 676 876 716 cum
902 661 1073 717 fratre
1105 679 1223 729 suo,
1253 665 1343 734 qui
1384 663 1604 720 nomine
1647 665 1824 719 dictus
2194 661 2414 718 Iudiciis
2441 663 2648 733 Aquila:
2674 667 2838 735 (quod
2869 665 2992 734 plus
3012 664 3176 718 dabat
3201 663 3456 718 omnibus
3493 659 3664 715 annis

510 749 902 808 Constantinus
935 751 1046 824 (65)
1071 763 1209 818 erat,
1245 771 1478 824 quorum
1507 755 1806 810 dominatio
1831 751 2038 808 Graicis
2196 753 2370 806 Aurea
2397 753 2744 822 conspicuum
2773 755 2951 810 loricae
2981 755 3169 810 innixa
3199 753 3458 822 nitorem)

509 839 820 898 Perniciosa
849 844 968 910 fuit,
1001 846 1128 915 quia
1154 846 1310 902 bellis
1335 849 1445 903 otia
1471 863 1688 917 semper
2196 839 2515 896 Gnecorum
2549 843 2802 897 dominus
2835 843 3202 913 cognoscitur,
3227 857 3358 897 ense
3389 842 3640 897 recidens

509 934 832 1008 Poslpositis
855 949 1110 996 stnduere
1133 944 1312 1012 sequi,
1349 944 1616 1014 luxusque
1637 943 1810 998 dolosi
2194 931 2428 988 llostiles
2456 934 2663 999 hastas,
2697 949 2870 1004 neque
2891 951 2950 990 se
2969 933 3262 990 defendere
3285 949 3532 990 cessans.

509 1027 780 1086 Illeeebris
806 1041 994 1101 captos
1032 1033 1261 1089 foedaret
1285 1035 1479 1090 inertia
1507 1036 1703 1105 turpis.
2193 1023 2359 1078 Forte
2389 1026 2588 1095 sagitta
2616 1026 2802 1080 volans
2825 1026 3026 1080 incauti
3049 1025 3258 1082 sauciat
3284 1035 3458 1080 artus.

509 1119 713 1176 ﬂorum
741 1123 1075 1194 temporibus
1105 1123 1313 1180 Tui-cos
1335 1125 1573 1181 orientis
1593 1125 1662 1180 ab
1681 1125 1794 1180 oris
2195 1115 2286 1171 Sic
2317 1117 2534 1172 tandem
2565 1119 2781 1188 capitur
2805 1121 3038 1185 quadam
3069 1135 3192 1174 cum
3221 1129 3376 1190 parte
3405 1133 3654 1174 suorum.

507 1213 783 1284 Ingressus
811 1217 948 1288 fugit
969 1233 1103 1288 gens
1139 1219 1329 1274 territa
1366 1217 1837 1282 Christicolarum,
2194 1209 2430 1279 Direptis
2451 1210 2650 1265 castris
2679 1209 2980 1266 Romanum
3021 1211 3243 1266 Persica
3271 1211 3422 1266 ducit

507 1303 608 1372 Qui
641 1306 920 1364 Romanis:
942 1308 1056 1364 loca
1087 1309 1342 1366 deliciosa
1367 1309 1639 1366 colebant.
2191 1301 2272 1356 Ad
2299 1315 2394 1356 sua
2425 1311 2602 1356 castra
2631 1302 2887 1372 phalanx,
2915 1312 2970 1358 et
2999 1317 3124 1358 eum
3149 1312 3390 1358 statuere
3419 1300 3578 1356 sedili

507 1395 743 1453 Maxima
775 1413 903 1471 pars
933 1401 1126 1456 horum
1158 1403 1265 1457 ruit
1295 1403 1578 1458 interfecta
1610 1403 1860 1459 nefandis
2191 1393 2444 1463 Egregioo
2469 1393 2623 1462 Ῑυιίθ
2652 1393 2940 1448 Persarum
2969 1409 3094 1465 relic
3123 1394 3370 1450 εειίθηιθ·

506 1487 808 1545 ancorum
834 1491 1047 1562 gladiis,
1073 1501 1127 1548 et
1150 1494 1324 1563 captis
1359 1495 1601 1558 urbibus.
1631 1497 1808 1552 omnis

1786 1511 1808 1552 ε
2193 1487 2304 1542 licx
2339 1493 2707 1558 percontatur,
2741 1488 2784 1541 si
2815 1487 2954 1542 forte
2982 1486 3174 1542 fuisset
3195 1487 3264 1542 ab
3293 1485 3383 1540 illo

506 1578 767 1636 Subditus
797 1582 878 1636 his
901 1583 1127 1653 populus
1158 1585 1292 1639 dans
1323 1585 1606 1651 vectigalia
1645 1585 1800 1655 fugit.
2189 1580 2412 1651 Captus,
2442 1582 2570 1651 quid
2597 1581 2822 1637 faceret.
2855 1581 3134 1636 Romanus
3163 1581 3350 1636 retulit
3383 1581 3460 1636 illi
3489 1589 3532 1634 :'

505 1667 617 1724 Hos
652 1680 844 1726 contra
875 1673 1051 1728 nullos
1081 1675 1294 1745 equites
1322 1676 1534 1745 ignavia
1561 1677 1709 1730 misit
2192 1670 2248 1724 Si
2280 1670 2410 1724 mihi
2441 1671 2556 1726 sive
2585 1672 2722 1727 meis
2753 1673 2826 1726 ita
2857 1669 3208 1740 subjicerere,
3239 1668 3492 1738 juberetn

505 1761 819 1828 Rectorum,
859 1779 1029 1834 quare
1050 1766 1268 1820 decreto
1294 1777 1456 1837 nupta
1485 1777 1708 1822 senatus
2191 1763 2286 1818 Vel
2325 1773 2578 1819 truncare
2600 1774 2780 1834 caput,
2809 1763 2892 1818 vel
2921 1777 2974 1818 te
2999 1765 3332 1835 suspendere
3363 1764 3554 1819 furcis.

509 1850 604 1904 Est
627 1853 796 1919 equiti
821 1855 1039 1926 egregio
1069 1855 1316 1912 Romano
1344 1865 1521 1913 mater
1547 1873 1736 1912 eorum
1769 1859 1917 1927 (uti):
2118 1915 2159 1927 _
2189 1853 2281 1908 llle
2311 1853 2476 1909 refert
2506 1853 2716 1910 facinus
2744 1869 3018 1924 nunquam
3043 1855 3144 1908 sibi
3175 1853 3280 1908 tale
3314 1855 3676 1923 patrandum,

503 1915 700 1998 Pectus
725 1915 914 2000 amans
946 1915 1228 2018 plusquam
1259 1963 1429 2020 genus
1457 1949 1734 2004 Eudochia
1773 1915 1972 2014 mariti,
2118 1915 2162 1974 Β
2192 1944 2295 2000 Sed
2328 1961 2510 2001 secum
2537 1947 2765 2016 posthac
2797 1915 3086 2002 fruiturum
3115 1960 3246 2014 pace
3265 1915 3490 2014 perenni

504 2029 774 2104 Diogenes
797 2035 910 2104 (67)
933 2051 1232 2106 cognomen
1263 2048 1400 2104 erat,
1427 2041 1552 2110 quia
1581 2040 1746 2094 barba
1777 2040 2022 2095 bifurcis.
2190 2037 2362 2103 Quam
2393 2055 2489 2108 per
2517 2039 2724 2111 legatos
2745 2040 2858 2111 jam
2885 2053 3030 2110 stupe
3061 2046 3392 2108 poposcerat
3421 2037 3560 2106 ipse,

505 2125 552 2180 Is
579 2127 816 2196 regimen
855 2130 1076 2186 subiens
1102 2133 1203 2187 sibi
1228 2148 1454 2204 quaeque
1481 2135 1694 2205 negotia
1721 2133 1868 2201 belli,
2191 2128 2258 2182 Et
2289 2129 2617 2198 baptizatum
2647 2138 2832 2184 natam
2857 2144 2952 2198 pro
2981 2127 3208 2197 conjuge
3233 2135 3416 2180 natam

501 2213 623 2270 Otia
654 2217 938 2290 privignis,
963 2219 1126 2292 elegit
1149 2222 1288 2279 inire
1310 2232 1536 2294 paratus
2191 2220 2262 2275 Se
2286 2235 2688 2286 concessurum,
2719 2235 2828 2292 quo
2849 2221 2928 2276 sic
2950 2235 3052 2290 pax
3083 2219 3294 2274 firmior
3315 2227 3484 2274 esset.

501 2303 636 2358 Cum
661 2304 840 2362 Persis
867 2309 1066 2365 bellqu
1093 2313 1324 2369 miseros
1353 2315 1736 2383 populantibus
1757 2316 1959 2388 Argos;
2189 2313 2508 2369 Foederibus
2539 2315 2629 2368 tali
2661 2313 2890 2368 firmatis
2921 2313 3237 2368 conditione

503 2395 596 2449 Est
617 2397 744 2454 belli
769 2400 936 2456 variis
957 2404 1242 2460 eventibus
1267 2421 1396 2460 usus
1427 2406 1480 2460 in
1508 2406 1650 2462 illos.
2188 2405 2268 2459 Ad
2301 2419 2398 2460 sua
2428 2405 2732 2460 Romanum
2758 2405 2892 2460 dans
2922 2405 3155 2458 maxima
3186 2403 3326 2458 dona
3353 2401 3562 2458 remisit

503 2485 658 2558 Saepe
685 2490 904 2560 quidem
935 2493 1113 2550 victor
1134 2494 1330 2552 Persas
1351 2496 1602 2554 bellando
1639 2498 1866 2570 fugavit,
2191 2499 2482 2554 Persarum
2511 2509 2693 2552 rector
2715 2511 2922 2566 captos,
2947 2505 3002 2552 et
3031 2495 3260 2552 reddidit
3297 2509 3491 2548 omnes

503 2575 656 2647 Saepe
683 2581 800 2648 pari
829 2582 1060 2652 populus
1089 2583 1301 2640 fortuna
1333 2595 1538 2658 pugnat
1565 2597 1816 2659 uterque.
2191 2590 2376 2661 Longo
2409 2599 2674 2645 terrarum
2703 2591 2878 2660 Spatio
2899 2590 3190 2645 comitatus
3211 2597 3402 2662 euntes

502 2665 785 2725 Postremo
813 2673 1042 2729 comites
1069 2676 1196 2730 dum
1236 2677 1426 2749 dirigit
1457 2679 1570 2748 ipse
1595 2681 1810 2736 tuendis
2190 2681 2355 2738 Duxit
2383 2682 2700 2748 honorifice,
2727 2683 2944 2737 ductmn
2969 2680 3214 2752 permisit
3241 2679 3416 2733 abire.

503 2757 740 2816 Urbibus
767 2763 1100 2832 innumeros,
1126 2783 1358 2838 quarum
1385 2769 1680 2828 famulatus
1711 2773 1776 2827 ad
1807 2775 2004 2844 ipsum,
2191 2773 2298 2831 Sed
2327 2791 2431 2830 non
2455 2775 2718 2846 privignis
2741 2775 2968 2829 firmata:
2991 2773 3272 2829 commoda
3311 2771 3460 2842 pacis

505 2848 822 2908 Transierat
851 2855 995 2910 fama
1029 2856 1318 2927 probitatis
1345 2860 1546 2930 ubique
1573 2864 1834 2932 probatae,
1947 2887 1958 2903 -
2187 2865 2438 2923 Conditio
2465 2865 2688 2936 placuit,
2725 2865 2902 2920 minus
2931 2863 2996 2918 ad
3027 2863 3246 2918 tutanda
3277 2861 3468 2932 peritis

501 2940 710 2999 Castris
739 2961 862 3002 cum
892 2950 1082 3020 paucis
1107 2951 1422 3010 melioribus
1450 2955 1568 3024 ipse
1592 2957 1873 3012 remansit.
2187 2959 2417 3030 Agmina
2446 2957 2783 3025 Grrecorum,
2821 2973 2920 3013 nec
2949 2957 3094 3012 enim
3119 2955 3429 3011 decernitur
3451 2952 3592 3008 ultra

501 3032 704 3092 Multus
730 3037 1022 3097 Persarum
1054 3043 1283 3115 populus
1313 3059 1440 3102 cum
1467 3061 1594 3119 rege
1623 3059 1846 3119 repente
2187 3051 2345 3107 Areis
2375 3051 2443 3104 ad
2469 3058 2712 3120 angustae
2745 3047 3156 3117 liomanusjura
3189 3047 3384 3102 redire.
3439 3071 3444 3076 -

501 3123 654 3218 illum
675 3129 964 3199 conclusit,
997 3133 1338 3218 disrumpere
1365 3147 1549 3193 castra
1579 3138 1871 3206 laborans;
2188 3141 2298 3196 llos
2321 3140 2409 3196 ubi
2439 3139 2702 3211 Diogenes
2729 3141 2904 3195 factos
2931 3140 3034 3195 sibi
3065 3141 3332 3208 comperit
3358 3137 3562 3202 hostes,

498 3213 690 3272 Praalia
719 3223 1071 3280 committunt
1096 3213 1376 3294 immania,
1405 3228 1532 3284 dum
1563 3231 1840 3302 capiendis
2111 3271 2154 3300 ρ
2186 3231 2403 3287 Auxilio
2433 3231 2564 3287 fisus
2591 3231 2880 3287 Persarum
2903 3239 3076 3285 tentat
3103 3230 3156 3284 in
3191 3230 3314 3287 illos

497 3309 713 3382 Imperii
746 3317 942 3372 castris
969 3317 1202 3385 inhiant,
1231 3321 1406 3390 primo
1437 3332 1598 3393 atque
1627 3325 1870 3382 secundo
2109 3305 2155 3333 υ
2185 3325 2372 3381 Civilis
2404 3325 2528 3381 belli
2551 3325 2733 3380 varios
2761 3324 2969 3395 agitare
3001 3333 3246 3393 paratus.

497 3403 716 3475 Depulsi
743 3407 944 3465 cedunt
971 3409 1131 3467 bello.
1168 3411 1461 3470 Prudentia
1485 3415 1724 3484 tandem,
2185 3417 2423 3488 l’rivigni
2447 3431 2506 3472 se
2532 3433 2639 3472 non
2665 3415 2930 3471 obsistere
2957 3429 3112 3485 posse
3141 3413 3406 3480 videntes,

495 3496 670 3552 Anxia
697 3498 930 3557 Romani
970 3503 1265 3575 desperans
1295 3515 1474 3562 castra
1510 3510 1668 3575 tueri,
2185 3509 2338 3563 ΙΙΙιιιυ
2377 3517 2648 3563 conantur
2677 3507 2934 3562 seducere
2961 3521 3094 3576 pace
3119 3505 3326 3560 dolosa.

497 3585 672 3652 Quam
705 3591 806 3644 sibi
837 3593 957 3660 plus
991 3593 1269 3649 hominum
1303 3599 1426 3653 vita;
1453 3600 1690 3654 studiosa
1714 3617 1936 3658 suorum
2185 3600 2360 3670 Ignari
2393 3598 2604 3653 fraudis
2623 3605 2904 3668 portantes
2929 3598 3116 3650 nuntia
3147 3597 3313 3665 pacis,

499 3682 646 3747 Quos
683 3687 921 3751 graviter
959 3687 1130 3743 fessos
1160 3689 1408 3758 belloque
1453 3692 1700 3763 fameque
1741 3696 1954 3751 videbat
2184 3693 2275 3747 Bis
2303 3709 2396 3747 sex
2425 3693 2710 3761 pontifices
2733 3691 3018 3746 mittuntur
3048 3705 3167 3746 eum
3197 3687 3478 3754 Goeelino,

500 3770 751 3843 Praecipit
784 3783 840 3827 ut
869 3775 1127 3845 quidquid
1154 3779 1350 3834 castris
1379 3781 1554 3835 inerat
1581 3783 1898 3851 solidorum,
2184 3785 2348 3853 Cujus
2377 3785 2656 3838 Rmnanus
2685 3784 2842 3838 toties
2867 3792 3122 3852 expertus
3163 3797 3403 3836 amorem

499 3859 690 3918 Omnis
716 3865 944 3920 vestitus
973 3869 1264 3937 pretiosus,
1289 3879 1343 3925 et
1371 3873 1548 3926 omnia
1577 3889 1706 3928 vasa
2184 3878 2299 3932 Non
2323 3877 2602 3932 dubitabat
2629 3876 2680 3932 ei
2719 3891 2778 3932 se
2802 3876 3022 3930 credere
3043 3877 3182 3928 sicut
3209 3875 3406 3928 alnico.

501 3955 631 4010 Auri
655 3969 750 4012 aut
772 3961 980 4031 argenti
1013 3963 1210 4018 castris
1235 3965 1535 4035 spargenda
1565 3965 1808 4021 ferantur
2187 3969 2372 4023 Credit
2404 3968 2680 4021 Romanus
2712 3966 3018 4037 pastoribus
3041 3974 3097 4020 et
3121 3965 3404 4029 Goeelino,

505 4045 572 4102 Ut
596 4049 641 4104 si
671 4052 960 4122 contigerit
991 4055 1187 4110 Turcis
1213 4057 1517 4128 irrumpere
1539 4068 1720 4114 castra
2185 4059 2423 4114 Securus
2453 4059 2626 4113 factus
2651 4056 2882 4126 jurando
2905 4057 3046 4126 jure,
3073 4056 3304 4125 fideque,

499 4139 703 4196 llorum
727 4157 1016 4216 prospectu
1049 4148 1315 4205 desistant
1339 4151 1536 4207 laedere
1557 4151 1794 4210 Graecos.
2187 4151 2255 4208 Ut
2287 4153 2424 4223 petit
2449 4152 2586 4222 ipse,
2612 4150 2758 4214 data,
2793 4147 2990 4202 misero
3021 4147 3196 4217 placet
3224 4145 3520 4214 imperialis

499 4233 670 4290 Invita
699 4239 940 4310 profugis
967 4241 1192 4298 collecta
1224 4245 1452 4314 pecunia
1489 4247 1683 4313 servis,
2183 4249 2458 4302 Incassum
2489 4246 2714 4306 reditus,
2744 4243 2866 4314 quia
2899 4257 3021 4296 mox
3043 4242 3131 4295 ubi
3164 4241 3414 4311 pervenit
3443 4240 3530 4294 ille

499 4325 803 4383 lnsomnem
830 4330 995 4386 Danai
1029 4347 1296 4404 coguntur
1327 4339 1524 4391 ducere
1553 4347 1790 4394 noctem.
2184 4338 2524 4401 Heracleam,
2545 4338 2772 4407 capitur,
2805 4335 3042 4403 privatur
3072 4333 3276 4387 lumine
3297 4343 3528 4401 captus;

503 4417 832 4478 Adveuicnte
859 4425 944 4480 die
973 4427 1118 4480 venit
1151 4429 1560 4485 innumerabilis
1589 4431 1675 4486 ille
2184 4429 2349 4498 Cujus
2385 4437 2440 4482 et
2468 4429 2674 4498 imperii
2707 4427 2887 4481 fuerat
2919 4435 3023 4478 tam
3052 4423 3230 4478 nobile
3260 4439 3478 4485 nomen,

500 4506 788 4568 Persarum
819 4517 1069 4586 populus,
1097 4519 1439 4575 circmndans
1479 4523 1714 4591 undique
1745 4535 1955 4594 castra;
2185 4522 2481 4576 Monachus
2501 4519 2760 4583 eiiicitnr;
2791 4516 2972 4572 securi
2995 4517 3108 4585 jam
3140 4515 3246 4569 duo
3277 4517 3478 4568 fratres

507 4600 754 4708 Undique
785 4608 887 4661 tela
918 4611 1113 4672 volant,
1141 4613 1486 4680 circmntegit
1515 4629 1641 4668 aera
1670 4627 1839 4671 totum
2111 4655 2155 4708 Β
2186 4612 2356 4683 Regni
2389 4611 2688 4681 tranquillis
2710 4610 2913 4678 agitant
2939 4606 3287 4660 moderamen
3319 4606 3568 4661 habenis.

498 4690 716 4749 Grando
743 4697 1088 4766 sagittarum;
1125 4716 1228 4755 non
1254 4701 1395 4757 ferre
1418 4703 1718 4759 Veientibus
1740 4707 1900 4772 Argis
2111 4690 2154 4708 υ
2185 4705 2300 4760 Non
2330 4717 2504 4758 tamen
2531 4701 2751 4756 omnino
2779 4713 2875 4752 sua
2904 4707 3070 4752 restat
3101 4695 3268 4750 inulta
3301 4696 3570 4766 tyrannis,

499 4780 807 4854 lrrurnpunt
837 4787 1020 4855 Turci,
1056 4793 1282 4848 munitio
1314 4795 1582 4864 rumpitur
1605 4797 1781 4850 omnis
2186 4799 2429 4867 Namque
2458 4795 2556 4849 sibi
2588 4793 2768 4847 socius
2796 4789 3023 4844 Romani
3057 4787 3196 4842 filius
3231 4787 3438 4842 addens

498 4869 606 4926 Sed
627 4875 808 4943 plures
833 4881 1030 4948 praeda:
1052 4899 1214 4952 quam
1249 4885 1508 4940 militibus
1536 4886 1792 4942 feriendis
2183 4891 2488 4954 Armenios,
2521 4887 2733 4952 Persas,
2769 4894 2942 4938 terras
2969 4881 3204 4937 Orientis
3242 4895 3434 4934 eorum

569 5030 950 5117 (διηῃςιιαρι
981 5035 1175 5116 senior
1209 5038 1856 5117 Constantinopoliianus
1903 5048 2074 5117 impe-
2249 5045 2477 5102 Michael
2528 5051 2582 5099 et
2609 5039 2996 5098 Constantinus
3019 5036 3103 5090 hic
3132 5035 3512 5105 intelliguntur
3530 5033 3593 5086 ab
3615 5045 3736 5084 auc-

496 5110 646 5155 I‘RlOI'
681 5103 837 5183 10:38:
861 5114 917 5183 et
942 5121 1012 5183 eo.
1032 5107 1316 5174 imperium
1343 5103 1624 5168 abdicante
1649 5117 1880 5171 lsaacius
1909 5103 2069 5171 Coin-
2177 5131 2311 5176 tore.
2341 5117 2487 5170 LEIB.

496 5186 684 5256 tuentis
715 5173 966 5256 obtinuit.
983 5173 1139 5253 Late.

2181 5173 2359 5256 "(66)
2403 5183 2678 5256 Eudochia
2725 5195 2827 5256 una
2868 5193 2993 5256 cum
3041 5175 3222 5229 liberis
3273 5173 3559 5244 imperavit
3605 5185 3735 5225 anno

568 5243 678 5322 (£5)
715 5244 1524 5322 CosislauliIIusDucascoast.
1551 5253 1678 5320 imp.
1711 5271 1852 5309 anno
1881 5255 2068 5312 salutis
2177 5243 2368 5316 sal‘uti's
2399 5255 2555 5310 1070.
2587 5251 2838 5322 mensi.
2867 5250 3135 5322 LEIB._‘__
3307 5312 3318 5322 _
3354 5243 3410 5322 ί-
3553 5311 3626 5322 ....
3649 5308 3676 5322 ..

495 5309 856 5360 Μιϐὅξιιιιλ-
910 5315 1169 5360 reunnvil.
1227 5317 1359 5360 ιιιιῑρ
1401 5309 1667 5360 linum-hia
1716 5335 1820 5360 II-nc
1871 5309 2064 5360 unum;

2177 5309 2361 5360 “mai
2402 5309 2676 5360 ἧιηιιμιηηα
2721 5321 2981 5360 Πῐηυριιρς
3013 5315 3165 5360 ΗΠΙ-
3194 5312 3352 5360 annis
3377 5313 3434 5360 5-
3462 5327 3524 5360 ex
3553 5309 3737 5360 Biblia-
