4044 5360
234 287 393 344 1053
907 290 993 348 DE
1023 291 1249 348 ΗΕΒυὸ
1273 290 1517 348 GESTIS
1555 287 1908 347 ΝΟΒΜᾹΝΝ.
1938 289 2002 344 IN
2027 289 2284 357 SICIUA,
2313 294 2463 350 ETC.
2492 325 2562 336 --
2597 296 2719 350 LIB.
2769 294 2852 350 Ill.
3388 293 3524 348 {055

237 403 558 459 Subtrahit
587 403 832 474 imperio,
869 405 1016 460 ferro
1045 405 1329 476 populatus
1359 417 1413 459 et
1437 407 1563 476 igni.

237 494 538 565 Tempore
561 494 845 550 Persarum
875 512 1009 567 gens
1037 499 1239 567 perfida
1265 500 1430 568 coepit
1457 499 1525 550 ab
1571 497 1661 551 illo

235 588 300 641 lu
333 587 676 642 Romaniam
708 604 1034 660 consurgere
1060 591 1227 655 caule,
1261 591 1504 660 rapinis;

239 679 484 748 Imperii
519 694 617 733 nec
645 678 822 733 adhuc
849 679 1021 748 redigi
1050 679 1151 734 sub
1173 678 1293 747 jura
1323 679 1527 733 valeret

237 771 426 835 Gens,
463 770 575 825 nisi
603 769 899 837 Gallorum,
931 787 1052 841 qua:
1075 780 1234 842 gente
1260 772 1533 840 potentior
1557 771 1703 825 omni

241 861 484 917 Viribus
509 878 783 917 armorum
806 871 942 918 nutu
964 862 1236 918 stimulata
1266 863 1513 933 Superno

241 952 408 1006 Hanc
437 952 683 1008 libertati
714 962 965 1023 superato
993 954 1238 1008 redderet
1263 955 1434 1015 hoste,

239 1039 384 1107 Quae
413 1042 673 1110 spirante
700 1043 807 1097 Deo
830 1052 1046 1098 sanctas
1074 1044 1286 1114 aperire
1311 1044 1539 1114 sepulcri

241 1132 347 1187 Est
377 1132 632 1187 animata
658 1135 776 1189 vias
801 1135 962 1206 longo
982 1135 1094 1203 jam
1131 1145 1372 1206 tempore
1399 1136 1631 1192 clausas.

242 1222 527 1277 Consiliis
560 1238 792 1292 quorum
817 1224 918 1279 fuit
944 1225 1233 1281 excaecatio
1259 1225 1393 1279 tanti

241 1312 588 1383 Perpetrata
618 1315 741 1382 viri,
776 1316 959 1371 miseri
1001 1317 1305 1385 capiuntur,
1332 1325 1387 1371 et
1406 1317 1528 1371 aula

245 1402 480 1472 Depulsi
514 1403 737 1459 meritas
768 1413 1034 1475 coguntur
1058 1405 1269 1460 solvere
1296 1419 1521 1475 paruas;

247 1492 317 1548 lli
349 1495 568 1565 quibus
594 1496 862 1552 insontem
900 1499 1078 1568 puniri
1110 1498 1494 1554 consuluerunt

246 1584 470 1650 Puuiri,
505 1595 694 1643 sontes
732 1589 880 1643 vario
907 1589 1238 1644 cruciamina
1263 1590 1542 1644 mandant.

247 1676 499 1734 Nuntius
530 1679 758 1749 imperio
782 1681 904 1737 Bari
935 1682 1144 1752 legatus
1176 1684 1242 1738 ad
1282 1684 1469 1739 urbem

249 1767 556 1841 Supplicat
588 1781 648 1827 ut
691 1773 904 1829 miseris
920 1775 1030 1846 jam
1058 1777 1267 1832 civibus
1289 1777 1598 1832 attxilietur.

253 1861 462 1918 Piratis
489 1872 634 1934 aptae
660 1881 824 1921 naves
851 1881 918 1922 ex
946 1883 1097 1923 more
1137 1879 1419 1938 parantur,

249 1955 308 2009 lu
337 1957 552 2026 quibus
576 1957 754 2013 eﬂ'erri
776 1957 1042 2013 frumenta
1070 1960 1326 2030 jubentur
1345 1969 1400 2015 et
1423 1976 1594 2027 arma,

252 2047 448 2103 Classe
477 2049 683 2118 quibus
705 2056 817 2104 tuta
843 2050 1062 2105 transiri
1089 2053 1259 2121 possit
1289 2052 1354 2106 ad
1387 2052 1594 2114 urbem,

253 2138 680 2210 Nautarumque
703 2148 878 2196 metus
902 2141 1136 2211 pellatur
1160 2151 1212 2197 et
1241 2143 1391 2198 urbis
1411 2153 1645 2213 egestas.

253 2229 502 2286 Navibus
534 2232 793 2302 hisjussu
824 2235 1157 2304 praeponitur
1187 2235 1476 2304 imperiali,

257 2326 431 2387 Quem
459 2323 622 2380 ducis
643 2324 791 2380 Italia
825 2325 987 2380 timor
1010 2325 1314 2396 expulerat,
1341 2324 1651 2392 Gocelinus,

257 2413 475 2469 Exosus
506 2413 707 2478 fuerat,
739 2415 866 2484 quia
902 2414 1217 2483 coniuratus
1247 2417 1298 2470 in
1330 2417 1526 2486 ipsum,

259 2504 505 2561 Navibus
534 2507 760 2561 armatis
783 2506 927 2561 celer
951 2508 1194 2572 advenit,
1225 2517 1285 2563 ut
1319 2510 1707 2563 tremebunda:

260 2598 526 2654 llortetur
554 2600 724 2654 cives.
756 2599 821 2653 Et
846 2609 963 2654 erat
986 2600 1098 2669 jam
1121 2601 1398 2670 proximus
1425 2601 1566 2663 urbi,

261 2688 578 2756 lngressum
609 2704 836 2754 Sperans
864 2697 1130 2744 nocturno
1163 2699 1406 2759 tempore
1436 2698 1630 2752 tutum.

261 2779 396 2832 Cum
428 2779 618 2835 subito
658 2781 898 2835 Danaum
923 2779 1084 2836 classi
1113 2780 1264 2835 venit
1303 2780 1463 2836 obvia
1493 2781 1686 2838 classis

262 2869 512 2938 ltoberti,
541 2870 698 2941 cujus
727 2887 977 2942 reparare
1004 2873 1298 2927 advenerat
1330 2873 1511 2928 hostes
1535 2916 1548 2938 ,

259 2959 432 3016 Nocte
457 2963 620 3018 ducis
641 2977 872 3034 pugnam
902 2979 1066 3018 naves
1091 2965 1261 3018 iniere
1288 2964 1521 3020 libenter

264 3052 397 3108 Esse
433 3054 540 3109 sibi
575 3053 748 3110 levius
778 3054 892 3110 loca
918 3056 1369 3126 cognoscentibus
1405 3055 1549 3122 illis;

265 3146 560 3201 Certamen
593 3145 834 3216 gravius.
862 3147 1082 3201 minime
1113 3146 1236 3216 quia
1261 3161 1426 3217 gnara
1454 3145 1696 3204 locorum

264 3234 409 3290 Gens
440 3245 565 3291 erat
588 3236 677 3290 illa
712 3247 849 3291 rate.
884 3235 1051 3292 Multo
1072 3247 1325 3306 superata
1355 3237 1539 3293 labore

268 3326 556 3384 Postremo
575 3327 788 3398 capitur
803 3327 1042 3383 Gocelini
1067 3327 1240 3390 navis.
1277 3336 1333 3383 et
1362 3328 1476 3397 ipse

268 3417 408 3472 Ante
433 3417 634 3472 ducem
655 3427 844 3488 captus
859 3418 1176 3482 deducitur;
1217 3416 1388 3472 altera
1418 3417 1571 3471 navis

266 3507 440 3564 Mersa
470 3509 578 3564 fuit
603 3509 874 3574 Danaum;
900 3510 987 3564 vix
1009 3522 1231 3564 evasere
1261 3517 1569 3579 sequentes.

268 3600 411 3655 Gens
434 3599 876 3657 Normannorum
903 3600 1110 3657 navalis
1134 3601 1316 3656 nescia
1341 3599 1486 3661 belli.

269 3687 545 3747 llacteuus
583 3702 641 3746 ut
669 3691 865 3748 victrix
896 3693 1071 3757 rediit,
1090 3706 1240 3761 spem
1265 3691 1526 3760 principis
1553 3701 1742 3757 auget:

271 3779 452 3835 Sensit
485 3783 634 3837 enim
666 3783 880 3837 Danaos
903 3797 1009 3836 non
1041 3791 1248 3836 tantum
1279 3781 1487 3836 civibus
1508 3781 1659 3836 urbis

273 3869 510 3927 Praesidii
545 3874 755 3928 ratibus
784 3873 996 3926 vexisse
1023 3872 1166 3942 quod
1187 3871 1528 3927 obsidionem

273 3959 530 4031 Impediat
560 3964 790 4018 multmn
827 3963 987 4018 simul
1013 3973 1066 4017 et
1097 3964 1335 4018 novitate
1363 3963 1623 4032 triumphi

273 4049 526 4118 JEquorei
557 4053 784 4122 gaudet;
818 4052 1066 4106 securius
1088 4053 1230 4106 unde
1255 4052 1439 4106 subire

273 4137 388 4194 Jam
411 4157 534 4196 cum
557 4143 887 4198 Normannis
908 4143 1119 4197 navalia
1145 4144 1324 4212 praelia
1354 4153 1556 4211 sperat.

275 4227 515 4288 Inclusus
552 4235 711 4304 longo
731 4231 1020 4289 Gocelinus
1045 4248 1266 4287 carcere
1288 4233 1496 4303 degens

275 4319 450 4378 Vitam
487 4325 784 4389 infelicem,
813 4325 938 4379 vita:
965 4339 1087 4379 cum
1115 4324 1219 4376 fine
1247 4322 1510 4376 laborum

281 4412 498 4483 lixcepit
520 4415 702 4481 linem,
739 4417 952 4470 diversa
980 4413 1215 4484 pericula
1247 4428 1457 4481 passus.

280 4501 491 4563 Tertius
518 4511 741 4564 obsessa
775 4508 888 4578 jam
916 4515 1140 4562 venerat
1165 4520 1339 4559 annus
1369 4507 1438 4559 ab
1466 4507 1598 4560 urbe

282 4593 554 4669 Multiplici
581 4601 801 4655 tandem
840 4607 1128 4668 superatur
1157 4595 1297 4651 fessa
1325 4595 1540 4660 labore;

251 4743 258 4747 _
281 4685 402 4741 Plus
430 4699 608 4745 tamen
634 4691 832 4747 esurie.
866 4690 1014 4744 Tunc
1036 4687 1324 4759 Argiritius
1354 4685 1503 4740 urbis

187 4761 194 4770 ’
285 4775 492 4836 Primus
508 4782 826 4846 habebatur,
853 4797 1010 4850 quem
1032 4783 1138 4835 dux
1169 4779 1259 4834 ubi
1286 4778 1615 4833 deditionem

289 4865 443 4924 Urbis
466 4871 601 4929 inire
622 4873 770 4936 facit,
805 4873 1038 4941 reliquos
1059 4888 1165 4928 non
1204 4871 1374 4926 ardua
1401 4871 1549 4925 cives

285 4958 504 5016 Vincere
523 4980 688 5033 pugna
715 4965 849 5028 fuit;
882 4964 1114 5034 majores
1143 4978 1378 5031 namque
1412 4961 1681 5016 minorum

282 5052 355 5107 Ad
375 5069 532 5124 quam
552 5061 726 5116 corda
749 5058 932 5112 volunt
960 5066 1167 5129 partem
1200 5055 1487 5112 deflectere
1515 5063 1760 5122 possunt.

496 5278 564 5360 lle
595 5279 865 5360 Stephano
886 5275 1298 5360 .Pat‘etzai'mvidg
1315 5289 1478 5344 supra
1513 5271 1602 5324 lib.
1633 5287 1674 5325 ι.

1879 411 1918 464 Α
1951 404 2170 460 Civibus
2189 409 2432 463 exhibuit
2454 409 2718 479 placidum
2747 410 3012 464 Robertns
3032 423 3297 470 amorem,

1949 497 2015 550 Et
2035 498 2159 566 quia
2187 499 2413 554 dilectos
2445 502 2548 556 sibi
2584 517 2718 570 quos
2748 501 3006 556 allexerat
3041 513 3232 555 omnes

1953 589 2179 659 Semper
2205 592 2456 656 habebat,
2479 603 2590 648 erat
2612 595 2840 647 dilectus
2867 593 2935 646 ab
2964 591 3217 646 omnibus
3243 589 3375 659 ipse.

1950 679 2207 747 Plurima,
2235 698 2355 751 quae
2383 683 2593 737 fuerant
2621 683 2700 738 vel
2725 684 2772 736 vi
2802 682 3077 736 subtracta
3109 680 3192 732 vel
3224 689 3368 746 astu,

1950 773 2203 828 Reddidit
2229 774 2455 829 urbanis
2485 776 2590 829 dux
2617 789 2798 844 agros,
2833 773 3056 842 praedia,
3085 771 3316 836 fundos;

1948 863 2166 918 Perdita
2205 866 2470 930 restituit;
2497 865 2572 918 nil
2598 865 2807 918 civibus
2831 863 3006 917 intttlit
3029 864 3162 932 ipse,

1951 954 2034 1008 Nil
2058 954 2193 1008 alios
2218 955 2465 1023 permisit
2481 955 2560 1008 eis
2590 954 2791 1008 inferre
2823 953 3132 1015 molestum,

1951 1049 2014 1102 Et
2040 1048 2436 1117 circumpositis
2462 1048 2650 1103 solitos
2678 1047 2892 1103 deferre
2922 1046 3181 1100 tributum

1950 1138 2274 1194 Normannis
2302 1139 2466 1193 donat
2487 1139 2598 1208 jam
2628 1138 2876 1194 libertate
2902 1137 3111 1207 quieta.

1949 1229 2218 1284 Canitiem
2245 1228 2506 1299 Stephani
2535 1228 2652 1300 (68)
2684 1239 2919 1285 tractare
2967 1227 3244 1294 misertus,
3269 1236 3326 1282 ut
3351 1225 3490 1281 hosti

1948 1321 2146 1387 Noluit,
2177 1321 2286 1376 imo
2308 1336 2419 1375 suae
2443 1321 2509 1375 de
2535 1337 2642 1390 qua
2665 1329 2993 1376 tractaverat
3026 1319 3118 1374 ille

1948 1411 2160 1468 Oblitus
2195 1412 2376 1476 caedis,
2409 1412 2589 1466 studet
2614 1413 2759 1467 hunc
2789 1422 3022 1468 tractare
3059 1411 3313 1481 benigne.

1947 1504 2082 1560 Cum
2114 1504 2254 1560 Baro
2280 1515 2518 1574 captum,
2553 1504 2736 1559 multis
2758 1505 3078 1560 mirantibus
3098 1504 3278 1575 Argis,

1950 1597 2102 1654 Hunc
2134 1600 2454 1668 impunitum
2477 1598 2722 1654 custodia
2751 1597 2917 1652 libera
2945 1606 3149 1653 servat.

1952 1690 2160 1762 Perque
2181 1692 2297 1747 dies
2323 1692 2527 1760 aliquot
2558 1692 2660 1747 hac
2689 1691 2862 1746 victor
2889 1689 2940 1743 in
2971 1689 3106 1744 urbe
3136 1695 3378 1744 moratus

1951 1783 2167 1838 Mandat
2193 1793 2556 1852 cum-sumptu
2583 1781 2910 1836 Barensibus
2932 1795 3082 1833 arma
3115 1779 3318 1848 parari,

1951 1873 2025 1931 Ut
2054 1884 2349 1945 properent
2377 1890 2559 1929 secum
2581 1888 2688 1942 quo
2717 1887 2774 1927 se
2801 1885 3093 1941 properare
3133 1868 3408 1922 videbunt.

1953 1969 2060 2039 llos
2091 1983 2213 2023 cum
2234 1975 2397 2039 gente
2421 1981 2518 2021 sua
2542 1967 2780 2037 reginam
2814 1965 2925 2035 (69)
2956 1963 3100 2019 ducit
3130 1962 3195 2016 ad
3220 1963 3432 2016 urbem.

1950 2058 2159 2113 Piscem
2182 2057 2326 2112 fama
2352 2057 2564 2111 referta
2597 2056 2778 2110 littore
2803 2071 2905 2109 non
2934 2052 3120 2124 procul
3149 2067 3290 2117 esse,

1951 2149 2226 2203 Fluctibus
2255 2148 2504 2202 Adriacis
2527 2148 2793 2202 horrendo
2821 2161 3045 2214 corpore
3071 2158 3348 2210 magnum.

1953 2236 2148 2290 Forata
2171 2237 2493 2300 incredibili,
2531 2235 2743 2306 qualem
2776 2252 2879 2290 non
2914 2235 3123 2288 viderat
3151 2242 3282 2288 ante

1951 2326 2116 2380 Italiae
2143 2327 2406 2397 populus;
2440 2342 2600 2396 quem
2624 2325 2775 2381 verni
2809 2323 3066 2392 temporis
3095 2338 3228 2376 aura

1951 2417 2179 2487 Propter
2203 2433 2370 2488 aquas
2390 2417 2576 2471 dulces
2597 2430 2887 2485 properare
2909 2423 3162 2484 coegerat
3185 2412 3336 2466 illuc.

1952 2507 2058 2560 Per
2086 2506 2264 2561 varias
2288 2517 2438 2560 artes
2463 2505 2613 2560 ducis
2643 2504 2785 2558 hunc
2811 2502 3094 2574 prudentia
3119 2500 3304 2571 cmpit,

1953 2598 2054 2664 Qui
2101 2615 2221 2653 cum
2258 2596 2512 2652 delabens
2543 2595 2594 2649 in
2621 2595 2759 2649 retia
2787 2593 3090 2648 funiculosa

1955 2693 2181 2746 ﬂetibus
2213 2691 2413 2745 inuexo
2441 2694 2636 2743 cuncto
2659 2701 2782 2740 cum
2806 2684 3045 2756 pondere
3085 2681 3241 2747 ferri,

1954 2783 2046 2838 llle
2072 2783 2236 2838 maris
2263 2796 2476 2837 mersus
2495 2779 2711 2843 mersis,
2740 2778 2834 2832 sed
2857 2777 3100 2846 adusque
3129 2771 3450 2845 profundum

1957 2877 1999 2930 A
2027 2875 2206 2929 nautis
2231 2875 2445 2928 tandem
2470 2871 2620 2927 vario
2640 2872 2754 2942 jam
2781 2868 3018 2924 culmine
3042 2882 3235 2931 caesus,
3374 2935 3376 2937 b

1956 2967 2168 3022 Littore
2201 2966 2292 3020 vix
2334 2975 2536 3020 tractus
2563 2962 2758 3034 populo
2786 2958 3078 3030 spectabile
3103 2966 3407 3014 monstrum

1879 3079 1923 3140 ρ
1955 3058 2227 3123 Cernitur,
2251 3056 2373 3112 inde
2401 3055 2553 3109 ducis
2576 3052 2727 3123 iussu
2764 3066 2862 3122 per
2889 3051 3058 3104 frusta
3085 3056 3325 3140 secatur.

1963 3147 2115 3203 Unde
2137 3147 2242 3200 sibi
2270 3154 2435 3214 atque
2460 3144 2574 3197 suis
2606 3143 2796 3217 longus
2826 3141 2986 3194 datur
3006 3153 3138 3194 usus
3163 3133 3380 3198 edendi,

1955 3235 2022 3290 Et
2042 3235 2236 3305 populo
2255 3234 2498 3289 Calabris
2529 3233 2836 3309 quicunque
2867 3229 3119 3305 manebat
3144 3227 3197 3280 in
3224 3224 3359 3287 oris,

1956 3327 2068 3382 l‘loc
2088 3327 2251 3382 etiam
2278 3324 2475 3394 passim
2499 3338 2632 3394 gens
2651 3320 2857 3390 Appula
2888 3317 3272 3387 participatur;

1953 3418 2028 3474 Os
2057 3417 2225 3488 spina:
2252 3424 2458 3470 sectum
2485 3412 2786 3484 palmorum
2809 3417 3040 3478 quatuor
3062 3405 3194 3461 orbe

1956 3509 2256 3564 Mensuram
2283 3505 2551 3568 obtinuit;
2587 3501 2744 3574 paulo
2775 3511 2892 3570 post
2921 3497 3042 3551 inde
3074 3504 3312 3550 moratus
3392 3557 3393 3560 η

1957 3602 2075 3655 Dux
2107 3598 2176 3652 ibi
2204 3597 2472 3651 Robertus
2493 3593 2732 3663 reginam
2764 3589 2933 3644 tendit
2961 3586 3028 3641 ad
3061 3583 3250 3638 urbem
3282 3600 3296 3636 :

1959 3691 2237 3761 Dumque;
2272 3695 2513 3743 moratur
2540 3684 2631 3748 ibi,
2664 3698 2796 3754 pons
2826 3691 2910 3735 est
2933 3678 3056 3748 quia
3088 3673 3336 3730 conditus
3372 3687 3532 3738 unus,

1956 3779 2099 3834 Pons
2133 3783 2290 3834 modo
2326 3774 2609 3834 Guiscardi
2643 3781 2788 3827 totus
2810 3771 2958 3825 locus
2987 3767 3073 3822 ille
3102 3775 3350 3821 vocatur.

1954 3873 2091 3924 Actu
2123 3870 2384 3925 Bai-enses
2405 3867 2564 3938 hujus
2596 3873 2861 3935 praacepta
2882 3859 3076 3924 secuti,

1956 3962 2191 4029 Qumque
2215 3959 2450 4030 paranda
2480 3965 2633 4027 parat
2662 3954 2859 4023 reginae
2891 3951 3158 4006 mtenibus
3188 3947 3358 4001 urbis.

1957 4054 2072 4108 Dux
2099 4053 2170 4107 ibi
2203 4051 2464 4105 militibus
2490 4047 2738 4116 sumptis,
2767 4045 3080 4112 ratibusque
3113 4039 3338 4110 paratis,

1956 4144 2349 4200 'l‘ransvcbitur
2388 4140 2627 4195 Siculum
2653 4135 2836 4189 multis
2865 4131 3251 4189 comitantibus
3278 4140 3484 4194 aequor.

1953 4236 2102 4303 Quod
2125 4235 2252 4288 licet
2276 4240 2561 4300 angustum
2586 4237 2761 4280 tamen
2791 4233 2874 4278 est
2896 4235 3056 4293 grave
3075 4215 3504 4290 prmtereundum

1954 4326 2131 4397 Scylla
2147 4325 2256 4395 (70)
2269 4319 2554 4390 ,Cat'ybdis
2569 4315 2780 4385 (7i),ibi
2798 4313 3002 4367 diversa
3017 4307 3250 4378 pericula
3267 4303 3503 4374 pra-bent
3534 4317 3536 4319 ν

1885 4422 1933 4481 ι)
1967 4417 2082 4472 Una
2115 4422 2256 4470 rotat
2285 4426 2472 4474 naves,
2503 4407 2659 4461 illidit
2687 4416 2741 4461 et
2770 4404 2935 4458 altera
2966 4401 3132 4454 saxis.

1963 4506 2217 4561 Partibus
2248 4506 2300 4558 in
2331 4489 2528 4558 Siculis
2555 4492 3106 4562 consertajuvamina
3142 4487 3329 4542 fratris

1960 4603 2079 4658 Jam
2111 4599 2433 4668 conquisitis
2463 4609 2527 4650 ex
2557 4604 2754 4660 magna
2776 4597 2926 4660 parte
2950 4583 3144 4654 Rogeri

1961 4697 2122 4764 Spem
2153 4693 2305 4748 ducis
2339 4684 2708 4745 accumulant'
2739 4690 2854 4736 erat
2880 4679 2981 4733 hac
3003 4686 3160 4731 mtate
3187 4677 3436 4747 Rogerus

1962 4787 2076 4841 Non
2107 4787 2308 4840 virtute
2344 4794 2542 4843 mmor,
2567 4774 2747 4830 nullus
2773 4773 2840 4828 de
2867 4769 3122 4824 fratribus
3147 4769 3263 4840 ejus

1960 4878 2266 4945 Quamlibet
2292 4871 2538 4944 egregius
2563 4867 2684 4920 iniit
2712 4875 2826 4919 tam
2862 4860 3038 4916 nobile
3067 4859 3266 4915 bellum
3301 4855 3439 4927 (7'2).

1964 4967 2099 5022 Nam
2128 4973 2315 5023 contra
2343 4961 2555 5017 Siculos
2583 4955 2746 5009 divini
2782 4951 3014 5008 nominis
3039 4951 3226 5007 hostes

1965 5060 2192 5130 Semper
2219 5053 2494 5127 pugnavit,
2524 5059 2769 5101 sanctam
2797 5061 2901 5116 qua
2933 5041 3162 5097 vivimus
3184 5051 3378 5099 omnes

1965 5283 2054 5327 ctu
2086 5261 2912 5360 accenduntur.nattti.s_por:um
2954 5259 3265 5330 petentibus
3319 5254 3561 5321 signum,
