4044 5360
553 304 690 360 ρθεδ

547 419 805 475 Exaltare
835 421 991 476 fidem
1029 423 1272 492 cupiens,
1297 435 1627 494 operamque
1657 423 1913 491 juventus

549 514 703 570 llauc
732 532 828 570 sua
859 519 1126 586 przeeipue
1151 518 1340 582 coluit,
1371 521 1495 573 dum
1527 520 1686 586 digna
1711 520 1912 588 quietis

545 607 720 662 Causa
753 625 866 664 sua:
894 609 1044 663 fieret
1075 610 1270 664 Sicnl:e
1289 611 1554 678 subjectio
1577 614 1774 680 gentis.

545 697 659 751 Hoc
689 699 790 753 s'bi
827 701 932 754 dux
964 702 1114 756 socio
1139 703 1377 757 confisus
1399 713 1453 758 et
1480 705 1694 773 agmine
1717 703 1885 759 multo

545 790 740 843 Secum
771 791 1001 845 deducto
1023 808 1128 846 non
1159 793 1438 848 obsidione
1458 795 1568 865 (75)
1592 793 1906 850 Pauormut'r

543 879 773 936 Vincere
801 883 1070 951 desperat,
1098 884 1295 940 Siculis
1330 902 1492 956 quam
1522 888 1840 943 nobiliorem

545 973 783 1029 Urbibus
807 977 1076 1030 audierat.
1108 977 1331 1032 lloberti
1366 979 1537 1034 milite
1558 981 1724 1035 multo

545 1064 684 1120 Urbs
721 1066 912 1121 vallata
951 1079 1130 1136 pavet,
1164 1085 1346 1123 mums
1368 1081 1652 1140 turresque
1685 1071 2009 1133 reformaut,

537 1157 702 1210 Arma
728 1159 980 1229 virosque
1004 1171 1218 1230 parant,
1250 1163 1458 1217 detecta
1486 1163 1748 1218 foramina
1773 1163 2055 1228 claudunt,

538 1246 764 1302 Po..itur
786 1259 841 1302 et
876 1241 1094 1320 vigilum
1125 1253 1368 1308 custodia
1392 1254 1582 1308 crebra
1615 1270 1710 1324 per
1735 1255 1946 1308 urbem.

538 1336 653 1390 Dux
673 1336 824 1406 jubet
851 1352 1092 1396 armatos
1115 1345 1326 1412 equites
1350 1347 1614 1400 accedere
1635 1347 1807 1414 portis

536 1427 609 1482 Ut
633 1430 712 1484 sic
751 1429 988 1486 inclusos
1020 1434 1086 1487 ad
1113 1450 1347 1504 pugnam
1375 1447 1633 1506 provocet
1663 1439 1847 1492 hostes
1872 1455 1886 1489 :

534 1521 728 1588 Omne,
760 1526 902 1594 quod
925 1527 1152 1582 incutiat
1172 1543 1388 1598 pinnam
1422 1532 1733 1602 pariterque
1761 1530 2024 1591 laborem.

532 1613 754 1669 Civibus
786 1615 975 1672 inferri
1000 1630 1216 1674 versuta
1241 1621 1479 1688 potentia
1523 1625 1765 1675 mandat.

532 1702 840 1760 Procedunt
863 1709 1032 1777 portis
1061 1709 1233 1764 Siculi
1264 1728 1369 1764 non
1404 1721 1550 1766 stare
1577 1713 1834 1777 ferentes,

534 1793 863 1868 Egressique
885 1799 1032 1854 foras
1053 1801 1245 1856 audaci
1271 1812 1448 1857 mente
1474 1817 1776 1875 repugnant
1811 1822 1823 1858 :

533 1883 732 1939 Verum
768 1887 1106 1946 Normannos
1133 1903 1408 1962 nequeunt
1441 1893 1672 1950 tolerare
1691 1895 1902 1952 feroces

529 1975 780 2036 Cultores
815 1982 1043 2047 Christi,
1076 1984 1202 2039 dum
1230 2002 1364 2055 gens
1398 1995 1645 2057 Agarena
1677 1989 1904 2052 resistit,

530 2067 646 2123 Non
673 2073 914 2140 perferre
944 2077 1120 2142 valet;
1168 2076 1404 2150 fugiunt,
1429 2080 1709 2150 nostrique
1740 2089 2042 2152 sequuntur

533 2160 728 2216 Multos
757 2174 1106 2234 prosternunt
1138 2169 1349 2240 gladiis,
1376 2180 1432 2225 et
1461 2171 1684 2242 cuspide
1714 2172 1932 2234 multos,

528 2251 796 2310 Moenibus
818 2277 847 2313 e
876 2261 1134 2328 summis;
1168 2261 1309 2316 volat
1340 2263 1578 2332 undique
1608 2265 1810 2318 missile
1847 2265 2031 2320 telum.

528 2340 780 2412 Saxaque
812 2362 932 2401 cum
967 2349 1092 2417 pilis
1111 2349 1348 2417 iacentia
1384 2353 1578 2409 hederc
1609 2363 1821 2409 tentant

525 2433 764 2506 Corpora
795 2449 1134 2508 nostrorum;
1165 2445 1336 2500 nostri
1367 2447 1416 2499 vi
1446 2447 1717 2502 manibus
1741 2449 1889 2503 urbis

523 2525 635 2583 llos
663 2529 996 2602 impellentes
1026 2535 1130 2590 laeti
1163 2553 1257 2592 sua
1289 2549 1468 2594 castra
1495 2541 1796 2609 requirunt.

521 2619 646 2674 Inde
677 2621 1070 2683 Pauormenscs
1105 2628 1266 2685 Afros
1293 2631 1470 2686 accire
1500 2631 1746 2688 laborant

518 2713 758 2778 Auxilio,
783 2731 1013 2785 quorum
1048 2719 1149 2772 sibi
1183 2721 1389 2778 viribus
1410 2724 1715 2788 associatis,

519 2803 672 2867 Quod
698 2821 802 2859 non
835 2817 962 2860 sunt
997 2810 1114 2862 ausi
1149 2819 1290 2865 terra
1315 2815 1660 2869 committere
1688 2815 1884 2870 bellum

527 2892 866 2950 Commisere
890 2899 1065 2965 mari;
1092 2899 1418 2958 bellantibus
1442 2904 1542 2958 hoc
1567 2904 1894 2960 elementum

515 2981 869 3041 Commodius
896 2990 1160 3055 credunt;
1190 2991 1475 3048 instructis
1508 3011 1639 3067 ergo
1669 2997 1870 3052 earinis

513 3072 689 3144 Erigit
711 3084 768 3129 ut
794 3077 916 3132 belli
948 3079 1153 3136 navalis
1179 3084 1280 3138 rite
1313 3094 1558 3154 paratus,

510 3161 726 3235 Proque
754 3170 1080 3239 repellendis
1109 3189 1364 3230 saxorum
1393 3177 1476 3231 vel
1503 3176 1804 3244 jaculorum

508 3253 733 3322 Ictibus,
765 3259 1001 3318 obtectis
1031 3264 1347 3321 rubicundis
1371 3268 1606 3337 undique
1632 3270 1868 3338 philtris,

507 3346 587 3401 Ad
616 3363 851 3417 pugnam
878 3353 1101 3408 veniunt
1132 3356 1233 3410 sub
1255 3358 1565 3414 conditione
1590 3359 1752 3423 virili,

507 3437 578 3494 Ut
598 3455 704 3510 quo
725 3441 850 3510 jure
877 3445 978 3498 viri
1004 3446 1087 3500 vel
1111 3449 1295 3503 vivant
1317 3451 1399 3505 vel
1430 3452 1749 3506 moriantur.

504 3529 722 3587 Mandat
752 3533 1103 3604 Normannis,
1127 3540 1390 3608 Calabris,
1422 3542 1771 3609 Bareusihus,
1794 3544 1953 3617 Argis

503 3621 622 3678 Dux
653 3641 682 3678 a
712 3641 770 3681 se
797 3630 972 3697 captis
1000 3633 1199 3685 muniri
1230 3649 1458 3703 corpore
1485 3635 1719 3702 Christi;

503 3712 792 3782 Quojubet
821 3729 1044 3788 accepto
1073 3737 1197 3775 cum
1231 3725 1492 3791 sanguine
1519 3725 1656 3781 bella
1689 3728 1892 3782 subire.

505 3799 624 3856 Tali
651 3808 763 3857 tuta
795 3806 915 3862 cibo
954 3812 1198 3876 procedit
1229 3814 1382 3866 turba
1414 3815 1584 3869 fidelis

503 3889 744 3946 Navibus
777 3897 975 3962 aptatis
1003 3914 1111 3967 quo
1142 3903 1474 3967 praevaluere
1505 3916 1747 3973 paratus.

500 3981 713 4038 Perfida
743 4001 876 4054 gens
905 3997 1072 4042 totam
1104 3990 1252 4046 lituis
1280 3995 1569 4064 sonituque
1601 3999 1872 4060 tubarum,

500 4073 920 4147 Magnarumque
949 4081 1120 4150 replet
1146 4098 1337 4139 vocum
1361 4085 1689 4143 clamoribus
1711 4105 1916 4160 aequor.

497 4165 839 4224 (Ζιινίδιὶροιίυ
867 4182 1056 4226 contra
1087 4172 1342 4244 suffragia
1371 4177 1484 4232 sola
1513 4187 1758 4249 petentes

497 4254 768 4327 l’rincipis
804 4261 1017 4326 aeterni,
1045 4261 1200 4332 cujus
1226 4274 1354 4320 sunt
1379 4282 1540 4322 carne
1565 4268 1776 4332 refecti,

497 4347 651 4402 Nullo
681 4360 952 4406 terrentur
977 4353 1251 4424 clangore,
1279 4357 1370 4410 sed
1401 4359 1599 4413 acriter
1631 4359 1733 4414 illis

493 4438 742 4507 Obstaut,
767 4453 823 4497 et
850 4443 1054 4499 feriunt
1079 4459 1448 4520 quassantque
1477 4452 1706 4507 viriliter
1733 4454 1940 4510 hostes.

494 4531 768 4602 Principio
802 4550 967 4590 naves
994 4536 1139 4591 Afra:
1168 4537 1470 4610 Siculchne
1498 4543 1779 4609 resistunt,

493 4621 633 4676 Nutu
666 4624 849 4682 divino
873 4629 1089 4684 tandem
1123 4646 1337 4686 cessere
1376 4644 1602 4696 coactae,

489 4713 734 4783 Cumque
763 4718 944 4789 fugam
987 4729 1254 4790 peterent,
1284 4723 1489 4794 aliquot
1529 4727 1817 4794 capiuntur
1855 4742 2079 4782 carum:

487 4803 746 4868 Quaedam
772 4807 1067 4864 submersa:
1091 4820 1342 4880 pereunt,
1367 4813 1636 4884 pleneque
1667 4814 1938 4886 frequenti

489 4890 783 4948 llemorum
808 4897 971 4951 ductu
1006 4900 1091 4953 vix
1114 4916 1339 4956 evasere
1371 4906 1611 4976 fugaces,

489 4983 621 5022 "Ilnl
648 4995 763 5022 nnrl
775 5002 860 5022 una
895 4990 1099 5022 anulum-nn
1111 5001 1124 5022 ο

1177 5008 1298 5022 οὶιΛυ
1331 5009 1630 5022 Annua-anna
1666 5007 1882 5022 Aula-An

1829 306 2200 365 GUILIELMI
2235 304 2434 362 APUU

2167 435 2211 492 Α
2244 423 2436 480 Muniri
2459 424 2664 495 pedites
2689 423 2870 480 fundis
2895 423 3026 480 facit
3051 433 3214 494 atque
3238 423 3418 494 sagitt.

3684 310 3828 366 1056

2236 515 2493 570 Armatos
2521 515 2732 584 equites
2760 511 2943 569 secu'm
2973 512 3461 583 proceilcrejussit.

2236 607 2514 661 Accedunt
2539 623 2692 660 muro
2734 607 2961 676 pedites,
2994 617 3049 660 et
3072 608 3270 661 mceuia
3304 607 3452 660 saxis

2237 697 2314 752 Ac
2345 698 2464 752 telis
2491 698 2774 768 quatiunt;
2811 713 3064 769 egressus
3094 697 3310 767 iniquus
3334 698 3402 751 ab
3435 697 3570 750 urbe

2235 792 2426 847 Oli-tat
2453 793 2532 846 eis
2558 790 2806 861 populus,
2830 806 2989 860 quem
3021 807 3125 844 nou
3151 791 3390 860 perferre
3423 789 3665 844 valentes

2233 883 2528 953 Diffugiunt
2555 883 2784 951 pedites,
2813 898 2950 952 quos
2975 883 3082 936 dux
3116 891 3172 936 ut
3197 881 3390 935 cedere
3417 881 3551 934 vidit

2241 975 2480 1031 Dillusos
2507 975 2730 1046 campis.
2759 975 2997 1046 legiones
3021 975 3269 1045 protinus
3287 975 3497 1040 omnes}

2233 1065 2377 1120 Bella
2409 1066 2534 1120 dato
2556 1067 2712 1136 signo
2745 1075 2928 1120 mouet
2957 1067 3340 1120 incunctanter
3368 1067 3539 1129 adire,

2230 1158 2376 1214 Voce
2404 1175 2674 1228 manuque
2702 1175 2830 1215 suos
2857 1160 2998 1215 sicut
3027 1161 3136 1214 dux
3163 1171 3418 1214 strenuus
3447 1161 3705 1226 hortans;

2229 1249 2510 1318 Paulisper
2539 1247 2731 1313 Siculi,
2761 1249 3048 1304 commislo
3077 1249 3250 1304 Marte
3283 1251 3499 1315 morati,

2227 1339 2306 1394 Ad
2335 1340 2486 1396 ducis
2514 1349 2793 1410 aspectum
2827 1338 3130 1396 tremefacti
3165 1350 3312 1411 terga
3342 1341 3627 1395 dederunt.

2227 1433 2342 1489 Dux
2371 1433 2518 1499 ferit,
2545 1442 2706 1504 atque
2735 1448 2862 1488 suos
2891 1432 3144 1488 hortatur
3167 1443 3316 1504 terga
3350 1432 3513 1488 ferire

2225 1525 2503 1582 Pcrversae
2529 1526 2730 1596 gentis,
2761 1541 2862 1580 nec
2897 1527 3106 1581 caedere
3133 1525 3332 1580 desinit
3354 1527 3557 1592 hostes,

2223 1617 2479 1672 Adversa:
2504 1626 2688 1688 portas
2710 1617 2835 1670 dum
2877 1617 3227 1686 perveniatur
3254 1617 3322 1671 ad
3351 1617 3523 1671 urbis.

2223 1720 2372 1774 Gens
2403 1719 2665 1774 comitata
2691 1721 2883 1774 ducem
2917 1717 3152 1773 diversis
3180 1714 3389 1769 sauciat
3417 1713 3630 1766 hostem

2151 1821 2194 1879 Β
2225 1809 2575 1875 Vulneribus,
2602 1811 2870 1881 quosdam
2921 1807 3138 1880 gladiis,
3167 1815 3223 1861 et
3264 1802 3488 1873 cuspide
3519 1798 3806 1870 quosdam,

2228 1903 2425 1958 Multos
2457 1902 2658 1958 fundali
2681 1903 2852 1972 jactu,
2880 1899 3166 1970 plerosque
3191 1894 3440 1966 sagittis;

2226 1997 2378 2053 Unde
2398 1995 2818 2068 supergredicns
2845 2007 3110 2049 caesorum
3132 2004 3384 2058 corpora,
3412 1993 3593 2042 tentat

2222 2087 2355 2143 Cum
2384 2088 2584 2143 Siculis
2605 2096 2789 2158 portas
2813 2083 3140 2154 fugientibus
3164 2079 3315 2134 urbis
3343 2078 3518 2140 adire,

2222 2180 2294 2237 Ut
2332 2180 2492 2234 finem
2525 2189 2674 2233 tanto
2699 2177 2968 2249 praaberet
2995 2182 3151 2244 capta
3180 2169 3373 2226 labori.

2219 2267 2325 2324 Sed
2366 2269 2514 2324 cives
2541 2269 2714 2339 portis
2743 2266 3000 2322 atolliiheut
3032 2264 3158 2318 dum
3188 2261 3428 2316 claustra
3460 2255 3662 2312 seratis

2217 2361 2332 2416 Non
2367 2361 2632 2416 modicam
2661 2370 2868 2430 partem
2896 2357 3030 2413 foris
3050 2357 3332 2410 exclusere
3360 2367 3582 2406 suorum
3608 2366 3622 2402 :

2214 2453 2450 2521 Impetus
2475 2452 2686 2507 hostilis
2717 2451 2881 2505 tantis
2922 2448 3222 2504 terroribus
3247 2447 3438 2501 urbem

2212 2544 2403 2614 Implet
2429 2542 2759 2598 utexrlusos
2783 2541 2914 2596 caedi
2951 2539 3262 2610 permiserit
3301 2550 3513 2590 omnes.

2211 2635 2482 2688 Robrrtus
2507 2649 2822 2702 quanquam
2867 2631 3028 2701 longo
3050 2629 3350 2684 certamine
3377 2626 3514 2679 vidit

2210 2726 2422 2780 DilIisos
2443 2724 2677 2794 equites,
2705 2723 2902 2793 coeptis
2934 2722 3186 2776 insistere
3225 2718 3400 2789 poscit
3421 2734 3436 2778 ε,

2211 2819 2394 2872 \‘irtus
2419 2827 2619 2880 vestra,
2651 2815 2774 2878 viri,
2806 2815 2986 2868 varios
3008 2821 3234 2882 experta
3265 2810 3480 2864 labores

2209 2907 2303 2962 γει
2337 2908 2498 2962 modo
2550 2905 2746 2970 laudis,
2769 2905 2868 2969 ait,
2897 2904 2985 2959 vel
3017 2903 3123 2957 erit
3152 2903 3312 2956 modo
3341 2900 3506 2969 digna
3542 2898 3784 2969 repulse.

2208 2999 2348 3057 Urbs
2377 2999 2595 3054 inimica
2621 2999 2755 3064 Deo,
2778 2997 2945 3052 divini
2983 2998 3166 3052 nescia
3199 2995 3399 3057 cultus,

2206 3091 2431 3147 Subdita
2459 3089 2814 3154 daemonibus,
2847 3088 3015 3144 veteri
3045 3087 3274 3157 spoliata
3308 3086 3513 3156 vigore,

2127 3185 2170 3245 C
2203 3183 2322 3240 lam
2346 3183 2501 3251 quasi
2531 3181 2706 3237 fracta
2741 3181 2955 3246 tremit;
2987 3181 3030 3235 si
3063 3196 3158 3236 vos
3203 3180 3408 3233 instare
3433 3187 3680 3246 potenter

2206 3275 2435 3339 Viderit,
2460 3273 2714 3330 ohslaudi
2747 3271 2924 3327 nullos
2953 3271 3306 3328 meditabitur
3329 3285 3492 3324 ausus
3517 3287 3530 3323 :

2197 3364 2267 3419 At
2295 3366 2340 3419 si
2375 3365 2630 3429 delicitis,
2654 3379 2778 3420 eras
2807 3365 3018 3419 viribus
3047 3363 3162 3418 haec
3185 3363 3472 3432 reparatis.

2197 3457 2391 3511 Acrius
2418 3455 2689 3522 obstabit;
2711 3457 2836 3510 dum
2871 3464 3082 3526 tempus
3107 3455 3300 3508 adesse
3319 3453 3536 3513 videtis,

2197 3547 2438 3611 Currite,
2465 3546 2600 3600 dura
2635 3546 2780 3616 capi,
2807 3545 3027 3602 Christo
3056 3545 3372 3607 miserante,
3397 3543 3601 3622 patebit
3635 3559 3650 3597 :

2199 3639 2474 3694 Dillicilein
2499 3640 2747 3710 quamvis
2779 3638 2991 3694 facilem
3021 3637 3278 3708 facilipse
3307 3636 3572 3697 laborem,

2195 3728 2308 3784 Iloc
2337 3729 2476 3784 duce
2497 3727 2686 3784 confisi
2726 3727 2879 3782 hellis
2907 3727 3165 3798 imponite
3201 3729 3384 3789 tinem,

2193 3821 2370 3890 Atque
2405 3819 2760 3876 invadendam
2791 3821 2971 3875 cuncti
3011 3833 3366 3889 properemus
3406 3819 3472 3871 ad
3520 3819 3726 3870 urbem.

2195 3910 2289 3964 llis
2324 3912 2533 3966 animat
2555 3911 2716 3965 dictis
2749 3910 3019 3966 Robertus
3050 3910 3213 3964 corda
3246 3926 3489 3963 suorum.

2191 4005 2447 4060 Ascensis
2481 4004 2648 4071 scalis
2679 4014 2975 4073 properant
2997 4002 3364 4058 conscendere
3393 4017 3594 4060 muros.

2191 4095 2370 4164 Seque
2393 4096 2654 4151 voluntati
2685 4104 2964 4165 proruptus
2992 4094 3144 4149 ducis
3178 4092 3348 4148 affore
3368 4093 3654 4164 spondent.

2190 4183 2282 4239 Sic
2319 4185 2506 4254 auriga
2529 4183 2722 4244 bonus,
2750 4183 2963 4238 veloces
2987 4183 3182 4237 cedere
3207 4197 3370 4237 cursu

2191 4277 2326 4331 Dum
2357 4279 2643 4349 cognoscit
2673 4292 2866 4346 equos,
2898 4277 3093 4346 parcit,
3123 4278 3436 4347 patiturque
3471 4277 3689 4341 morari,

2187 4366 2316 4422 Inde
2343 4368 2666 4424 relormatos
2689 4368 2956 4437 reparatis
2992 4368 3209 4422 [latibus
3233 4369 3311 4424 ire

2189 4457 2440 4530 prtuin
2469 4460 2614 4530 cogit
2665 4459 2789 4520 iter,
2815 4458 3160 4528 stimulisque
3189 4457 3564 4528 frequentibus
3593 4470 3760 4532 nrgc',

2117 4535 2162 4593 Π
2193 4549 2330 4604 Dum
2355 4567 2572 4606 cursum
2597 4559 2881 4621 peragant,
2907 4558 2961 4603 et
2989 4565 3084 4604 eos
3115 4551 3426 4619 prmcederc
3457 4553 3587 4612 victi

2189 4641 2417 4698 Vincere
2447 4642 2539 4712 qui
2567 4643 2796 4707 soleant,
2827 4652 2987 4697 cauto
3011 4643 3242 4699 ducente
3265 4646 3547 4715 magistro.

2188 4734 2303 4789 Dux
2343 4737 2430 4789 tibi
2461 4737 2730 4805 persensit
2759 4736 3036 4804 capiendis
3060 4736 3332 4791 mcenibas
3357 4753 3546 4792 omnes

2186 4827 2444 4882 Insttdarc
2466 4844 2614 4893 suos,
2647 4827 2863 4882 insudat
2885 4837 2940 4882 et
2971 4831 3084 4898 ipse
3107 4828 3349 4884 ferendis

2189 4918 2466 4975 Sollicitus
2497 4920 2688 4982 scalis;
2717 4929 2776 4972 ut
2797 4919 3218 4988 progrediantur
3245 4921 3314 4974 ad
3338 4921 3443 4974 alta
