4044 5360
499 309 652 367 1ι59

501 421 683 477 Turba
719 417 1073 474 cadaveribus
1100 415 1186 469 vix
1226 415 1406 468 vivere
1421 419 1608 482 posset
1635 410 1845 465 edendo

507 513 772 580 Egressus
794 509 1013 577 quidam
1047 517 1206 574 patre
1231 504 1369 558 civis
1393 503 1445 556 in
1471 500 1606 555 urbe
1635 499 1826 553 relicto

505 604 559 656 lu
589 601 782 656 castris
807 599 990 652 aderat
1021 613 1037 661 ;
1078 594 1230 649 canis
1265 595 1410 648 hunc
1435 592 1630 646 rimata
1657 589 1833 659 sagaci

507 694 647 746 Nare
675 691 830 761 petit,
863 688 1063 741 laribus
1095 685 1273 740 fuerat
1296 699 1416 753 qua:
1448 683 1555 738 fota
1585 681 1850 751 paternis.

510 785 640 836 lluic
673 783 833 835 dabat
859 779 943 831 ille
969 778 1138 839 cibos,
1164 785 1218 830 et
1239 783 1523 845 postquam
1549 769 1832 826 suflicieuti

508 876 666 927 Pasta
693 871 813 926 cibo
842 869 1039 931 fuerat,
1079 867 1223 921 circa
1260 864 1556 935 praecordia
1587 862 1848 932 quosdam

506 964 760 1033 Apposite
782 975 942 1015 sacco
969 973 1138 1029 panes
1168 958 1367 1011 inferre
1389 953 1620 1018 solebat,

507 1058 747 1122 Quorum
774 1052 1132 1109 commoditas
1162 1049 1283 1102 vita:
1316 1050 1456 1102 l'oret
1484 1055 1608 1116 apta
1643 1043 1873 1098 diurna).

509 1147 618 1201 llos
645 1145 808 1201 celeri
840 1157 1001 1198 cursu
1031 1142 1242 1196 rediens
1272 1138 1542 1207 (mirabile
1570 1137 1713 1192 dictu
1740 1136 1780 1205 !)

507 1239 575 1292 Et
604 1251 868 1306 nusquam
898 1243 1183 1288 remorans
1209 1233 1361 1287 canis
1391 1231 1459 1285 ad
1484 1247 1580 1286 sua
1613 1238 1752 1284 tecta
1781 1227 2009 1292 ferebat,

509 1331 600 1385 Sic
628 1329 889 1383 alimenta
913 1341 1076 1395 sagax
1108 1324 1435 1392 dominoque
1457 1321 1669 1392 sibique
1696 1320 1944 1391 parabat.

508 1424 756 1478 Esuriem
791 1429 996 1474 tantam
1019 1419 1240 1488 quidam
1272 1431 1378 1472 non
1413 1415 1558 1471 ferre
1589 1414 1831 1469 Valentcs

508 1514 726 1587 Egressi
749 1514 896 1567 cives
915 1510 1096 1566 octavi
1127 1519 1367 1579 tempore
1397 1507 1598 1562 mensis

507 1610 812 1676 luterrupta
842 1606 964 1661 duci
993 1605 1236 1659 Roberto
1270 1601 1469 1658 muenia
1498 1600 1765 1671 pandunt,

506 1702 698 1772 Aptior
728 1702 1010 1769 ingressus
1037 1697 1212 1768 potttit
1241 1710 1345 1765 qua
1372 1701 1524 1764 parte
1552 1692 1745 1747 videri.

509 1792 728 1847 Terruit
753 1792 884 1845 urbs
906 1790 1145 1853 animum
1175 1786 1414 1841 Roherto
1437 1792 1595 1855 capta
1613 1782 1857 1851 Gisulphi
1893 1796 1909 1847 ;

508 1883 837 1939 Conscendit
867 1881 1083 1946 turrim,
1109 1894 1229 1949 qua:
1260 1877 1400 1932 facta
1427 1877 1711 1932 cacumine
1744 1875 1947 1930 montis

510 1974 800 2029 Przeminet
831 1973 1086 2036 urbanis;
1120 1979 1312 2026 natura
1341 1967 1496 2038 cujus
1520 1976 1575 2024 et
1603 1977 1722 2023 arte

511 2063 608 2119 Est
634 2063 817 2134 gravis
838 2077 1090 2117 accessus
1113 2077 1128 2127 ;
1174 2076 1281 2117 non
1303 2060 1408 2116 hac
1439 2059 1699 2114 munitior
1717 2073 1843 2114 arce

511 2153 776 2209 Omnibus
803 2153 966 2208 Italia:
990 2151 1305 2221 regionibus
1333 2149 1441 2205 ulla
1472 2150 1703 2205 videtur.

512 2246 798 2316 Expugnat
824 2244 1018 2299 validis
1042 2243 1312 2298 Robertus
1346 2242 1554 2298 viribus
1579 2257 1783 2298 arcem.

519 2342 590 2392 At
610 2338 788 2392 valido
811 2351 934 2392 cum
959 2336 1098 2391 forte
1127 2337 1282 2391 ducis
1307 2335 1543 2405 pctraria
1577 2336 1695 2390 saxi

519 2430 632 2482 Ictu
667 2428 874 2483 dimissi
904 2427 1158 2498 perculsa
1184 2425 1373 2481 fuisset
1397 2427 1467 2482 ab
1504 2425 1634 2491 alto,

519 2515 777 2571 Avulsum
811 2515 1014 2587 lignum
1042 2515 1266 2569 Roberti
1298 2514 1476 2568 nobile
1501 2522 1696 2585 pectus

516 2609 737 2664 Sauciat
765 2609 992 2671 incauti,
1023 2609 1118 2662 sed
1153 2623 1258 2663 non
1286 2617 1408 2679 post
1435 2617 1678 2678 tempore
1709 2607 1879 2661 multo

514 2703 822 2757 Auxiliante
845 2703 953 2758 Deo
985 2703 1174 2772 recipit
1219 2718 1346 2756 caro
1375 2702 1499 2755 laesa
1553 2700 1812 2756 salutem.

523 2794 792 2849 Redditus
809 2793 1098 2848 incolumis
1122 2793 1295 2864 magis
1309 2808 1618 2864 expugnare
1643 2792 1963 2861 Gisulpbum
1979 2790 2096 2862 (76)

518 2883 758 2949 Nititur;
790 2884 880 2940 ille
903 2899 1054 2939 suam
1084 2883 1358 2938 fortunam
1392 2883 1521 2938 dum
1554 2881 1700 2936 videt
1725 2897 1847 2936 esse

520 2977 750 3032 Casibus
779 2977 1040 3032 extremis
1061 2975 1317 3046 positam,
1343 2974 1467 3044 quia
1505 2973 1668 3027 multa
1700 2973 1856 3028 saluti

521 3066 656 3138 Spes
681 3074 818 3131 erat,
843 3065 1070 3120 arbitrio
1096 3078 1217 3120 sese
1246 3063 1399 3119 ducis
1418 3072 1473 3119 et
1493 3077 1589 3118 sua
1611 3063 1776 3118 dedit.

521 3157 653 3213 Orat
682 3157 795 3211 sola
835 3157 938 3212 sibi
971 3156 1196 3211 libertas
1223 3157 1382 3212 detur
1406 3156 1594 3222 eundi,

518 3251 719 3321 Iusque
743 3251 864 3306 duci
891 3250 1168 3322 proprium
1191 3250 1469 3305 dimittens
1491 3249 1629 3304 liber
1657 3249 1846 3304 abivit.

520 3341 845 3412 Gregorium
886 3357 1081 3413 papam
1108 3341 1370 3411 spoliatus
1399 3341 1605 3395 honore
1636 3339 1845 3394 Salerni

520 3433 761 3502 Appetiit
787 3433 1042 3502 primttm,
1067 3433 1371 3488 venientem
1395 3448 1532 3502 papa
1556 3431 1790 3502 benigne

523 3521 782 3591 Suscipit,
806 3531 860 3576 et
893 3521 1040 3590 regio
1064 3519 1394 3592 Campanica
1423 3522 1655 3575 traditur
1685 3521 1782 3574 illi.

525 3612 670 3669 Urbe
696 3615 1024 3683 triumphata
1063 3615 1266 3684 gaudet
1296 3612 1568 3668 Robertus
1595 3623 1648 3668 et
1673 3627 1818 3676 arce,

527 3709 593 3763 Et
621 3724 689 3763 ne
723 3709 992 3778 posterius
1020 3708 1122 3762 sibi
1154 3723 1286 3777 gens
1311 3707 1476 3762 infida
1509 3715 1798 3776 repugnet,

527 3798 754 3852 Munivit
784 3814 1052 3852 summam
1091 3798 1210 3852 fidis
1242 3799 1561 3852 custodibus
1586 3812 1788 3851 arcem.

533 3888 796 3943 Inferiore
831 3889 933 3942 situ
963 3889 1022 3940 lit
1046 3889 1461 3957 inexpugnabile
1482 3898 1750 3950 castrum,

529 3979 646 4046 Quo
671 3978 771 4032 sibi
795 3978 1019 4046 subjecti
1053 3977 1264 4032 valeant
1293 3979 1591 4034 consistere
1625 3979 1746 4031 tuti.

533 4072 674 4128 Urbs
713 4070 853 4125 Latii
885 4086 988 4124 non
1011 4079 1096 4124 est
1118 4071 1221 4125 hac
1251 4069 1560 4126 deliciosior
1595 4070 1750 4134 urbe,

534 4164 824 4233 Frugibus,
856 4162 1166 4226 arboribus,
1200 4161 1433 4230 vinoque
1459 4164 1746 4225 redundat,
1775 4174 1830 4218 et
1859 4165 2000 4219 unde
2084 4217 2085 4220 η

532 4253 648 4309 Non
707 4255 798 4309 tibi
847 4269 1048 4325 poma,
1112 4268 1306 4319 nuces,
1357 4270 1463 4311 non
1510 4254 1734 4324 pulchra
1787 4255 1980 4326 palatia
2013 4246 2108 4311 tle-4

1877 4357 2000 4401 sunt
2025 4366 2037 4400 :

531 4438 648 4493 Non
703 4436 911 4509 species
975 4435 1252 4492 muliebris
1313 4435 1494 4498 abest,
1555 4437 1903 4507 probitasque
1963 4439 2109 4493 viro-

1921 4528 2063 4602 [rum
2089 4548 2106 4586 :

534 4619 725 4673 Altera
755 4619 1036 4688 planitiem
1069 4631 1197 4688 pars
1228 4617 1459 4682 obtinet,
1491 4616 1662 4671 altera
1689 4628 1947 4678 montem,

538 4710 605 4763 Et
631 4711 991 4777 quodcunque
1018 4708 1152 4762 velis
1176 4717 1390 4762 terrave
1418 4708 1620 4761 marive
1641 4709 1933 4762 ministrat.

538 4799 651 4855 Hac
689 4800 953 4868 acquisita
977 4799 1137 4854 simul
1159 4799 1452 4868 acquisivit
1478 4798 1710 4854 Atualliu
1739 4815 1754 4866 ;

767 4990 957 5080 Eisulﬁ
994 4991 1532 5080 Robcrtusisororius
1559 5002 1699 5080 erat.
1737 4991 1932 5075 Tmen.

1741 293 2110 354 GUILLELMI
2149 293 2351 350 APULl

2116 418 2155 470 Α
2191 405 2332 460 Urbs
2381 406 2495 461 lucc
2549 407 2701 462 dives
2737 418 2925 474 opum,
2957 401 3260 474 populoque
3299 401 3503 457 referta
3531 402 3763 467 videtur,

3628 285 3767 346 1030

2189 493 2343 550 Nulla
2370 498 2542 566 magis
2566 497 2806 567 locuples
2830 506 3078 566 argento,
3105 496 3366 560 vestibus,
3392 511 3548 559 auro,

2187 586 2441 641 Partibus
2468 588 2808 652 innumeris;
2843 603 2906 641 ac
2930 586 3191 656 plurimus
3218 587 3349 640 urbe
3380 595 3626 638 moratur

2192 677 2386 740 Nauta,
2414 679 2581 732 maris
2599 677 2832 747 cmlique
2860 679 2976 730 vias
3005 677 3217 746 aperire
3240 676 3447 745 peritus
3481 676 3620 745 (77).

2193 769 2309 823 Huc
2335 779 2391 825 et
2419 769 2715 824 Alexandri
2748 769 2961 822 diversa
3003 765 3253 821 feruntur
3279 767 3347 820 ab
3383 768 3518 819 urbe

2190 861 2354 928 Regis
2383 869 2436 915 et
2463 859 2716 914 Antiochi
2748 875 2763 920 ;
2794 859 2908 914 lucc
2939 859 3072 913 freta
3103 858 3330 926 plurima
3363 858 3578 912 transit.

2189 949 2296 1006 Hie
2316 953 2550 1016 Arabes,
2578 953 2718 1016 ludi,
2747 951 2914 1006 Siculi
2949 958 3248 1005 noscuntur
3273 959 3328 1005 et
3354 950 3470 1003 Afri
3501 965 3515 1002 :

2189 1039 2316 1096 Haec
2343 1057 2474 1112 gens
2494 1052 2575 1097 est
2595 1050 2761 1097 totum
2791 1057 2958 1111 prope
2983 1041 3263 1096 nobilitata
3286 1056 3383 1110 per
3405 1044 3482 1094 nr:
3505 1055 3590 1094 em

2189 1131 2258 1186 Et
2287 1133 2572 1188 mercanda
2607 1133 2786 1188 ferens
2810 1141 2865 1187 et
2887 1147 3076 1186 amans
3099 1143 3334 1187 mercata
3361 1131 3585 1185 rcfcrt'e.

2191 1223 2286 1279 His
2313 1224 2416 1280 sibi
2446 1224 2732 1293 subjectis,
2763 1240 2882 1296 quae
2909 1225 3240 1294 disponenda
3265 1223 3413 1280 fuere

2191 1315 2387 1370 Omnia
2421 1317 2678 1386 disponit,
2705 1316 2919 1386 Trojam
2952 1317 3063 1386 (78)
3091 1315 3196 1370 dux
3229 1316 3343 1384 ipse
3367 1315 3555 1369 revisit

2192 1404 2436 1473 Dumque
2459 1414 2760 1460 moraretur
2785 1405 3030 1477 Troiana:
3052 1406 3322 1461 mmnibus
3357 1407 3531 1468 urbis,

2193 1495 2400 1552 Nobilis
2431 1499 2651 1552 advenit
2674 1497 3010 1554 Lombardus
3035 1497 3280 1554 marcbio
3308 1499 3553 1568 quidam,

2191 1589 2472 1647 Nobilibus
2499 1592 2690 1663 patria:
2716 1591 2898 1646 multis
2921 1593 3308 1646 comitantibus
3343 1592 3516 1657 illum,

2195 1684 2311 1736 Axo
2349 1681 2460 1753 (79)
2487 1692 2715 1739 vocatus
2737 1689 2876 1747 erat,
2905 1697 3088 1737 secum
3120 1674 3341 1737 deduxit
3373 1682 3652 1751 llugonem
3679 1721 3695 1746 ,

2119 1771 2165 1832 B
2194 1776 2464 1832 lllustrem
2487 1787 2674 1833 natum
2707 1793 2726 1845 ;
2757 1777 2909 1833 ducis
2935 1777 3060 1833 huic
3087 1787 3154 1832 ut.
3173 1778 3282 1832 lilia
3311 1778 3491 1844 detur,

2192 1867 2374 1939 Exigit
2409 1868 2476 1922 in.
2516 1883 2768 1939 sponsam
2801 1884 2818 1935 ;
2847 1868 3074 1924 comites
3101 1882 3463 1938 proceresque
3485 1865 3695 1930 vocari,

2199 1960 2423 2030 Quaque
2445 1959 2578 2014 facit
2597 1973 2761 2030 super
2793 1959 2878 2014 his
2899 1960 3007 2014 dux
3030 1958 3372 2014 consulturus
3397 1959 3466 2014 ab
3497 1957 3654 2012 urbe.

2197 2049 2402 2122 Horum
2433 2050 2677 2106 consiliis
2699 2049 2918 2106 Roherti
2957 2049 3064 2105 filia
3090 2060 3218 2106 nato

2199 2149 2462 2205 Traditur
2489 2150 2718 2216 Axonis,
2749 2152 2915 2211 taedas
2936 2166 3005 2207 ex
3037 2167 3186 2207 more
3209 2151 3421 2223 iugale.

2197 2242 2264 2297 Et
2285 2243 2622 2298 convivando
2642 2243 2923 2298 celebrant
2949 2253 3004 2298 et
3031 2243 3194 2298 multa
3218 2243 3463 2298 ferendo.

2197 2335 2444 2402 Cunctis,
2467 2333 2704 2407 coniugii
2734 2350 2855 2406 qua:
2882 2335 3120 2405 postulat
3138 2337 3294 2402 ordo,
3325 2336 3582 2407 peractis,

2202 2424 2474 2481 Sollicitat
2509 2427 2738 2482 comites
2761 2428 2870 2480 dux
2907 2437 2964 2481 et
2997 2433 3351 2496 quoscunque
3383 2435 3631 2495 potentes

2202 2516 2352 2572 Dona
2381 2526 2587 2586 petens,
2619 2515 2725 2571 lacti
2748 2517 2947 2586 quibus
2973 2526 3029 2572 et
3059 2517 3142 2571 vir
3167 2525 3224 2571 et
3246 2532 3384 2572 uxor
3409 2517 3561 2570 abire

2201 2608 2399 2664 Donati
2435 2607 2651 2663 valeant
2682 2625 2697 2673 ;
2727 2623 2825 2662 nec
2849 2609 2997 2663 enim
3031 2609 3182 2677 prius
3205 2607 3513 2686 imperiales

2201 2703 2356 2756 Alter
2383 2717 2504 2757 cum
2531 2702 2709 2770 proles
2737 2701 3004 2756 thalamos
3028 2701 3304 2756 Michaelis
3322 2701 3526 2754 adisset
3554 2699 3664 2767 (80)

2203 2792 2494 2860 Quodlibet
2509 2791 2768 2846 auxilium
2795 2793 3060 2846 dederant
3090 2807 3106 2856 ;
3138 2791 3499 2846 communiter
3519 2789 3595 2843 illi

2205 2884 2407 2940 Omnes
2427 2884 2741 2946 tristantur,
2768 2883 2923 2952 quasi
2963 2883 3242 2954 vectigalia
3273 2883 3420 2952 posci

2205 2978 2248 3033 A
2273 2980 2408 3033 duce
2430 2977 2709 3042 mirantes,
2735 2976 2828 3031 sed
2861 2991 2966 3030 non
2993 2975 3212 3030 obstare
3243 2974 3505 3040 valentes,

2208 3067 2274 3123 Et
2303 3068 2501 3134 mulos,
2527 3077 2582 3124 et
2606 3082 2798 3137 equos,
2823 3064 3148 3136 diversaque
3178 3081 3402 3121 munera
3444 3065 3701 3136 pmbent.

2130 3149 2176 3208 C
2207 3163 2278 3216 lis
2303 3176 2504 3231 genero
2535 3160 2647 3233 (81)
2671 3162 2878 3215 donans
2907 3158 3110 3215 addens
3132 3173 3253 3225 sua,
3279 3159 3454 3214 classe
3475 3167 3660 3229 parata

2204 3252 2287 3307 Ad
2317 3267 2414 3306 sua
2443 3267 2566 3307 cum
2593 3266 2787 3322 magno
2814 3260 3132 3322 patremque
3168 3252 3376 3307 remisit
3405 3253 3630 3308 honore.

2204 3339 2501 3396 Normanni
2529 3341 2755 3396 comites
2793 3341 3072 3410 conquesti
3102 3355 3244 3410 szepe
3273 3341 3514 3397 vicissim

2204 3437 2246 3491 Α
2280 3437 2416 3492 duce
2449 3437 2674 3492 tractari
2701 3451 2758 3491 se
2781 3444 2890 3491 tam
2920 3437 3060 3493 male
3107 3445 3322 3509 tamque
3350 3438 3594 3494 moleste.

2211 3527 2517 3584 Occulnere
2543 3528 2636 3583 diu
2663 3528 2893 3583 malefidi
2919 3530 3155 3598 pectoris
3175 3529 3310 3584 iram
3337 3547 3354 3586 :
3393 3529 3507 3602 (82)

2208 3619 2451 3674 Tandem
2481 3619 2726 3675 consiliis
2753 3618 3046 3675 Iordanem
3077 3631 3232 3690 patre
3257 3621 3530 3677 Richardo

2206 3709 2545 3780 Participant
2575 3721 2782 3780 natum,
2811 3723 3004 3783 patruo
3032 3713 3193 3769 simul
3221 3717 3403 3769 omnia
3428 3718 3666 3786 pandunt

2212 3801 2481 3857 llannulfo
2518 3804 2728 3867 comiti,
2765 3818 2993 3872 quorum
3017 3805 3125 3858 sibi
3171 3807 3498 3860 consociatis

2207 3893 2305 3949 llis
2333 3895 2386 3948 bi
2417 3894 2683 3964 prasidiis
2706 3893 2899 3950 Petrus
2927 3905 2983 3950 et
3011 3894 3298 3952 Gofl‘redus
3327 3907 3511 3966 aperta

2210 3984 2408 4039 Mentis
2435 3984 2625 4040 fraude
2655 3986 2845 4040 ducem
2883 3999 3097 4056 carpere
3118 3986 3384 4042 lacessere
3418 3987 3586 4043 hellis.

2215 4077 2554 4147 Amissa-que
2594 4090 2764 4146 nepos
2819 4086 2977 4131 terra:
3023 4093 3230 4134 memor
3256 4079 3625 4148 Abagelardus
3660 4078 3774 4148 (83)

2209 4170 2379 4225 Filius
2407 4169 2626 4225 Unfredi
2659 4179 2770 4224 toto
2791 4170 3078 4224 conamine
3107 4179 3278 4224 tentat

2209 4259 2472 4315 lnfestare
2501 4260 2714 4323 ducem,
2752 4260 2901 4314 socio
2925 4260 3229 4326 Guidilone,
3259 4277 3498 4316 sororem

2212 4349 2310 4403 Cui
2340 4349 2488 4404 dedit
2518 4363 2764 4413 uxorem,
2791 4363 2889 4403 nec
2919 4348 3212 4404 Balduinus
3241 4366 3430 4404 eorum

2212 4439 2391 4494 Defuit
2418 4439 2652 4502 auxiliis,
2682 4449 2739 4493 et
2760 4438 2936 4508 lingua
2973 4441 3162 4494 doctus
3186 4449 3242 4494 et
3279 4442 3461 4495 armis.

2213 4532 2309 4586 llis
2338 4545 2520 4585 comes
2541 4529 2806 4585 Henricus
2823 4545 3023 4596 comes,
3049 4539 3106 4584 et
3125 4533 3360 4586 sociatus
3388 4533 3604 4587 Amicus

2213 4623 2434 4678 Doctior
2464 4622 2548 4676 his
2569 4622 2758 4676 aderat
2788 4620 3068 4676 ﬁobertus
3097 4623 3164 4677 de
3193 4622 3449 4677 Scabioso
3473 4624 3585 4695 (84)

2216 4714 2395 4768 Monte
2421 4727 2604 4767 comes
2627 4712 2820 4776 dictus,
2853 4710 3090 4766 Gofl‘redi
3113 4712 3296 4777 frater,
3328 4723 3384 4768 ct
3405 4714 3564 4767 ambo

2231 4806 2464 4860 Deduxit
2501 4805 2714 4860 rediens
2740 4804 2806 4858 ad
2834 4803 2970 4858 bella
2993 4804 3256 4874 pedestria
3289 4814 3563 4874 promptos
3588 4823 3600 4858 :

2290 4998 2405 5069 (80)
2443 4997 2719 5079 Michaelis
2747 4995 2954 5079 scilicet
2991 4995 3159 5080 (inf-:13,
3199 4995 3290 5076 qui
3332 5010 3454 5075 cum
3507 4993 3628 5072 107]
