4044 5360
299 195 429 249 1081

296 307 415 361 Orti
447 319 702 375 germana
730 305 946 360 fuerant
986 305 1176 370 ducis;
1221 305 1303 359 ira
1334 313 1558 374 nepotes

297 397 644 452 Accendebat
665 399 716 451 in
756 399 901 452 hunc
933 397 1148 453 cunctis
1177 406 1434 466 prmstare
1467 396 1766 457 volentem,

297 491 500 543 Omnes
525 489 576 541 bi
603 490 815 557 privare
831 490 1020 543 ducem
1053 499 1319 544 conantur
1343 491 1546 544 honore
1573 506 1587 555 ;

300 579 424 631 haec
448 578 716 632 dissensio
741 594 844 632 non
872 578 985 632 loca
1017 580 1257 633 concutit
1276 578 1482 648 Appula
1513 586 1744 639 tantum,

298 668 406 721 Sed
428 669 672 723 Calabris
692 672 855 724 etiam
879 687 942 725 ac
967 671 1200 725 Lucanis
1223 678 1410 739 regnat
1445 672 1496 723 in
1525 670 1660 732 oris,

297 757 409 811 Nec
441 774 543 813 non
574 760 883 830 Campanis,
916 769 1090 815 metus
1115 770 1196 816 est
1226 761 1438 815 hostilis
1471 762 1668 828 ubique

296 849 590 904 Latrouum
623 851 798 904 rabies
823 853 1019 920 passim
1053 851 1369 914 bacchatur,
1393 859 1448 905 et
1473 865 1665 904 omnes

295 939 402 993 Per
432 951 618 1010 partes
642 941 808 996 Italas
843 953 1115 1011 raptorum
1148 943 1298 1011 copia
1327 943 1516 1004 crevit,

295 1030 352 1082 lu
382 1041 560 1099 partes
593 1031 772 1084 varias
795 1030 1156 1085 Normannica
1182 1031 1372 1084 concio
1397 1031 1562 1084 tendit
1594 1047 1607 1082 :

296 1120 406 1174 Sed
439 1122 687 1190 quamvis
709 1121 891 1176 bostes
916 1133 1098 1176 essent
1119 1121 1271 1175 ducis
1295 1121 1509 1190 agmine
1542 1120 1745 1190 plures,

295 1212 431 1266 Pars
457 1214 598 1268 bello
622 1214 816 1268 melior
845 1213 1083 1268 Roberto
1114 1229 1327 1282 semper
1349 1213 1612 1267 adhaeret.

295 1302 563 1357 Redditur
589 1304 718 1359 urbs
737 1304 900 1358 Petro
931 1304 1228 1359 Tranensis
1255 1313 1310 1358 et
1333 1302 1672 1374 Abagelardo
1708 1317 1722 1355 :

294 1394 553 1466 Coniuge,
581 1396 727 1465 prole
757 1397 901 1460 data,
940 1397 1086 1451 dedit
1117 1396 1434 1465 Argyricius
1467 1395 1655 1448 urbem

296 1485 578 1556 Egregiam
603 1485 750 1551 Bari,
781 1502 942 1556 quam
969 1487 1072 1541 dux
1097 1486 1444 1542 commiserat
1476 1483 1573 1554 ipsi
1600 1499 1614 1537 :

293 1576 411 1631 Non
445 1587 625 1632 tamen
649 1578 876 1633 urbibus
904 1578 988 1632 bis
1015 1578 1116 1632 bac
1145 1586 1464 1647 tempestate
1499 1577 1727 1633 remotis

291 1667 440 1724 Gens
467 1670 536 1724 ab
565 1685 752 1725 amore
775 1670 927 1725 ducis
951 1668 1211 1724 Juvenaci
1247 1671 1352 1724 lida
1377 1671 1578 1725 recedit
1605 1687 1618 1723 :

296 1756 596 1814 Unanimes
625 1769 812 1830 optant
835 1775 1026 1830 parere
1046 1760 1277 1816 ﬁdeliter
1297 1760 1394 1816 illi.

288 1850 605 1920 Argyrieius
627 1852 726 1907 hos
750 1862 956 1918 monet,
978 1862 1039 1907 ut
1070 1853 1330 1908 reddatur
1361 1853 1552 1909 Amico

291 1938 436 1994 Urbs
466 1957 560 1996 sua
586 1956 706 2010 quae
734 1941 900 1996 fuerit
931 1959 947 2009 ;
973 1958 1137 2013 quam
1171 1943 1214 1998 si
1241 1960 1348 1998 non
1381 1943 1607 2000 reddere
1633 1942 1834 1999 vellent

291 2031 585 2088 Obsidibus
609 2036 756 2090 natis
781 2036 925 2091 hunc
954 2051 1015 2092 se
1046 2039 1251 2092 donare
1277 2037 1514 2092 minatur

289 2124 333 2177 A
373 2125 509 2180 duce
535 2128 840 2183 commissis
861 2129 1062 2183 dudutn
1098 2130 1199 2184 sibi
1226 2145 1241 2197 ;
1271 2145 1376 2184 non
1408 2137 1586 2184 tamen
1616 2131 1694 2186 illi

290 2212 660 2286 Postposuere
693 2217 875 2283 ﬁdem,
909 2229 1218 2292 contempto
1251 2221 1418 2290 prolis
1444 2236 1653 2287 amore,

291 2305 472 2376 Seque
499 2309 622 2363 duci
650 2310 834 2364 dicunt
861 2326 1085 2367 servare
1110 2315 1420 2382 perenniter
1445 2313 1615 2367 illam.

291 2398 443 2454 Hane
466 2401 869 2471 adipiscendam
901 2403 1083 2457 multis
1111 2405 1340 2474 stipatus
1369 2405 1436 2460 ad
1467 2405 1654 2460 urbem

287 2487 425 2542 Cum
449 2490 593 2544 Petri
621 2491 838 2546 comitis
864 2493 1122 2546 comitatu
1147 2493 1292 2547 vadit
1317 2492 1560 2548 Amicus.

286 2574 458 2630 Aﬂ‘uit
484 2579 718 2634 obsessa:
750 2581 909 2635 simul
943 2582 1254 2653 Argyrieius
1286 2583 1402 2637 urbi

287 2663 422 2720 Cum
447 2669 645 2740 papulo
665 2670 808 2736 Bari,
834 2671 1022 2734 'l'rani,
1049 2675 1362 2743 pariterque
1385 2673 1608 2730 Cboreti
1631 2673 1742 2747 (85)
1777 2693 1790 2729 :

286 2763 604 2817 Andrenses
629 2763 792 2816 etiam
824 2779 945 2818 cum
972 2763 1368 2820 Buxiliensibus
1404 2767 1618 2825 adsunt.

287 2853 435 2908 Gens
461 2854 849 2909 .luvenacensis
869 2870 974 2908 non
1006 2855 1287 2910 obsidione
1320 2856 1402 2910 vel
1431 2859 1598 2913 annis

287 2943 502 2998 Territa
529 2954 636 3000 stat
663 2945 819 2999 fortis
848 2961 863 3009 ;
902 2944 1192 2999 defendere
1223 2948 1423 3002 mtenia
1451 2959 1624 3013 curat,

288 3037 356 3091 Et
376 3039 529 3108 ponit
555 3037 766 3106 vigiles,
791 3037 1010 3092 obsistit
1039 3046 1093 3092 et
1114 3039 1314 3092 acriter
1336 3039 1462 3104 illis,

288 3129 394 3196 Qui
418 3130 552 3184 foris
581 3131 841 3185 insistunt
866 3146 882 3196 ;
919 3131 970 3184 lii
1002 3141 1264 3200 pugnant,
1290 3131 1376 3186 illa
1398 3142 1678 3204 repugnat,

291 3223 609 3293 lmpngnata
631 3221 758 3276 licet
787 3232 930 3277 terra
962 3225 1203 3292 tnarique
1227 3223 1441 3284 fuiSset,

288 3312 427 3366 Arte
447 3313 565 3380 capi
607 3311 749 3365 nulla
783 3311 969 3366 valuit.
996 3311 1231 3382 Legatus
1262 3312 1332 3366 ab
1361 3315 1494 3370 urbe

286 3398 452 3455 Forte
477 3400 760 3455 Betontina
788 3401 942 3456 ﬁctos
969 3400 1183 3455 deferre
1201 3400 1421 3469 jubetur

287 3492 555 3548 Rumores
583 3510 598 3559 ;
631 3502 811 3559 caute,
839 3493 1176 3549 Guillielmus
1203 3502 1260 3548 at
1284 3495 1487 3549 invenit
1517 3495 1637 3552 illos

287 3583 462 3636 Filius
491 3580 710 3648 Yvouis,
735 3583 820 3638 cui
856 3582 961 3636 dux
984 3594 1328 3637 concesserat
1351 3583 1559 3638 urbem.

287 3676 430 3730 Ecce
463 3675 705 3745 ltogerus
725 3675 878 3730 adest
900 3673 1119 3729 Roberti
1153 3674 1314 3740 ﬁlius,
1341 3677 1515 3746 inquit

287 3766 541 3830 Nuntius,
581 3777 635 3821 et
664 3766 864 3821 multas
890 3767 1135 3836 equitum
1172 3768 1517 3837 peditumque
1547 3777 1796 3824 catervas

289 3859 405 3913 Dux
435 3860 536 3914 sibi
564 3860 838 3915 ducendas
860 3859 1005 3914 dedit
1033 3875 1049 3924 ;
1083 3861 1226 3914 hunc
1255 3875 1572 3930 prOperasse
1611 3871 1854 3932 putante'

291 3951 586 4021 Diffugiunt
607 3952 809 4016 cuncti,
836 3967 972 4022 quos
1003 3951 1150 4006 urbis
1177 3952 1244 4006 ad
1276 3953 1613 4009 obsidionem

291 4042 546 4105 Duxerat,
593 4051 653 4095 ut
679 4050 888 4110 captam
918 4040 1018 4094 sibi
1055 4040 1289 4096 subdere
1319 4043 1489 4110 possit
1512 4044 1758 4100 Amicus.

289 4133 410 4186 Dux
444 4133 573 4187 licet
599 4133 831 4188 audierit
863 4141 940 4185 tot
968 4133 1289 4186 convenisse
1318 4133 1545 4188 rebelles

287 4223 446 4278 Nullo
473 4225 780 4278 concutitur
805 4231 1032 4288 terrore,
1054 4222 1146 4277 sed
1172 4232 1288 4277 arte
1310 4224 1391 4278 vel
1417 4224 1585 4279 armis

286 4316 489 4370 Omnes
514 4323 822 4384 exsuperat,
846 4315 1064 4369 monitis
1088 4330 1249 4384 quam
1289 4315 1536 4370 dulcibus
1567 4316 1684 4371 illos

287 4407 474 4461 Allieit
505 4423 520 4471 ;
552 4405 649 4460 bos
673 4405 811 4461 bello
840 4407 1086 4469 domitat,
1116 4416 1370 4462 versutus
1391 4416 1446 4461 et
1467 4409 1641 4462 audax

239 4525 244 4529 ’
288 4499 450 4552 Novit
480 4507 741 4568 utrosque
788 4497 996 4564 modos,
1027 4497 1217 4552 adimit
1269 4514 1365 4553 sua
1420 4507 1598 4553 castra
1638 4501 1861 4569 quibus-

1610 4592 1753 4664 [dam
1777 4612 1793 4663 ;

284 4680 562 4749 Quosdam
588 4680 866 4736 blanditiis
893 4681 1177 4736 verborum
1206 4692 1516 4737 commonet
1545 4684 1685 4740 ultro

284 4773 529 4828 Tradere
556 4787 675 4841 qua:
709 4782 986 4842 nequeunt
1022 4772 1254 4828 violento
1283 4773 1454 4846 Marte
1481 4777 1682 4844 parari.

281 4864 380 4919 Sic
405 4863 557 4932 juxta
587 4861 812 4918 Bradam
845 4861 1064 4916 dimissa
1092 4863 1290 4918 ﬁumen
1321 4865 1560 4934 equestri

277 4956 457 5012 Gente
485 4969 584 5009 sua
614 4954 871 5009 Calabras
900 4969 1019 5007 cum
1041 4964 1194 5023 parte
1215 4956 1486 5024 profectus
1512 4955 1576 5008 ad
1609 4972 1758 5027 oras,

277 5048 349 5103 Et
371 5045 700 5103 Cusentinos
729 5044 839 5117 (86)
880 5045 985 5100 sibi
1024 5046 1343 5114 paciﬁcavit,
1375 5060 1429 5105 et
1460 5048 1579 5103 illos

349 5290 466 5360 (85)
502 5286 754 5360 Clt_oritus
784 5284 991 5341 Tusciae
1018 5296 1101 5342 est
1117 5290 1370 5358 oppidum
1409 5309 1438 5345 a
1473 5292 1700 5350 Coritbo
1731 5318 1856 5360 rege

939 193 1024 248 DE
1053 192 1278 249 REBUS
1305 189 1550 248 GESTIS
1587 179 2035 243 NORMANNJN
2079 183 2339 248 SlClLlA,
2384 183 2533 239 ETC.
2569 214 2637 226 --
2667 183 2791 238 LIB.
2833 184 2918 240 lil.

1901 298 1945 354 Α
1977 297 2068 350 llis
2095 298 2386 352 comitatus
2415 298 2546 363 abit,
2579 309 2760 353 tamen
2791 311 2980 370 erogat
3009 311 3135 355 ante
3165 305 3406 372 sequaci,

3416 189 3552 244 10ΰῖ

1976 388 2129 454 Quod
2155 390 2351 458 potuit,
2383 389 2583 458 populo
2607 406 2621 452 ;
2656 401 2909 459 properat
2937 390 3226 463 confligere
3253 404 3441 448 contra

1975 476 2176 531 Omnes
2203 477 2396 531 inﬁdos
2427 477 2772 543 ;Juvenaeus
2797 480 2899 533 lida
2935 484 3158 550 recepit.

1978 565 2112 619 Ilinc
2135 567 2346 637 equites
2372 567 2596 637 aliquot,
2621 584 2728 638 qua
2752 577 2977 624 noverat
3009 572 3405 642 Abagelarduzu

1976 661 2130 726 Esse,
2156 663 2292 732 petit
2323 664 2554 732 primum
2583 663 2818 718 violento
2843 666 3034 722 robore
3063 666 3284 722 Barum.

1975 756 2228 812 Barensis
2257 758 2486 828 populus
2511 774 2739 814 numero
2767 761 3026 825 conﬁsus,
3060 771 3115 815 et
3152 760 3268 830 ejus

1977 846 2147 914 Quem
2194 849 2439 918 sequitur
2492 849 2678 916 ductu,
2729 850 2883 906 ducis
2939 861 3122 922 utpote
3162 853 3331 907 Marte
3363 854 3545 908 valen-

3333 941 3449 1012 [tis,

1989 1029 2120 1083 Cum
2154 1028 2287 1082 duce
2323 1031 2670 1100 congreditur
2702 1048 2717 1094 ;
2749 1031 2911 1086 lorica
2936 1033 3026 1087 sed
3063 1032 3382 1103 Alxagelardi

1977 1119 2210 1190 Cuspide
2244 1121 2562 1191 perfoditur.
2592 1123 2800 1193 Corpus
2829 1123 3070 1194 perfossa
3096 1126 3233 1179 tueri

1972 1210 2085 1266 Non
2115 1211 2255 1267 Valet
2281 1213 2478 1268 armati
2510 1230 2524 1279 ;
2557 1213 2818 1269 bellorum
2849 1217 3066 1270 saueius
3097 1217 3236 1270 ultra

1974 1303 2094 1358 Vim
2123 1304 2368 1374 perferre
2397 1306 2602 1374 nequit,
2627 1321 2722 1360 sua
2745 1321 2875 1378 gens
2894 1307 3031 1378 fugit
3061 1308 3210 1362 urbis
3234 1309 3476 1379 adusque

1971 1393 2191 1459 ania,
2217 1394 2486 1450 Robertus
2512 1394 2842 1451 Juvenacum
2876 1398 3046 1451 victor
3072 1398 3220 1452 adire

1971 1481 2089 1538 Mox
2121 1493 2316 1553 parat;
2343 1483 2467 1539 huic
2490 1493 2747 1555 properat
2767 1487 3056 1555 procedere
3090 1487 3241 1540 turba
3271 1486 3442 1541 ﬁdelis

1971 1572 2162 1630 Obvia.
2193 1575 2325 1643 Quis
2353 1584 2537 1646 posset
2567 1584 2746 1629 tantas
2774 1575 3077 1645 exprimere
3105 1586 3308 1647 grates,

1897 1647 1944 1709 Β
1973 1664 2215 1734 Quantas
2271 1669 2468 1739 cuique
2517 1668 2687 1723 refert
2724 1668 2748 1722 ἵ
2787 1667 2970 1722 laudat
3010 1670 3372 1724 communiter
3424 1681 3544 1723 om-

3329 1757 3471 1830 lues.

1972 1847 2294 1918 Pignoribus
2321 1847 2505 1903 charis
2556 1847 2682 1917 quia
2706 1862 3050 1918 praeposuere
3086 1856 3328 1902 tenorem

1970 1940 2256 1997 Promissa:
2288 1940 2410 1994 ﬁdei
2445 1957 2460 2006 ;
2493 1948 2619 1994 tunc
2644 1941 2898 1995 omnibus
2918 1940 3099 1994 oscula
3125 1940 3374 2010 praebens

1968 2031 2046 2086 Ne
2080 2030 2339 2095 timeatis,
2359 2030 2454 2095 ait,
2491 2043 2594 2082 non
2622 2028 2943 2083 deformabit
2975 2028 3196 2082 Amicus

1968 2121 2272 2190 Quetnlibet
2297 2135 2363 2175 ex
2393 2121 2575 2190 pueris
2605 2136 2621 2186 ;
2646 2121 2792 2174 onmi
2823 2119 2949 2188 quia
2983 2117 3219 2186 postulat
3249 2126 3368 2173 arte

1968 2215 2040 2272 Ut
2063 2229 2179 2270 mea
2208 2215 2472 2269 reddatur
2502 2213 2603 2267 sibi
2643 2212 2834 2284 gratia.
2876 2209 3079 2264 Taliter
3115 2209 3190 2264 illi

1967 2307 2275 2377 Respondet
2301 2305 2566 2376 populus;
2602 2313 2690 2358 tua
2715 2319 2813 2358 nos
2850 2310 3115 2374 praecepta
3144 2310 3365 2371 paratos

1965 2397 2139 2452 Crede
2167 2396 2317 2466 sequi
2349 2411 2364 2461 ;
2398 2404 2560 2449 totam
2590 2395 2817 2450 Domino
2840 2391 3183 2447 committere
3209 2405 3398 2446 curam

1967 2485 2251 2552 Natorum,
2283 2485 2409 2556 quia
2450 2485 2628 2539 nullus
2655 2499 2807 2538 amor
2831 2497 3108 2539 removere
3137 2483 3336 2538 valebit

1966 2577 2076 2632 Nos
2100 2578 2167 2632 ab
2193 2593 2377 2632 amore
2416 2584 2526 2630 tuo.
2555 2575 2786 2630 Tantum
2817 2582 3064 2628 servator
3089 2574 3294 2629 amoris

1970 2667 2058 2724 Sis
2081 2670 2333 2738 petimus,
2365 2669 2536 2723 nostri
2566 2667 2872 2722 dominator
2900 2673 2956 2720 et
2982 2675 3100 2721 esto
3126 2666 3415 2736 benignus.

1966 2761 2180 2816 Auditis
2207 2761 2391 2831 populi
2423 2760 2673 2830 precibus
2706 2760 2850 2814 favet
2880 2759 2969 2814 ille
2995 2760 3294 2829 precantis.

1964 2854 2136 2908 Annis
2164 2860 2275 2907 tota
2305 2851 2386 2907 sui
2420 2854 2590 2907 tribus
2617 2860 2702 2908 est
2725 2851 2982 2907 solvenda
3011 2851 3226 2920 tributi,

1965 2946 2151 3002 Pactio
2172 2945 2382 3000 dimidii
2431 2960 2688 3000 concessa
2717 2945 3032 3016 perenniter
3065 2944 3172 2999 illis
3199 2959 3216 3010 ;

1964 3044 2060 3099 His
2083 3045 2158 3098 ita
2187 3041 2427 3097 dimissis
2460 3048 2714 3112 properat
2733 3054 2976 3096 remeare
2999 3038 3284 3095 Salernum
3308 3055 3326 3108 ;

1965 3134 2100 3189 Dum
2132 3133 2294 3198 redit,
2323 3131 2546 3188 hostiles
2573 3131 2721 3186 vicos
2741 3139 2795 3184 et
2820 3139 2997 3184 castra
3021 3131 3246 3186 subacta

1965 3227 2139 3281 Donat
2167 3224 2450 3289 militibus,
2478 3221 2710 3278 faciebat
2734 3221 2915 3292 przelia
2947 3235 3088 3290 sa‘pe

1965 3318 2204 3375 Diversis
2227 3317 2438 3373 diversa
2467 3314 2618 3372 locis.
2649 3313 2887 3370 Fortuna
2915 3311 3116 3368 favoris

1961 3410 2236 3466 Auxilium
2267 3408 2540 3480 praebebat
2562 3409 2633 3474 ei,
2662 3409 2769 3475 cui,
2810 3407 2935 3462 dum
2965 3404 3105 3461 male
3125 3403 3232 3460 ﬁda

1965 3502 2078 3574 (87)
2112 3499 2340 3556 Ascolus
2374 3501 2644 3570 appetitur
2667 3540 2684 3566 ,
2713 3499 3010 3556 certamine
3035 3508 3228 3569 captus
3248 3499 3488 3569 equestri

1963 3594 2061 3649 Est
2097 3594 2412 3658 Balduinus,
2440 3592 2717 3647 castellum
2741 3592 2959 3647 nomine
2994 3593 3184 3646 Vicum

1965 3685 2030 3742 Vi
2054 3688 2234 3756 capit;
2266 3687 2352 3742 hic
2373 3684 2591 3740 Gradilo
2619 3685 2862 3756 privatur
2883 3684 3085 3738 lumine
3114 3692 3326 3754 captus,

1966 3777 2217 3835 Testibus
2238 3778 2458 3833 exuitur
2484 3793 2499 3843 ;
2530 3777 2622 3831 sed
2648 3774 2946 3830 Balduinus
2975 3775 3176 3830 habere

1964 3870 2166 3924 lllzcsos
2188 3879 2338 3923 artus
2367 3867 2726 3938 permittitur,
2752 3867 2896 3920 hunc
2929 3874 3106 3919 tamen
3129 3871 3322 3919 arcent

1965 3961 2196 4018 Careere
2217 3963 2489 4027 custodes,
2519 3962 2644 4031 quia
2669 3961 2872 4014 faverat
2900 3958 3256 4027 Abagelardo.

1965 4053 2220 4111 Pervenit
2241 4057 2326 4110 bis
2353 4057 2551 4124 gestis,
2577 4069 2683 4123 quo
2708 4062 2950 4121 ereperat
2980 4051 3080 4116 ire,
3120 4049 3426 4104 Salernum.

1965 4150 2012 4205 A
2039 4147 2276 4204 Jordane
2309 4147 2430 4199 duci
2461 4153 2746 4213 poscentes
2766 4142 2970 4197 foedera
2999 4139 3149 4210 pacis

1967 4237 2175 4292 Adsunt
2201 4234 2390 4303 legati;
2423 4233 2550 4294 dux,
2580 4232 2632 4285 ni
2663 4231 2927 4285 discordia
2949 4238 3146 4294 cesset,

1892 4319 1943 4378 D
1970 4328 2252 4397 Dilapsura
2287 4325 2458 4385 brevi,
2485 4337 2602 4390 qua)
2641 4320 2871 4390 plurima
2897 4320 3320 4389 praemeditatns,

1966 4415 2284 4475 Commoda,
2312 4413 2500 4484 legatis
2526 4411 2738 4482 placido
2766 4410 3054 4479 respondet
3079 4424 3262 4463 amore
3286 4423 3301 4462 :

1966 4506 2211 4562 lnducias
2237 4505 2386 4574 ponit
2416 4520 2431 4569 ;
2461 4502 2519 4556 ﬁt
2548 4503 2767 4572 sponsio
2807 4500 3194 4568 colloquiorum

1965 4596 2364 4664 Constituitque
2391 4595 2551 4650 dietn.
2591 4592 2776 4662 Legati
2801 4607 2906 4644 non
2938 4591 3056 4644 sine
3092 4605 3290 4658 magna

1966 4687 2176 4741 Laetitia
2200 4687 2446 4748 redeunt,
2472 4686 2594 4752 quia
2621 4692 2729 4736 tarn
2757 4689 3033 4752 gratanter
3055 4681 3122 4735 ab
3147 4681 3266 4749 ipso

1968 4777 2216 4846 Suscepti
2251 4776 2480 4835 fuerant,
2514 4785 2566 4828 et
2591 4773 2779 4825 nuntia
2807 4770 2926 4824 laeta
2961 4778 3263 4840 reportant.

1966 4867 2187 4924 Jordani
2220 4868 2473 4938 placuere
2505 4863 2638 4916 satis
2659 4875 2998 4930 quacunque
3023 4873 3334 4921 recensent

1969 4957 2106 5012 Hine
2131 4955 2270 5011 intra
2292 4964 2504 5023 tempus
2531 4953 2862 5007 Juvenacum
2892 4951 3111 5007 mittere
3135 4961 3440 5018 quosdam

1968 5050 2082 5104 Dux
2108 5052 2321 5119 equites
2348 5050 2514 5105 lectos
2537 5061 2854 5116 procurans,
2880 5048 3128 5119 prmipit
3153 5044 3266 5101 illis

1973 5294 2119 5350 Verr.
2158 5294 2355 5351 Tmen.
