4010 5230
481 138 624 196 1065

482 257 602 312 Non
631 264 838 309 tantum
878 259 1134 325 prodesse
1161 253 1294 320 suis,
1326 253 1420 310 sed
1447 249 1642 310 obesse
1679 251 1923 308 laborent

483 347 764 410 llustibus,
804 344 1010 413 hosque
1055 345 1217 398 modo
1259 343 1498 414 poterint
1533 355 1858 414 quocunque
1900 339 2068 395 mole-

1807 433 1994 505 [stan

481 527 578 582 llis
618 537 899 594 postquam
924 523 1084 595 longo
1110 525 1230 594 (nec
1252 524 1396 579 enim
1436 525 1515 579 fas
1541 539 1768 595 pergere
1796 533 1944 576 recto

481 617 579 673 llis
616 619 754 688 erat)
787 617 1077 671 adveniunt
1108 613 1436 671 Juvenacum
1472 615 1690 670 tramite
1718 613 1864 668 ducti

481 711 724 765 Call-Ibus
756 708 1008 777 obliquis,
1039 708 1230 761 aderat
1268 708 1391 778 quia
1432 706 1698 777 plurimus
1727 705 1924 772 hostis,

481 805 742 858 lttrestare
773 801 926 855 ducis
956 815 1172 869 coepere
1197 801 1426 854 viriliter
1451 801 1632 854 hostes
1662 817 1675 854 :

481 899 693 966 Quique
717 897 868 964 prius
899 895 1038 949 soliti
1079 896 1295 950 fuerant
1323 895 1522 948 inferre
1543 895 1780 964 rapinas,

482 993 554 1047 Sc
578 989 795 1044 doluere
827 991 934 1058 pati
964 1007 980 1051 ς
1009 997 1290 1058 nequeunt
1320 987 1575 1044 incedere
1607 987 1731 1042 tuti.

479 1081 729 1140 Jordanis
760 1081 1010 1151 princeps
1037 1091 1090 1135 et
1121 1085 1228 1136 dux
1260 1083 1516 1136 studuere
1541 1089 1746 1134 statuto

479 1177 564 1231 lre
595 1177 680 1230 dic
711 1175 944 1228 Samum
971 1191 984 1238 ;
1017 1191 1120 1243 pax
1147 1173 1301 1227 ﬁrma
1333 1175 1387 1227 ﬁt
1413 1174 1552 1227 inter
1577 1181 1890 1242 utrumque,

485 1266 579 1318 l-Ist
613 1281 734 1319 cum
769 1263 1035 1318 Rannulfo
1057 1265 1218 1318 simili
1251 1264 1466 1317 ﬁrmata
1509 1273 1736 1330 tenore;

481 1359 633 1411 Alter
662 1365 778 1410 erat
802 1365 1029 1426 patruus
1054 1355 1330 1419 Jordanis,
1366 1357 1663 1411 avunculus
1694 1357 1852 1412 alter.

485 1449 579 1502 llis
607 1447 678 1502 ita
702 1449 902 1504 sedatis
931 1449 1036 1502 dux
1068 1449 1276 1518 Appula
1320 1459 1496 1502 castra
1533 1449 1784 1518 requirit,

485 1541 548 1594 lit
583 1539 949 1608 Spinaciolum
980 1541 1114 1610 (88),
1145 1557 1300 1594 muro
1325 1543 1464 1610 quod
1497 1543 1720 1598 Amicus
1744 1553 1798 1597 et
1825 1542 1992 1596 armis

488 1629 756 1684 Munierat
793 1641 1056 1694 castrum,
1082 1647 1187 1701 quo
1217 1647 1322 1686 non
1356 1649 1476 1685 cum
1509 1633 1679 1686 tuilLte
1711 1649 1882 1702 pauco

483 1721 657 1776 Filius
684 1720 800 1789 ejus
835 1731 973 1784 erat,
1001 1723 1212 1789 equites
1244 1723 1584 1790 comprendit
1607 1732 1662 1776 et
1686 1739 1896 1787 omnes,

485 1811 657 1866 Filius
684 1821 767 1866 est
805 1811 950 1866 solus
983 1811 1191 1880 fugiens
1219 1813 1434 1880 elapsus
1465 1813 1662 1867 Amici.

485 1901 719 1955 Perdere
746 1899 900 1968 plura
932 1903 1126 1954 timens
1159 1915 1346 1969 pacem
1387 1903 1630 1970 deposcit.
1661 1903 1904 1968 Amicus,

487 1993 602 2046 Dux
630 1992 700 2044 illi
735 1991 978 2061 placidus
1003 1991 1167 2053 favet.
1201 1993 1590 2063 obsidibusque
1619 1997 1852 2064 receptis

487 2084 751 2138 laetiﬁcat
777 2095 998 2140 incestos
1031 2087 1302 2140 reddendo
1333 2089 1556 2159 pignora
1581 2099 1786 2159 patres,

488 2177 557 2230 Et
584 2175 988 2230 .luvenaceuses
1023 2177 1291 2232 desistunt
1317 2179 1570 2248 plangere
1599 2191 1798 2235 matres
1829 2200 1841 2236 :

488 2263 803 2320 Prrterrent
837 2267 1068 2321 tumidos
1099 2268 1214 2323 hazc
1241 2269 1444 2324 fualera
1479 2271 1618 2324 facta
1649 2283 1872 2341 nepotes

489 2352 714 2408 Roberti
738 2356 971 2420 comitis,
1003 2357 1108 2410 dux
1145 2356 1481 2428 Goth-idique
1511 2371 1785 2430 nepotum,

489 2444 608 2500 Non
640 2447 779 2502 mala
808 2449 1046 2518 rcSpexit
1072 2449 1321 2516 tolerata,
1347 2453 1440 2506 sed
1472 2454 1755 2508 immemor
1779 2454 1892 2516 ine,

489 2536 628 2590 Dum
653 2538 866 2591 veniam
897 2549 1148 2608 poscunt,
1179 2541 1418 2612 indulget
1451 2544 1750 2598 avunculus
1781 2543 1905 2598 illis.

490 2625 590 2681 His
615 2626 747 2684 ﬁsus
773 2631 940 2684 sociis
972 2631 1263 2686 comitatus
1294 2632 1462 2686 milite
1493 2633 1662 2686 multo

489 2715 718 2772 Obsedit
745 2719 942 2773 Barum
968 2735 1124 2774 socer
1150 2723 1463 2792 Argyricius
1492 2725 1650 2793 hujus

491 2807 596 2873 Qui
629 2809 776 2864 solus
808 2825 997 2881 pacem
1023 2811 1293 2867 vitaverat
1317 2814 1640 2882 Abagelardi
1671 2833 1684 2868 :

493 2897 642 2956 Urbe
668 2902 856 2958 ducent
884 2903 1095 2975 recipit,
1121 2919 1322 2976 genero
1347 2907 1435 2976 qui
1461 2907 1606 2976 pacis
1629 2919 1682 2962 et
1705 2909 1854 2961 urbis

1756 127 2126 189 CUll.l.El.llll
2158 127 2364 184 APULI

2092 253 2132 308 Α
2167 245 2380 300 Extorri
2409 243 2552 297 facto
2581 241 2738 294 ducis
2771 249 2857 294 est
2889 247 3174 308 reparatus
3199 236 3394 292 amori.

3631 116 3770 174 ιθδι

2175 337 2270 392 Sic
2305 335 2432 406 quia
2463 348 2598 404 pace
2619 331 2782 388 ducis
2805 347 2914 386 non
2945 331 3188 399 fungitur
3209 330 3584 401 Abagelardus

2171 429 2236 484 Et
2267 427 2581 498 patriijuris
2606 425 2720 480 loca
2754 424 2978 490 deserit,
3011 432 3066 477 et
3091 423 3400 478 Danaorum

2172 519 2338 574 Exsul
2366 519 2480 571 adit
2517 525 2709 580 terras,
2735 531 2856 570 cum
2891 525 3071 570 rector
3097 515 3284 569 Aleius
3311 515 3424 585 (89)
3451 523 3600 569 esset

2172 608 2408 677 Imperii,
2437 607 2674 661 clemens
2707 607 2852 660 hunc
2877 605 3104 674 suscipit
3137 605 3225 658 ille
3255 605 3510 674 benigne,

2174 699 2400 754 Tractat
2431 698 2752 764 honoriﬁce,
2781 698 2876 752 dat
2901 697 3098 762 multa;
3131 697 3226 751 sed
3257 697 3466 762 invida,
3503 696 3634 750 nttlli

2173 793 2407 850 Parcere
2439 809 2559 862 quae
2585 801 2762 856 curat,
2788 791 3059 860 jnveniles
3090 803 3233 844 mors
3263 789 3402 844 subit
3437 801 3612 842 artus.

2171 885 2382 956 Quique
2411 899 2782 955 regressurum
2813 898 2872 937 se
2902 881 3130 938 credidit
3159 896 3282 936 esse
3313 891 3613 950 potentem,

2171 977 2379 1032 Diversi
2415 975 2630 1046 generis
2658 990 2778 1028 cum
2813 973 3053 1028 fascibus
3082 983 3244 1042 atque
3269 971 3580 1040 triumphis,

2177 1067 2349 1121 Exsul
2386 1067 2526 1135 apud
2552 1065 2784 1128 Danaos,
2805 1074 2858 1118 et
2885 1073 3132 1117 mortuus
3161 1071 3241 1116 est
3265 1073 3316 1116 et
3347 1061 3620 1116 humatus.

2169 1156 2286 1211 Dux
2315 1157 2415 1211 sibi
2447 1155 2758 1222 conjunctis
2785 1153 3116 1208 Barensibus
3143 1152 3359 1206 obsidet
3383 1156 3564 1206 auctis

2169 1247 2496 1319 Agminihus
2527 1246 2764 1300 Tramnn
2796 1245 2953 1298 Petro
2977 1243 3291 1298 stimulante
3317 1241 3542 1307 rebelle;

2173 1338 2285 1394 Hae
2314 1341 2418 1393 dux
2451 1353 2674 1392 uxorem
2701 1337 2928 1391 dimittit
2957 1336 3010 1388 in
3041 1334 3358 1396 obsidione;

2173 1429 2286 1484 Non
2318 1431 2434 1484 sine
2460 1428 2719 1482 militibus
2749 1425 2933 1480 multis
2971 1425 3105 1494 petit
3131 1425 3244 1491 ij-se
3271 1423 3596 1486 Tarentum,

2175 1521 2430 1577 l’rotintts
2463 1522 2748 1574 obsessum
2777 1529 3030 1586 terraque
3063 1516 3311 1584 marique
3343 1516 3570 1584 recepit.

2103 1610 2144 1668 ll
2179 1614 2328 1668 lluuc
2356 1612 2547 1682 positis
2573 1611 2769 1665 castris
2800 1607 3082 1663 castellum
3111 1608 3286 1660 victor
3319 1605 3477 1658 Aneti

2174 1705 2416 1760 Obsidet.
2447 1702 2572 1756 Inde
2597 1701 2818 1756 Petrum
2844 1709 3100 1754 comttem
3134 1697 3460 1752 miserabilis
3489 1693 3646 1765 angit

2177 1795 2461 1858 Anxietas,
2491 1795 2617 1863 quia
2647 1793 2762 1846 visa
2790 1792 2910 1846 duci
2951 1791 3166 1845 fortuna
3199 1790 3382 1844 favere

2175 1887 2270 1942 Est
2304 1887 2522 1940 iuiutira
2548 1885 2670 1950 sibi,
2699 1899 2884 1955 pacem
2915 1884 3238 1952 veniamque
3281 1883 3510 1952 requirit
3539 1899 3552 1934 :

2177 1981 2291 2034 Dux
2319 1997 2412 2050 per
2440 1979 2664 2050 legatos,
2691 1994 2828 2048 quos
2857 1977 3111 2042 miserat,
3145 1978 3233 2031 ille
3267 1977 3506 2046 relegat,

2175 2076 2245 2132 Ut
2273 2078 2376 2131 sibi
2407 2093 2527 2130 eum
2555 2075 2734 2130 Trano
2763 2077 3043 2131 castellum
3075 2078 3236 2132 donet
3261 2077 3444 2138 Anti-ti,

2177 2172 2237 2226 Ni
2265 2173 2410 2226 dabit
2444 2173 2544 2225 ista
2577 2171 2681 2225 frui
2719 2187 2824 2224 non
2853 2185 2986 2240 pace
3011 2169 3312 2224 merebitur
3339 2168 3478 2236 ejus.

2175 2263 2424 2318 Vestibus
2451 2263 2669 2318 incultis
2700 2263 2890 2317 Petrus
2921 2273 3004 2317 est
3033 2262 3096 2314 ad
3129 2273 3304 2316 castra
3334 2260 3635 2331 profectus,

2177 2357 2465 2412 Subintrat
2500 2355 2710 2410 veniam
2741 2357 2888 2426 pacis
2917 2372 3038 2409 cum
3069 2353 3275 2408 foedere
3311 2368 3562 2423 poscens,

2179 2448 2445 2502 Custodes
2473 2447 2638 2502 castri
2669 2457 2824 2500 vocat
2848 2457 2898 2499 et
2927 2443 3438 2512 descenderejnssit

2179 2539 2464 2602 Turribus,
2500 2539 2551 2593 hi
2579 2539 2736 2609 jussi,
2762 2538 2999 2592 Roberto
3027 2538 3224 2591 inmitia
3255 2537 3498 2600 tradunt,

2177 2634 2424 2689 Tradidit
2449 2643 2502 2688 et
2526 2632 2788 2696 Tramnn,
2821 2633 2978 2686 ducis
3007 2642 3063 2684 ut
3100 2632 3200 2686 sibi
3231 2631 3408 2702 gratia
3437 2629 3618 2694 detur,

2179 2725 2530 2794 Eﬁiciturque
2557 2741 2686 2778 suus
2704 2723 2938 2791 jurando
2957 2721 3081 2791 jure
3111 2723 3301 2776 fidelis.

2178 2819 2431 2874 Cervices
2453 2817 2653 2887 rigidas
2679 2818 2758 2872 sic
2788 2817 2892 2870 dux
2927 2824 3139 2869 astutus
3169 2822 3220 2867 et
3247 2813 3424 2867 audax

2185 2911 2455 2970 Flectere,
2482 2909 2559 2962 sic
2585 2908 2746 2962 ﬁnem
2775 2905 2932 2960 bellis
2967 2905 3246 2974 imponere
3283 2901 3460 2957 novit.

1811 3019 2036 3090 Explirt'l
2073 3019 2207 3074 liber
2246 3021 2452 3074 tertius.

1217 3216 1755 3330 lNClPlT
1838 3217 2252 3329 LIBER
2335 3213 3046 3350 QUARTUS.

498 3459 595 3514 llis
621 3457 848 3514 Michael
879 3457 988 3531 (9(1)
1013 3458 1130 3514 solii
1169 3459 1411 3528 dejectus
1438 3463 1507 3515 ab
1545 3475 1670 3514 arce
1703 3461 1914 3524 diebus,

497 3551 664 3620 Cujus
689 3553 741 3604 in
772 3551 1040 3605 insontem
1073 3551 1375 3606 Romanum
1407 3554 1522 3606 dira
1547 3553 1797 3606 voluntas

499 3643 724 3695 Arserat.
751 3642 990 3706 indigne,
1022 3644 1168 3696 socio
1199 3643 1298 3696 sibi
1330 3643 1496 3697 fratre
1523 3643 1736 3712 repulso
1755 3681 1770 3708 ,

503 3732 798 3788 Monachus
821 3731 1068 3786 eﬁicitttr.
1105 3731 1323 3788 [loberti
1353 3735 1460 3787 ﬁlia
1497 3743 1692 3788 mearet

503 3821 709 3889 Deponi
741 3825 970 3884 socium,
997 3822 1160 3876 miser
1179 3823 1388 3876 exsulat
1425 3823 1510 3876 ille
1540 3832 1793 3890 coactus;

505 3911 742 3966 Urbibus
773 3921 826 3966 et
847 3914 1040 3968 castris
1067 3914 1168 3968 sibi
1198 3915 1620 3986 circumquaque
1651 3917 1911 3980 sobactis,

503 4001 710 4072 Appula
744 4003 1020 4058 dimittens
1044 4005 1156 4058 loca
1186 4005 1292 4059 dux
1321 4017 1472 4074 parat
1501 4007 1579 4060 ire
1608 4006 1916 4060 Salernum.

505 4091 758 4148 Partibus
785 4093 1079 4162 llespcrite,
1105 4111 1261 4164 quem
1297 4095 1576 4151 Barcilona
1615 4099 1902 4160 tremebat,

507 4185 744 4240 Venerat
767 4185 994 4255 insignis
1016 4203 1198 4242 comes
1226 4189 1365 4242 hanc
1393 4189 1746 4260 Raymundus
1777 4189 1844 4243 ad
1867 4191 2082 4250 urbem.

503 4275 580 4330 Ut
602 4287 828 4348 nuptura
862 4279 1012 4333 ducis
1040 4281 1198 4334 detur
1229 4280 1327 4333 sibi
1359 4279 1464 4334 ﬁlia
1492 4295 1724 4349 poscens

503 4365 647 4420 Iluic
673 4369 844 4434 major
881 4381 1008 4420 natu
1045 4380 1264 4438 nuptmn
1293 4369 1481 4434 datur;
1509 4369 1674 4422 altera
1705 4373 1890 4439 nupsit

513 4456 742 4525 Egregie
770 4459 950 4510 comiti
983 4457 1313 4511 Francorum
1339 4467 1623 4512 stet‘t'tntate
1651 4459 1798 4512 claro
1827 4475 1846 4513 :

507 4544 710 4596 lihalus
740 4547 821 4598 hic
855 4549 1056 4610 dictus,
1092 4548 1444 4601 succumbere
1468 4548 1681 4601 nescius
1710 4549 1873 4614 hosti,

515 4634 804 4702 llelligeras
836 4637 979 4689 aries
1004 4639 1068 4688 ad
1097 4639 1278 4705 praelia
1308 4639 1504 4692 ducere
1534 4639 1749 4700 doctus,

505 4721 574 4776 Et
605 4725 1026 4788 l‘acunduserat,
1057 4727 1340 4796 linguaque
1371 4745 1639 4796 tnanttque
1669 4728 1904 4796 vigebat.

511 4812 620 4867 Illis
647 4815 935 4881 Gregorius
960 4815 1070 4885 (9i)
1100 4816 1464 4870 Beneventum
1492 4832 1627 4887 papa
1661 4819 1848 4871 diebus

515 4904 772 4964 Λ.ιι·ειιίι;
806 4903 934 4955 urbs
963 4913 1084 4955 erat
1107 4908 1218 4957 haec
1245 4904 1490 4959 Romano
1519 4907 1729 4961 subdita
1755 4921 1925 4974 papa},

513 4998 690 5066 atque
713 4995 793 5048 sui
823 4995 996 5062 juris;
1031 4997 1158 5063 quia
1181 5000 1285 5051 dux
1315 5001 1596 5054 obsederat
1628 4997 1840 5065 urbem,

726 5121 1334 5230 §?:2?ulcll'llliigﬂllalia;
1365 5131 1504 5184 unde
1527 5131 1798 5202 Spiuates.
1830 5131 2028 5189 Tini-2n.

2109 3452 2154 3512 C
2185 3454 2354 3526 Aigre
2383 3471 2518 3526 papa
2543 3458 2698 3524 tulit;
2731 3459 2943 3514 veniam
2975 3456 3245 3512 Robertus
3275 3465 3333 3511 ut
3363 3455 3524 3527 hujus

2183 3545 2439 3616 Impetret
2462 3546 2703 3615 oll‘eusm,
2733 3563 2883 3619 papae
2907 3548 3214 3618 properavit
3239 3547 3306 3602 ad
3333 3547 3544 3612 urbem,

2187 3637 2466 3708 Supplicat
2495 3649 2551 3694 et
2575 3641 2800 3710 pedibus
2839 3639 2953 3712 (92)
2986 3641 3122 3693 dans
3151 3638 3332 3693 oscula
3369 3637 3550 3692 Patris

2187 3727 2496 3801 Suscipitur
2520 3749 2534 3799 ;
2563 3733 2697 3787 tanti
2727 3747 2955 3803 persona
2986 3733 3188 3802 vigoris
3215 3733 3422 3787 honore

2187 3819 2356 3891 Digna
2392 3825 2693 3890 videbatur,
2725 3824 3008 3879 considere
3036 3839 3174 3894 papa
3207 3824 3402 3894 coegit.

2187 3912 2520 3984 Soliloquum
2543 3918 2754 3972 cunctis
2780 3919 3086 3972 astantibus
3118 3917 3241 3971 inde
3271 3916 3494 3970 remotis

2188 4007 2484 4062 Consilium
2517 4019 2734 4064 tenuere
2762 4010 2885 4074 diu;
2922 4019 3031 4062 tum
3059 4025 3196 4080 papa
3221 4008 3405 4062 fideles

2186 4097 2478 4154 Convocat.
2509 4101 2583 4154 Ex
2619 4115 2770 4170 papm
2801 4109 3068 4154 secretum
3097 4099 3334 4168 jussibus
3363 4100 3556 4152 borum

2189 4187 2480 4254 Panditur;
2509 4191 2704 4245 allatus
2733 4193 2867 4244 liber
2894 4201 2976 4244 est
3012 4191 3446 4260 Evangeliornm.

2191 4273 2302 4333 Dux
2336 4281 2671 4351 paptejural,
2703 4281 2868 4335 fuerit
2895 4283 3020 4334 dum
3050 4281 3158 4334 vita
3191 4289 3487 4349 superstes,

2187 4369 2613 4427 Observaturum
2653 4373 2773 4427 fidei
2803 4387 2860 4426 se
2879 4374 3002 4442 jura
3033 4373 3287 4442 perennis

2189 4459 2445 4515 licclesite
2483 4473 2709 4526 sanctte,
2747 4473 2888 4517 totus
2913 4463 2998 4516 cui
3034 4461 3276 4530 subjacet
3304 4461 3451 4516 orbis
3479 4477 3493 4515 :

2189 4549 2416 4604 Romani
2455 4554 2602 4622 regni
2627 4553 2729 4607 sibi
2757 4553 3066 4622 promisisse
3087 4569 3344 4608 coronam

2190 4641 2332 4710 Papa
2363 4641 2660 4708 ferebatur,
2694 4645 2818 4712 quia
2851 4659 2941 4696 rex
2973 4645 3238 4698 lleurieus
3271 4643 3383 4714 (95)
3412 4643 3592 4697 abillo

2198 4733 2492 4786 Damnatus
2515 4733 2690 4788 fuerat
2715 4743 2939 4803 propter
2962 4739 3251 4791 commissa
3281 4737 3526 4791 nefandis

2121 4803 2167 4858 υ
2194 4827 2546 4894 Aceuntulata
2573 4831 2772 4894 modis;
2805 4845 2905 4884 nec
2936 4829 3081 4883 enim
3109 4830 3421 4882 venundare
3447 4835 3659 4882 sanctas

2193 4921 2464 4978 Ecclesiae
2490 4924 2715 4988 veritus,
2749 4938 3062 4992 perversum
3095 4921 3288 4990 dogma
3318 4921 3530 4982 colebat

2195 5011 2433 5067 Simonis
2467 5024 2522 5068 et
2552 5014 2755 5068 nultum
2781 5015 3016 5070 donabat
3043 5013 3336 5083 pontificali
3361 5012 3472 5083 (9t)

2193 5147 2700 5230 ltll‘.n‘i‘97':‘5.TlREﬂ.
2751 5220 2762 5230 .
2821 5219 2840 5230 _
