4010 5230
251 243 274 295 1
287 241 394 297 06⁵⁷5

247 353 518 416 Culminc,
544 360 742 421 praeter
768 366 861 406 eos
891 352 980 422 qui
1010 352 1242 406 maxima
1269 352 1409 414 dona
1447 349 1713 405 tulissent.

249 443 496 497 lncestus
525 443 686 496 etiam
714 450 918 510 turpes,
951 450 1004 496 et
1028 450 1180 512 turpe
1207 441 1390 496 subire

251 535 431 588 Ausus
458 533 782 587 adulterium
809 531 944 602 (95),
975 531 1139 585 vitam
1165 531 1394 586 ducebat
1423 529 1686 600 iniquam,

252 625 582 696 Saeri‘legus.
615 625 876 686 mmclms,
909 621 1178 677 consortia
1210 622 1353 676 nulla
1387 621 1678 693 proborum
1703 660 1718 684 ,

251 717 359 772 Sed
385 715 598 783 reprobi
628 723 800 769 coetus
824 713 1045 784 collegia
1076 729 1288 784 semper
1310 714 1548 768 amabat.

250 805 350 882 llis
380 805 528 860 vitiis
556 803 727 863 virtus
749 803 921 858 sancti
950 804 1222 858 contraria
1253 817 1405 872 papa:

247 893 521 965 Gregorii,
547 909 712 964 regno
739 892 929 961 deponi
953 891 1160 962 judicat
1189 891 1336 946 illum
1361 907 1377 946 :

251 987 560 1042 Saxonibus
597 985 813 1039 mandat
839 971 1112 1054 perhiberi
1140 998 1232 1038 rex
1257 984 1394 1053 apud
1424 983 1570 1054 ipsos

251 1077 480 1132 Desinat
502 1076 746 1139 ulterius,
778 1076 906 1131 totis
936 1083 991 1132 et
1012 1074 1218 1130 viribus
1242 1076 1458 1131 obstent
1481 1093 1496 1128 :

250 1169 583 1239 Accitosque
631 1167 796 1222 duces
845 1163 1233 1234 Guelfumque,
1288 1164 1587 1236 ducemque
1625 1161 1830 1218 Rodul-

1550 1252 1576 1327 {
1593 1255 1757 1325 phum

249 1350 539 1414 Admonet,
563 1336 802 1404 Henrico
824 1333 969 1402 Petri
998 1361 1095 1417 pro
1126 1352 1280 1415 parte
1305 1343 1566 1398 resistant

251 1439 318 1493 Et
348 1437 521 1504 Pauli,
554 1436 740 1492 Simon
773 1436 968 1506 quibus
991 1436 1358 1490 insurrexerat
1387 1433 1543 1488 alter.

247 1532 387 1587 Esse
408 1530 702 1602 putabatur
731 1513 993 1584 concessa
1017 1542 1218 1583 corona
1243 1524 1473 1580 Rodulfo
1499 1524 1633 1595 (96).

249 1621 302 1676 ls
323 1622 426 1677 sibi
456 1619 759 1694 Saxonibus
783 1619 953 1673 multo
979 1634 1101 1673 cum
1131 1617 1298 1672 milite
1319 1615 1523 1683 junctis

251 1710 456 1765 indixit
481 1709 678 1765 bellum
702 1723 857 1780 papas
878 1705 1205 1762 venerabilis
1234 1704 1397 1769 hosti,

247 1803 322 1858 Et
344 1804 572 1873 p0pulus
599 1801 708 1872 regi
735 1802 990 1855 damnato
1020 1797 1219 1852 multus
1249 1796 1487 1850 adhaeret

249 1894 348 1949 Jus
370 1905 579 1964 patrum
606 1893 854 1948 recolens
885 1892 1158 1959 aliumque
1182 1890 1438 1942 inducere
1467 1886 1655 1942 nolens

249 1987 532 2042 [heredem
558 2001 753 2056 regno;
782 1998 948 2055 grave
979 1982 1038 2036 fit
1059 1991 1335 2036 certamen
1367 1979 1622 2047 utrinque

247 2077 394 2130 Dura
424 2074 639 2144 quidem
667 2089 798 2144 gens
828 2080 935 2136 est,
963 2085 1017 2125 et
1048 2070 1238 2124 cedere
1262 2068 1444 2122 nescia
1475 2066 1683 2136 magnis

246 2164 444 2218 Ictibus
471 2164 611 2217 inter
637 2177 724 2228 se;
755 2161 880 2216 hinc
912 2159 1249 2230 Lotharingi,
1279 2156 1522 2211 Saxones
1549 2157 1675 2210 inde

245 2253 510 2310 Certatim
534 2253 752 2317 feriunt,
778 2250 1003 2306 alternis
1023 2250 1246 2304 vulnera
1274 2249 1507 2302 reddunt

247 2345 610 2399 Vulneribus:
639 2350 749 2396 stat
775 2341 1005 2412 quisque
1034 2339 1255 2395 studens
1291 2338 1508 2392 obstare
1552 2335 1816 2400 vicissim,

245 2433 316 2488 Et
342 2435 693 2503 perhibentur
725 2431 800 2486 ibi
823 2432 1044 2502 triginta
1071 2446 1209 2485 caesa
1240 2429 1475 2484 virorum

245 2523 435 2587 Millia,
466 2527 561 2578 sed
589 2531 783 2578 neutro
810 2521 1006 2592 populo
1034 2521 1261 2576 cedente
1289 2519 1602 2588 Rodulplms

242 2610 478 2676 Occidit,
507 2620 564 2666 et
591 2609 766 2666 fessus
794 2610 1022 2680 populus
1050 2608 1247 2664 defecit
1274 2618 1518 2677 uterque.

239 2702 318 2756 Se
339 2702 491 2771 quasi
517 2701 774 2756 victorem
804 2710 1057 2770 percepta
1091 2708 1263 2754 morte
1287 2697 1553 2765 Rodulplii

241 2792 500 2848 Gaudens
519 2791 806 2859 Henricus,
825 2807 987 2862 quem
1011 2792 1161 2863 regni
1186 2791 1367 2861 deposi
1377 2800 1544 2845 torem

242 2881 484 2937 Noverat
502 2895 624 2936 esse
647 2882 753 2946 sui,
777 2897 976 2952 papam
1012 2880 1268 2936 infestare
1302 2880 1534 2943 laborat,

239 2973 475 3027 Romam
507 2973 826 3028 obsessurus
847 2986 1041 3040 magna
1071 2987 1194 3027 cum
1231 2980 1388 3040 gente
1417 2971 1600 3023 venire

242 3064 476 3131 Nititur;
505 3066 609 3121 hoc
635 3065 874 3136 prudens
905 3073 1182 3134 comperto
1205 3079 1336 3134 papa
1375 3062 1612 3117 favorem

240 3156 408 3212 Curat
443 3156 850 3220 habere-ducis,
872 3163 1155 3209 succurrat
1177 3163 1236 3210 ut
1261 3155 1370 3223 ipsc
1393 3153 1561 3208 labori

241 3249 533 3318 Promptus
554 3249 621 3302 ad
641 3263 792 3301 arma
813 3262 911 3302 suo
935 3247 1070 3317 (97),
1101 3247 1244 3299 vires
1259 3254 1313 3299 et
1337 3244 1601 3313 deprimat
1618 3243 1806 3307 hostis;

244 3340 401 3397 Pacis
432 3348 703 3410 perpetua:
730 3338 1018 3393 Beneventi
1049 3337 1252 3392 foedere
1275 3345 1434 3405 pacto

238 3438 536 3509 Gregorius
567 3439 790 3491 Romam
816 3434 1094 3496 remeavit,
1126 3431 1344 3502 duxque
1383 3430 1670 3486 Salernum

240 3531 378 3594 Hac,
413 3529 683 3592 Matthme,
715 3529 810 3583 tibi
842 3527 1148 3581 construxit
1179 3525 1230 3578 in
1262 3525 1396 3578 urbe
1425 3524 1636 3577 decoris

238 3623 544 3677 Ecclesium
583 3621 730 3687 miri,
756 3621 858 3676 sibi
890 3619 1086 3674 nobilis
1107 3619 1227 3672 aula
1255 3626 1498 3686 paratur.

242 3712 490 3766 Dedecus
516 3711 720 3765 illatum
745 3723 943 3779 genero
967 3708 1080 3779 (98)
1108 3709 1353 3778 prolique
1382 3706 1610 3775 repulsae

240 3802 476 3858 Sedibus
503 3802 765 3872 angustis,
795 3818 899 3856 non
923 3801 1288 3856 sollicitudine
1310 3814 1475 3870 parva

233 3892 352 3949 Cor
379 3894 531 3949 ducis
562 3894 844 3955 accendit:
877 3893 1058 3963 gravis
1085 3893 1200 3948 haec
1229 3891 1424 3959 injuria
1456 3887 1638 3943 multis

240 3983 378 4038 Esse
399 3983 685 4038 videbatur
705 3983 878 4048 ducis,
907 3984 1047 4038 hanc
1067 3981 1341 4038 desiderat
1364 3980 1536 4034 ultum

241 4073 348 4129 Ire.
377 4074 554 4130 Senex
577 4075 794 4143 quidam
819 4073 972 4144 regni
996 4072 1336 4142 Nicopliorus
1364 4071 1480 4141 (99)
1508 4069 1747 4124 habenas

241 4163 566 4236 Sumpserat
588 4166 812 4235 ignavus
833 4163 1008 4228 bello;
1043 4171 1224 4217 tamen
1256 4160 1534 4231 ingeniosa

243 4253 426 4308 Mente
453 4269 642 4324 sagax,
667 4262 859 4308 contra
891 4251 1090 4306 furtiva
1115 4250 1354 4321 pericula
1389 4256 1606 4312 cautus,

242 4345 482 4400 lmbellis
513 4353 761 4400 metuens
783 4344 1064 4416 plusquam
1095 4340 1416 4397 metuendus
1441 4339 1688 4394 habetur.

246 4437 450 4492 Hilitia:
474 4439 727 4507 princeps
754 4444 1023 4493 sustentat
1045 4433 1266 4488 Alcxius
1301 4431 1469 4494 illum,

247 4517 450 4584 Λεωιᾶ
467 4531 678 4586 ratione
701 4532 885 4600 vigens
915 4537 970 4584 et
991 4536 1244 4582 strenuus
1275 4521 1464 4585 armis,

246 4621 475 4676 Pectore
502 4621 683 4676 clarus
712 4628 853 4683 erat,
884 4619 1156 4686 clarisque
1179 4612 1495 4685 parentibus
1522 4615 1694 4664 ortus.

248 4713 436 4767 Annos
467 4713 567 4768 iste
602 4727 714 4767 suae
741 4711 924 4780 plures
949 4708 1125 4764 aetatis
1147 4708 1214 4761 ab
1243 4707 1361 4775 ipso

249 4801 408 4856 Flore
423 4801 722 4870 iuventutis
753 4800 1010 4869 primmvo
1031 4797 1184 4852 duxit
1211 4797 1263 4850 in
1288 4793 1475 4848 armis.

253 4892 312 4945 Si
345 4893 473 4961 quid
493 4891 781 4962 oportebat
813 4889 927 4944 fieri
959 4901 1142 4958 grave,
1174 4903 1277 4941 non
1303 4882 1585 4940 dubitabat

249 4982 483 5052 Imperio
512 4989 704 5037 sancto
734 4979 838 5035 sibi
868 4977 1214 5048 praecipiente
1245 4976 1446 5032 subire.

252 5185 287 5190 ι
322 5117 433 5189 (95)
463 5095 733 5172 liena-iens
758 5112 1018 5182 Agnetem
1043 5109 1427 5190 admonentem
1447 5104 1572 5190 quid
1603 5119 1722 5190 cum
1742 5119 1829 5190 re.

849 239 936 294 DE
975 238 1198 295 REBUS
1234 236 1476 293 GESTIS
1515 234 1866 293 NORMAN‘N.
1907 233 1975 290 ΙΝ
2025 233 2284 300 SlClLlA,
2325 233 2479 300 ETC,
2517 264 2586 275 --—
2625 236 2750 290 LIB.
2791 235 2876 290 IV.

1847 353 1895 412 Α
1925 346 2115 401 llostcs
2146 346 2380 415 imperii,
2417 346 2749 408 Basilacliius
2784 356 2946 417 atque
2980 345 3205 404 Bricuus
3231 349 3375 422 (100)

1849 4385 1900 4443 D

3365 239 3498 302 1008

1924 439 2164 516 insignes
2184 439 2382 505 Grrcci,
2407 439 2564 494 bellis
2593 440 2890 508 opibusque
2923 448 3187 509 potentes,

1925 531 2042 585 Hoc
2072 531 2208 585 duce
2236 539 2360 585 sunt
2391 530 2540 596 victi,
2567 530 2761 585 victori
2791 532 2958 585 cessit
2985 541 3212 603 uterque
3241 551 3254 586 :

1929 621 2062 676 Nam
2090 621 2192 676 sibi
2220 637 2325 676 non
2358 622 2512 691 longe
2539 623 2665 677 dum
2690 623 3109 694 congrederetur
3129 625 3196 679 ab
3227 627 3359 680 urbe

1925 711 2183 767 ‘Bellando
2211 712 2388 768 victus
2415 713 2579 774 cedit,
2613 713 2931 783 capiturque
2961 713 3215 772 Brienus.

1930 798 2117 856 Victus
2144 802 2368 857 Alexina
2408 804 2570 858 cessit
2599 803 2932 858 Basilacliius
2959 821 3117 871 arce;

1929 894 2083 949 Alter
2112 895 2164 948 in
2195 891 2420 950 alterius
2444 910 2793 967 congressum
2823 897 2947 949 dum
2980 907 3319 968 properaret,

1925 985 2181 1040 Proxima
2213 996 2393 1042 castra
2423 987 2507 1041 die
2539 987 2762 1042 cedente
2788 987 3036 1042 locantur
3068 989 3337 1059 utrinque,

1931 1077 2098 1132 Nocte
2129 1083 2309 1149 fugam
2333 1081 2579 1149 prudens
2608 1079 2881 1134 simulavit
2911 1080 3134 1135 Alexius
3166 1081 3255 1136 illa

1930 1166 2136 1222 Castris
2158 1168 2418 1232 dimissis,
2448 1184 2620 1238 neque
2654 1179 2765 1225 tota
2804 1179 3008 1226 remota
3039 1171 3277 1241 supellex

1925 1257 2057 1327 Ejus
2085 1268 2224 1323 erat,
2256 1260 2500 1328 quatdam
2530 1261 2760 1315 tentoria
2792 1261 2898 1314 lixa
2935 1261 3244 1316 manebant.

1929 1351 2055 1404 Haec
2078 1350 2298 1405 dimissa
2329 1350 2485 1420 fugae,
2505 1349 2874 1421 jumentaquc,
2899 1351 3016 1406 luce
3045 1353 3289 1422 sequenti

1925 1437 2166 1520 Eliecere
2204 1441 2384 1506 ﬁdem,
2411 1441 2714 1510 castrisque
2737 1442 2917 1497 relicta
2945 1443 3220 1512 suppellex

1925 1530 2126 1585 Contra
2148 1547 2209 1585 se
2235 1530 2409 1586 nullos
2437 1531 2525 1586 ubi
2561 1533 2690 1586 vidit
2715 1533 2902 1588 adesse
2934 1543 3152 1603 paratus

1927 1622 2149 1678 llostilis
2175 1623 2322 1690 belli,
2347 1624 2540 1679 castris
2577 1625 2694 1679 sine
2721 1635 2878 1695 gente
2899 1625 3103 1680 relictis

1856 1698 1904 1758 Β
1929 1712 2365 1784 Circumquaquc
2395 1715 2506 1770 suis
2532 1713 2864 1770 Basilacliius
2890 1714 3115 1783 imperat
3140 1715 3237 1778 ire,

1931 1801 1988 1856 Si
2013 1818 2146 1871 quos
2167 1804 2441 1873 excipiunt
2477 1805 2544 1859 ab
2569 1805 2723 1874 equis
2751 1804 2832 1859 vel
2860 1814 3017 1876 gente
3045 1803 3320 1866 tumultus,

1931 1891 1998 1945 Ut
2022 1892 2124 1946 sibi
2160 1893 2458 1948 notificeut.
2490 1894 2780 1948 Mussantis
2802 1893 2943 1948 nulla
2970 1893 3206 1947 eoliortis

1929 1981 2064 2048 Vox,
2099 1985 2277 2038 nullus
2309 1985 2484 2054 potuit
2513 2001 2677 2040 sonus
2708 1995 2800 2039 aut
2828 1985 3072 2038 hinnitus
3095 1998 3357 2053 equorum

1923 2074 2144 2139 Audiri;
2177 2084 2358 2144 sperat
2387 2075 2719 2129 Basilacltius
2740 2075 2918 2127 omnia
2946 2083 3059 2127 tuta

1921 2163 2097 2231 Atque
2126 2163 2237 2217 suis
2271 2164 2475 2218 hostem
2506 2180 2604 2234 pro
2635 2164 2836 2218 viribus
2864 2162 3272 2230 expavefactum

1922 2252 2102 2306 Credit
2125 2253 2298 2307 inesse
2326 2256 2538 2320 fugam;
2569 2260 2870 2305 canantem
2900 2251 3114 2319 crapula
3139 2265 3326 2304 somno

1920 2344 2204 2412 Aggravat,
2238 2351 2291 2397 ct
2321 2343 2516 2398 castris
2542 2358 2674 2412 gens
2705 2350 2815 2395 tota
2842 2342 3020 2410 quieta
3043 2339 3289 2408 jacebat;

1909 2432 2155 2488 Callibus
2182 2434 2407 2488 oceultis
2435 2435 2689 2489 advectus
2718 2432 2939 2486 Alexius
2965 2433 3148 2487 hostes

1919 2522 2226 2592 lrrumpens
2256 2524 2432 2577 subito
2455 2523 2750 2593 perterruit
2776 2537 2791 2586 ;
2821 2522 2926 2586 his,
2960 2522 3083 2591 quia
3113 2522 3287 2575 noctis

1911 2610 2218 2666 Obstabant
2247 2612 2498 2674 tenebrat,
2526 2627 2792 2680 nusquam
2826 2611 2943 2666 loca
2974 2619 3086 2664 tuta
3117 2611 3406 2680 patebant:

1919 2703 2054 2772 Spes
2080 2715 2162 2759 est
2190 2705 2330 2758 nulla
2359 2703 2531 2772 fuga};
2563 2705 2850 2774 capiuntur
2875 2712 2929 2756 et
2951 2703 3359 2756 interimuntur.

1918 2791 2014 2847 llis
2039 2808 2200 2862 sopor
2227 2805 2280 2847 ct
2310 2793 2419 2846 vini
2451 2793 2674 2847 dederat
2702 2791 2955 2846 violentia
2989 2791 3158 2844 multa

1913 2874 2243 2954 segnitiem;
2276 2899 2373 2939 nec
2407 2884 2557 2938 abire
2584 2887 2764 2937 valent
2788 2897 2895 2936 nec
2926 2881 2996 2935 ad
3027 2895 3175 2934 arma
3199 2880 3416 2934 reverti.

1913 2976 2141 3030 Lumine
2170 2977 2413 3046 privatus
2435 2973 2778 3028 Basilachius
2807 2981 2862 3027 et
2891 2972 2986 3026 tibi
3025 2981 3214 3041 captus

1826 3049 1882 3110 (ἶ
1913 3068 2338 3139 Legatur,~nihil
2367 3067 2481 3138 ipse
2512 3069 2700 3121 videns
2722 3051 3044 3136 Nicephore,
3077 3064 3360 3126 videndus,

1914 3160 2145 3228 Imperio
2174 3159 2326 3227 cujus
2355 3166 2772 3228 praesumpserat
2801 3171 2921 3211 esse
2950 3155 3185 3210 rebellis.

1915 3252 2162 3320 impiger,
2195 3259 2246 3303 et
2276 3258 2466 3302 cautus
2495 3249 2572 3303 sic
2599 3250 2772 3302 victor
2800 3247 3020 3301 Alexius
3050 3248 3236 3300 hostes

1913 3339 2132 3408 Imperii
2161 3338 2360 3392 multos
2386 3338 2553 3392 armis
2582 3337 2855 3404 superavit
2879 3345 2930 3390 et
2955 3342 3089 3388 arte.

1915 3430 2029 3482 Dux
2069 3428 2301 3482 transire
2325 3427 2512 3482 volens
2538 3441 2708 3491 mare,
2745 3426 2984 3495 praecipit
3015 3438 3165 3477 arma
3196 3423 3396 3492 parari,

1915 3519 2281 3587 Militibusque
2309 3519 2420 3572 suis
2449 3533 2506 3572 se
2528 3517 2909 3586 prtestolentur
2935 3514 3198 3585 llydronti

1913 3610 2165 3678 Imperat,
2198 3610 2371 3680 aptari
2401 3625 2567 3664 naves
2586 3609 2743 3672 facit,
2774 3609 2887 3677 ipse
2912 3607 3126 3662 Salerni

1915 3701 2166 3772 Undique
2195 3704 2332 3758 dona
2361 3711 2550 3773 petens
2575 3712 2631 3756 et
2660 3701 3031 3772 supplementa
3058 3709 3322 3756 moratur.

1916 3792 2034 3846 Huc
2059 3793 2185 3848 illuc
2213 3793 2392 3862 apices
2420 3807 2524 3846 non
2557 3807 2778 3846 cessans
2820 3792 3058 3856 mittere,
3093 3806 3279 3846 secum

1918 3882 2156 3937 Navibus
2183 3883 2408 3937 armatis
2439 3882 2573 3937 fidas
2600 3891 2781 3938 monet
2809 3883 2889 3938 ire
2910 3883 3160 3938 cohortes
3197 3899 3213 3947 ;

1918 3972 2196 4028 lnsolitum
2224 3972 2404 4028 multis
2437 3973 2540 4028 iter
2565 3973 2695 4027 illud
2724 3981 2779 4027 et
2809 3988 2934 4028 arce
2971 3973 3120 4044 [acre
3140 3972 3184 4042 ?]
3222 3973 3453 4037 videtur,

1918 4066 2194 4137 Prmcipue
2220 4065 2413 4134 quibus
2440 4080 2638 4120 uxores
2664 4073 2716 4119 et
2741 4065 2962 4134 pignora
2989 4065 3156 4118 chara

1920 4157 1982 4211 In
2003 4157 2248 4211 domibus
2276 4155 2520 4220 fuerant;
2553 4169 2660 4208 non
2689 4169 2945 4209 exercere
2966 4153 3216 4207 volebant

1922 4246 2165 4300 Militiam
2203 4243 2384 4308 talem,
2413 4243 2507 4297 sed
2530 4243 2692 4297 verba
2721 4242 2979 4294 minantia
3009 4239 3220 4294 blandis

1921 4338 2040 4390 Dux
2072 4335 2296 4396 addens.
2329 4331 2577 4402 precibus
2608 4331 2801 4385 multos
2826 4344 3116 4400 properare
3138 4337 3333 4400 coegit.

1930 4425 2270 4481 Conveniunt
2293 4436 2505 4484 omnes,
2535 4420 2672 4475 sicut
2698 4420 2981 4475 mandatur
3009 4421 3289 4491 llydronti,

1929 4515 2254 4570 Dalmaticas
2283 4526 2446 4568 naves
2474 4511 2624 4566 oneri
2653 4511 2757 4565 dux
2796 4511 2941 4582 eligit
2972 4521 3143 4582 aptas,

1928 4605 2145 4661 Auxilio
2161 4604 2265 4658 sibi
2295 4619 2431 4674 quas
2458 4617 2590 4673 gens
2614 4601 2838 4655 miserat
2867 4602 2952 4655 illa
2985 4601 3178 4672 petitas
3203 4617 3217 4653 :

1929 4701 2038 4755 Has
2067 4699 2230 4754 armis
2249 4708 2306 4755 et
2338 4699 2490 4768 equis
2515 4704 2843 4765 sumpluque
2868 4697 3104 4767 virisque
3131 4694 3363 4764 repletas

1928 4797 2010 4852 Ad
2059 4793 2299 4849 Corifum
2343 4792 2506 4866 (101)
2559 4790 2754 4854 mittit,
2792 4792 2916 4846 haec
2955 4792 3130 4848 insula
3169 4805 3274 4847 non
3317 4780 3506 4859 procul

3281 4879 3440 4952 [urbe

1929 4981 2110 5038 Distat
2139 4973 2470 5044 liydrontina
2502 4970 2671 5042 (109.),
2696 4967 2923 5036 placidis
2953 4973 3284 5046 Spirantibus
3307 4971 3459 5024 auris

1933 5115 2094 5181 i033-
2128 5107 2360 5190 Tum.

2369 5175 2381 5187 ο
2413 5173 2454 5190 n
