4010 5230
477 269 611 330 1067

477 389 595 444 Huc
619 392 729 443 cito
756 382 1049 449 transitur;
1076 378 1313 439 dimissis
1341 376 1569 434 navibus
1599 373 1743 432 illam

474 479 690 535 Acriter
718 476 978 536 invadunt
1008 473 1216 544 equites
1239 472 1409 537 ducis,
1440 478 1602 541 atque
1637 470 1884 525 timorem

476 570 740 633 Omnibus
775 566 1042 623 incutiunt
1068 564 1158 635 qui
1186 564 1611 634 circumquaque
1649 568 1951 615 morantur.

463 659 651 733 ‘Begni
680 660 809 716 sede
830 672 994 714 senex
1020 657 1122 712 hac
1150 662 1469 726 tempestate
1493 651 1739 724 repulsus

464 749 775 809 ‘Prtedictus
809 747 1007 813 fuerat,
1030 745 1261 802 bellator
1285 744 1507 800 Alexius
1536 742 1682 815 (105)
1709 741 1858 796 illum

474 842 699 914 Expulit
727 842 918 905 iratus,
946 839 1072 909 quia
1105 854 1211 894 non
1249 837 1442 908 injuria
1474 835 1661 890 fratris

458 928 707 999 ~Pr0ptet'
727 941 852 982 eum
877 924 1098 982 dimissa
1136 925 1258 989 fuit,
1287 923 1377 992 qui
1406 922 1609 977 viribus
1638 919 1788 974 auxit

471 1023 765 1094 Imperium
793 1021 941 1087 totis,
972 1028 1050 1075 tot
1074 1026 1268 1074 nactus
1301 1016 1369 1071 ab
1395 1017 1548 1072 hoste
1580 1013 1880 1083 triumphos
1908 1029 1920 1065 :

476 1113 742 1171 Omnibus
771 1110 982 1181 imperii
1013 1108 1314 1180 legionibus
1349 1107 1474 1162 huic
1502 1105 1761 1161 comitate

474 1203 752 1260 Praesidiis
781 1217 951 1257 vacua
982 1196 1159 1254 facilis
1177 1197 1326 1254 labor
1352 1198 1484 1252 urbe
1508 1202 1721 1266 reperta

474 1295 572 1351 Est
592 1308 851 1365 superare
876 1306 1081 1356 senem,
1114 1286 1183 1344 fit
1219 1288 1515 1345 monachus
1545 1284 1631 1341 ille
1669 1292 1919 1347 coactus;

475 1383 842 1455 Deprmdanda
874 1383 1047 1437 tribus
1077 1381 1234 1436 datur
1278 1381 1411 1434 urbs
1456 1379 1640 1432 invasa
1670 1374 1860 1430 diebus
1889 1370 2064 1445 (104),

468 1474 594 1530 Dux
621 1474 817 1545 quibus
840 1474 1156 1539 exstiterat;
1203 1470 1454 1526 manibus
1492 1479 1716 1542 quoque
1750 1472 1937 1522 sancta
1968 1480 2066 1519 ne-

860 1558 861 1561 “
1795 1554 1996 1633 [fandis

473 1660 703 1717 Atroces
727 1674 824 1731 per
853 1648 913 1715 se
937 1657 1057 1715 loca
1079 1672 1186 1713 non
1216 1656 1421 1713 violare
1448 1663 1744 1712 verentur:

473 1755 634 1811 Ducit
658 1754 878 1810 Alexius
910 1755 1034 1819 hos,
1064 1754 1237 1825 magis
1267 1762 1326 1807 ut
1351 1752 1607 1808 timeatur
1631 1749 1697 1805 ad
1728 1747 1942 1811 urbem,

459 1840 692 1915 ‘lmperii
721 1844 961 1914 regimen
984 1843 1138 1899 bellis
1164 1842 1391 1898 bellator
1418 1843 1647 1911 adeptus
1673 1857 1687 1894 :

477 1933 700 1990 Roberti
723 1931 917 2005 genita:
943 1948 1048 1987 non
1074 1947 1299 2002 parvum
1322 1919 1562 1987 blandus.
1588 1932 1849 1985 honorem

466 2025 728 2087 Exhibet,
754 2023 1004 2079 audierat
1035 2037 1193 2093 quem
1231 2021 1368 2078 velle
1393 2021 1603 2085 venire,
1630 2020 1884 2075 laborans

475 2112 770 2171 Pacilicare
804 2115 1016 2179 ducem,
1048 2130 1153 2186 quo
1180 2115 1259 2170 sic
1281 2122 1527 2171 avertere
1556 2122 1792 2169 mentem

473 2207 665 2264 Posset
685 2200 1061 2277 ab'incmptis;
1096 2206 1191 2262 sed
1224 2220 1377 2260 mens
1406 2205 1560 2260 ducis
1592 2203 1761 2259 ardua
1785 2200 1961 2258 nescit

473 2301 679 2357 Cedere
704 2301 1003 2372 proposito,
1026 2299 1238 2355 modico
1260 2285 1569 2353 remoratus.
1586 2291 1847 2367 Hydronti

473 2394 760 2464 Tempore,
785 2392 1106 2464 praestolans
1144 2398 1434 2446 adventum
1460 2386 1705 2459 conjugis
1733 2394 1897 2456 atque

473 2483 763 2540 Multorum
794 2485 1072 2545 comitum,
1104 2497 1241 2559 quos
1270 2489 1493 2537 noverat
1532 2480 1647 2549 ipse
1676 2478 1887 2533 futuros

470 2580 608 2635 Esse
632 2578 735 2632 vite
758 2577 958 2632 socios.
992 2575 1249 2630 Mentitus
1274 2587 1332 2628 se
1359 2570 1680 2628 Michaelem

473 2671 713 2726 Venerat
734 2682 763 2721 a
797 2666 996 2722 Danais
1020 2665 1241 2734 quidam
1275 2663 1527 2718 seductor
1554 2661 1620 2715 ad
1650 2660 1800 2715 illum

473 2753 753 2814 Immerito
782 2767 1001 2827 raptum
1011 2756 1102 2825 jus
1130 2754 1411 2825 imperiale
1437 2767 1745 2822 reposcens,

478 2847 551 2903 Se
579 2847 867 2918 profugum
906 2844 1242 2914 lacrymans;
1294 2842 1688 2913 lacrymantem
1719 2840 1825 2921 dux
1865 2846 1922 2892 et
1964 2837 2064 2892 ho-

1779 2928 1968 3001 .[neste

479 3032 719 3103 Suscipit
748 3040 805 3088 et
832 3038 1047 3096 tractat,
1078 3027 1397 3102 placidoque
1428 3025 1615 3097 favore
1640 3024 1931 3096 benignum

1818 256 2187 322 GUILLELMI
2229 255 2433 321 APULI

2085 380 2137 440 Α
2165 377 2283 449 Ipse
2314 376 2509 447 quibus
2540 372 2791 446 praelatus
2817 381 2956 440 erat,
2985 372 3339 445 dignissimus
3367 373 3571 438 hmres,

3611 256 3746 317 1068

2167 470 2274 526 Iste
2298 469 2470 539 patris
2502 467 2632 522 tanti
2661 466 2994 537 patruelibus
3021 475 3183 536 atque
3210 466 3453 535 palemis

2167 559 2412 614 Moribus
2433 568 2683 623 ornatus,
2714 567 2931 627 quanta:
2958 556 3100 612 foret
3129 554 3347 622 indolis,
3372 556 3490 627 ipso

2165 649 2444 706 Primaevze
2466 649 2612 706 cultu
2643 649 2860 704 virtutis
2890 646 3248 719 significabat.

2166 742 2261 797 Jus
2291 743 2568 814 proprium
2601 741 2741 797 Latii
2767 743 2953 807 totius,
2983 749 3040 796 et
3074 736 3283 810 Appula
3310 752 3538 810 qumque

2166 833 2300 889 Cum
2328 833 2573 889 Calabris
2600 833 2796 889 Siculis
2824 833 2940 888 loca
2972 833 3080 887 dux
3110 828 3202 887 dat
3229 832 3481 887 habenda
3510 830 3748 902 Rogero.

2168 925 2406 981 Roberto
2430 926 2612 981 comiti
2636 925 2993 981 committitur
3017 934 3179 995 atque
3205 924 3467 988 Girardo’;

2166 1015 2319 1070 Alter
2342 1014 2511 1071 fratre
2537 1025 2711 1082 satus,
2744 1012 3038 1070 fidissimus
3080 1012 3220 1069 alter
3247 1024 3458 1070 amator

2166 1105 2234 1160 Et
2264 1106 2480 1163 virtutis
2509 1121 2698 1162 amans
2726 1114 2845 1163 erat
2872 1113 2925 1161 et
2950 1100 3236 1177 probitatis
3266 1114 3519 1175 uterque.

2167 1195 2279 1254 Hos
2318 1208 2471 1268 rogat
2498 1206 2554 1252 ut
2585 1197 2979 1268 papaesolalia,
3011 1196 3055 1252 si
3085 1212 3192 1267 qua
3226 1192 3504 1261 valebunt,

2166 1290 2285 1346 Non
2310 1291 2568 1346 adhibere
2595 1301 2809 1363 negent.
2839 1290 2992 1358 Quod
3013 1298 3255 1361 cmperat
3284 1287 3610 1360 ipsesubire

2166 1381 2509 1438 Aeceleravit
2534 1381 2659 1449 iter,
2687 1382 2869 1437 decies
2894 1390 2948 1437 et
2974 1383 3215 1452 quinque
3245 1380 3504 1436 Liburnis

2166 1473 2333 1528 Adria
2371 1472 2632 1540 sulcatur,
2659 1472 2824 1530 Corifi
2855 1474 3038 1530 tremit
3065 1474 3241 1529 insula
3274 1473 3410 1528 tanti

2167 1564 2433 1635 Principis
2458 1581 2711 1623 accessus
2736 1566 2907 1623 electo
2930 1566 3101 1623 milite
3122 1556 3270 1622 fulti.

2168 1652 2281 1722 Illa,
2313 1654 2710 1721 Botrontinam,
2743 1672 2895 1727 gens,
2926 1672 3048 1726 quae
3072 1666 3451 1727 praecesserat,
3491 1648 3683 1711 urbem

2091 1739 2140 1800 B
2169 1744 2428 1815 Ceperat;
2454 1746 2583 1802 hinc
2614 1745 2780 1802 Corifi
2811 1748 3116 1818 genialibus
3143 1748 3272 1804 urbs
3300 1763 3638 1819 operumque

2166 1836 2399 1891 Prtedita
2432 1838 2719 1908 praesidiis,
2751 1838 2805 1892 in
2834 1839 3105 1895 deditione
3136 1840 3359 1910 recepit,

2166 1929 2567 1999 Obsidibusque
2593 1930 2756 1997 datis,
2786 1931 2934 1987 vehit
2963 1932 3136 1988 insula
3164 1941 3273 1987 tota
3294 1933 3591 1990 tributum.

2164 2020 2477 2076 Bunditiam
2501 2032 2680 2076 nauta:
2706 2021 2757 2076 vi
2782 2031 2996 2091 captam
3028 2023 3427 2094 depopulantur
3453 2043 3466 2077 :

2166 2112 2371 2185 Magnae
2394 2114 2592 2168 mentis
2618 2128 2785 2183 eques
2807 2113 3154 2169 Boamundus
3180 2115 3321 2170 filius
3349 2116 3491 2171 alter

2167 2203 2271 2272 Qui
2296 2203 2492 2271 fuerat,
2530 2204 2706 2275 prima
2739 2213 2897 2261 natus
2923 2206 2988 2260 de
3009 2205 3260 2276 conjuge,
3302 2206 3516 2262 cunctis

2166 2297 2211 2352 A
2242 2296 2377 2352 duce
2403 2296 2650 2352 deductis
2681 2296 2926 2366 equitum
2955 2298 3310 2368 peditumque
3338 2299 3581 2355 catervis

2168 2386 2371 2443 Militia;
2397 2388 2649 2459 princeps
2671 2389 3024 2459 praeponitur,
3057 2389 3289 2457 imperat
3317 2392 3446 2460 ipse,

2154 2481 2240 2539 'Ut
2263 2482 2493 2552 populus
2525 2483 2848 2554 totusjussis
2875 2484 3214 2553 obtemperet
3249 2483 3437 2551 huius;

2168 2571 2526 2643 Dyrrachium
2561 2572 2894 2645 (106).pater
2925 2574 3072 2639 hinc,
3101 2574 3318 2629 etfilius
3344 2576 3749 2642 obsidct‘illinc;

2152 2663 2462 2721 ‘Ohsessum
2500 2680 2762 2736 superare
2788 2666 2925 2721 mari
2960 2674 3213 2736 terraque
3238 2666 3509 2724 laborant.

2168 2756 2428 2813 Hortalus
2450 2756 2628 2814 fuerat
2646 2759 2761 2829 jam
2788 2773 2931 2828 smpe
2954 2758 3218 2837 Georgius
3250 2760 3374 2816 illuc

2167 2850 2490 2907 Aceelerare
2518 2851 2730 2916 ducem,
2755 2853 2881 2921 quia
2910 2853 2999 2924 qui
3026 2852 3610 2908 commiserat-urbem.

2168 2941 2432 2999 Audierat
2457 2943 2577 2999 solii
2607 2942 2973 3014 Nicephorum
3001 2945 3127 3000 sede
3155 2943 3449 3015 repulsum.

2124 3019 2136 3102 '_
2172 3028 2278 3085 Sed
2308 3032 2460 3086 ducis
2488 3032 2679 3088 aastivo
2702 3047 2971 3102 perpessa:
3003 3040 3246 3102 tempore
3275 3047 3440 3087 naves

476 3090 713 3182 Exhibet
738 3090 1095 3192 obsequium;
1108 3090 1339 3193 populus
1369 3094 1585 3191 quoque
1612 3090 1864 3174 credulus
1890 3112 2069 3171 omnis
2095 3090 2137 3151 (ἶ
2171 3120 2524 3194 Naufragium
2553 3090 2849 3194 impediere
2886 3124 3051 3189 viam,
3084 3090 3314 3195 navique
3342 3125 3614 3194 procellis,

475 3217 808 3288 Assurgebat
832 3230 881 3270 et
905 3215 1043 3270 flexa
1072 3213 1285 3269 cervice
1309 3210 1588 3275 salutans;

468 3308 636 3365 lianc
661 3307 926 3364 adhibens
952 3304 1160 3362 socium
1186 3304 1289 3361 sibi
1321 3304 1451 3367 dux,
1478 3310 1538 3355 ut
1562 3298 1763 3371 justior
1782 3304 1930 3353 esset

464 3400 654 3458 'Causa
694 3400 810 3462 vim,
852 3412 1038 3454 secum
1072 3396 1199 3452 dum
1229 3394 1568 3458 transfretat,
1600 3392 1716 3462 ipse
1739 3389 1972 3453 reducit,

475 3493 620 3547 Ante
642 3490 1010 3560 tarnenpaulo
1037 3502 1199 3558 quam
1226 3495 1488 3550 transeat,
1522 3483 1831 3539 accelerare

469 3583 639 3638 diune
665 3582 810 3653 regis
838 3580 1092 3643 mandata
1122 3586 1366 3641 monent,
1395 3591 1554 3647 quem
1577 3589 1715 3646 papa
1746 3580 1966 3631 notarat

478 3673 669 3743 Regna
694 3669 897 3742 privari
923 3682 1176 3733 censens,
1206 3676 1265 3722 ut
1294 3666 1544 3722 conferat
1572 3663 1646 3720 illi

477 3763 754 3820 Auxilium
781 3769 1190 3830 eontrapapam
1220 3757 1563 3828 tumidosque
1587 3756 1838 3826 quirites,

481 3854 587 3924 Qui
610 3854 737 3908 facti
770 3852 989 3923 fuerant
1013 3865 1119 3906 non
1150 3864 1271 3904 eum
1301 3848 1512 3903 ratione
1536 3845 1802 3902 rebelles:

480 3946 749 4017 Tempore
775 3959 871 4000 rev
899 3942 1130 3998 Romam
1155 3940 1379 3996 veniens
1408 3937 1867 4011 (105)70bsederat
1898 3935 1989 3990 illo

474 4041 599 4100 Dux
633 4050 947 4111 quanquam
972 4033 1171 4106 placidi
1206 4031 1422 4088 dederit
1452 4044 1713 4101 responsa
1746 4029 1991 4085 favoris:

480 4130 667 4203 Legati
699 4129 928 4184 redeunt
952 4125 1070 4180 sine
1093 4122 1336 4194 quolibet
1354 4121 1742 4176 emolumento.

479 4220 742 4291 Gregorio
770 4231 923 4288 papae
955 4215 1040 4271 cui
1074 4227 1208 4284 pura
1239 4210 1666 4267 mentefavebat

470 4313 672 4372 Omnia
700 4310 965 4374 notiticat,
994 4305 1236 4362 damnati
1267 4305 1457 4359 nuntia
1488 4304 1652 4374 regis,

476 4408 662 4479 Seque
690 4403 892 4460 fatetur
922 4402 1028 4456 iter
1062 4399 1369 4454 nullatenus
1395 4397 1525 4453 illud
1553 4398 1741 4461 inisse,

475 4499 784 4554 Adventum
815 4491 1064 4547 hostilem
1094 4500 1430 4559 przenoscere
1455 4486 1502 4541 si
1531 4487 1826 4541 valuisset:

478 4587 586 4643 Sed
614 4582 870 4655 quiajam
904 4589 1083 4653 tantos
1109 4578 1475 4650 compleverat
1504 4577 1619 4647 ipse
1644 4586 1886 4647 paratus,

475 4678 521 4732 A
567 4675 734 4731 tantis
757 4688 817 4730 se
841 4686 1001 4744 posse
1018 4676 1193 4741 negat
1212 4667 1475 4724 desistere
1504 4667 1718 4736 emptis.

478 4766 714 4822 Advenit
748 4765 955 4821 interea
988 4762 1209 4832 eonjux,
1241 4758 1578 4828 comitesque
1608 4757 1780 4829 rogati

480 4857 770 4927 Egregiam
805 4854 1049 4910 sobolem
1073 4850 1244 4906 multo
1271 4858 1552 4919 spectante
1581 4849 1852 4920 Rogerum

478 4945 728 5001 Accersit
746 4943 968 5016 populo,
1000 4941 1317 5011 cunctisque
1345 4939 1655 4995 videntibus
1682 4938 1831 4992 illum

2170 3214 2227 3271 In
2258 3231 2364 3285 qua
2392 3216 2498 3271 dux
2527 3218 2755 3281 aderat,
2781 3216 3193 3273 vehementibus
3221 3218 3457 3287 undique
3480 3216 3683 3284 fracta,

2170 3305 2271 3361 Vix
2302 3306 2564 3362 evadendi
2599 3306 2700 3361 fuit
2726 3306 2999 3377 impertita
3027 3306 3276 3363 facultas.

2170 3398 2343 3455 Dclati
2380 3412 2547 3467 panes
2571 3412 2670 3467 pro
2699 3398 3020 3468 corporibus
3048 3399 3362 3455 recreandis

2168 3486 2383 3544 Perfusi
2415 3488 2608 3559 pluviis
2634 3488 2687 3543 in
2720 3488 2894 3544 frusta
2919 3498 3199 3556 teruntur,
3223 3502 3286 3547 et
3312 3492 3475 3547 undis

2169 3578 2378 3636 Littore
2403 3578 2664 3651 proiectis
2692 3579 2826 3635 olidi
2851 3581 3202 3636 cumulantur
3230 3583 3435 3638 acervi.

2078 3732 2081 3733 ν
2169 3670 2288 3727 Dux
2318 3673 2568 3728 tristatur
2590 3672 2693 3727 iter
2718 3673 2902 3743 peragi
2934 3687 3040 3728 non
3072 3688 3238 3744 posse
3265 3683 3539 3744 paratum.

2166 3763 2325 3821 Aeris
2350 3773 2512 3835 atque
2536 3762 2699 3819 maris
2722 3779 2828 3819 non
2862 3764 3033 3820 fracto
3058 3766 3292 3830 turbine,
3318 3766 3506 3836 longas

2168 3855 2283 3912 Hoc
2310 3858 2549 3928 agitante
2580 3870 2782 3921 moras,
2819 3858 3017 3912 multos
3050 3856 3361 3929 Palialogns
3386 3859 3560 3929 Argos

2167 3945 2527 4017 Dyrrachium
2558 3946 2733 4008 duxit,
2756 3946 3054 4017 pulsusque
3076 3946 3345 4018 Georgius
3369 3949 3503 4003 urbe

2167 4037 2385 4094 Fraude
2411 4037 2532 4103 fuit,
2559 4038 2781 4093 missum
2808 4038 2909 4094 sibi
2936 4040 3138 4110 gaudet
3162 4040 3391 4095 Alexius
3414 4041 3643 4095 hostem.

2167 4129 2287 4185 Dux
2320 4143 2496 4185 tamen
2526 4147 2558 4184 a
2590 4131 2807 4201 emptis,
2838 4130 2927 4185 ubi
2958 4133 3226 4202 comperit
3255 4132 3423 4187 afl'orc
3454 4143 3664 4203 tempus

2165 4218 2349 4274 Noluit
2374 4219 2554 4285 avelli,
2579 4218 2745 4274 Corifi
2772 4220 2919 4290 prior
2949 4220 3127 4276 insula
3164 4221 3351 4277 cessit.

2167 4309 2306 4365 Hinc
2328 4310 2564 4365 Avelona
2595 4312 2775 4375 simul,
2811 4312 3034 4368 urbibus
3063 4323 3228 4387 atque
3252 4314 3575 4383 quibusdam

2096 4440 2143 4501 ι)
2169 4400 2426 4456 Littoreis
2463 4402 2661 4471 captis,
2690 4403 2952 4458 munitius
2979 4418 3100 4458 esse
3128 4409 3273 4474 quod
3303 4407 3472 4469 audit,

2171 4490 2530 4561 Dyrrachium
2567 4492 2806 4557 obsedit;
2837 4492 3109 4562 quondam
3142 4492 3245 4547 fuit
3281 4496 3413 4549 urbs
3439 4495 3688 4565 opulenta

2170 4578 2469 4651 Magnaque
2503 4581 2771 4651 praecipue
2801 4582 3055 4652 tegulosis
3082 4583 3255 4639 obsita
3287 4586 3475 4652 muris,

2174 4671 2287 4727 [lex
2316 4671 2660 4741 Epirotarum
2691 4672 2863 4727 dicier
2895 4673 3036 4728 hanc
3065 4674 3213 4745 (107)
3245 4677 3575 4746 Epidnarum

2167 4760 2410 4832 Pyrrhus
2440 4762 2715 4831 praecepit,
2748 4763 2873 4831 quia
2904 4762 3061 4819 fortia
3086 4764 3232 4820 ferre
3258 4767 3517 4836 quiritum

2169 4852 2316 4907 Bella
2345 4851 2660 4908 Tarentinis
2692 4854 2931 4910 sociatus
2959 4871 3063 4909 non
3093 4856 3396 4913 dubitavit:

2172 4942 2302 4998 Inde
2333 4942 2586 5012 frequens
2616 4944 2814 4998 bclfum
2846 4945 3025 4999 varios
3054 4954 3108 5000 et
3128 4962 3287 5017 passa
3323 4948 3533 5006 labores
