4010 5230
253 291 396 349 1οω

254 387 594 441 Dcstructam
617 382 795 454 spatio
826 393 945 455 post
972 400 1323 455 composuere
1353 386 1548 439 minori

249 477 452 534 Zethus
481 486 537 532 et
559 477 846 546 Amphion,
876 485 930 531 et
956 492 1260 547 prmeepere
1287 462 1470 534 vocari

252 567 645 636 Dyrrachium;
678 553 828 620 ducis
859 566 963 620 hoc
994 567 1366 621 circumdatur
1401 567 1698 623 obsidione.

249 659 338 713 Fit
356 673 524 728 pavor
551 653 786 713 obsessa:
813 673 917 713 non
942 673 1139 728 parvus
1170 661 1376 716 civibus
1400 662 1572 725 urbis,

250 747 318 801 Et
343 747 526 818 vigiles
555 756 818 811 statuunt,
851 749 1092 803 custodia
1127 749 1227 802 lida
1257 765 1355 820 per
1385 753 1571 806 urbem

251 838 495 902 Ponitur,
530 838 758 908 imperio
780 838 977 894 factam
1007 840 1158 895 ducis
1181 828 1514 896 obsidionem

251 930 562 997 Notilicant,
601 940 654 987 et
678 948 833 1003 opem
863 933 1056 1004 legatis
1087 950 1306 1004 poscere
1331 947 1542 992 curant.

245 1023 574 1094 Oppugnare
602 1027 775 1082 modis
801 1026 908 1081 dux
934 1029 1122 1082 nititur
1176 1029 1426 1084 omnibus
1451 1031 1662 1096 urbem,

251 1119 428 1186 Atque
453 1118 631 1188 operis
662 1118 782 1172 miri
809 1117 1109 1174 fabricatur
1134 1120 1311 1190 lignea
1338 1123 1522 1176 turris.

250 1208 404 1263 Hanc
431 1223 592 1279 super
616 1219 699 1265 est
733 1211 920 1280 ingens
952 1222 1134 1267 erecta
1163 1215 1393 1283 petraria
1427 1230 1650 1286 magnos

248 1295 546 1364 Projiciens
565 1298 761 1366 jactus,
791 1308 848 1354 ut
874 1303 1070 1355 mcenia
1101 1303 1280 1356 diruat
1305 1304 1473 1360 urbis.

251 1389 483 1445 Assidue
506 1390 652 1446 cives
683 1388 866 1463 augeri
891 1402 1070 1448 castra
1103 1394 1366 1461 videntes,

247 1480 447 1538 Omnia
482 1484 708 1549 vastari,
733 1484 943 1553 praedas
973 1486 1234 1540 accedere
1265 1501 1507 1556 magnas,

251 1571 599 1642 Hybernique
619 1573 805 1628 domos
822 1589 924 1642 pro
955 1572 1167 1644 frigoris
1189 1573 1448 1630 mdilicari

250 1661 494 1726 Incursu,
525 1677 664 1716 vana
693 1679 814 1733 spe,
841 1679 960 1732 qua:
987 1664 1274 1733 deceperat
1310 1665 1429 1720 illos

251 1748 478 1806 Iiostilis
509 1751 730 1816 reditus,
754 1765 975 1821 cepere
1002 1767 1192 1808 carere
1224 1755 1418 1809 coacti.

250 1837 412 1894 Stare
441 1839 631 1894 ducem
671 1839 929 1904 credunt,
963 1849 1016 1894 et
1044 1856 1148 1896 non
1181 1841 1474 1897 abscedere
1499 1845 1656 1908 velle,

250 1928 390 1983 Dum
421 1928 523 1984 sibi
553 1931 749 1986 subdat
778 1937 834 1984 et
857 1930 1000 1984 hanc.
1031 1931 1166 1986 alias
1193 1933 1285 2001 qui
1309 1929 1545 1988 subdidit
1575 1937 1754 1990 urbes.

247 2021 486 2093 Legatos
512 2023 769 2087 mittunt;
803 2037 901 2078 cur
929 2023 1138 2078 venerit
1166 2024 1279 2092 ipse
1314 2026 1616 2094 requirunt.

250 2111 369 2166 Dux
395 2113 606 2168 venisse
638 2113 806 2170 refert
833 2129 893 2170 se
917 2114 1068 2184 regni
1100 2114 1229 2170 sede
1255 2115 1501 2185 repulsus

248 2202 528 2259 Immerito
563 2203 811 2272 Michael,
842 2213 902 2259 ut
931 2207 1251 2263 restituatur
1277 2206 1490 2260 honori.

248 2297 332 2352 Illi
363 2299 688 2366 promittunt
715 2301 864 2355 urbis
885 2315 1023 2370 quos
1053 2301 1167 2366 ipse
1188 2299 1407 2369 petebat

251 2391 559 2460 Ingressus,
595 2407 872 2460 nunquam
901 2393 1018 2446 viso
1047 2389 1310 2445 Michaele
1338 2389 1634 2458 negandos.

252 2480 611 2536 Cornicinum
636 2481 817 2536 sonitu
843 2483 1210 2538 circumdatus
1239 2489 1404 2550 atque
1435 2482 1688 2534 tubarum

250 2570 322 2626 Et
349 2571 590 2641 plectris,
615 2573 705 2642 qui
735 2587 795 2627 se
819 2572 1132 2627 Michaelem
1169 2573 1398 2627 ﬁnxerat
1421 2587 1563 2637 esse,

252 2661 402 2716 More
437 2671 724 2718 coronatus
752 2663 1036 2718 deducitur
1059 2664 1348 2732 imperiali,

247 2752 699 2810 Circumvallatus
725 2755 1070 2809 cantantibus
1095 2755 1330 2824 undique
1363 2755 1551 2810 turbis.

253 2839 510 2896 Unanimi
539 2842 687 2897 cives
715 2841 857 2897 hunc
885 2849 944 2896 ut
974 2843 1174 2908 videre,
1201 2844 1466 2900 cachinno

254 2930 443 2987 Visum
475 2933 721 2988 derident
746 2933 988 2990 dicentes
1013 2975 1025 2988 .
1066 2934 1173 2989 Iste
1204 2935 1412 2990 solebat

251 3021 510 3079 Crateras
537 3023 738 3080 mensis
765 3025 952 3095 plenos
971 3025 1182 3080 deferre
1210 3025 1390 3096 Lyaeo,

255 3109 324 3167 Et
348 3115 413 3168 de
433 3114 709 3182 pineernis
743 3122 863 3168 erat
891 3113 1234 3169 inferioribus
1265 3129 1419 3168 unus.

253 3200 549 3272 Postquam
582 3203 873 3258 Robertum
903 3205 1152 3272 cognovit
1186 3203 1409 3257 Alexius
1436 3203 1597 3257 urbes

252 3289 522 3348 Invasisse
544 3309 694 3360 suas,
725 3295 930 3349 veritus
955 3309 1022 3349 ne
1056 3295 1250 3348 subdat
1279 3304 1333 3348 et
1372 3295 1582 3358 urbem,

260 3383 376 3437 Dux
409 3385 510 3439 sibi
538 3385 818 3454 Dyrrachii
851 3399 1043 3453 magna
1072 3399 1195 3438 cum
1223 3393 1384 3454 gente
1415 3385 1625 3453 paravit

255 3475 562 3532 Occursare
588 3476 743 3541 duci;
772 3476 925 3532 bellis
962 3475 1242 3530 navalibus
1273 3475 1349 3529 illi

255 3567 588 3623 Praemouuit
609 3569 812 3624 sociam
835 3567 1122 3637 pugnando
1147 3567 1398 3621 resistere
1419 3573 1655 3636 gentem.

257 3659 376 3716 Non
415 3661 602 3729 ignara
629 3659 847 3730 quidem
886 3659 1009 3714 belli
1036 3658 1242 3713 navalis
1270 3666 1327 3713 et
1345 3657 1521 3712 audax

257 3749 403 3805 Gens
429 3758 548 3806 erat
573 3751 720 3816 haec;
757 3749 902 3804 illam
936 3748 1192 3818 populosa
1225 3747 1448 3802 Venetia
1479 3746 1624 3801 misit

255 3839 476 3910 Imperii
504 3853 687 3909 prece,
719 3837 872 3892 dives
901 3852 1084 3906 opum,
1124 3837 1381 3905 divesque
1416 3835 1680 3899 virorum,

257 3927 374 3994 Qua
405 3927 558 3983 sinus
583 3927 830 3982 Adriacis
857 3927 1129 3982 interlitus
1158 3927 1376 3982 ultimus
1400 3925 1556 3980 undis

254 4019 516 4090 Subjacet
539 4021 790 4085 Arctum,
819 4029 945 4076 sunt
969 4018 1125 4088 hujus
1157 4018 1354 4073 mmnia
1379 4018 1558 4088 gentis

254 4115 632 4183 Circumsepta
666 4113 824 4178 mari,
855 4127 957 4168 nec
986 4112 1052 4166 ab
1079 4111 1282 4165 aedibus
1308 4109 1444 4163 alter
1464 4109 1529 4164 ad
1556 4108 1698 4164 mdes

255 4207 497 4263 Alterius
527 4205 766 4261 transire
792 4213 993 4275 potest,
1023 4203 1126 4258 nisi
1151 4203 1311 4256 lintre
1347 4202 1591 4256 vehatur.

257 4299 489 4367 Semper
514 4297 673 4368 aquis
700 4296 967 4359 habitant,
995 4308 1127 4364 gens
1158 4292 1304 4346 nulla
1335 4291 1599 4344 valentior
1627 4290 1729 4343 ista

255 4387 550 4457 Equoreis
578 4387 750 4451 bellis,
784 4385 1089 4452 ratiumque
1125 4399 1219 4452 per
1252 4373 1470 4449 aequora
1501 4380 1686 4434 ductu.

256 4479 481 4534 (livibus
503 4477 740 4532 obsessis
768 4477 1016 4530 hortatur
1036 4472 1258 4528 Alexius
1283 4470 1401 4526 illos

256 4567 530 4622 Auxilium
556 4567 824 4630 conferre,
849 4580 978 4620 snas
1004 4572 1058 4619 et
1086 4563 1280 4617 ducere
1310 4575 1494 4625 naves,

257 4657 326 4712 Et
354 4673 595 4727 pugnare
621 4657 776 4712 ducis
805 4671 927 4711 cum
957 4654 1203 4717 navibus,
1233 4660 1290 4706 ut
1315 4650 1580 4720 superatis

258 4747 516 4808 Ilostibus
542 4748 626 4802 his
647 4746 808 4812 bello,
834 4745 1010 4802 facilis
1034 4745 1185 4800 labor
1214 4753 1358 4798 esset
1385 4742 1521 4797 inire

257 4837 314 4892 In
349 4847 508 4894 terris
534 4839 750 4906 bellum.
791 4836 995 4906 Populo
1021 4835 1172 4891 ducis
1197 4842 1488 4890 extenuato

255 4925 487 4997 Imperio
517 4936 728 4998 parent,
757 4926 907 4980 ducis
937 4934 992 4980 et
1017 4939 1138 4979 cum
1164 4924 1390 4977 navibus
1420 4923 1499 4975 ire

257 5020 566 5090 Pugnatum
601 5025 924 5088 preperant;
953 5015 1063 5084 jam
1093 5029 1279 5083 vesper
1301 5014 1490 5068 adesse
1520 5011 1625 5066 diei

255 5113 508 5136 I‘~.....-“O
560 5115 848 5136 ΑΑη-ι-κ-ι-ιιο
883 5121 1043 5136 nnunn
1074 5104 1250 5136 Ᾱηηῖσο
1286 5114 1334 5136 ad
1369 5103 1493 5136 nu:¢\
1523 5103 1696 5136 nnnlia

857 287 946 342 DE
982 285 1210 344 BEBUS
1250 286 1493 345 GESTIS
1545 289 1902 348 NORLIANN.
1940 292 2010 348 IN
2051 291 2310 358 SI'CILIA,
2350 291 2505 348 ETC.
2546 321 2614 331 —
2646 291 2774 346 LIB.
2816 290 2895 347 IV.

3363 288 3505 347 Η)ἶο

1856 391 1900 446 Α
1929 387 2168 456 Amplius
2194 386 2352 456 hujus
2375 393 2493 439 erat
2524 385 2648 454 quia
2677 401 2846 456 gnara
2877 383 3133 438 Venetica
3168 383 3287 438 belli

1926 477 2072 534 Gens
2095 478 2204 532 ruit
2223 477 2478 531 audacter
2502 476 2680 546 (108);
2710 476 2898 531 classis
2929 475 3084 530 ducis
3105 475 3476 544 expavel’acta.

1927 569 2010 623 Ad
2032 578 2247 638 portum
2277 567 2498 639 fugitiva
2536 568 2694 631 redit,
2727 567 2804 622 sic
2830 581 3006 637 pugna
3031 565 3292 622 remansit

1929 660 2036 718 'I'er
2067 663 2324 718 redeunte
2353 662 2458 727 dic,
2486 676 2622 732 gens
2659 661 2826 714 multa
2868 658 3122 716 Venetica
3145 669 3362 729 portum

1927 753 2169 824 Appetit,
2199 762 2253 810 et
2276 767 2440 808 naves
2473 743 2697 807 Roberti
2721 759 2893 805 marte
2919 749 3136 805 lacessit

1925 845 2073 900 Gens
2102 846 2359 900 comitata
2386 845 2577 899 ducem
2605 859 2728 898 cum
2757 843 3070 898 Dalmaticis
3095 842 3346 912 'Ragusea

1929 936 2182 992 Telorum
2209 936 2387 991 densis
2408 937 2704 992 consternit
2727 934 2962 1004 jactibus
2987 949 3190 1004 aequor.

1929 1027 2046 1082 Non
2075 1037 2254 1082 tamen
2283 1042 2312 1080 a
2341 1036 2499 1096 portu
2523 1027 2712 1096 procul
2743 1026 2942 1080 audent
2972 1026 3170 1080 ducere
3198 1041 3361 1081 naves

1928 1121 2239 1176 Castrorum
2269 1117 2494 1173 dederat
2535 1123 2706 1172 tutum
2736 1116 2933 1171 vicinia
2969 1125 3199 1186 portum.

1928 1208 2170 1263 Funibus
2200 1207 2386 1262 incisis
2414 1207 2674 1276 quasdam
2708 1206 2969 1261 violenter
2994 1206 3061 1260 ab
3092 1205 3206 1272 ipso

1930 1299 2136 1353 Littore
2157 1288 2433 1369 propulsat
2457 1298 2506 1352 vi
2539 1297 2690 1351 turba
2726 1295 2980 1352 V’enetiea
3016 1297 3200 1358 ducit;

1931 1387 2048 1444 Non
2077 1389 2179 1443 hoc
2212 1399 2444 1443 terretur
2474 1388 2626 1444 ducis
2660 1388 3019 1457 imperterrita
3049 1401 3180 1442 casu

1932 1479 2082 1534 Mens
2107 1479 2248 1533 aliud
2278 1479 2565 1541 meditans,
2598 1488 2651 1533 et
2681 1479 2857 1533 adhuc
2887 1486 3099 1532 certare
3125 1486 3317 1546 parata

1931 1558 2119 1636 majori
2148 1578 2410 1632 statuens,
2444 1568 2684 1636 aliasque
2713 1567 2977 1622 adducere
3005 1575 3188 1629 naves.

1930 1661 2062 1728 Quae
2091 1661 2211 1731 plus
2238 1659 2381 1715 ferre
2407 1668 2626 1730 queant,
2654 1667 2709 1713 et
2735 1657 2853 1727 plus
2887 1657 3087 1713 inferre
3111 1657 3311 1712 laboris

1857 1737 1904 1796 Β
1931 1753 2096 1808 Facta
2120 1751 2292 1806 libens
2325 1752 2492 1804 turba:
2528 1749 2766 1804 victricis
2794 1749 3016 1805 Alexius
3045 1749 3198 1804 audit

1931 1844 2169 1900 Roberto
2195 1842 2361 1908 soliti,
2385 1856 2524 1911 quos
2553 1839 2725 1895 insula
2755 1855 2979 1910 quaeque
3007 1839 3241 1904 fovebat,

1929 1925 2098 1993 Ferre
2128 1935 2348 2000 tributa,
2374 1933 2732 1988 maris'naves
2764 1931 2936 2000 magis
2965 1945 3092 1986 esse
3126 1930 3364 1984 valentes

1932 2029 2068 2084 Dum
2094 2028 2246 2083 ducis
2281 2027 2582 2098 accipiunt;
2617 2042 2772 2097 tequa
2804 2025 3019 2082 feritate
3051 2025 3278 2081 rebelles

1932 2119 2246 2190 Proponunt
2274 2120 2414 2175 fieri.
2441 2119 2584 2174 Laus
2610 2119 2754 2190 (109.)
2779 2127 3035 2188 personat
3064 2116 3356 2187 imperialis

1931 2209 2146 2279 Imperii
2164 2211 2342 2279 jussu,
2371 2225 2437 2263 ne
2457 2209 2581 2264 belli
2606 2210 2861 2278 prtescius
2883 2209 3056 2263 hostis

1931 2299 2185 2356 Cautelas
2213 2299 2474 2354 adhibens
2512 2308 2736 2352 ventura
2763 2299 3000 2369 pericula
3027 2299 3178 2362 vitet,

1936 2391 2206 2446 Montibus
2229 2399 2280 2445 et
2318 2389 2464 2443 ﬂuvii
2489 2389 2728 2443 munitur
2754 2389 3014 2444 transitus
3037 2388 3232 2443 omnis.

1937 2483 2149 2537 lrruere
2177 2481 2395 2535 incauto
2419 2479 2497 2534 sic
2519 2487 2705 2548 sperat
2742 2479 2965 2535 Alexius
2992 2479 3170 2542 hoste,

1934 2575 2310 2642 Invictumque
2341 2572 2532 2628 ducem
2549 2571 2760 2627 assultu
2790 2586 3048 2640 superare
3075 2569 3264 2626 latenti

1938 2665 2254 2720 Innumeras
2277 2663 2424 2718 ducit
2453 2663 2603 2717 varia
2633 2662 2702 2716 de
2724 2672 2886 2731 gente
2912 2671 3160 2717 catervas

1941 2753 2172 2807 Maxima
2200 2753 2502 2808 barbarica:
2525 2747 2646 2808 cum
2688 2751 2890 2808 Graecis
2917 2753 3070 2821 copia
3097 2751 3275 2821 gentis

1942 2844 2097 2898 Hune
2117 2843 2504 2910 comitabatur;
2536 2851 2712 2898 tamen
2744 2843 2824 2898 ire
2853 2842 3084 2896 Basilius
3107 2850 3238 2894 ante

1940 2934 2247 2989 Electorum
2275 2935 2516 3004 equitum
2545 2949 2730 2990 secum
2771 2934 2876 2989 duo
2915 2933 3081 2988 millia
3111 2935 3312 2989 ducens

1944 3025 2241 3093 Castraque
2268 3024 2491 3078 Boberti
2522 3025 2673 3079 ducis
2701 3024 2985 3094 explorare
3013 3023 3254 3092 jubetur.

1867 3076 1912 3137 Ο
1943 3076 2381 3184 Mesopn‘tarnites
2407 3125 2526 3171 erat
2553 3117 2662 3180 hic,
2688 3076 2921 3184 bellique
2946 3076 3160 3170 labores

1943 3205 2210 3273 Expertus
2241 3205 2436 3265 varios,
2459 3204 2707 3272 sequitur
2733 3213 3003 3274 prazcepta
3026 3203 3286 3272 jnbentis.

1941 3293 2184 3363 Cumque
2209 3293 2540 3347 Botrontina:
2571 3292 2726 3347 fieret
2744 3293 2860 3362 jam
2883 3293 3166 3362 proximus
3195 3293 3338 3355 urbi,

1941 3382 2147 3436 Rumor
2174 3382 2325 3436 adest
2351 3382 2565 3452 equites
2595 3382 2747 3437 ducis
2785 3383 2928 3437 haud
2966 3381 3152 3453 procul
3182 3383 3264 3436 ire
3291 3382 3526 3436 ferentes
3562 3385 3571 3392 '

1940 3471 2058 3526 Non
2088 3472 2353 3526 modicam
2379 3472 2642 3540 przedam,
2664 3486 2785 3525 cum
2813 3487 2941 3542 pars
2978 3470 3092 3539 jam
3144 3470 3309 3523 multa
3341 3469 3529 3546 fuisset

1941 3561 2158 3627 Saucia,
2188 3561 2505 3626 Turcorum,
2535 3576 2670 3632 quos
2698 3561 2932 3616 duxerat
2977 3562 3085 3626 ille,
3123 3560 3369 3630 sagittis:

1941 3653 2112 3707 Marte
2141 3652 2275 3707 mori
2303 3652 2482 3720 potius
2507 3667 2669 3722 quam
2693 3653 2886 3708 cedere
2913 3653 3142 3723 turpiter
3170 3652 3330 3721 Argis
3371 3709 3374 3712 ,

1945 3739 2236 3797 Unanimes
2262 3749 2528 3808 statuunt,
2567 3751 2622 3796 et
2652 3751 3044 3798 convertuntur
3076 3742 3131 3797 in
3163 3742 3356 3813 hostes.

1937 3831 2116 3888 Gente
2143 3841 2438 3900 coarctata,
2466 3848 2574 3902 quo
2601 3833 2933 3903 praevalnere
2958 3845 3174 3906 paratu.

1944 3915 2104 3979 Turci
2138 3933 2407 3979 terrentur
2443 3926 2720 3980 conversis
2744 3925 2990 3982 hostibus
3019 3927 3138 3981 illos

1940 4016 2156 4072 Acriter
2181 4017 2379 4082 obniti,
2401 4018 2749 4088 graviterque
2771 4016 2938 4074 ferire
2967 4018 3211 4073 videntes

1941 4108 2170 4180 Agmine
2200 4118 2347 4164 stare
2373 4112 2559 4179 nequit
2589 4111 2826 4181 fugiente
2861 4111 3094 4167 Basilius
3124 4113 3316 4166 horum

1942 4196 2010 4252 Et
2040 4199 2249 4268 capitur
2272 4199 2510 4269 fugiens;
2541 4200 2686 4254 acies
2724 4199 3084 4254 Normannica
3115 4211 3333 4269 captum

1943 4287 2278 4345 Praesentare
2298 4290 2420 4344 duci
2448 4298 2702 4360 properat
2726 4307 2740 4355 ;
2775 4290 3044 4345 Robertus
3070 4291 3140 4345 ab
3170 4291 3262 4345 illo

1866 4413 1916 4470 ι)
1943 4382 2134 4438 Omnia
2165 4381 2431 4452 perquirit
2458 4382 2586 4449 quid
2610 4390 2779 4436 tentet
2800 4381 3019 4450 Alexius
3045 4384 3097 4436 in
3129 4399 3209 4447 se,

1945 4473 2040 4527 Vel
2070 4473 2198 4542 quid
2224 4471 2361 4526 inire
2381 4471 2532 4537 velit,
2556 4483 2789 4542 quantas
2819 4472 2884 4528 ad
2914 4473 3052 4529 bella
3080 4475 3332 4528 cohortes

1943 4559 2522 4615 Moverit?Adventum
2555 4570 2836 4631 postquam
2877 4562 2983 4618 dux
3026 4578 3146 4618 esse
3168 4564 3529 4632 propinquum

1945 4648 2204 4704 Hostilem
2232 4649 2442 4714 didicit,
2466 4651 2683 4721 quantis
2709 4661 2765 4706 et
2785 4651 3008 4708 Alexius
3035 4652 3183 4706 illum

1945 4741 2173 4812 Impetat
2198 4742 2520 4813 agminibus,
2549 4759 2806 4812 proceres
2835 4759 2974 4813 quos
2993 4745 3220 4800 duxerat
3244 4759 3432 4799 omnes

1944 4833 2252 4900 Convocat;
2284 4835 2473 4890 accitis
2498 4849 2616 4903 quiue
2639 4845 2866 4892 noverat
2885 4837 3068 4891 omnia
3093 4837 3276 4904 pandit

1948 4924 2015 4979 Et
2033 4927 2161 4995 quid
2187 4941 2323 4996 opus
2347 4926 2494 4980 facto
2518 4924 2590 4978 sit
2611 4927 2864 4983 consulit.
2896 4928 3074 4983 Effera
3105 4943 3335 4996 quorum

1949 5014 2096 5070 Ilens
2125 5025 2264 5080 erat,
2292 5013 2483 5072 audaci
2510 5013 2788 5073 dimittere
2825 5029 3004 5074 castra
3037 5017 3356 5085 quibusdam

1947 5105 2183 5136 ΓΛηοῖΙῗΑ
2216 5107 2415 5136 κιαι-..31
2479 5104 2816 5136 υοηῖηηιῖῑε..η
2843 5108 2892 5136 ἓν.
2903 5108 3214 5136 ,1..Ι.ἶιηηοη.ε
