4010 5230
524 309 653 364 1071
1148 328 1155 337 ·
1831 300 1871 354 G
1885 299 2107 356 UILLEI

2195 298 2201 354 Ι
2239 295 2443 355 APULI
3637 299 3778 357 £072

513 425 590 478 -Ει
613 421 809 476 frustra
839 418 1006 488 quaeri
1029 415 1274 472 vincendi
1304 415 1556 486 przedicat
1582 423 1775 480 artem,
2134 421 2174 477 Α
2203 414 2438 468 Matthaei
2471 411 2661 479 ﬁdens,
2695 429 2800 468 non
2827 413 3128 471 dillidenter
3153 414 3207 470 in
3237 415 3448 470 hostem

517 512 654 567 Cum
687 511 791 564 nisi
821 511 884 564 de
906 509 1042 564 coelo
1064 507 1191 562 nulli
1226 506 1450 561 victoria
1483 507 1659 560 detur.
2201 506 2382 572 Irruit,
2423 515 2585 576 atque
2609 506 2759 562 ferox
2786 507 3004 563 obsessa
3039 524 3143 564 non
3178 510 3363 578 procul
3403 509 3537 564 urbe

518 600 569 656 Is
594 601 722 655 licet
743 599 987 670 egregios
1008 599 1214 667 equites
1243 597 1343 652 sibi
1374 596 1537 651 sciret
1565 597 1775 661 adesse,
2200 597 2481 652 Commisit
2505 598 2725 653 bellum.
2759 599 3056 670 Superatur
3087 601 3329 664 Alexius,
3361 611 3525 672 atque

520 692 606 746 Nil
628 692 860 747 ineundo
887 701 1064 746 tamen
1089 691 1409 746 temerarius
1436 703 1557 746 esse
1579 689 1786 745 volebat
1814 709 1826 743 :
2201 686 2375 756 Terga
2414 688 2613 743 dedere
2637 691 2738 752 sui,
2764 691 2890 760 quia
2924 691 3208 760 plusquam
3235 691 3402 746 millia
3429 692 3667 763 quinque

509 780 888 853 Congressum
919 782 1137 851 qmdem
1169 795 1300 852 gens
1335 779 1744 836 innumerabilis
1768 795 1886 836 esse
2198 777 2463 847 Argolicae
2492 779 2666 849 gentis
2690 780 2938 836 sunthoc
2973 782 3269 836 certamine
3295 795 3458 846 caesa,

513 872 809 928 Dicebatur
832 873 906 940 ei,
937 887 1035 928 nec
1061 874 1237 928 adhuc
1263 882 1452 928 natura
1483 873 1720 928 virorum
2195 867 2332 924 Pars
2358 883 2572 939 quoque
2595 869 2894 926 'I‘urcorum
2918 888 3039 926 cum
3070 871 3272 928 Grecis
3295 873 3481 927 interit
3507 874 3720 942 ingens,

518 964 654 1019 Nota
681 965 782 1021 sibi
816 964 1011 1020 fuerat.
1047 965 1214 1020 Catus
1244 965 1383 1019 unde
1411 964 1679 1034 sagaciter
1705 977 1894 1019 omnes
2197 957 2398 1026 Captus
2418 965 2473 1012 et
2497 972 2770 1014 armorum
2801 959 2984 1016 varius
3005 961 3153 1015 nitor
3170 970 3253 1016 est
3286 970 3341 1017 et
3370 977 3660 1033 equorum.

507 1056 742 1112 Ordinat
765 1063 888 1111 ante
914 1071 1059 1122 suos,
1090 1065 1144 1110 et
1170 1071 1391 1126 qumque
1420 1055 1658 1124 paranda
1681 1064 1917 1125 coaptat,
2196 1046 2473 1118 Captaque
2500 1057 2628 1104 sunt
2657 1051 2897 1104 Danaum
2931 1051 3129 1106 diversi
3167 1053 3320 1122 signa
3354 1052 3570 1108 decoris
3595 1073 3610 1109 :

517 1143 632 1198 Non
659 1159 688 1198 a
725 1144 1023 1215 Dyrrachio
1043 1145 1230 1215 procul
1256 1153 1571 1216 exspectare
1601 1145 1813 1200 volebat
2194 1132 2297 1191 Vix
2319 1138 2604 1207 equitesde
2630 1148 2788 1210 gente
2812 1140 2965 1196 ducis
2995 1149 3220 1211 potuere
3247 1143 3513 1212 perempti

516 1235 750 1291 llostiles
775 1250 998 1302 cuneos,
1029 1237 1206 1292 subito
1231 1237 1571 1292 venientibus
1592 1236 1716 1303 illis,
2195 1227 2353 1284 Οενηί
2393 1230 2632 1302 triginta.
2661 1231 3021 1304 Lacrymatur
3041 1233 3258 1289 Alexins
3285 1235 3494 1289 hostem

515 1327 664 1382 More
686 1328 1039 1394 locustarum,
1069 1337 1281 1384 montes
1310 1337 1364 1384 et
1385 1328 1544 1398 plana
1578 1337 1850 1398 teguntur.
2190 1313 2550 1376 ’Prarvalnisse
2575 1323 2698 1386 sibi,
2734 1324 2818 1378 cui
2852 1339 2952 1378 nec
2990 1340 3088 1394 par
3110 1326 3260 1394 copia
3292 1325 3489 1393 gentis,

513 1416 803 1472 Proximus
823 1416 1038 1473 Oceano
1070 1417 1183 1487 jam
1214 1419 1293 1474 sol
1322 1433 1472 1486 erat;
1509 1420 1648 1475 unde
1676 1421 1896 1476 necillis
2195 1409 2306 1465 Nec
2335 1427 2432 1481 par
2462 1427 2656 1467 census
2685 1422 2836 1477 erat;
2871 1414 3099 1468 discedit
3134 1415 3352 1469 saucius
3383 1415 3516 1482 ipse.

509 1505 659 1560 Bella
687 1507 888 1572 subire,
923 1523 1024 1562 nec
1056 1509 1138 1564 his
1159 1509 1366 1579 placuit
1393 1525 1408 1562 :
1438 1509 1570 1563 dant
1598 1509 1838 1564 membra
1870 1509 2056 1579 quieti.
2192 1501 2416 1573 Cogitur
2437 1514 2492 1558 et
2515 1505 2816 1576 lacrymans
2840 1506 3098 1577 inglorius
3119 1507 3210 1561 ille
3245 1507 3466 1570 reverti.

512 1596 791 1667 Dyrrachii
815 1597 1012 1666 populo
1042 1599 1325 1652 mandarat
1351 1599 1569 1653 Alexius
1591 1599 1736 1654 omni
2187 1591 2373 1650 Gloria
2388 1597 2472 1650 cui
2489 1595 2874 1652 fueratlrustr‘a
2895 1607 3106 1668 sperata
3138 1599 3410 1670 triumphi.

511 1687 697 1742 Hostis
722 1690 994 1758 congressi
1027 1698 1150 1759 post
1188 1699 1334 1760 terga
1369 1690 1554 1746 venire
1582 1690 1844 1755 studeret,
2124 1759 2144 1762 Α
2197 1684 2345 1739 Uxor
2371 1686 2422 1740 in
2455 1688 2556 1742 hoc
2587 1687 2725 1743 bello
2755 1689 2975 1745 Roberti
3012 1690 3158 1745 forte
3192 1694 3388 1762 sagitta

512 1776 582 1832 Ut
611 1787 757 1833 tutus
780 1778 896 1834 ﬁeri
928 1795 1027 1834 nec
1056 1789 1201 1834 retro
1228 1796 1326 1834 nee
1355 1791 1479 1835 ante
1511 1780 1739 1836 valeret.
2119 1759 2168 1818 Β
2197 1771 2438 1840 Quadam
2469 1775 2591 1831 hesa
2625 1776 2756 1842 fuit;
2797 1793 2904 1849 quo
2931 1779 3152 1835 vulnere
3179 1759 3362 1835 territa
3391 1781 3597 1834 nullam

510 1867 700 1923 Castra
724 1879 930 1924 cremat
955 1871 1202 1924 veniente
1228 1872 1314 1924 die
1339 1872 1443 1924 dux
1472 1871 1725 1941 providus
1754 1872 1970 1938 horum,
2193 1862 2327 1917 Dum
2360 1865 2613 1934 Sperabat
2640 1881 2818 1936 opem,
2847 1882 2904 1922 se
2933 1883 3071 1937 pene
3095 1870 3380 1938 subegerat
3402 1871 3572 1936 hosti,

511 1957 585 2012 Ut
606 1959 742 2012 duce
768 1959 1011 2028 digresso
1034 1960 1105 2013 sit
1130 1959 1210 2013 fas
1243 1961 1540 2029 irrumpere
1562 1960 1712 2014 nulli.
2192 1955 2416 2029 Navigio
2441 1957 2594 2027 cujus
2623 1975 2682 2014 se
2709 1965 3092 2018 commendare
3127 1965 3341 2020 Volebat

507 2049 813 2102 Commovit
838 2050 985 2116 prior
1013 2049 1124 2118 ipse
1145 2064 1277 2104 suas
1302 2050 1368 2102 ad
1403 2050 1538 2103 bella
1563 2050 1816 2104 cohortes
1843 2064 1857 2102 :
2188 2047 2442 2104 Instantis
2472 2060 2717 2105 metuens
2751 2052 2928 2106 vicina
2958 2055 3193 2124 pericula
3222 2056 3372 2112 lethi.

507 2140 737 2209 Agmina
763 2141 916 2210 plura
947 2156 1167 2196 movens
1195 2141 1435 2196 occurrit
1466 2141 1690 2195 Alexius
1717 2141 1813 2194 illi.
2188 2135 2342 2191 IIanc
2365 2139 2504 2192 Deus
2527 2139 2744 2208 eripuit,
2780 2140 2893 2195 fieri
2925 2142 3156 2198 ludibria
3183 2146 3367 2200 nolens

506 2229 643 2285 Cum
673 2230 1041 2300 Laugobardis
1065 2230 1280 2286 Calabri
1312 2240 1586 2285 terrentur
1611 2242 1665 2285 et
1697 2231 1873 2284 omnis
2187 2222 2444 2280 Matrona:
2480 2235 2643 2281 tanta:
2673 2236 2780 2282 tam
2810 2230 3004 2285 nobilis
3031 2241 3085 2286 et
3106 2235 3449 2288 venerantia.

506 2321 651 2377 Pcue
681 2322 861 2394 fugam
887 2323 1062 2392 petiit,
1099 2325 1273 2378 fuerat
1294 2325 1386 2393 qui
1410 2324 1512 2379 sub
1529 2323 1664 2378 duce
1696 2332 1882 2387 nauta,
2187 2313 2397 2370 Occidit
2426 2317 2530 2372 hoc
2557 2318 2698 2373 bello
2725 2321 2875 2391 regni
2905 2323 3168 2391 spoliatus
3200 2325 3408 2380 honore

505 2410 734 2482 Ipsaque
755 2426 1023 2468 concursu
1056 2414 1233 2482 primo
1266 2422 1506 2468 terretur
1527 2415 1797 2483 equestris
2187 2404 2592 2470 Constantinus,
2627 2420 2681 2464 et
2711 2419 2794 2464 est
2819 2412 3174 2468 subhumatus
3198 2418 3398 2471 honore
3429 2419 3641 2474 decenti
3669 2433 3687 2473 :

506 2501 652 2556 Gens
673 2502 844 2567 ducis,
869 2502 1080 2557 hostilis
1105 2503 1230 2557 dum
1262 2512 1562 2573 praegravat
1587 2503 1818 2572 impetus
1845 2502 2012 2567 illam,
2190 2494 2468 2565 Dyrrachii
2493 2513 2746 2567 proceres
2782 2501 2964 2554 θιιιὶδὶι
2985 2502 3194 2560 ῧΓέἓοῖει
3228 2506 3443 2569 mullos.

509 2588 669 2644 Venit.
697 2589 763 2643 ad
797 2601 1059 2661 angustos
1096 2599 1438 2662 transgresso
1463 2591 1693 2646 ﬂumine
1715 2593 1975 2661 quosdam
2188 2583 2426 2651 Quorum
2453 2601 2552 2655 per
2569 2603 2793 2660 campos
2816 2593 3096 2648 inhumata
3130 2597 3392 2652 cadavera
3427 2601 3634 2656 tabent.

504 2679 633 2734 Haec
664 2680 877 2736 incauta
900 2681 1048 2737 locos
1081 2699 1094 2736 :
1130 2683 1270 2746 Dux,
1295 2699 1362 2738 ne
1384 2684 1505 2754 quis
1534 2683 1600 2738 ab
1625 2683 1758 2738 urbe
1782 2683 1968 2738 venire
2187 2675 2304 2730 Dux
2332 2678 2384 2731 in
2407 2679 2647 2736 Alexinis
2676 2685 2943 2739 remorari
2984 2696 3224 2756 tempore
3255 2691 3449 2746 castris

504 2770 703 2825 Comm
735 2787 794 2826 se
819 2782 1022 2841 posset,
1047 2773 1134 2826 vel
1161 2773 1227 2827 ad
1259 2773 1448 2828 urbem
1483 2789 1734 2844 pergere,
1759 2783 1978 2844 pontem
2185 2763 2303 2820 Non
2327 2766 2495 2822 multo
2518 2780 2741 2839 propter
2777 2773 3087 2840 putrefacta
3114 2779 3381 2833 cadavera
3412 2791 3588 2835 curat.

505 2858 738 2915 Fecerat
764 2861 961 2915 everti.
1003 2861 1146 2916 Loca
1176 2863 1301 2916 dum
1332 2863 1414 2917 sic
1435 2873 1587 2918 arcta
1613 2879 1836 2918 suorum

1793 2881 1836 2918 η,
2183 2851 2395 2924 Imperii
2421 2855 2589 2924 jussis
2615 2875 2745 2929 gens
2782 2861 2886 2916 lida
2918 2861 3172 2920 Venetica
3197 2877 3376 2921 servat

504 2951 811 3022 Impediunt
835 2953 1037 3015 aditus,
1067 2954 1374 3009 vehementi
1406 2955 1548 3008 nube
1579 2963 1834 3026 teguntur
2187 2945 2385 3001 urbem
2409 2949 2723 3019 Dyrrachii;
2763 2954 2873 3007 dux
2901 2955 3003 3011 hac
3034 2957 3308 3028 digressus
3327 2959 3396 3014 ab
3417 2964 3552 3019 urbe

508 3041 758 3111 Undique
801 3041 1054 3107 telorum,
1079 3057 1178 3096 nec
1206 3042 1380 3111 major
1399 3045 1518 3098 visa
1550 3045 1786 3100 refertur
2183 3036 2439 3093 Pervenit
2462 3042 2527 3093 ad
2560 3044 2875 3110 quemdam,
2907 3047 2990 3101 cui
3018 3064 3209 3103 nomen
3237 3052 3469 3118 Divalus,
3500 3071 3715 3111 amnem
3741 3074 3758 3112 :

504 3134 727 3189 Grando
753 3135 1096 3204 sagittarum,
1129 3136 1278 3192 locus
1305 3147 1359 3191 et
1389 3137 1518 3206 quia
1552 3144 1696 3191 tutus
1726 3137 1918 3192 abesse

2108 3125 2154 3189 C
2187 3124 2284 3180 Hic
2311 3126 2411 3181 sibi
2436 3131 2713 3185 castellum
2737 3131 3008 3192 fabricans
3034 3138 3146 3194 loca
3183 3156 3240 3194 se
3267 3145 3548 3200 comitatus

504 3226 778 3296 Coeperat.
803 3227 1033 3291 Interea,
1061 3243 1185 3283 cum
1210 3244 1310 3285 nec
1347 3245 1588 3300 pugnare
1618 3229 1881 3295 valerent,

2184 3216 2288 3271 Per
2321 3219 2534 3275 diversa
2562 3221 2724 3288 locat,
2753 3227 2948 3294 quibus
2971 3229 3313 3288 incumbente
3334 3237 3529 3305 pruina

503 3315 710 3372 Cedere
738 3332 838 3372 nec
860 3325 1010 3371 retro
1029 3333 1086 3372 se
1115 3318 1364 3384 dilatare,
1393 3319 1644 3375 laborant
2186 3309 2466 3381 Τθηῖροτῖε
2489 3314 2699 3370 hiberni
2724 3320 2899 3373 securi
2929 3321 3111 3379 Vivere
3140 3336 3378 3392 P0956"!-

501 3408 898 3479 Praecipitando
923 3411 1084 3476 mari,
1128 3412 1253 3482 quia
1283 3426 1390 3466 non
1435 3413 1617 3468 minus
1663 3413 1911 3468 hostibus
1965 3415 2081 3484 ipsa

1976 3415 2081 3484 ερειι
2184 3401 2331 3458 Gens
2359 3405 2564 3460 cruciat
2591 3409 2756 3464 variis
2786 3411 3071 3482 plerosque
3105 3413 3361 3472 Venetica
3387 3421 3559 3488 poenis

503 3501 684 3556 Turba
711 3504 1003 3558 coarctatis
1029 3505 1131 3559 sibi
1154 3504 1400 3576 plebibus
1428 3503 1715 3560 olliciebat.

2185 3493 2317 3548 Cum
2355 3495 2492 3551 duce
2539 3507 2937 3571 transgressos,
2987 3521 3092 3561 non
3138 3507 3278 3562 hunc
3317 3509 3384 3563 ad
3421 3510 3557 3565 bella
3595 3525 3754 3566 secu-

502 3597 708 3666 ASpera
735 3595 1059 3653 Normannis
1085 3599 1334 3668 angustia
1367 3607 1517 3653 tanta
1555 3599 1790 3653 videtur.
3068 3661 3080 3674 .
3540 3600 3646 3673 [tos
3668 3642 3689 3666 ,

501 3687 804 3758 [mpm-33138
829 3705 923 3744 eos
951 3691 1225 3746 exercitus
1253 3699 1609 3760 “superatos
2187 3673 2288 3742 Qui
2322 3675 2533 3748 profugi
2571 3677 2807 3746 fuerant,
2840 3683 3038 3738 studiis
3067 3673 3350 3742 Servilibus
3390 3688 3513 3745 illos

503 3778 781 3834 Defecisse
805 3789 1024 3849 putans,
1049 3781 1345 3851 classisque
1373 3783 1628 3838 Venetica
1659 3783 1835 3838 victos

2184 3765 2487 3833 Addicunt;
2512 3767 2647 3824 alios
2671 3773 2938 3840 ergastula
2966 3777 3202 3832 carceris
3225 3790 3438 3835 arctant

506 3867 660 3935 Quod
690 3878 912 3938 caper“
953 3885 1200 3940 sperans,
1239 3889 1359 3942 quae
1398 3875 1644 3943 proxima
1683 3876 1847 3930 nabat
1882 3876 1936 3930 in
1984 3892 2084 3929 υη,
2185 3853 2268 3907 Ad
2299 3857 2527 3924 patriam
2560 3858 2776 3926 missos,
2807 3861 2894 3914 alii
2926 3863 3215 3920 traduntur
3238 3865 3479 3924 Achivis.

1863 3961 2014 4033 [dish
2189 3944 2472 4033 Iiyrrachii
2501 3947 2742 4016 quidam,
2780 3965 2939 4019 quem
2975 3961 3117 4009 terra
3156 3955 3405 4011 Venetica
3441 3960 3587 4014 misit

509 4047 833 4118 Λεβεδίων
860 4047 1048 4118 spoliis
1071 4049 1283 4105 inhians
1313 4051 1520 4121 agitare
1545 4051 1762 4121 rapinas
1865 4029 1882 4033 “
2191 4029 2288 4086 Vir
2312 4039 2605 4104 praeclarus
2630 4048 2770 4106 erat,
2805 4055 3111 4113 nomenque
3142 4045 3450 4102 Dominicus
3479 4049 3574 4102 illi.

505 4139 860 4209 Arripiuntur
880 4143 1006 4210 equi
1033 4141 1354 4212 diversaque
1385 4144 1601 4199 sarcina
1634 4159 1842 4210 rerum,
2187 4122 2386 4212 oder“
2409 4125 2496 4181 hic
2522 4129 2828 4196 quemdam.
2861 4133 2985 4200 quia
3017 4149 3121 4188 non
3153 4149 3214 4190 se
3239 4137 3600 4208 participabat
3671 4141 3676 4145 ’

506 4232 657 4299 Quas
696 4234 851 4289 ducis
881 4234 1194 4290 accelerans
1221 4235 1288 4290 ad
1327 4236 1511 4306 praelia
1559 4246 1838 4306 spreverat
1871 4252 2085 4308 agmen.

1876 4252 2085 4308 agmen.
2187 4211 2444 4308 Consilio,
2472 4219 2634 4308 sociis
2662 4219 2806 4289 quod
2835 4221 3080 4291 pluribus
3112 4225 3459 4283 insinuabat:

504 4323 714 4380 hmma
739 4325 1006 4395 digressa,
1039 4327 1176 4381 mari
1212 4327 1294 4382 νὴ
1328 4301 1389 4383 ge
1419 4301 1634 4383 sociar'e
1906 4301 1932 4308 “
2189 4301 2343 4395 IIunc
2371 4307 2523 4377 quasi
2556 4308 2841 4379 primatem
2864 4326 2996 4382 gens
3024 4313 3112 4368 illa
3140 4317 3388 4374 studebat
3419 4321 3620 4376 habere
3647 4336 3661 4374 :

506 4415 685 4472 Turba
712 4393 833 4474 duci
858 4419 1048 4485 valuit,
1079 4421 1169 4489 qui
1199 4431 1614 4493 praetergressus
1643 4420 1810 4491 iniqui
2118 4472 2164 4496 η
2190 4393 2306 4496 9³](
2337 4396 2616 4452 dicebam"
2643 4402 3214 4496 ge'fuisse_v°"e‘ic"5
3244 4409 3422 4466 ίίΙυωο

504 4509 735 4565 Exitiale
766 4510 867 4566 loci
903 4472 1072 4567 multo
1091 4472 1298 4567 sudore
1323 4472 1607 4582 periclum,
1738 4472 1756 4491 ’
2110 4472 2164 4532 θ
2194 4482 2429 4582 Prima!“
2462 4495 2628 4582 ίετξίλι
2655 4492 2874 4582 Privati:
2902 4494 3212 4555 Dominicus
3252 4501 3422 4567 illum.

503 4597 562 4653 tu
590 4601 780 4668 primis
809 4601 1020 4664 aderat,
1044 4617 1204 4671 quem
1231 4575 1470 4669 jusgerat
1500 4575 1855 4658 hic’aciemm
2190 4575 2581 4677 Quem-damce
2606 4579 2859 4677 profugis
2879 4583 3130 4677 Carinum
3157 4601 3417 4645 convocat
3439 4594 3504 4653 ad
3525 4608 3584 4646 se

505 4664 651 4744 Ordo
679 4691 825 4758 prior
853 4664 1090 4744 mutatus
1119 4664 1256 4754 erat,
1287 4692 1593 4746 miseranda
1621 4690 1860 4744 locorum
2191 4664 2292 4732 Qui
2326 4666 2429 4720 sibi
2456 4666 2655 4724 chartis
2683 4681 2804 4728 erat
2831 4673 3061 4745 ﬁdeique
3085 4687 3270 4734 tenore
3293 4683 3566 4750 probatus.

506 4776 695 4831 Omnia
738 4779 927 4832 mnum
958 4779 1038 4834 sic
1067 4789 1342 4834 amatum
1369 4779 1566 4850 coegih
2193 4758 2347 4815 Hunc
2376 4771 2558 4818 monet
2587 4772 2645 4818 ut
2671 4775 2834 4820 noctu
2870 4767 3088 4825 Roberti
3120 4782 3296 4826 castra
3334 4777 3596 4843 requirat,

506 4868 716 4923 Gaudet
754 4871 945 4924 adesse
977 4886 1129 4936 suos,
1157 4881 1213 4925 ρι
1241 4871 1428 4942 paucis
1451 4872 1677 4928 vocibus
1709 4871 1831 4926 mos
2193 4851 2260 4942 Iit
2293 4867 2352 4907 se
2375 4853 2509 4908 velle
2535 4854 2656 4909 duci
2681 4872 2776 4911 sua
2811 4863 3090 4916 commoda
3116 4865 3355 4932 pandere
3381 4866 3540 4919 dicat.

507 4951 621 4992 Πιιτ
647 4952 798 4992 nrinr
821 4952 1072 4992 Imm-atur-
1120 4941 1293 4992 enlirm
1328 4964 1567 4992 tntamnn
1594 4955 1645 4992 in
1678 4954 1843 4992 nrmic
2290 4959 2576 4992 nmnurare
2606 4946 2723 4992 Imm
2749 4960 2964 4992 manna!
2997 4954 3084 4992 ηιιί
3122 4954 3274 4992 Dntro
3299 4968 3525 4992 mmor...
3554 4977 3564 4988 υ
