4010 5230
374 334 405 385 7

272 334 405 389 I077
880 334 968 383 DE
1008 334 1235 381 BEBUS
1273 334 1442 379 UESI

263 423 482 480 Mutuus
520 429 577 475 ttt
613 419 726 475 fieri
759 416 931 476 valeat
959 416 1309 475 redeuntibus
1338 413 1442 467 illis

262 511 580 573 Abscessus,
613 508 871 563 comitum
893 506 1122 576 patriam
1149 504 1226 559 sic
1254 504 1481 574 quisque
1509 502 1729 557 revisat.

262 603 379 659 Hoc
408 608 652 658 statuunt
680 598 819 663 fieri,
852 596 1071 652 Roberti
1101 610 1331 665 namque
1360 609 1637 664 regressus

261 693 603 749 Protrahitur
627 691 873 755 nimium,
907 688 1159 742 diuturna
1193 687 1405 758 negotia
1440 700 1617 740 rerum

259 785 731 841 Absumendarum
755 783 863 838 sint
892 782 994 836 illis
1019 795 1179 836 causa
1210 794 1445 834 suarum.

261 877 530 947 Tempore
561 876 831 931 Robertus
857 873 1040 929 multis
1081 874 1321 927 intentus
1348 871 1398 925 in
1432 870 1521 925 illo

260 966 570 1037 Praeeipuas
593 976 783 1022 contra
818 964 1105 1021 Iordanem
1135 962 1271 1018 bella
1300 960 1517 1031 gerendi

259 1060 455 1123 Curas,
490 1058 749 1115 infectum
783 1057 857 1112 nil
883 1056 1226 1119 dimissurus,
1253 1052 1514 1117 habebat,

257 1150 553 1222 Propterea
575 1150 728 1205 Latio
760 1165 866 1206 non
896 1148 1009 1219 ipse
1039 1147 1215 1203 redire
1243 1144 1477 1210 volebat,

258 1238 511 1297 Iordanis
542 1241 791 1311 princeps
820 1239 1142 1310 perterritus
1170 1235 1509 1293 advenientis

259 1333 479 1390 Heurici
512 1335 675 1399 fama,
707 1350 813 1389 non
842 1333 1008 1388 armis
1036 1330 1218 1388 obviat
1251 1330 1323 1384 illi

263 1422 333 1479 Ut
352 1440 473 1481 sese
498 1426 738 1495 finesque
762 1439 889 1480 suos
927 1430 1131 1478 tutetur
1159 1427 1225 1477 ab
1258 1419 1371 1485 illo,

260 1516 367 1572 Sed
402 1519 570 1571 lirmae
600 1532 783 1573 secum
809 1529 1139 1585 componens
1167 1514 1373 1568 ftedera
1404 1512 1552 1582 pacis

261 1607 344 1662 Illi
377 1621 435 1662 se
466 1607 694 1677 subigit;
721 1606 936 1677 genitus
964 1604 1283 1660 conceditur
1303 1603 1484 1667 obses,

262 1699 331 1753 Et
360 1714 484 1755 cum
515 1699 664 1770 prole
695 1698 843 1753 dedit
868 1698 1160 1753 solidorum
1191 1711 1413 1751 munera
1443 1695 1606 1749 multa

262 1788 397 1855 lloc,
426 1805 493 1845 ne
520 1791 763 1861 privetur
789 1792 1099 1847 dominatus
1119 1790 1241 1861 jure
1264 1791 1473 1863 paterni

260 1879 437 1946 Fecit,
466 1882 512 1935 si
539 1884 649 1952 regi
678 1884 747 1937 sit
776 1882 842 1937 ad
870 1883 1079 1957 Appula
1114 1884 1379 1939 transitus
1405 1898 1555 1937 arva.

260 1966 330 2025 Et
358 1972 486 2041 quia
516 1972 768 2029 Iordanis
796 1973 989 2027 ditioui
1020 1982 1259 2031 cesserat
1285 1974 1424 2044 ejus,

263 2063 380 2118 Dux
414 2065 571 2136 hujus
601 2074 775 2125 terras
802 2064 948 2122 ferro
975 2066 1262 2137 populatur
1301 2075 1357 2121 et
1387 2066 1496 2138 igni

258 2154 388 2210 Inde
404 2171 570 2227 nepos
597 2158 753 2228 petiit
780 2173 992 2229 pacem,
1029 2158 1329 2229 recipitque
1354 2158 1577 2229 petitam

257 2246 522 2320 Gregorio
544 2266 716 2321 papae,
745 2251 949 2307 sedatis
974 2252 1228 2308 omnibus
1259 2261 1385 2312 ante

260 2341 433 2406 Quam
464 2350 674 2411 repetat
713 2343 847 2397 lines
875 2342 1225 2409 Graecorum;
1267 2343 1537 2415 supplicat
1562 2358 1727 2399 orans

259 2430 484 2484 Dedicet
514 2430 822 2496 ecclesiam,
862 2447 1025 2502 quam
1054 2433 1258 2490 fecerat
1291 2434 1377 2489 hic
1410 2436 1476 2489 ad
1507 2434 1768 2490 honorem

261 2521 497 2577 Matthxi
529 2523 724 2586 saneti,
752 2523 993 2594 placidus
1023 2524 1166 2581 lavet
1199 2526 1285 2580 ille
1306 2525 1573 2596 precanti.

260 2612 358 2667 llis
386 2612 459 2668 ita
484 2614 789 2684 completis,
822 2615 1032 2671 animos
1058 2616 1287 2672 intendit
1309 2618 1376 2671 ad
1407 2618 1556 2677 illud,

257 2700 628 2771 Propositum,
668 2704 812 2774 quod
844 2713 1022 2759 mente
1050 2706 1139 2760 diu
1180 2706 1783 2777 tractaratagendum..

261 2789 476 2846 Electos
503 2792 668 2863 igitur
702 2802 899 2851 nautas
919 2835 932 2858 ,
960 2803 1174 2862 ettquos
1209 2796 1378 2862 magis
1405 2804 1560 2866 aptos

258 2880 464 2941 Militia:
490 2884 674 2949 novit,
689 2899 870 2939 secum
902 2884 1033 2942 facit
1068 2886 1148 2942 ire
1186 2885 1476 2941 Tarentum
1506 2906 1518 2941 :

261 2971 379 3029 Huc
400 2991 520 3031 cum
556 2985 715 3047 gente
746 2993 842 3033 sua
872 2979 1027 3032 navis
1050 2988 1380 3034 convenerat
1403 2980 1601 3045 omnis,

258 3062 463 3120 Classis
486 3066 802 3136 magnificos
828 3068 899 3123 ibi
927 3068 1239 3139 militiaeque
1265 3078 1485 3139 paratus

260 3154 514 3223 Instruit,
544 3158 798 3227 expensis
823 3174 990 3215 naves
1027 3159 1320 3229 implentur
1350 3169 1404 3215 et
1430 3160 1617 3215 armis.

259 3244 482 3301 Portum
516 3247 785 3304 Brondisii
816 3250 908 3321 qui
942 3252 1107 3305 tutior
1131 3266 1251 3307 esse
1276 3252 1489 3307 videtur

260 3333 358 3389 llis
395 3336 684 3392 comitatus
711 3339 852 3405 adit;
888 3341 1122 3394 transire
1150 3349 1371 3394 veretur
1399 3340 1662 3412 Ilydronti

261 3426 380 3493 Quo
406 3428 622 3483 brevior
650 3438 992 3486 transcursus
1017 3440 1155 3497 erat,
1181 3430 1307 3499 quia
1343 3440 1550 3502 tempus
1577 3433 1769 3488 adesse

258 3517 515 3585 asperat
537 3520 806 3585 autumni,
835 3521 1123 3593 tranquilla
1168 3533 1470 3578 recesserat
1499 3533 1692 3591 testas;

260 3605 416 3672 Unde
459 3609 654 3667 timens
700 3610 948 3678 ratibus,
1011 3628 1163 3669 mora
1214 3630 1284 3671 ne
1329 3630 1434 3686 qua
1473 3624 1696 3672 noceret
1734 3615 1841 3684 Ily-

1566 3706 1769 3779 [dronti

261 3789 342 3844 Ex
375 3794 704 3863 tempestatis
732 3796 929 3851 subitis
959 3796 1267 3853 incursibus
1296 3806 1418 3853 orta

262 3883 331 3947 In
346 3893 503 3961 portu
538 3893 653 3941 tuto
683 3887 741 3942 lit
768 3896 913 3943 tutus
946 3888 1124 3945 classe
1155 3898 1394 3959 reCepta,

262 3975 554 4045 Exspectat
581 3978 739 4035 ﬂatus
772 3982 1028 4050 prudenti
1058 3990 1240 4038 mente
1273 3982 1557 4039 secundos.

260 4067 391 4122 Inde
426 4069 759 4129 valefaciens
786 4074 942 4127 uxori
973 4073 1155 4129 littore
1187 4075 1377 4140 stanti.

262 4159 619 4230 Restantique
640 4162 798 4221 simul
829 4165 1030 4233 populo
1054 4181 1177 4220 cum
1209 4166 1469 4239 conjuge,
1500 4170 1667 4240 etrapit

260 4248 488 4305 Finibus
507 4252 767 4307 Ausoniis
788 4252 901 4320 jam
934 4269 1039 4309 non
1072 4253 1345 4311 rediturus
1384 4255 1557 4313 abire.

258 4336 500 4394 Armatis
528 4350 746 4401 centum
777 4343 963 4412 viginti
989 4344 1218 4399 navibus
1245 4360 1433 4413 :equor

261 4425 606 4489 Transfretat
635 4430 931 4490 Adriacum
971 4434 1155 4502 genito
1192 4433 1493 4489 comitante
1519 4433 1766 4505 Rogero,

258 4516 364 4582 Qui
400 4518 569 4587 patris
604 4534 726 4575 esse
762 4534 970 4589 sequax
1003 4536 1279 4575 armorum
1309 4524 1633 4578 strenuitate

260 4607 328 4661 Et
361 4609 572 4678 placida
606 4612 818 4667 cunctis
855 4611 1176 4668 affabilitate
1209 4614 1481 4669 studebat.

257 4698 420 4753 Duxit
447 4710 704 4769 praeterea
740 4717 924 4765 naves,
963 4704 1215 4757 oneraria
1252 4720 1482 4774 quarum

256 4790 368 4847 Lex
408 4800 565 4860 erat;
608 4793 707 4849 has
746 4802 799 4847 et
837 4794 990 4864 equis
1024 4803 1350 4865 sumptuque
1391 4794 1613 4865 replevit
1655 4805 1710 4850 et
1745 4812 1837 4851 ar-

1643 4884 1770 4958 [mis

257 4972 324 5029 Et
348 4974 515 5031 variis
544 4978 707 5033 rebus
739 4990 873 5046 quas
898 4978 1131 5049 aequoris
1149 4976 1314 5049 exigit
1338 4992 1488 5032 usus.

1068 5068 1078 5078 .
1208 5068 1218 5078 ι

952 5076 1169 5092 “unus...—
1209 5066 1292 5092 ΑΙ-

275 5063 323 5088 ll.‘
337 5080 499 5092 ---η-η
529 5074 543 5092 ο

554 5076 867 5092 -ο.νιηοιΛΛΙ-ιη
901 5068 1169 5092 Α..η..ιιῖι..η
1208 5066 1292 5092 211-
1358 5066 1526 5092 ΑΛΛκζ.

880 327 968 383 DE
1008 323 1235 381 ΗΕΒυὸ
1273 320 1517 379 GESTIS
1557 315 1927 377 NORMANN-
1953 312 2019 369 IN
2074 307 2341 371 SICILIA,
2379 300 2529 359 ETC.
2572 329 2639 340 —
2677 295 2804 353 LIB.
2845 294 2907 348 V.

3382 285 3528 356 1078;

1866 412 1913 469 Α
1947 404 2187 458 Roberto
2213 396 2435 451 totidem
2472 390 2650 455 fratri,
2690 387 2917 443 totidem
2941 384 3273 441 Boamundo.

1946 494 2040 548 llis
2065 492 2295 547 aderant
2325 486 2526 541 ratium
2559 478 2811 548 suﬂragia
2829 476 3015 546 juncta
3048 477 3333 531 minorum.

1940 589 2257 643 Innumeras
2279 583 2418 639 bello
2446 579 2613 635 Danai
2643 578 2847 632 duxere
2874 573 3200 628 chelindros.

1941 679 2127 734 Altera
2156 675 2314 731 turba
2349 688 2541 729 novem
2569 667 2779 726 conlisa
2808 665 3122 721 triremibus
3150 663 3298 724 altis,

1941 770 2087 838 Quas
2110 767 2320 824 habiles
2351 765 2493 821 bello
2523 761 2698 833 magis
2727 774 2848 816 esse
2876 756 3102 812 Venetia
3132 753 3297 822 novit,

1942 858 2165 915 Roberti
2199 872 2364 912 naves
2390 856 2517 910 dum
2549 851 2823 923 conspicit
2853 847 3139 903 inferiores

1942 948 2075 1003 Esse
2098 947 2232 1012 suis,
2262 945 2522 1001 audacter
2554 942 2634 998 eis
2665 953 2957 1012 congressa
2993 936 3219 999 resistit,

1942 1039 2119 1107 Atque
2141 1034 2477 1107 interpositis
2510 1034 2756 1088 Danaum
2788 1027 3036 1100 prrefulta
3061 1026 3377 1089 chelindris,

1941 1128 2185 1184 lactibus
2215 1124 2517 1181 innumeris
2542 1122 2772 1177 telorum
2797 1120 3029 1189 desuper
3060 1118 3243 1197 hostes

1943 1221 2182 1284 Sauciat,
2216 1228 2271 1275 et
2295 1214 2421 1272 ferri
2453 1231 2511 1271 se
2543 1215 2783 1285 pondera
2819 1228 3012 1282 magna
3038 1211 3274 1266 minatur

1942 1308 2239 1375 Iacturam,
2269 1322 2335 1362 ne
2360 1306 2552 1362 classis
2574 1306 2654 1360 eis
2680 1304 2895 1358 inimica
2924 1300 3269 1371 propinquet.

1942 1402 2041 1455 V’ix
2068 1402 2119 1455 in
2148 1415 2210 1455 ea
2245 1398 2367 1453 navi
2394 1413 2513 1468 qua:
2544 1396 2647 1451 fert
2674 1396 2741 1451 ad
2780 1394 2918 1451 bella
2950 1392 3218 1463 Rogerum

1942 1490 2175 1556 Quilibet
2208 1488 2409 1543 illaesus
2442 1486 2747 1557 reperitur,
2782 1494 2837 1540 et
2860 1485 2975 1554 ipse
2998 1483 3204 1538 lacerto

1943 1580 2198 1644 Saucius,
2228 1578 2466 1633 obstanti
2493 1586 2602 1632 stat
2627 1576 2819 1632 cedere
2846 1574 3061 1633 nescius
3092 1572 3272 1636 hosti;

1942 1672 2232 1726 Immemor
2269 1668 2401 1727 illati
2429 1666 2531 1723 sibi
2556 1665 2816 1730 vulneris,
2843 1664 3007 1719 ardor
3027 1662 3275 1729 honoris,

1865 1751 1913 1811 Β
1942 1764 2187 1831 Quantus
2211 1762 2403 1817 adesse
2429 1759 2568 1815 solet
2587 1757 2906 1823 victoribus,
2939 1755 3131 1811 incitat
3151 1754 3324 1813 illum.

1945 1857 2102 1911 llunc
2135 1863 2291 1926 pater
2325 1852 2524 1924 insigni
2553 1852 2842 1907 decoratus
2869 1864 3011 1919 srepe
3038 1846 3327 1918 triumpho.

1940 1948 2121 2011 Accit,
2140 1956 2194 2003 et
2222 1946 2454 2001 accitum
2480 1942 2670 2011 majori
2701 1941 2872 1997 classe
2900 1938 3209 1995 cbelindros

1944 2037 2252 2093 Dissociare
2270 2035 2462 2106 jubet;
2498 2032 2670 2104 patris
2698 2030 2927 2101 impiger
2958 2028 3045 2084 ille
3069 2027 3315 2098 jubentis

1942 2127 2101 2184 Iussa
2158 2125 2314 2197 sequi
2371 2137 2704 2196 properans,
2752 2134 2877 2176 cum
2921 2119 3161 2192 quinque
3212 2118 3525 2187 triremibus

3301 2208 3434 2282 [illis

1943 2311 2075 2379 Qua:
2102 2310 2202 2366 sibi
2232 2308 2537 2365 commissas
2568 2306 2806 2373 fuerant,
2838 2304 3041 2361 inferre
3067 2302 3362 2359 chelindris

1941 2404 2085 2461 Bella
2106 2414 2293 2475 parat;
2322 2404 2491 2459 Danai
2518 2401 2653 2457 nihil
2679 2402 2784 2457 hoc
2808 2408 3080 2472 pugnante
3111 2404 3435 2474 repugnant,

1943 2494 2052 2549 Sed
2079 2495 2282 2564 passim
2308 2494 2540 2565 fugiunt,
2573 2501 2631 2546 ut
2662 2506 2791 2551 aves
2817 2490 3037 2547 obstare
3069 2487 3281 2548 volanti

1944 2584 2061 2641 Non
2093 2584 2299 2642 audent
2325 2582 2541 2653 aquilae,
2570 2596 2844 2652 cursuque
2872 2580 3045 2635 latere
3082 2577 3260 2649 fugaci
3304 2588 3317 2591 ·

1943 2675 2227 2745 Coguntur
2254 2674 2491 2744 lepores,
2522 2673 2650 2729 dum
2680 2688 2748 2730 ne
2777 2671 3092 2741 rapiantur,
3119 2668 3350 2724 aduncis

1944 2766 2237 2837 Unguibus,
2251 2775 2305 2821 et
2335 2775 2512 2827 rostro
2543 2774 2801 2823 metuunt.
2818 2765 2972 2825 cibus
3005 2778 3125 2819 esse
3151 2761 3383 2823 voracis

1946 2857 2043 2913 IIis
2074 2858 2148 2912 ita
2178 2857 2398 2912 dimetis
2425 2865 2534 2912 stat
2560 2858 2674 2912 sola
2706 2854 2961 2911 Venetica
2994 2853 3207 2913 classis.
3234 2912 3237 2913 ν

1946 2951 2220 3007 Robertus
2250 2949 2528 3021 genitique
2562 2948 2647 3003 sui
2676 2948 2802 3002 dum
2834 2956 2980 3000 stare
3003 2942 3229 3016 fugatis...

1946 3042 2259 3097 Graecorum
2293 3041 2500 3097 ratibus
2523 3040 2669 3097 solas
2694 3039 2883 3093 videre
2913 3037 3184 3101 triremes,

1868 3105 1913 3165 Ο
1946 3132 2199 3189 Invasere
2228 3133 2343 3187 suis
2369 3147 2493 3187 eum
2520 3131 2746 3186 navibus
2778 3127 2984 3183 acriter
3015 3126 3171 3192 illas;

1945 3225 2187 3294 Tamque
2228 3223 2329 3279 fuit
2368 3224 2657 3278 vehemens
2695 3220 2959 3292 impulsus
3000 3219 3234 3291 impetus
3273 3218 3463 3273 harum
3488 3255 3505 3283 ,

1948 3335 2015 3390 Ut
2040 3343 2246 3404 septem
2276 3333 2467 3389 mersis
2493 3348 2599 3387 non
2632 3347 2790 3403 posse
2828 3330 3084 3386 Venetica
3119 3328 3325 3391 classis,

1943 3425 2097 3480 Elahi
2124 3434 2327 3495 speret,
2360 3425 2493 3479 solis
2523 3424 2615 3479 sed
2642 3431 2789 3478 stare
2814 3420 3023 3476 duabus

1945 3518 2184 3573 Navibus
2210 3518 2277 3573 ad
2305 3517 2504 3573 bellum
2538 3516 2611 3570 nil
2638 3514 2861 3585 profuit,
2887 3513 3136 3569 hostibus
3160 3527 3351 3567 omnes

1944 3608 2151 3664 Cedere
2178 3614 2477 3678 coguntur;
2512 3604 2673 3660 solito
2701 3604 2816 3659 dux.
2842 3618 2997 3659 more
3025 3601 3345 3671 triumphat.

1944 3701 2131 3758 Classe
2161 3698 2493 3769 triumphata
2526 3711 2710 3752 secum
2740 3695 2848 3751 duo
2875 3693 3045 3750 millia
3086 3692 3260 3748 victor

1944 3790 2027 3847 Ad
2052 3798 2268 3860 portum
2295 3788 2445 3844 ducit
2470 3787 2535 3843 de
2560 3786 2953 3857 pugnatoribus
2980 3784 3132 3849 istis,

1946 3883 2047 3952 Qui
2078 3882 2248 3954 magis
2275 3881 2626 3943 obstiterant,
2655 3893 2997 3950 quorumque
3040 3875 3289 3937 audacia,
3308 3872 3498 3941 major,

1945 3976 2152 4032 Prmter
2172 3990 2267 4030 eos
2297 3974 2435 4029 alios
2456 3972 2787 4045 quingentos
2814 3968 3219 4033 annumeravit,

1946 4067 2050 4135 Qui
2080 4067 2225 4138 capti
2251 4065 2486 4122 fuerant.
2517 4062 2772 4134 Septem,
2800 4060 3131 4130 fugientibus
3156 4057 3348 4129 Argis,

1946 4157 2212 4228 Argolicae
2238 4171 2404 4212 naves
2427 4162 2557 4210 sunt
2576 4155 2681 4209 hoc
2705 4152 3010 4208 certamine
3042 4158 3237 4219 captae.

1946 4249 2049 4316 Qui
2077 4256 2319 4304 castrum
2346 4245 2511 4301 Corili
2550 4258 2775 4299 servare
2806 4241 3035 4298 fideliter
3061 4240 3136 4293 illi

1948 4339 2179 4395 Solliciti
2210 4338 2426 4393 fuerant
2451 4336 2738 4391 solvuntur
2764 4332 2833 4386 ab
2861 4330 3144 4388 obsidione

1949 4429 2121 4496 Quam
2151 4430 2293 4499 passi
2327 4426 2561 4489 fuerant,
2599 4424 2705 4479 dux
2732 4423 2861 4478 dum
2887 4419 3211 4477 metuendus
3234 4417 3468 4473 abesset.

1950 4520 2087 4576 Exin
2111 4518 2367 4574 victrices
2390 4525 2447 4572 et
2476 4516 2652 4571 victas
2682 4514 2880 4570 ducere
2909 4526 3078 4567 naves

1948 4611 2235 4673 Procurat,
2270 4608 2398 4663 tutis
2426 4605 2750 4663 stationibus
2774 4612 2833 4658 ut
2865 4603 3008 4658 locet
3033 4600 3154 4656 illas

1950 4700 2236 4769 Temporis
2265 4698 2477 4753 hiberni
2501 4697 2609 4751 dux
2639 4695 2985 4751 incumbente
3021 4692 3240 4761 pruina.

1950 4789 2059 4844 Has
2082 4787 2293 4842 ratione
2318 4800 2483 4854 sagax
2515 4783 2793 4854 Glycaaum
2822 4782 2972 4838 ducit
2996 4781 3310 4838 adramnem
3335 4794 3351 4831 :

1950 4879 2127 4935 Naves
2153 4885 2209 4933 et
2238 4884 2433 4931 nautas
2471 4873 2542 4929 ibi
2571 4873 2825 4937 collocat;
2852 4881 2909 4928 et
2934 4872 3227 4939 remorari,

1944 4972 2081 5027 Dum
2118 4967 2328 5040 placide
2363 4967 2593 5021 redeant
2627 4964 2832 5023 aestatis
2863 4972 3130 5035 tempora,
3151 4958 3343 5031 jussit.

1946 5062 2064 5092 ιηοα
2087 5075 2212 5092 anno
2243 5058 2453 5092 onuilnc
2487 5055 2711 5092 hianna“
2739 5066 2989 5092 lamna-nn
3011 5067 3202 5092 contam

1874 4479 1923 4539 D
