4010 5230
519 323 660 380 {079

517 435 629 492 Nec
652 434 894 504 reliquus
917 442 1080 490 tanta:
1100 435 1248 490 necis
1284 439 1366 488 est
1394 433 1667 488 exercitus
1693 449 1910 504 expers.

517 527 765 597 Namque
787 527 936 582 brevi
965 526 1184 582 morbus
1210 525 1482 579 communi
1511 525 1664 580 clade
1695 526 1924 593 peremit

519 617 852 685 Quingentos
882 615 1116 684 equites,
1141 629 1240 668 nec
1269 629 1377 668 non
1401 613 1634 683 ignobile
1660 615 1852 683 vulgus

517 703 710 775 Magna
733 714 889 772 parte
915 704 1050 768 ruit;
1085 717 1184 758 nec
1209 717 1396 772 eques,
1421 717 1522 756 nec
1546 713 1733 770 nauta,
1763 718 1862 758 nec
1891 701 2036 758 ullus

518 795 618 850 Vir
641 793 782 849 valet
811 793 1061 848 instantis
1082 794 1216 848 letbi
1251 795 1428 850 vitare
1465 795 1700 850 ruinam.

515 884 671 940 Nulla
700 895 878 940 tamen
905 883 1165 956 frangunt
1188 885 1339 940 ducis
1370 885 1664 940 infortunia
1695 894 1958 950 mentem,

515 977 696 1031 Fortis
723 986 780 1032 et
805 977 858 1030 in
887 990 1048 1031 casus
1073 985 1258 1031 manet
1299 977 1700 1048 imperterritus
1736 991 1946 1044 omnes.

513 1068 681 1122 Filius
706 1077 974 1138 tegrotans
999 1067 1170 1137 poscit
1198 1067 1542 1124 Boamundus
1563 1075 1622 1120 ut
1649 1067 1824 1136 ipsum

513 1158 680 1215 Italiae
703 1173 946 1214 remeare
967 1167 1122 1226 pater
1149 1159 1432 1228 permittat
1460 1159 1526 1212 ad
1555 1173 1703 1222 oras,

513 1250 644 1316 Quae
669 1250 896 1304 medicis
924 1249 1105 1305 multis
1131 1251 1690 1320 medicaminibusque
1721 1247 2008 1318 redundat.

479 1335 486 1341 ’
511 1342 606 1396 llle
629 1340 758 1396 licet
781 1339 972 1395 nolens
999 1342 1270 1396 consentit
1293 1342 1444 1396 abire
1468 1341 1698 1406 volenti,

514 1433 646 1486 Tam
679 1432 840 1488 clarae
869 1429 1075 1486 sobolis
1103 1431 1328 1502 cupiens
1365 1445 1622 1500 reparare
1647 1429 1900 1484 salutem.

512 1522 698 1578 Danda
725 1537 1012 1577 recessuro
1033 1522 1198 1576 dedit.
1225 1520 1335 1574 Hoc
1367 1521 1598 1576 abeunte
1641 1519 1914 1590 Bngerum

511 1611 682 1667 Iussit
706 1612 860 1666 adire.
885 1626 984 1666 suo
1017 1627 1141 1666 cum
1177 1611 1351 1666 milite
1379 1610 1834 1680 Chephalouiam,

512 1701 586 1756 Ut
607 1711 758 1756 tanta
789 1701 968 1755 fuerat
991 1718 1110 1772 qum
1144 1710 1464 1771 tempestate
1491 1702 1706 1756 rebellis
1725 1742 1740 1766 ,

511 1791 667 1845 Victa
695 1789 1026 1854 refrenetur,
1052 1792 1170 1849 haec
1193 1791 1366 1844 insula
1395 1791 1519 1845 dum
1549 1791 1813 1859 capietur.

513 1881 762 1951 Undique
791 1881 1074 1935 terrendas
1099 1879 1412 1951 Graecorum
1443 1889 1670 1934 noverat
1701 1881 1885 1933 urbes.

513 1971 668 2026 Iussa
707 1972 876 2048 patris
914 1971 1176 2040 sequitur,
1202 1971 1517 2044 iussamque
1539 1972 1784 2041 Reges-us
1803 1969 1868 2022 ad
1901 1967 2088 2022 urbem

512 2061 644 2116 Cum
673 2060 822 2121 ducis
849 2061 1154 2130 agminibus
1176 2062 1501 2130 properavit,
1527 2071 1580 2116 et
1623 2061 1836 2116 obsidet
1865 2059 2033 2112 illam.

513 2152 630 2205 Dux
661 2151 856 2223 repetit
885 2152 1090 2221 positas
1119 2150 1333 2222 Glyczeo
1357 2151 1580 2206 flumine
1613 2165 1801 2215 naves,
2053 2155 2058 2162 ’

516 2243 583 2297 fit
615 2243 802 2312 studet
827 2243 1066 2298 inclusas
1094 2245 1394 2307 abducere,
1423 2260 1530 2300 nou
1561 2245 1738 2297 minus
1766 2241 1922 2296 undis

517 2336 690 2399 Quam
722 2333 884 2388 terris
910 2332 1102 2387 avidus
1135 2331 1354 2398 Grzccos
1386 2333 1654 2387 domitare
1682 2343 1944 2399 tumaces,

511 2423 660 2479 Bella
685 2437 878 2492 parare
903 2423 1059 2477 ferox
1085 2432 1139 2477 et
1161 2423 1318 2492 equis
1343 2431 1400 2477 et
1425 2422 1600 2476 classe
1629 2421 1876 2476 laborat.

512 2517 752 2578 Navibus
781 2517 1030 2573 adductis
1067 2517 1312 2570 turbetur
1339 2525 1398 2569 ut
1424 2515 1598 2569 insula
1629 2527 1876 2583 qumque,

514 2608 771 2663 Conferat
795 2619 850 2663 et
881 2609 1014 2662 fisco
1054 2607 1213 2662 ducis
1237 2605 1838 2675 imperialejtributum.

517 2699 801 2768 Temporis
821 2700 994 2754 mstivi
1027 2699 1201 2752 reditu
1243 2698 1441 2752 defecit
1477 2709 1738 2766 aquarum

516 2791 710 2860 Copia,
743 2807 842 2846 nec
864 2791 1026 2844 tantis
1047 2789 1158 2857 jam
1184 2789 1369 2844 deﬂuit
1400 2789 1587 2841 alveus
1625 2785 1786 2839 undis

521 2883 592 2936 Ut
618 2883 778 2936 ﬂuvio
810 2891 989 2936 nautae
1024 2880 1236 2934 valeant
1264 2879 1532 2933 deducere
1558 2891 1742 2942 naves.

521 2971 640 3028 Dux
664 2973 756 3042 qui
781 2969 1046 3026 difficilem
1079 2955 1289 3031 facilem
1319 2957 1449 3023 facit
1471 2977 1588 3022 arte
1619 2968 1891 3028 laborem,

523 3063 660 3117 Dum
689 3061 908 3124 fluvium
931 3059 1108 3113 solitis
1135 3060 1382 3128 cognovit
1413 3072 1574 3127 egere
1601 3057 1816 3112 fluentis

520 3153 765 3223 Namque
795 3161 1005 3206 meatus
1035 3167 1186 3220 aqua:
1213 3151 1389 3206 brevis
1421 3159 1566 3205 arcta
1597 3150 1752 3204 fauce
1796 3150 2017 3212 fluebat,

509 3243 725 3298 'Multos
755 3241 936 3296 afferri
971 3242 1122 3310 palos
1153 3251 1208 3296 et
1235 3242 1303 3295 ab
1332 3241 1507 3296 amnis
1541 3251 1774 3308 utraque
2019 3227 2023 3230 ν

523 3334 766 3404 Margine
795 3332 988 3404 configi
1017 3347 1295 3386 connexos
1325 3332 1525 3386 vimine
1557 3332 1736 3401 jussit,

520 3427 586 3480 Et
615 3425 799 3480 multis
823 3425 986 3478 multa
1015 3423 1258 3493 praecisis
1293 3425 1489 3478 arbore
1523 3425 1689 3482 ramis

522 3517 836 3588 Composuit
867 3525 1068 3582 crates,
1089 3525 1150 3571 et
1178 3517 1364 3574 arenis
1383 3517 1614 3586 desuper
1639 3518 1846 3586 implet,

523 3609 614 3663 Sic
640 3623 776 3677 aqua
807 3609 1008 3662 lascive
1027 3607 1272 3679 dispersa
1305 3608 1538 3662 refertur
1561 3608 1614 3661 in
1643 3623 1828 3662 unum.

521 3701 721 3756 Alveus
751 3701 913 3754 altior
938 3701 1088 3765 hinc,
1117 3700 1388 3770 capitque
1409 3701 1662 3769 capacior
1683 3715 1826 3765 esse,

523 3787 747 3856 Cogitur
782 3789 922 3842 unde
951 3790 1094 3842 viam
1121 3775 1364 3858 prmbere
1389 3791 1640 3844 meabilis
1665 3791 1808 3844 unda

521 3877 780 3941 Navibus,
811 3877 1097 3946 illaesmque
1120 3879 1288 3932 maris
1313 3879 1643 3933 revelluntur
1667 3881 1733 3934 ad
1758 3883 1948 3938 undas.

524 3964 622 4018 V'ir
650 3965 972 4018 venerabilis
1001 3966 1104 4019 hoc
1131 3967 1187 4018 in
1225 3973 1464 4035 t¢mpore
1493 3982 1628 4038 papa
1667 3968 1876 4022 Salerni

522 4055 818 4134 Gregorius
862 4055 1092 4130 moritur
1133 4056 1304 4127 (118),
1349 4071 1510 4126 quem
1559 4071 1660 4112 nec
1706 4073 1938 4128 persona
1993 4073 2093 4120 nec

1869 4147 2010 4220 [auri

521 4235 773 4306 Unquam
801 4233 950 4291 ﬂexit
974 4251 1158 4301 amor,
1189 4237 1394 4308 justum
1427 4253 1648 4299 servare
1679 4217 1914 4314 rigorem
2013 4217 2018 4226 ’

520 4329 748 4398 Semper
771 4330 1072 4398 proposuit,
1097 4345 1206 4383 non
1235 4345 1332 4402 cor
1359 4330 1488 4385 dare
1510 4330 1632 4386 lazta
1653 4331 1910 4394 valebant

1809 321 2193 388 ‘GUILLELMI.
2221 319 2425 377 APULI

2115 443 2160 500 Α

3637 309 3776 370 ωεο

2195 455 2417 524 Magnus
2445 461 2564 508 erat
2592 453 2657 506 de
2688 461 2863 506 morte
2895 451 3065 516 dolor,
3103 451 3228 522 quia
3269 465 3500 517 magnus
3537 443 3774 511 amoris,

2190 539 2384 597 Vivere
2410 543 2534 596 dum
2565 539 2739 604 licuit,
2777 556 2948 596 nexus
2976 531 3334 607 coniunxerat
3359 537 3504 592 illos.
3727 539 3734 542 “

2189 640 2341 694 Alter
2362 639 2427 692 ab
2459 637 2682 694 alterius
2707 651 2980 705 nunquam
3009 634 3257 689 discessit
3295 646 3483 686 amore

2189 731 2441 785 Fit-mata:
2464 728 2734 797 quondam
2764 734 2881 796 post
2913 735 3096 780 mutua
3122 723 3329 788 fmdera
3363 721 3536 791 pacis.

2191 820 2429 876 Ecclesia
2453 819 2639 874 Sancti
2669 817 2908 871 Mattha-i
2939 831 3076 886 papa
3097 813 3342 883 sepuitus

2191 910 2444 966 Nobilitat
2473 910 2601 962 tanti
2628 910 2880 962 thesauro
2910 905 3155 974 corporis
3183 903 3393 958 urbem.

2191 1002 2340 1057 Hanc
2365 1001 2486 1072 quia
2523 995 2814 1054 translatus
2842 997 3128 1051 Mattbtcus
3157 993 3434 1065 apostolus
3466 989 3564 1043 alti

2191 1095 2436 1150 Nominis
2463 1108 2584 1156 esse
2615 1092 2762 1164 facit,
2792 1091 3155 1162 meritumque
3185 1084 3421 1140 vicarius
3447 1083 3552 1144 iste

2189 1187 2362 1258 Auget
2394 1186 2466 1242 ibi
2495 1186 2722 1258 positus,
2751 1199 2861 1253 prte
2883 1181 3093 1238 cunctis
3122 1178 3348 1233 urbibus
3371 1189 3542 1229 unam

2191 1281 2305 1333 Dux
2333 1278 2607 1348 elegisset,
2642 1275 2744 1330 sibi
2773 1275 2953 1338 vivere
2990 1270 3319 1342 silicuisset.

2191 1371 2392 1426 Verum
2424 1369 2670 1438 Gregorii
2693 1375 2812 1437 post
2837 1375 3063 1420 mortem
3087 1360 3334 1432 praesulis
3361 1359 3442 1418 illi

2189 1464 2269 1534 Ad
2293 1463 2412 1518 loca
2443 1477 2550 1516 non
2575 1459 2726 1524 licuit
2757 1459 2894 1534 Latii
2916 1457 3137 1513 dimissa
3163 1455 3360 1510 redire.

2191 1531 2472 1612 continuis
2495 1549 2657 1620 huius
2684 1531 2896 1610 soboles
2925 1563 3183 1620 generosa
3213 1545 3458 1613 Roget-us

2189 1645 2504 1699 Pcrterrere
2533 1643 2696 1696 minis
2728 1656 2835 1696 non
2871 1649 3048 1695 cessat
3071 1637 3452 1707 Cephalouiam
3481 1650 3497 1686 :

2121 1769 2164 1824 Β
2193 1737 2370 1792 Insula
2393 1715 2632 1789 Roberto
2654 1734 2975 1804 proponitur
3003 1745 3121 1785 esse
3149 1729 3377 1800 petenda
3400 1769 3414 1794 ,

2191 1829 2272 1882 Ad
2302 1841 2464 1894 quam
2494 1825 2688 1878 missus
2717 1832 2837 1876 erat
2865 1821 3184 1891 capiendam
3215 1819 3355 1872 filius
3383 1817 3499 1885 ejus
3525 1833 3540 1867 :

2193 1915 2384 1970 Navim
2407 1913 2799 1976 conscendens,
2833 1925 2994 1980 quam
3019 1917 3200 1963 castra
3229 1907 3466 1960 revisere
3489 1909 3686 1971 possm,

2196 2008 2371 2062 Fcbre
2394 2007 2544 2076 prius
2571 2005 2816 2070 capitur;
2851 2001 3081 2070 flagrare
3107 1995 3351 2054 canicula
3383 1995 3604 2049 fervens

2192 2098 2462 2164 Coeperat,
2493 2091 2678 2148 :estiva
2701 2089 2852 2159 cujus
2872 2089 3204 2145 saevissimus
3225 2085 3386 2140 ardor
3489 2085 3492 2090 '

2194 2185 2536 2252 Tempestate
2565 2181 2702 2236 solet
2728 2178 3044 2235 mortalibus
3072 2191 3190 2232 esse
3213 2175 3436 2229 nocivus
3465 2189 3486 2234 ;

2199 2275 2343 2328 Uxor
2367 2274 2432 2327 ab
2455 2271 2604 2325 Italia
2633 2285 2740 2344 non
2771 2270 2938 2324 multo
2961 2275 3182 2322 venerat
3209 2275 3368 2338 ante,

2194 2365 2258 2418 ι·;ι
2284 2363 2482 2430 castris
2504 2363 2714 2425 aderat,
2747 2361 2873 2416 dum
2903 2359 3013 2413 nati
3045 2367 3225 2411 castra
3247 2355 3438 2408 revisit

2194 2455 2335 2517 Dux,
2366 2451 2560 2521 quibus
2588 2451 2796 2505 exierat
2819 2448 3016 2519 populo
3043 2461 3165 2502 cum
3197 2445 3368 2500 classe
3391 2441 3606 2497 relicto.

2195 2546 2319 2600 llam
2342 2545 2430 2598 ubi
2456 2543 2750 2597 Robertum
2777 2537 3026 2610 cognovit
3056 2535 3385 2599 febricitare,

2193 2635 2249 2687 ιιι
2280 2649 2387 2702 quo
2413 2643 2519 2687 tota
2550 2633 2630 2686 sui
2663 2631 2765 2685 sita
2797 2645 2920 2700 spes
2955 2639 3092 2692 erat,
3121 2635 3302 2696 utpote
3327 2633 3474 2678 lauto

2193 2725 2450 2791 Conjuge,
2479 2722 2723 2776 discissis
2751 2719 2886 2774 flens
2917 2719 3181 2780 vestibus,
3212 2714 3528 2770 acceleratis

2178 2814 2453 2882 .Cursibus
2484 2795 2737 2876 accessit,
2765 2825 2883 2880 qua:
2905 2809 3168 2863 defecisse
3198 2807 3482 2868 maritum;

2199 2908 2590 2975 Extremusque
2614 2906 2801 2959 videns
2826 2918 2986 2959 casus
3017 2903 3218 2956 instare
3247 2898 3598 2969 propinquos,

2200 2997 2388 3067 Ungue
2415 3011 2579 3065 genas
2611 2996 2841 3072 lanians,
2863 2997 3102 3066 impexos
3131 2991 3297 3068 scissa
3325 2988 3546 3069 capillos

2121 3107 2160 3162 ε
2197 3088 2338 3142 Proh
2363 3087 2551 3142 dolor!
2601 3087 2868 3140 exclamat
2894 3125 2908 3149 ,
2951 3085 3078 3153 quid
3119 3083 3266 3136 inibo
3317 3079 3656 3143 miserrima,
3689 3076 3774 3131 vel

2197 3176 2384 3232 Infelix
2415 3186 2602 3245 potero
2626 3175 2936 3230 discedere?
2961 3189 3138 3229 nonne
3169 3171 3378 3242 Pelasgi
3645 3169 3776 3242 [quo

2195 3267 2392 3320 Audita
2421 3282 2508 3321 me
2539 3274 2715 3319 morte
2745 3266 2849 3338 tui,
2883 3273 3204 3333 natumque,
3236 3272 3494 3330 tuumque

2197 3359 2455 3416 invadent
2485 3359 2762 3428 pupulum,
2795 3371 3024 3427 quorum
3055 3365 3108 3410 tu
3141 3356 3309 3425 gloria
3343 3353 3490 3407 solus

2199 3453 2355 3522 Spes,
2389 3461 2442 3504 et
2473 3451 2638 3504 robur
2663 3465 2810 3514 cras,
2837 3458 2922 3502 tua
2953 3463 3088 3516 quos
3116 3445 3396 3517 prmscntia
3427 3433 3595 3508 fovit,

2197 3542 2469 3598 Extremis
2491 3541 2698 3610 positus
2719 3539 2844 3608 quia
2868 3549 2918 3593 te
2945 3547 3210 3609 praesente
3241 3546 3453 3590 tuorum

2199 3631 2377 3698 llostis
2407 3645 2564 3684 nemo
2607 3629 2802 3692 minas,
2826 3641 3152 3696 congressus
3183 3611 3341 3679 neuio
3367 3622 3632 3678 timebat?

2195 3721 2452 3775 Pluribus
2475 3729 2528 3776 et
2556 3719 2804 3788 quamvis
2835 3719 2978 3772 acies
3005 3718 3233 3771 adversa
3256 3705 3490 3770 catervis

2195 3811 2380 3867 Obsita
2414 3827 2518 3865 non
2545 3811 2751 3880 paucis,
2785 3817 2876 3862 tua
2900 3823 3035 3876 quos
3065 3807 3322 3860 animatio
3347 3813 3496 3858 tutos

2193 3907 2442 3970 Fecerat,
2477 3903 2750 3958 audebant
2775 3901 3116 3956 committere
3143 3899 3304 3963 bella,
3335 3913 3434 3951 nec
3460 3909 3698 3967 unquam

2193 3996 2270 4050 Te
2295 3997 2408 4050 viso
2438 3994 2613 4063 potuit
2645 3992 2917 4066 mundana
2947 3991 3202 4045 resistere
3226 3989 3416 4064 virtus.

2191 4087 2364 4141 Filius
2395 4099 2522 4140 ecce
2550 4070 2690 4154 lupis
2710 4083 2908 4137 sinitur
2937 4080 3245 4151 rapiendas,
3277 4087 3334 4133 et
3361 4095 3518 4140 uxor,

2199 4179 2262 4232 Et
2287 4177 2516 4248 populus
2537 4189 2810 4246 nunquam
2836 4175 2952 4228 sine
2984 4183 3034 4227 te
3052 4187 3275 4227 securus
3297 4170 3600 4235 habendus,

2194 4267 2270 4342 Te
2302 4268 2452 4338 quia,
2481 4267 2575 4336 qui
2602 4263 2783 4340 populi
2811 4263 2996 4318 fueras
3021 4261 3244 4316 audacia
3267 4259 3461 4324 nostri,

2193 4357 2406 4411 Amisso
2431 4355 2659 4425 populus
2687 4370 2791 4408 non
2820 4352 2993 4408 audax
3022 4366 3144 4407 esse
3167 4349 3387 4404 valebit.

515 4418 738 4515 ’δι’-εφη
762 4421 931 4515 η’θδο,
949 4421 1148 4515 ιτξδίυξην
1177 4423 1501 4515 Ρθθᾲίτίδιίθ-
1522 4423 1748 4515 reddere
1781 4433 2034 4490 mmsu‘m
2074 4441 2084 4474 ⁵
2119 4429 2166 4487 Ῐ)
2194 4418 2479 4515 Quodlibet
2504 4418 2755 4514 ignavum
2780 4441 2978 4514 poterit
3009 4439 3315 4514 prmcellerc
3337 4438 3554 4507 vulgus,

519 4509 732 4565 Solator
755 4510 956 4574 mmsti,
989 4510 1124 4565 lucis
1139 4512 1246 4574 via,
1273 4511 1463 4566 doctor
1489 4513 1724 4578 honesti,

515 4600 747 4668 Legibus
770 4602 986 4656 arcebat
1016 4603 1270 4671 tumidos,
1300 4605 1641 4672 humilesque
1666 4603 1880 4660 fovebat
1909 4589 1924 4658 ἐ

518 4690 715 4744 Terror
749 4689 1080 4760 iniquorum,
1109 4692 1327 4762 clypeus
1360 4693 1466 4747 fuit
1489 4693 1578 4748 ille
1605 4695 1918 4762 proborum,

517 4779 690 4846 Atque
719 4778 978 4838 salutiferi
1005 4783 1306 4852 spargendo
1336 4784 1540 4838 semina
1575 4783 1743 4846 verbi,

518 4864 798 4934 Nunquam
826 4870 1058 4922 cessavit
1081 4871 1336 4938 pepulum
1363 4888 1620 4936 revocare
1649 4873 1861 4940 fidelem

519 4954 562 5005 Α
591 4953 744 5006 vitiis
763 4955 830 5008 ad
853 4969 946 5010 eos
971 4957 1166 5025 quibus
1195 4960 1302 5013 itur
1330 4961 1396 5014 ad
1422 4963 1626 5018 aethera
1655 4979 1852 5026 mores,

537 5043 742 5068 ἔξευρε-υ.
768 5043 1018 5068 ,πηνα-2....»
1047 5061 1148 5068 κ-..
1181 5047 1284 5068 .12..-
1303 5063 1318 5068 -

2189 4539 2358 4608 Impia
2393 4553 2538 4592 mors
2564 4535 2792 4600 homini,
2832 4550 2939 4604 quo
2961 4541 3039 4587 tot
3072 4541 3332 4602 pereunte
3355 4521 3604 4598 peribunt
3641 4566 3656 4590 ,

2193 4633 2386 4695 Parce,
2421 4645 2633 4700 precor,
2669 4627 2918 4698 precibus
2944 4641 3064 4696 quae
3093 4621 3528 4679 condescendere
3563 4616 3750 4678 nescis,

2190 4721 2455 4790 Exspecta
2478 4719 2670 4774 saltem
2701 4718 2826 4770 dum
2849 4731 2950 4790 nos
2972 4715 3038 4768 ad
3066 4723 3249 4768 nostra
3273 4711 3516 4774 reducat,

2193 4811 2264 4866 Ut
2289 4811 2438 4874 locus
2463 4809 2698 4878 excipiat
2725 4822 2822 4861 nos
2845 4815 2965 4876 post
2993 4821 3086 4860 sua
3115 4803 3306 4857 funera
3335 4810 3502 4856 tutus.

2193 4901 2276 4954 Ab
2307 4901 2590 4954 miseram!
2622 4897 2822 4952 frustra
2852 4909 3044 4966 precor
3068 4894 3209 4948 hanc
3231 4933 3247 4957 ,
3279 4891 3489 4960 ingrata
3517 4883 3746 4959 precanti

2196 4991 2329 5046 Cum
2360 5005 2576 5059 semper
2608 4973 2788 5054 fuerit,
2819 4987 3060 5055 nullique
3088 4983 3393 5054 pepercerit
3415 4993 3680 5048 unquam:
