4010 5230
181 273 328 328 1081·
791 281 876 337 DE
921 283 1148 341 REBUS
1186 286 1433 343 GESTIS
1471 283 1830 344 NORMANN.
1872 285 1940 340 lN
1981 284 2244 351 SICILIA,
2287 285 2440 340 ETC.
2481 316 2551 326 —-
2601 284 2729 338 LIB.
2773 285 2838 338 V'.
3309 281 3446 338 {082

179 387 426 441 Astantis
453 390 630 458 populi
665 391 928 463 lacrymas
955 399 1075 472 quis
1104 398 1306 456 lumine
1327 402 1470 456 sicco
1790 403 1834 457 Α
1863 399 1969 453 lios
1999 400 2342 464 invasissent,
2370 407 2424 453 et
2457 400 2524 451 at)
2551 397 2698 450 omni
2729 395 2950 449 climate
2977 392 3160 445 mutuli

180 475 512 545 lnspiceret?
536 482 658 550 quis
692 491 798 536 tam
830 487 1060 554 patiens,
1096 500 1205 543 tam
1243 490 1451 545 ferreus
1476 501 1654 556 esset,
1863 488 2118 543 Alllueret
2145 489 2391 557 pararios,
2425 494 2742 558 peteretque
2769 493 3007 538 armatus
3040 484 3298 547 inermes,

181 566 249 656 Ut
281 584 389 622 non
421 572 734 642 maestitiam
770 585 847 630 tot
880 581 1056 647 passis
1077 584 1520 656 competeretur?
1863 578 1979 632 Non
2011 579 2100 632 illa
2128 579 2231 632 bac
2260 578 2493 632 formido
2526 576 2665 631 foret
2689 575 2977 628 formidine
3000 571 3196 641 major,

179 655 324 711 later
349 667 430 712 tot
459 659 726 731 lacrymas
751 680 873 720 cum
900 684 1129 738 corpore
1160 655 1420 742 sanguine
1455 673 1655 729 Christi
1863 669 2004 724 Mors
2029 670 2186 724 ttnius
2207 679 2325 724 erat
2357 667 2648 722 multorum
2674 679 2836 718 causa
2863 663 3076 733 pavoris
3109 679 3121 715 :

178 745 437 817 Accepto,
469 751 706 808 moriens
732 755 841 808 vita
873 758 1134 826 spoliatur
1163 761 1335 816 amica
1369 780 1382 815 :
1861 758 2177 813 Innumeras
2200 767 2408 827 gentes,
2438 757 2572 810 dure
2597 753 2688 823 qui
2715 755 2929 806 vivente
2952 749 3201 804 solebant

182 836 272 891 Sic
302 847 359 892 el
389 839 443 894 in
474 842 667 898 exsilio
704 847 909 901 robusti
939 848 1200 920 principis
1229 860 1378 907 artus
1865 843 2115 908 Vincere,
2137 844 2390 898 defuncto
2421 843 2608 913 paucis
2633 842 2850 895 obstare
2881 839 3134 893 timerent
3163 856 3175 890 :

181 927 425 997 Spiritus
450 944 644 990 exutos
671 936 917 1004 dimittit,
945 950 1000 996 et
1027 944 1370 1002 exanimatur
1399 946 1565 1020 (ll9),

1861 934 2092 989 Millibus
2117 948 2238 990 esse
2258 933 2443 988 decem
2471 933 2551 987 sic
2578 947 2718 1000 saepe
2746 930 3010 984 Valentior
3042 943 3201 992 unus,

180 1019 280 1087 Qui
309 1021 481 1079 fortes
509 1027 722 1082 animos
747 1030 867 1086 aliis
901 1031 1100 1088 inferre
1125 1035 1360 1100 solebat,
1526 1019 1532 1020 ⁷
1860 1027 2038 1094 Atque
2059 1024 2244 1096 fugare
2278 1024 2375 1078 viri
2401 1025 2508 1079 duo
2541 1024 2708 1078 millia
2740 1022 2886 1077 mille
2912 1019 3229 1092 probantur.

181 1113 250 1167 Se
277 1125 547 1183 prasente
577 1119 691 1173 suis
720 1121 794 1174 nil
825 1137 1016 1190 passus
1042 1123 1236 1181 adesse
1263 1126 1495 1182 ιῑωοτῖς,
1861 1114 2044 1169 Hostis
2073 1129 2141 1169 ne
2167 1113 2360 1187 subeat
2385 1111 2574 1181 majori
2607 1111 2780 1166 classe
2804 1118 3043 1165 cremata

179 1202 295 1258 Non
323 1221 610 1263 remanere
639 1209 740 1264 viri
772 1210 1082 1266 Grtecornm
1117 1215 1362 1282 partibus
1387 1231 1526 1270 uxor

1863 1201 2075 1257 Territa
2100 1218 2231 1273 gens
2256 1202 2464 1257 studuit
2493 1216 2656 1255 naves
2683 1215 2905 1255 servare
2933 1198 3194 1259 minores,

178 1295 389 1365 Corpus
412 1313 596 1367 passa,
623 1302 736 1356 suis
765 1313 995 1359 conatur
1020 1305 1244 1360 reddere
1275 1308 1456 1372 terris,
1862 1294 2073 1365 Ᾰῦίιιιυι·
2099 1303 2159 1348 ut
2184 1293 2481 1348 Adriacum
2512 1301 2819 1347 transvecta
2847 1305 3048 1361 pavore
3069 1289 3299 1343 levetur.

179 1389 465 1460 Quamque
495 1393 670 1463 magis
700 1394 934 1450 celerem
974 1407 1304 1467 cognoverat
1334 1414 1451 1454 esse
1489 1400 1726 1471 galerum
1861 1389 2067 1442 Tantus
2096 1394 2214 1441 erat
2240 1397 2440 1451 terror,
2472 1400 2573 1441 nec
2597 1399 2750 1456 opes,
2778 1399 2876 1438 nec
2911 1381 3074 1451 pallia
3100 1391 3320 1445 curant,

181 1479 426 1546 Scandit,
465 1482 536 1536 ibi
569 1485 746 1551 posito
781 1485 1002 1542 ltobcrti
1035 1503 1264 1558 corpore
1295 1491 1513 1558 trans“,
1861 1478 2052 1535 Omnia
2082 1485 2436 1548 postponunt,
2468 1483 2522 1530 et
2549 1490 2776 1545 corpora
2806 1473 2922 1528 sola
2952 1472 3152 1527 carinis

183 1570 427 1626 Mortuus
464 1584 524 1627 ut
558 1574 774 1630 rediens
802 1575 957 1632 Latio
984 1579 1174 1634 solatia
1202 1590 1440 1649 ιιι-ωςιοι,
1861 1567 2206 1638 Supplicibus
2235 1567 2488 1639 precibus
2515 1573 2744 1636 poscunt
2770 1565 3024 1619 inducere
3050 1571 3276 1627 nautas;

181 1658 274 1716 Cui
308 1675 420 1727 non
449 1661 533 1716 fas
561 1664 684 1717 vivo
709 1663 812 1719 fuit
839 1666 904 1719 ad
935 1681 1032 1721 sua
1060 1684 1221 1738 regna
1252 1672 1475 1725 reverti.

1859 1657 2037 1728 Atque
2069 1657 2196 1712 licet
2224 1672 2392 1712 naves
2423 1672 2452 1710 a
2480 1666 2626 1710 terra
2651 1655 2863 1724 longius
2884 1663 3087 1718 essent,

177 1749 364 1802 Castra
389 1749 638 1820 Rogerus
659 1753 773 1806 aJit
799 1756 992 1824 patris,
1024 1757 1384 1830 interitusque
1415 1760 1623 1828 paterni
1791 1741 1834 1795 B
1861 1745 1994 1801 Pars
2020 1746 2338 1802 conscendit
2365 1760 2553 1814 equos,
2583 1754 2642 1798 ut
2663 1744 3012 1814 perveniatur
3033 1743 3098 1796 ad
3126 1741 3273 1804 illas,

178 1836 372 1892 Notitia
402 1840 658 1909 populant
690 1846 1055 1901 communicat
1085 1848 1278 1902 anxius
1299 1864 1534 1905 omnem.

1862 1836 2110 1892 Dimissis
2133 1846 2186 1892 et
2215 1837 2368 1906 equis
2391 1837 2670 1904 imponunt
2694 1848 2924 1903 corpora
2951 1841 3179 1886 tantum.

177 1928 582 1998 Consiliumque
614 1933 768 2001 petit,
799 1935 1122 2002 privandum
1154 1952 1386 2007 namque
1417 1938 1640 2004 fatetur,

1859 1928 1994 1982 Pars
2026 1936 2200 1992 natat,
2232 1937 2290 1981 ut
2316 1926 2496 1981 nando
2530 1925 2703 1980 valeat
2727 1923 3095 1980 conscendere
3123 1935 3332 1975 navem.

177 2015 238 2085 liii
271 2018 456 2074 redeat
484 2035 733 2090 propere,
765 2038 823 2077 se
854 2022 996 2091 juris
1038 2025 1244 2081 honore
1277 2028 1508 2095 paterni,
1860 2017 1991 2074 Pars
2021 2027 2201 2072 tamen
2230 2017 2442 2072 illorum
2467 2015 2664 2084 major,
2692 2015 2818 2084 quia
2851 2029 2956 2068 non
2988 2028 3236 2067 remeare

178 2106 456 2164 ":Predcm
493 2111 652 2178 cuius
681 2123 836 2183 pater
861 2117 1004 2170 hunc
1039 2116 1307 2172 indixerat
1334 2133 1471 2173 esse.
1860 2111 2096 2164 Navibus
2140 2109 2363 2172 evaluit,
2394 2122 2680 2162 remanens
2710 2121 2768 2161 se
2803 2105 3078 2175 mancipat
3106 2103 3283 2174 Argis.

179 2199 252 2251 llli
283 2203 617 2270 promittunt
642 2220 830 2260 omnes
859 2221 918 2261 se
944 2209 1106 2262 corde
1138 2208 1303 2276 ﬁdeli,
1859 2199 2069 2268 Quique
2098 2197 2429 2252 timebantur
2459 2197 2630 2251 timidi
2669 2194 2874 2250 servire
2903 2193 3144 2264 Pelasgis

178 2291 325 2346 Sicut
347 2294 656 2348 servierant
681 2297 848 2365 patri,
877 2298 1086 2352 servire
1112 2308 1332 2368 paratos
1353 2340 1366 2363 ,
1859 2292 2127 2361 Incipiunt
2147 2331 2162 2355 ,
2195 2291 2361 2344 animi
2384 2289 2537 2359 pulsa
2570 2288 2786 2346 feritate
2815 2286 3033 2341 ferocis.

178 2382 360 2452 Sitque
389 2385 680 2455 coadjutor
711 2389 1142 2459 transgressibus
1176 2393 1411 2461 azquoris
1440 2392 1546 2445 illis
1857 2384 2085 2452 Jamque
2117 2392 2263 2437 rates
2288 2382 2506 2437 fuerant
2529 2395 2687 2435 secus
2709 2378 2916 2450 Appula
2947 2377 3127 2431 littora
3152 2377 3328 2430 ducuc

179 2472 471 2532 Unanimes
499 2480 769 2548 rogitant;
808 2483 1005 2551 populo
1032 2483 1178 2537 favet
1207 2483 1294 2538 ille
1330 2483 1558 2552 roganti.
1859 2474 2176 2542 Tempestas
2198 2473 2460 2528 tutnidum
2491 2471 2668 2542 quatit
2697 2467 3049 2524 intolerabilis
3073 2482 3260 2536 aequor

179 2565 243 2620 Sc
275 2575 455 2622 tamen
495 2581 798 2638 exspectet,
835 2574 958 2626 dum
984 2572 1312 2644 Cephalonia
1350 2587 1566 2644 pczamr
1857 2565 2209 2636 Naufragium
2245 2565 2388 2634 passi
2416 2562 2768 2633 quamplures
2797 2571 2925 2617 sunt
2957 2561 3027 2615 ibi
3059 2571 3256 2614 nautae.

178 2657 366 2723 Insula,
399 2675 511 2728 qua
538 2661 716 2715 socios
745 2662 1046 2727 dimiserat,
1080 2664 1331 2719 obsecrat
1355 2680 1564 2720 omnes.
1856 2659 1990 2712 Pars
2020 2659 2300 2712 hominum
2335 2673 2458 2712 cum
2487 2657 2667 2712 classe
2690 2655 2849 2726 perit,
2881 2653 3162 2723 fractaque
3191 2651 3442 2721 procellis

179 2747 238 2801 Et
278 2748 480 2803 nullius
501 2788 516 2813 ,
545 2747 642 2815 ait,
677 2751 800 2804 lidei
825 2751 1054 2819 mejnre
1082 2768 1282 2808 vocare
1857 2751 1970 2818 Qua
1997 2751 2172 2805 fuerat
2197 2765 2395 2820 corpus
2428 2757 2793 2804 transvectum
2826 2745 3036 2809 nobile,
3063 2744 3211 2808 navi,

180 2839 398 2893 Deberet
421 2839 657 2910 populus
687 2841 942 2896 dimissus
970 2843 1023 2896 in
1054 2843 1352 2908 obsidione,
1855 2843 1912 2897 lu
1953 2859 2104 2897 mare
2130 2842 2410 2912 delapsum
2440 2857 2546 2896 non
2578 2843 2784 2915 absque
2807 2838 2990 2894 labore
3013 2837 3239 2891 cadaver

176 2929 484 2985 Abscedens
511 2931 626 3000 ejus
649 2933 694 2986 si
725 2941 903 2987 castra
937 2934 1172 2988 revisere
1200 2935 1422 2996 nollem,
1855 2938 2198 3002 Extrahitur,
2229 2935 2369 2992 fetor
2398 2951 2465 2990 ne
2486 2934 2715 3006 prodeat
2741 2931 2864 2987 inde
2889 2930 3134 2991 nocivus,

179 3019 240 3073 Et
269 3021 434 3090 patris
471 3021 772 3088 interitum,
803 3037 961 3092 quem
988 3023 1138 3078 vobis
1166 3025 1436 3080 notilicavi
1461 3065 1476 3091 ,
1783 3078 1824 3098 ι,
1859 3029 2078 3083 Viscera
2101 3044 2303 3098 corque
2326 3027 2480 3082 ducis
2499 3023 2818 3082 subbumari
2842 3021 3004 3093 jussit
3034 3018 3300 3090 llydronti

177 3109 590 3182 Discessumque
616 3126 792 3166 meum
824 3128 929 3166 non
953 3113 1058 3168 illis
1087 3115 1441 3170 notilicarem.
1782 3081 1825 3137 (⁸
1860 3119 2089 3173 Ρτξθιιίιει
2113 3119 2355 3172 consiliis
2384 3131 2598 3186 semper
2619 3113 2976 3185 prudentibus
3001 3126 3162 3174 uxor,

178 3199 266 3254 llis
290 3201 448 3256 dictis
483 3203 550 3256 ad
581 3213 757 3258 castra
790 3218 900 3259 suae
928 3205 1066 3259 redit
1089 3205 1421 3268 obsidionis,
1860 3213 1926 3266 Et
1962 3212 2128 3265 multo
2150 3211 2417 3278 reliquum
2443 3209 2686 3263 condunt
2715 3211 2958 3258 aromate
2980 3215 3198 3269 corpus,

178 3293 607 3366 Defunctumque
629 3306 862 3367 patrem,
887 3314 946 3353 se
969 3299 1105 3353 velle
1139 3301 1393 3355 recedere
1420 3303 1624 3369 pandit.
1861 3306 1998 3359 lliuc
2020 3300 2296 3370 deportari
2327 3296 2656 3352 Venusinam
2683 3294 2811 3349 fecit
2845 3293 2913 3346 ad
2938 3290 3160 3352 urbem,

182 3385 405 3463 Αειιπυε
428 3388 678 3442 “rerum
708 3405 764 3444 se
789 3391 1017 3459 (ιυῖείιιιθ
1043 3392 1186 3459 quod
1215 3393 1385 3462 egerit
1417 3393 1503 3447 ille
1861 3398 1977 3462 Qua
2004 3392 2221 3446 fuerant
2248 3387 2478 3442 fratrum
2515 3394 2827 3442 constructa
2865 3379 3111 3449 sepulcra
3151 3376 3389 3447 priorum
3427 3395 3441 3430 :

181 3473 543 3546 Obsequiique
569 3479 652 3533 sui
682 3481 877 3548 ereptis
902 3481 1164 3536 desistere
1193 3483 1364 3546 nolle,
1863 3486 1974 3540 llos
2003 3496 2169 3553 prope
2209 3495 2332 3534 cum
2365 3491 2561 3546 magno
2593 3475 2701 3528 dux
2730 3481 2815 3528 est
2834 3471 3194 3524 subhumatus
3214 3465 3439 3534 honore.

180 3566 234 3620 Si
261 3569 527 3640 condigna
557 3577 736 3624 tamen
763 3571 864 3625 sibi
887 3573 1264 3628 convenientia
1292 3574 1468 3629 detur.
1865 3575 2005 3630 Urbs
2038 3570 2310 3628 Venusina
2344 3569 2480 3623 nitet
2505 3565 2671 3621 tantis
2701 3564 2957 3618 decorata
2985 3559 3271 3629 sepulcris.

181 3657 374 3714 Taliter
405 3670 594 3716 amoto
621 3678 719 3717 sua
755 3674 933 3719 castra
957 3675 1176 3736 petente
1202 3667 1434 3738 Rngero,
1861 3671 1901 3723 A
1934 3664 2115 3721 Caroli
2148 3661 2325 3732 Magni
2356 3659 2440 3714 vel
2464 3667 2707 3727 tempore
2728 3653 2960 3709 Caesaris
2985 3665 3221 3719 unquam

181 3749 317 3804 Gens
343 3752 468 3807 aliis
500 3753 694 3807 castris
723 3762 873 3808 tanto
906 3765 1176 3812 remorata
1201 3773 1401 3828 pavore
1861 3757 2050 3812 Nullos
2081 3763 2226 3809 terra
2250 3765 2410 3821 pares
2433 3746 2690 3818 produxit
2709 3743 2970 3798 fratribus
2997 3741 3114 3794 istis

181 3839 517 3908 Concutitur,
539 3845 684 3914 quod
711 3861 768 3901 se
793 3846 1100 3904 nullatenus
1131 3853 1482 3905 emoritnram
1864 3850 1961 3904 llic
1985 3847 2432 3902 subbumatorum
2462 3841 2726 3895 fabricata
2748 3837 2990 3907 jnssibus
3013 3834 3204 3888 borum

181 3930 422 4005 Elapsum
455 3948 660 4006 sperat,
687 3940 841 4008 quasi
873 3945 978 3996 vita
1009 3943 1262 4013 salusque
1291 3954 1517 4014 negetur
1541 3964 1553 3998 :
1861 3939 2104 3995 Ecclesia
2132 3935 2288 4004 cujus
2318 3935 2481 3990 decor
2506 3931 2655 3986 urbis
2677 3927 2924 3999 praenitet
2946 3922 3102 3991 hujus
3128 3940 3141 3976 :

185 4020 378 4092 Omnes
398 4027 444 4082 si
482 4027 675 4097 Danai,
699 4044 833 4102 gens
861 4031 1102 4101 Persica,
1142 4050 1276 4106 gens
1305 4034 1553 4106 Agarena
1863 4030 1965 4085 Det
1991 4027 2160 4083 venia:
2183 4039 2382 4082 munus
2406 4039 2502 4078 rex
2529 4021 2604 4078 illi
2630 4020 2830 4075 Trinus
2861 4027 2916 4072 et
2947 4015 3114 4071 Unus.

1476 4211 1710 4282 Explicit
1736 4210 1868 4265 liber
1892 4210 2129 4280 quintus.

1103 4345 1326 4408 Nostra,
1357 4345 1591 4416 Rogere,
1621 4345 1715 4400 tibi
1744 4343 2029 4413 cognoscis
2057 4339 2298 4397 carmina
2324 4334 2490 4390 scribi

1031 4437 1207 4490 Mente
1237 4436 1330 4490 tibi
1355 4436 1474 4490 laeta
1504 4436 1712 4490 studuit
1739 4449 1932 4504 parere
1955 4442 2114 4504 poeta
2147 4449 2160 4484 :

1024 4529 1253 4597 Semper
1277 4541 1333 4582 et
1361 4537 1612 4582 auctores
1641 4527 1843 4583 hilares
1875 4538 2126 4580 meruere
2158 4522 2410 4584 datores;

1027 4620 1106 4673 Tu
1135 4621 1270 4674 duce
1295 4619 1542 4675 Romano
1566 4619 1674 4674 dux
1703 4617 1921 4689 dignior
1942 4614 2263 4679 Octaviano,

1028 4710 1116 4766 Sis
1143 4709 1307 4778 mibi,
1341 4724 1544 4782 quteso,
1568 4710 1698 4766 boni
1733 4724 1880 4779 spes,
1915 4718 1976 4763 ut
2003 4707 2104 4764 fuit
2125 4707 2212 4764 ille
2240 4703 2466 4760 Maroni.

1739 4867 1916 4927 Finis.
