4010 5230
249 296 396 354 1085

1271 299 1661 359 CIIBONICON
1701 303 1928 361 BliEVE
1966 307 2488 372 NOBMANNICUM.

3365 325 3498 380 1086

249 414 484 470 Factum
510 425 592 470 est
621 414 860 484 praelium
893 431 1075 471 mense
1098 415 1402 486 Septembri
1441 421 1583 475 circa
1624 420 1827 475 Tarcn-
1857 427 1902 483 Α
1932 423 2165 480 Mabrica
2191 430 2424 486 crudelis
2449 431 2746 498 diiiticatio,
2801 446 2856 490 et
2902 437 3105 494 occisio
3133 438 3410 493 hominum
3444 441 3497 495 in

250 517 397 572 tum,
433 517 490 562 et
513 507 686 563 Graeci
717 507 841 561 victi
862 517 1024 576 _sunt,
1051 518 1105 562 et
1127 508 1265 563 facta
1289 521 1371 564 est
1401 526 1590 581 magna
1617 523 1826 579 szrages

247 598 534 652 hominum
561 615 592 652 a
618 598 854 654 Tarento
881 615 1050 670 usque
1075 601 1142 654 ad
1167 601 1524 670 Hydrontum,
1562 613 1616 656 et
1637 618 1828 658 omnes

248 687 417 766 Lrbes
445 700 500 742 et
529 701 685 743 terra:
723 687 880 743 factae
919 699 1045 744 sunt
1074 690 1140 744 de
1170 691 1408 746 dominio
1441 690 1539 762 [vel
1562 691 1824 763 hominio]

247 777 774 834 Northmanuorum.
832 779 1058 850 Moritur
1111 781 1391 837 Theodora
1439 783 1717 851 Augusta,
1774 791 1828 837 et

249 867 501 922 succedit
529 867 778 932 Michael,
808 869 896 938 qui
931 869 1109 925 dictus
1139 880 1223 925 est
1251 870 1614 928 Stratonicus.

323 963 482 1016 Anno
523 960 680 1014 1057.
722 960 950 1016 Michael
977 961 1198 1033 deponit
1229 962 1534 1033 imperium,
1577 972 1632 1018 et
1659 963 1826 1018 intrat

247 1049 550 1121 imperator
577 1052 801 1107 lsacius.

323 1139 480 1196 Auno
513 1141 670 1196 1058.
711 1141 838 1196 Fuit
863 1157 1056 1212 magna
1112 1143 1282 1198 fartres
1338 1144 1389 1198 in
1445 1144 1826 1214 terra’jl‘aren-

248 1234 389 1297 tina,
420 1243 472 1287 et
497 1232 777 1298 Calabria;
834 1243 886 1288 et
917 1243 1100 1302 postea
1130 1236 1277 1290 venit
1326 1237 1518 1304 pestis,
1549 1245 1604 1290 et
1628 1235 1825 1290 mortui

247 1333 378 1378 sunt
421 1323 666 1378 homines
693 1340 817 1378 cum
849 1325 1176 1382 animalibus
1226 1328 1280 1381 in
1332 1343 1560 1384 numero
1589 1329 1826 1383 maximo

245 1417 306 1469 in
344 1430 529 1469 mense
557 1415 753 1471 Madio.
1515 1429 1518 1432 ’

318 1505 476 1558 Auno
511 1505 667 1559 1059.
709 1505 980 1562 Rubertus
1030 1522 1216 1564 comes
1260 1508 1464 1578 Apuliae
1512 1507 1692 1564 factus
1741 1516 1827 1564 est

245 1592 355 1650 dux
391 1592 621 1662 Apulize,
654 1593 916 1648 Calabriae
954 1605 1009 1651 et
1044 1595 1244 1652 Sicilim
1281 1612 1311 1650 a
1357 1613 1497 1668 papa
1527 1596 1823 1653 Nicolaoin

244 1685 468 1739 civitate
493 1683 769 1754 Melphis:
809 1695 864 1742 et
913 1685 1044 1742 fecit
1093 1686 1144 1742 ei
1201 1689 1500 1744 bomiuium
1549 1689 1615 1745 de
1673 1672 1821 1745 omni

244 1787 413 1830 terra.
447 1776 749 1847 Imperator
778 1778 982 1834 lsacius
1018 1781 1292 1835 renuntiat
1324 1781 1629 1853 imperium.
1677 1789 1733 1838 et
1765 1781 1826 1838 fit

244 1869 545 1938 imperator
567 1869 957 1924 Constantinus
983 1871 1180 1925 Ducas.

315 1959 473 2014 Anno
505 1958 666 2013 1060.
708 1958 891 2014 Mense
914 1959 1092 2014 Madio
1115 1962 1505 2030 comprehensa
1529 1970 1613 2017 est
1633 1961 1826 2018 civitas

243 2049 469 2104 Tarenti
503 2064 597 2119 per
625 2049 816 2104 ducem
847 2048 1177 2114 Rohertum;
1211 2060 1266 2105 et
1299 2059 1484 2119 postea
1521 2051 1620 2105 ivit
1657 2066 1826 2120 super

242 2140 626 2216 Brundusium,
657 2147 712 2194 et
747 2140 892 2208 cepit
919 2154 1061 2194 eam.
1111 2139 1381 2211 Malgerns
1407 2156 1590 2198 comes
1611 2142 1709 2196 ivit
1737 2157 1826 2195 su-

243 2247 342 2300 per
379 2230 586 2296 Oriam,
618 2241 670 2285 et
702 2230 911 2303 fugavit
937 2231 1153 2287 Graecos
1185 2232 1252 2287 ab
1279 2247 1366 2286 ea.
1395 2231 1578 2286 Mense
1605 2231 1824 2287 Octobri

244 2322 397 2377 venit
447 2321 738 2376 Miriarcha
785 2339 907 2378 cum
953 2325 1198 2379 exercitu
1250 2325 1541 2394 imperiali,
1589 2333 1642 2379 et
1695 2323 1826 2380 fecit

241 2415 484 2484 praelium
533 2430 788 2485 magnum
816 2425 1006 2471 contra
1038 2417 1360 2482 Robertum,
1411 2427 1465 2472 et
1503 2415 1823 2487 Malgerum,

243 2513 301 2558 et
340 2503 544 2575 fugavit
588 2504 1012 2569 Northmannos,
1050 2516 1106 2561 et
1137 2507 1331 2562 iterum
1365 2507 1707 2578 recuperavit
1730 2520 1824 2561 eas

241 2610 368 2649 cum
399 2594 522 2650 aliis
550 2596 737 2660 terris,
770 2604 826 2650 et
851 2595 1148 2665 llydronte.

315 2685 476 2738 Anno
503 2684 658 2738 1061.
704 2683 889 2740 Mense
911 2684 1172 2739 Januario
1221 2683 1486 2754 Bogerius
1513 2699 1696 2740 comes
1742 2684 1826 2738 in-

243 2775 410 2830 travit
467 2773 834 2840 Mandurium,
884 2784 937 2828 et
967 2775 1237 2830 Robertus
1263 2775 1370 2828 dux
1416 2773 1826 2844 comprehendit

239 2867 653 2928 Acherontiam,
686 2876 740 2920 et
773 2866 868 2920 ivit
895 2876 1084 2921 contra
1113 2865 1332 2921 Graecos
1357 2865 1672 2920 obsidentes
1697 2863 1826 2918 Mel-

240 2958 416 3029 phim,
457 2966 512 3013 et
545 2957 749 3028 fugavit
786 2972 900 3012 eos.

314 3049 473 3102 Anno
503 3047 661 3101 106%.
701 3046 971 3101 Robertus
1018 3047 1126 3101 dux
1166 3047 1310 3117 cepit
1344 3047 1540 3101 iterum
1569 3044 1823 3100 Brundu-

243 3137 409 3202 sium,
442 3146 497 3191 et
548 3135 755 3205 fugavit
782 3134 1020 3200 Graecos,
1070 3145 1124 3190 et
1157 3135 1570 3206 comprehendit
1608 3134 1822 3188 Miriar-

247 3231 408 3289 eham
433 3229 484 3283 iu
513 3228 720 3298 prrelio,
748 3237 806 3282 et
851 3237 1036 3298 postea
1084 3228 1183 3282 ivit
1207 3244 1371 3298 super
1401 3226 1605 3292 Oriam,
1633 3235 1689 3282 et
1728 3227 1826 3282 ite-

237 3303 365 3375 rum
391 3319 534 3388 cepit
564 3332 708 3381 eam,
743 3327 798 3372 et
825 3316 950 3372 fecit
979 3326 1214 3373 castrum
1253 3319 1304 3372 in
1330 3317 1558 3386 Mejaua.

314 3408 474 3463 Anno
506 3407 664 3462 1065.
706 3407 889 3463 Mense
914 3408 1086 3478 Aprili
1120 3417 1366 3463 mortuus
1393 3418 1473 3464 est
1506 3407 1827 3464 Gauﬂ'redus

243 3515 453 3564 comes,
502 3508 559 3555 et
612 3499 886 3556 Goffridus
935 3499 1079 3556 ﬁlius
1133 3501 1250 3569 ejus
1299 3501 1441 3570 cepit
1497 3499 1821 3568 Tarentum;

245 3589 441 3656 deinde
469 3590 567 3644 ivit
598 3605 759 3660 super
783 3601 1021 3645 castrum
1050 3589 1286 3656 Matulaa,
1316 3599 1371 3645 et
1415 3591 1827 3662 comprehendit

245 3697 392 3746 eam,
422 3691 476 3735 et
514 3684 794 3738 castellum
835 3684 974 3754 ejus.

317 3775 472 3829 Anna
500 3773 657 3828 1061.
698 3775 974 3846 Robertus
1022 3790 1206 3831 comes
1263 3776 1404 3846 cepit
1460 3775 1721 3830 Materam
1770 3776 1824 3830 in

247 3879 433 3927 mense
463 3863 666 3934 Aprili;
705 3873 760 3918 et
789 3881 974 3919 mense
996 3865 1157 3920 Junio
1183 3865 1454 3921 Com-idus
1477 3880 1659 3921 comes
1679 3880 1827 3920 com-

244 3957 534 4025 prehendit
555 3956 930 4011 Castanetum.
956 3956 1021 4009 Et
1044 3972 1227 4012 mense
1250 3956 1554 4027 Septembri
1584 3966 1826 4013 mortuus

247 4055 332 4100 est
363 4045 628 4117 Malgerus
650 4062 852 4110 comes,
882 4054 934 4100 et
965 4047 1159 4103 deinde
1213 4056 1459 4103 mortuus
1500 4056 1582 4103 est
1611 4049 1665 4103 in
1716 4047 1823 4104 Ta-

247 4148 405 4202 rento
435 4138 753 4194 Guilielmus
780 4154 962 4194 comes
989 4139 1125 4208 ejus.

319 4231 475 4286 Auno
509 4231 664 4286 1007.
706 4233 942 4288 Mahrica
968 4249 1090 4288 cum
1118 4235 1359 4289 exercitu
1390 4250 1588 4305 magno
1609 4233 1825 4289 Graeco-

236 4339 370 4392 ‘rum
399 4322 605 4393 fugavit
629 4323 1051 4391 Northmannos,
1085 4335 1140 4381 et
1178 4327 1372 4380 iterum
1402 4327 1623 4380 intravit
1647 4327 1823 4400 Brun-

1928 513 2206 582 obsidione
2235 520 2371 588 ejus.

1997 609 2154 662 Anno
2182 611 2338 667 1071.
2380 613 2523 672 Idem
2566 617 2836 674 Robertus
2885 619 2992 674 dux
3046 621 3184 690 cepit
3248 619 3498 675 Brundu-

1927 700 2089 756 sium.
2143 703 2369 761 Moritur
2431 707 2762 766 Humbertus
2812 711 2980 768 frater
3022 713 3158 782 ejus.
3225 715 3500 769 ltonnauus

1929 791 2221 860 imperator
2245 796 2552 866 deponitur,
2601 809 2656 855 et
2681 813 3006 868 excxcatur,
3038 814 3091 859 et
3131 805 3370 859 succedit
3408 804 3501 857 Mi-

1927 882 2080 937 chael
2107 883 2281 941 Ducas
2311 887 2450 944 filius
2475 889 2839 947 Constantini.

1995 973 2342 1031 Ann01072.
2386 978 2532 1034 idem
2582 981 2853 1038 Robertus
2905 983 3015 1038 dux
3073 1000 3194 1039 cum
3257 985 3497 1040 exercitu

1928 1064 2102 1118 navali
2128 1067 2274 1121 vadit
2299 1069 2365 1122 ad
2399 1071 2718 1140 capiendam
2749 1073 2988 1129 Siciliam
3014 1075 3264 1138 insulam,
3290 1085 3344 1128 et
3365 1075 3498 1129 Cof-

1927 1152 2101 1209 fridus
2136 1171 2319 1212 comes
2370 1159 2581 1216 obsedit
2611 1163 2962 1228 Panormum,
2992 1174 3046 1219 et
3073 1167 3212 1235 cepit
3264 1181 3403 1219 eam.
3434 1167 3500 1219 Et

1928 1257 2112 1297 mense
2143 1243 2306 1301 Junio
2349 1247 2570 1303 intravit
2617 1251 2887 1306 Bobertus
2913 1253 3179 1323 gloriosus
3206 1255 3258 1307 in
3295 1253 3500 1309 Panor-

1928 1348 2099 1397 mum,
2145 1344 2200 1389 et
2238 1335 2442 1407 fugavit
2473 1339 2779 1398 Saracenos
2816 1343 2883 1400 ab
2911 1358 2975 1398 ea
3049 1353 3105 1400 et
3135 1344 3261 1400 fecit
3308 1345 3502 1399 trium-

1926 1424 2091 1506 phum
2127 1441 2402 1498 magnum.

1998 1538 2154 1589 Anno
2204 1537 2358 1590 1073.
2416 1535 2804 1602 Northmanni,
2867 1550 2922 1595 et
2984 1526 3266 1598 Petronius
3316 1557 3500 1600 comes

1928 1637 2113 1680 mense
2142 1623 2398 1681 Januario
2421 1639 2681 1697 ceperunt
2718 1630 2994 1684 civitatem
3034 1631 3408 1686 Traniensem.
3435 1632 3502 1685 Et

1933 1713 2198 1770 ltobertus
2247 1714 2352 1770 dux
2387 1717 2654 1787 gloriosus
2681 1733 2931 1774 reversus
2953 1719 3019 1774 de
3067 1719 3249 1774 Sicilia
3297 1719 3501 1790 fugavit

1927 1801 2239 1858 Petronium
2265 1805 2517 1859 comitem
2542 1805 2686 1860 circa
2712 1806 2920 1872 Barim,
2948 1816 3005 1862 et
3034 1807 3226 1862 iterum
3253 1823 3500 1878 compre-

1927 1895 2113 1950 hendit
2133 1910 2274 1962 eam,
2305 1903 2359 1951 et
2387 1896 2695 1952 inimicatus
2725 1907 2808 1954 est
2844 1897 3129 1954 Petronius
3158 1913 3342 1954 comes
3377 1914 3502 1953 cum

1927 1984 2178 2055 Rogerio.

1995 2099 2150 2152 Anno
2187 2097 2344 2154 1071.
2386 2099 2530 2156 Idem
2578 2099 2848 2157 Robertus
2879 2101 2986 2158 dux
3035 2102 3132 2156 ivit
3181 2103 3232 2156 in
3274 2101 3502 2170 Campa-

1927 2188 2095 2251 niam,
2119 2197 2174 2244 et
2210 2189 2352 2260 cepit
2377 2189 2574 2245 multas
2599 2191 2847 2246 civitates
2873 2206 2993 2246 cum
3022 2191 3240 2246 civitate
3268 2190 3500 2254 Salerni,

1925 2288 1980 2333 ct
2009 2279 2318 2335 inimicatus
2345 2289 2429 2336 est
2457 2297 2580 2336 cum
2609 2297 2744 2352 papa
2773 2282 3054 2352 Gregorio.

1993 2368 2151 2424 Anno
2175 2369 2332 2425 1078.
2373 2369 2662 2426 Petronius
2703 2385 2886 2426 comes
2914 2371 3059 2441 cepit
3088 2371 3372 2425 Tranium.
3404 2370 3503 2424 Mi-

1926 2456 2083 2511 chael
2138 2457 2312 2512 Ducas
2360 2459 2607 2528 privatur
2653 2459 2882 2528 imperio
2923 2474 2952 2512 a
2995 2458 3358 2529 Nichephoro,
3407 2459 3500 2529 qui

1925 2546 2100 2602 dictus
2121 2558 2205 2603 est
2230 2548 2562 2614 Botoniates,
2585 2557 2639 2604 et
2677 2550 2792 2620 ipse
2812 2549 2986 2604 factus
3007 2558 3090 2605 est
3115 2549 3432 2618 imperator.

1995 2638 2156 2693 Anno
2183 2639 2340 2694 1079.
2382 2639 2670 2696 Petronius
2707 2655 2889 2696 comes
2920 2641 3142 2700 intravit
3172 2641 3366 2695 iterum
3399 2640 3501 2694 Ba-

1926 2727 2050 2781 rim.
2089 2727 2441 2798 Abiligardus
2469 2745 2650 2786 comes
2675 2732 2773 2786 ivit
2798 2747 2959 2801 super
2997 2731 3234 2800 Trojam,
3265 2740 3320 2786 et
3355 2730 3504 2801 fuga-

1925 2820 2002 2873 vit
2027 2819 2402 2875 Boamundum
2449 2821 2616 2876 ﬁlium
2660 2821 2881 2878 Roberti
2907 2822 3082 2888 ducis,
3115 2833 3166 2878 et
3192 2821 3420 2887 obsedit,
3450 2832 3507 2876 et

1925 2910 2360 2978 cepitAsculum,
2398 2922 2451 2966 et
2481 2911 2679 2966 iterum
2722 2913 2991 2968 Robertus
3028 2912 3134 2966 dux
3162 2913 3504 2981 recuperavit

1924 3015 2063 3054 eam.
2095 3000 2288 3056 Postea
2314 3001 2515 3058 factum
2541 3011 2626 3057 est
2661 3004 2902 3073 praelium
2945 3003 3166 3068 ibidem,
3197 3011 3249 3057 et
3293 3003 3504 3074 fugatus

1851 3080 1894 3140 C
1925 3098 2010 3144 est
2032 3090 2378 3157 Abiligardus
2413 3107 2534 3147 cum
2573 3092 2834 3147 militibus
2865 3094 3001 3157 suis,
3045 3102 3100 3148 et
3124 3093 3257 3163 fugit
3284 3093 3335 3148 in
3360 3093 3506 3147 Con-

1926 3182 2354 3251 stantinopolim,
2380 3191 2434 3237 et
2473 3183 2546 3238 ibi
2591 3191 2840 3238 mortuus
2867 3192 2950 3238 est
2975 3183 3227 3238 inimicus
3252 3183 3374 3238 duci
3402 3182 3505 3237 Ro-

1926 3273 2101 3328 berto.

1997 3386 2156 3440 Anno
2190 3385 2344 3441 1080.
2387 3385 2658 3443 Rohertus
2696 3388 2803 3443 dux
2831 3389 3052 3444 intravit
3081 3389 3278 3442 iterum
3300 3387 3505 3442 Taren-

1928 3485 2066 3565 tum,
2089 3486 2144 3532 et
2171 3476 2547 3532 Castanetum.
2572 3478 2763 3532 Postea
2793 3478 2890 3532 ivit
2916 3493 3038 3534 cum
3066 3478 3304 3532 exercitu
3344 3492 3505 3546 super

1924 3563 2132 3631 Barim,
2157 3574 2211 3620 et
2244 3563 2445 3635 fugavit
2471 3567 2808 3632 Petronium,
2838 3573 2894 3621 et
2917 3567 3111 3621 iterum
3143 3566 3501 3635 comprehen-

1925 3657 2001 3713 dit
2024 3673 2142 3712 eam
2182 3672 2303 3712 cum
2350 3657 2572 3712 civitate
2620 3657 2804 3713 Trani.
2856 3656 2923 3712 Et
2959 3658 3222 3712 amicatus
3271 3664 3354 3712 est
3381 3670 3501 3710 cum

1924 3747 2185 3819 Gregorio
2210 3763 2343 3818 papa
2380 3749 2434 3803 in
2473 3764 2665 3805 mense
2689 3747 2874 3814 Junio,
2901 3757 2956 3804 et
2978 3748 3295 3804 confirmata
3319 3745 3417 3800 fuit
3435 3735 3503 3800 ab

1924 3840 2017 3895 illo
2060 3841 2237 3895 omnis
2289 3848 2433 3894 terra
2481 3855 2644 3910 quam
2693 3840 2930 3895 habebat
2970 3839 3239 3894 Robertus
3283 3837 3389 3892 dux
3447 3835 3499 3888 in

1925 3931 2138 4001 Apulia,
2172 3931 2420 3988 Calabria
2461 3940 2518 3987 et
2546 3931 2752 3987 Sicilia.
2801 3931 3176 4002 Nichephorns
3211 3931 3504 4000 imperator

1925 4026 2232 4096 deponitur,
2261 4034 2314 4080 et
2350 4025 2408 4080 ﬁt
2435 4026 2731 4095 imperator
2755 4025 3000 4081 Alexius.

1993 4138 2152 4192 Anno
2178 4137 2335 4192 1081.
2375 4135 2606 4191 Michael
2632 4136 2827 4198 Ducas,
2861 4135 2952 4204 qui
2977 4133 3154 4187 fuerat
3179 4129 3433 4200 expulsus
3471 4143 3499 4180 a

1923 4231 2293 4300 Nichephoro,
2319 4229 2462 4283 venit
2516 4230 2572 4283 in
2609 4227 2997 4290 Brundusium,
3023 4233 3078 4278 ct
3107 4223 3260 4294 petiit
3303 4219 3500 4275 auxilia

1923 4328 2114 4376 contra
2143 4319 2388 4373 Alexium
2416 4333 2446 4371 a
2487 4317 2622 4370 duce
2673 4316 2946 4380 Roberto;
2995 4321 3049 4367 et
3085 4312 3192 4364 dux
3236 4309 3502 4363 Robertus

231 4412 485 4478 .dusium,
518 4423 572 4468 et
598 4413 909 4469 Tarentum.
938 4414 1132 4468 Postea
1170 4415 1415 4469 ascendit
1443 4429 1607 4483 super
1637 4413 1823 4467 Casta-
1855 4431 1899 4485 ι)
1927 4409 2024 4462 ivit
2080 4425 2201 4463 cum
2250 4423 2316 4463 eo
2367 4406 2432 4460 ad
2485 4405 2838 4477 Hytlronlem.
2892 4411 2947 4458 ει
2999 4401 3270 4474 ordinavit
3311 4415 3407 4470 ιπο
3435 4414 3498 4453 οο

251 4513 462 4568 netutn,
493 4514 544 4558 et
573 4506 777 4574 recepit
799 4521 942 4560 eam.
967 4504 1192 4559 Moritur
1208 4505 1594 4559 Constantinus
1624 4503 1818 4568 Ducas,

249 4603 306 4650 et
333 4595 548 4664 reliquit
592 4596 875 4664 imperium
906 4596 1160 4650 Eudociae
1192 4596 1370 4659 uxori,
1416 4603 1471 4648 et
1501 4593 1624 4647 filiis
1669 4591 1819 4660 ejus;

251 4702 370 4754 qua:
403 4687 595 4740 iterum
625 4686 755 4740 fecit
783 4687 997 4756 nuptias
1039 4702 1161 4741 cum
1207 4685 1475 4751 Romano,
1519 4685 1611 4752 qui
1649 4685 1823 4739 dictus

251 4787 334 4832 cst
361 4777 648 4848 Diogenes,
681 4787 736 4833 et
763 4779 874 4849 ipse
902 4778 1077 4833 factus
1111 4778 1423 4847 imperator.

320 4869 476 4922 Auno
507 4868 665 4926 1008.
708 4868 979 4923 Goﬂ‘ridus
1003 4883 1185 4924 comes
1215 4868 1428 4924 obsedit
1452 4875 1688 4922 montem
1716 4865 1824 4922 Pil-

256 4960 455 5023 losum,
508 4969 564 5013 et
614 4959 1024 5028 comprehendit
1073 4972 1195 5012 eum
1259 4958 1312 5011 in
1394 4970 1579 5011 mense
1637 4957 1819 5013 Junio.

254 5045 433 5102 Mense
464 5046 684 5124 Octobri
738 5056 952 5115 captum
1007 5055 1090 5102 est
1136 5045 1329 5100 iterum
1375 5045 1736 5115 Hydrontum,
1769 5055 1824 5100 et

254 5139 414 5208 fugati
444 5149 569 5194 sunt
591 5139 765 5195 ϐττηοὶ
796 5137 864 5191 ab
891 5153 974 5193 ea.

1923 4497 2221 4553 exercitum
2267 4495 2514 4550 navalem
2575 4494 2863 4548 multarum
2924 4493 3164 4557 navium,
3209 4501 3263 4545 et
3309 4488 3499 4544 deinde

1923 4603 2046 4642 cum
2079 4587 2267 4641 eodem
2296 4585 2556 4640 Michaele
2597 4585 2691 4638 ivit
2732 4583 2798 4637 ad
2847 4583 3073 4636 insulam
3105 4582 3413 4654 Corcyram,
3445 4588 3501 4633 et

1925 4675 2070 4742 cepit
2099 4690 2241 4729 eam.
2286 4675 2491 4729 Deinde
2526 4673 2622 4726 ivit
2663 4684 2856 4728 contra
2902 4671 3252 4742 Dyrrachium
3283 4684 3405 4724 cum
3431 4683 3500 4722 xv

1925 4763 2164 4819 millibus
2183 4765 2495 4829 hominum;
2524 4772 2577 4817 et
2603 4762 2801 4818 factum
2826 4769 2909 4814 est
2939 4757 3176 4830 prmlium
3218 4758 3270 4812 in
3300 4759 3501 4828 Dyrra-

1923 4852 2072 4918 chio,
2107 4862 2162 4907 et
2183 4868 2212 4906 a
2243 4854 2480 4908 Rohcrto
2502 4851 2716 4919 fugatus
2749 4859 2832 4906 est
2859 4847 3098 4903 Alexius.
3141 4846 3204 4900 Et
3233 4845 3502 4899 Robertus

1927 4943 2034 4998 dux
2056 4944 2199 5013 cepit
2221 4941 2600 5015 Dyrrachium,
2623 4951 2677 4996 et
2695 4939 2930 4998 obtinuit
2953 4935 3236 4991 victoriam
3254 4947 3504 5002 magnam

1926 5040 2118 5088 contra
2148 5032 2367 5087 Cra-eus
2392 5043 2554 5098 super
2574 5044 2721 5086 eum.

1997 5119 2154 5175 Anno
2187 5121 2344 5177 1084.
2385 5115 2684 5187 Gregorius
2715 5133 2851 5192 papa
2899 5114 3181 5172 obsidetur
3228 5113 3413 5168 Roma:
3441 5109 3509 5162 ab

3123 5219 3137 5230 ι
3195 5203 3508 5230 ΠηῖιιΔρΙηνΛ
