4010 5230
175 329 310 386 1089
1232 323 1552 381 HISTORIA
1595 323 1862 380 SICIILA.
1903 353 1971 364 -
2021 319 2360 376 PROOICAIIA
3285 323 3422 382 1090

176 441 287 498 lam
315 441 646 498 Guiscardus
673 441 904 508 obierat,
933 441 1025 498 sed
1051 441 1268 512 quidem
1312 441 1590 512 Rogcrium
1635 439 1834 496 Sicilia:
1863 439 2031 512 ipsius
2054 438 2312 494 comitem
2334 452 2398 492 ac
2425 437 2748 507 principem,
2773 453 2828 494 cr
2840 447 2980 496 rtum
3007 441 3138 498 mihi
3169 443 3418 498 videtur:

171 549 232 589 ac
261 534 601 603 potissimum
650 551 772 590 eum
801 545 987 604 aperte
1019 534 1156 588 idem
1183 535 1486 590 Gaufredus
1507 535 1702 605 prodat
1731 534 1784 588 in
1833 533 2182 596 Praefatione,
2209 545 2268 584 se
2297 531 2532 600 posteris
2570 531 2787 586 tradere
2823 533 2958 588 velle
2987 535 3294 606 triumphos
3337 536 3424 604 fa-

169 625 444 680 mosissimi
465 626 716 696 principis
741 623 948 693 Rogerii
976 623 1076 696 (ita
1113 626 1256 680 enim
1283 625 1396 694 ipse
1425 625 1730 694 mandarat)
1759 633 1815 678 et
1835 623 2062 693 qualiter
2087 622 2254 692 prima
2285 621 2608 684 Calabriam,
2655 623 2842 676 deinde
2871 639 2988 678 vero
3037 623 3280 680 Siciliam
3333 641 3424 679 ar-

169 726 308 772 mata
335 734 494 772 manu
529 717 887 788 subjugaverit
913 729 933 768 :
953 733 1074 786 qua:
1100 717 1192 772 uni
1221 715 1456 786 Rogerio
1493 717 1824 772 conveniunt
1871 713 2030 770 fratri
2053 713 2304 768 videlicet
2327 711 2550 767 Roberli
2577 711 2886 772 Gniscardi.
3295 781 3302 786 ἢ

233 805 504 863 Gant‘redo
530 819 716 864 nostro
738 811 893 866 Italia
923 813 1144 867 minime
1175 812 1351 884 patria
1387 811 1510 866 fuit.
1541 812 1594 866 Is
1621 819 1792 874 certe,
1817 810 1963 879 quod
1995 809 2236 864 fortasse
2263 807 2512 876 quaedam
2541 815 2636 862 aut
2659 807 3090 876 praetermiserit,
3131 819 3226 866 aut
3247 811 3422 866 minus

166 896 402 950 ordinate
426 899 712 952 secundum
760 911 994 972 tempore
1021 901 1390 972 descripserit,
1425 917 1484 958 se
1509 911 1750 964 excusat,
1795 907 1982 970 utpote
2029 913 2059 952 a
2121 897 2556 952 Transmontanis
2583 899 2822 966 partibus
2867 899 3174 966 uenientem,
3225 904 3426 966 noritcr

165 990 388 1060 Apulum
422 993 643 1060 factum,
675 995 754 1050 vel
789 1007 926 1050 certe
951 995 1214 1052 Siculum.
1249 995 1307 1050 Si
1367 995 1668 1052 Gerardum
1719 993 2022 1048 Jobannem
2079 989 2330 1044 Vossium
2358 991 2548 1045 audire
2595 989 2822 1045 velimus
2849 991 2941 1046 lib.
2975 1007 3035 1058 tt,
3065 1008 3186 1062 cap.
3211 995 3304 1061 47,
3337 993 3414 1050 De

165 1079 404 1134 historic.
434 1079 637 1142 Latin.,
669 1080 970 1152 Gaufredus
997 1082 1269 1154 Hispanus
1303 1083 1424 1138 fuit.
1448 1085 1518 1138 At
1547 1083 1634 1138 ille
1659 1083 1856 1154 duplici
1885 1096 2070 1136 errore
2101 1080 2282 1150 lapsus
2324 1089 2428 1144 est,
2465 1085 2577 1134 tum
2603 1082 2744 1149 quod
2777 1081 2870 1134 lib.
2920 1097 3003 1144 tu,
3039 1099 3159 1152 cap.
3187 1086 3242 1148 6,
3269 1101 3423 1141 enm-

165 1171 280 1224 dem
305 1171 477 1238 ipsum
511 1171 843 1229 Gaulredum
867 1175 1022 1230 nobis
1065 1175 1288 1230 exhibet
1317 1175 1480 1230 veluti
1507 1175 1780 1230 diversum
1815 1176 1884 1230 ab
1927 1187 1991 1226 eo
2021 1187 2180 1244 quem
2209 1186 2372 1242 supra
2419 1183 2958 1238 commemorave-rat,
2989 1173 3134 1230 illius
3169 1175 3364 1232 librum
3391 1193 3422 1231 a

165 1259 490 1332 Hieronymo
518 1262 726 1330 Surita,
751 1262 908 1318 istius
939 1275 1070 1320 vero
1099 1281 1131 1320 a
1177 1265 1456 1320 Dominico
1486 1265 1814 1320 Portonario
1889 1263 2096 1318 editum
2135 1259 2752 1322 commcmorans..Cum
2783 1271 2964 1318 tamen
3010 1265 3148 1320 idem
3187 1269 3426 1338 scriptor

115 1385 120 1390 -
163 1349 344 1416 fuerit,
368 1354 621 1426 idemque
665 1375 824 1428 opus,
853 1363 997 1432 quod
1029 1361 1214 1416 Surlta
1244 1363 1670 1433 Caesaraugusta:
1709 1361 1980 1416 Dominici
2031 1359 2342 1414 Portonarii
2402 1358 2544 1430 typis
2599 1373 2744 1414 anno
2791 1360 2929 1416 I578
2959 1363 3192 1430 primum
3221 1366 3414 1420 edidit.

162 1438 357 1498 Deinde
386 1445 528 1511 quod
554 1445 884 1504 Gaufredum
909 1448 1210 1519 Hispanum
1237 1451 1458 1506 Vossius
1487 1451 1846 1515 existimarit,
1875 1451 1928 1504 id
1957 1464 2020 1504 ea
2049 1449 2258 1503 ratione
2283 1447 2483 1502 factum
2509 1456 2663 1516 puto,
2692 1449 2818 1519 quia
2849 1447 2992 1504 illius
3037 1452 3322 1510 historiam
3371 1458 3422 1524 Lit

163 1529 410 1600 llispania
440 1537 641 1591 editam
683 1553 750 1594 ex
779 1540 1008 1594 aliorum
1039 1541 1324 1606 relatione,
1357 1543 1461 1596 hoc
1489 1549 1662 1596 estex
1705 1542 2022 1606 Possevino,
2053 1539 2280 1604 audivit,
2313 1554 2342 1592 a
2375 1555 2484 1608 quo
2521 1539 2611 1593 hic
2655 1539 2888 1608 scriptor
2937 1541 3210 1612 Hispaniae
3252 1547 3422 1600 ascrio

161 1621 316 1676 bitur.
349 1623 518 1680 Recte
539 1628 656 1684 hac
677 1634 1010 1700 perpendere
1037 1633 1264 1688 Vossius
1297 1647 1402 1690 non
1431 1633 1632 1702 potuit,
1659 1647 1836 1704 neque
1883 1633 2028 1698 enim
2071 1631 2188 1700 ejus
2213 1631 2410 1688 librum
2457 1641 2586 1686 tunc
2621 1632 2722 1685 sub
2763 1635 3013 1688 manibus
3059 1633 3318 1702 habebat,
3344 1639 3422 1692 uti

161 1713 343 1768 habuit
376 1727 588 1786 postea,
623 1734 748 1774 cum
793 1721 989 1776 librum
1025 1725 1248 1778 tertium
1281 1721 1354 1778 De
1401 1723 1648 1779 historic.
1689 1725 1868 1779 Latin.
1907 1724 2252 1794 conscripsit.
2310 1723 2378 1776 At
2417 1723 2470 1776 in
2522 1723 2804 1793 Hispania,
2854 1734 3018 1794 atque
3073 1727 3218 1782 inter
3273 1730 3423 1798 ipsos

161 1807 433 1874 scriptores
457 1808 732 1878 Hispania:
761 1812 1059 1878 illustratur,
1091 1815 1224 1870 editi
1258 1815 1410 1870 fuere
1443 1831 1549 1870 non
1597 1815 1768 1872 semel
1811 1815 2055 1870 historici
2081 1815 2183 1870 sub
2215 1815 2321 1868 alio
2341 1814 2480 1870 ctelo
2509 1815 2646 1878 nati,
2677 1825 2732 1868 et
2756 1814 2953 1882 quibus
3007 1833 3278 1886 nunqnmi
3322 1819 3416 1873 Ili-

163 1897 434 1964 spanicarn
465 1908 664 1954 terram
697 1903 881 1958 videre
907 1904 1080 1959 licuit.
1113 1906 1300 1974 Itaque
1321 1908 1546 1975 propius
1567 1907 1634 1960 ad
1665 1923 1852 1961 rerum
1879 1907 2090 1961 accedit
2121 1906 2390 1962 sententia
2419 1906 2706 1962 clarissimi
2730 1908 2880 1977 Pugii
2915 1911 2968 1962 in
2999 1909 3200 1964 Critica
3225 1911 3422 1964 Bal‘on.

161 1991 226 2044 ad
243 2005 444 2044 annum
476 1992 630 2058 1099,
657 1995 928 2050 censentis
953 1997 1286 2052 Gaufredum
1326 1999 1380 2052 in
1403 1999 1738 2054 Normannia
1768 1996 1958 2054 Galliw
1982 2001 2250 2070 provincia
2301 2010 2503 2054 natum.
2537 2000 2629 2054 Ille
2653 2011 2804 2055 certe
2853 2001 3196 2056 Norzaannos
3225 2001 3424 2070 ubique

163 2091 357 2135 nostros
387 2082 622 2152 appellat
648 2099 662 2150 ;
688 2095 742 2140 et
773 2085 932 2142 facile
971 2089 1326 2160 intelligimus
1364 2105 1470 2144 non
1511 2089 1726 2145 aliunde
1751 2105 1874 2144 eum
1907 2091 1958 2145 in
2003 2091 2270 2154 Siciliam,
2299 2100 2394 2145 aut
2421 2099 2638 2160 sponte,
2677 2101 2770 2146 ant
2805 2093 3090 2146 invitatum
3127 2095 3428 2148 accessisse

161 2171 258 2226 nisi
285 2188 314 2227 e
341 2173 672 2230 Normannia
720 2180 1158 2249 quandoquidem
1185 2179 1527 2236 Normannus
1585 2183 1862 2252 princeps,
1904 2191 1982 2236 tot
2017 2181 2302 2236 debellatis
2351 2183 2670 2252 provinciis,
2733 2199 2954 2254 regnum
2988 2185 3089 2238 sibi
3143 2186 3196 2239 in
3231 2185 3418 2239 Sicilia

161 2270 534 2334 constituerat,
565 2281 624 2326 et
650 2273 718 2325 ad
741 2287 862 2327 eam
883 2289 994 2328 sua:
1026 2285 1204 2344 genus
1235 2273 1506 2328 fortunam
1539 2274 1810 2330 conﬂuere
1842 2273 1954 2342 jam
1997 2291 2026 2328 a
2058 2275 2244 2328 multis
2265 2276 2422 2330 annis
2456 2288 2509 2330 et
2537 2276 2626 2330 alii
2669 2275 2966 2332 Normanni
3005 2288 3420 2333 consueverant.

159 2359 232 2413 Ac
259 2371 546 2430 propterea
589 2363 658 2416 ab
679 2363 940 2419 Ortlerico
977 2365 1159 2430 Vitali,
1189 2365 1388 2422 celebri
1422 2366 1711 2436 scriptore,
1745 2375 1801 2422 et
1831 2367 2099 2422 monacho
2133 2367 2402 2423 Uticensis
2430 2367 2482 2421 in
2528 2367 2855 2422 Normannia
2903 2369 3244 2434 monasterii,
3292 2377 3426 2438 puto

160 2449 348 2508 factam
369 2453 630 2510 Gaufredi
661 2457 830 2512 nostri
861 2458 1217 2513 honorificam
1251 2459 1604 2514 mentionem.
1643 2459 1822 2528 Agens
1847 2458 1992 2513 enim
2035 2457 2124 2512 ille
2163 2457 2258 2512 lib.
2293 2473 2378 2524 ιιι,
2407 2474 2529 2530 pag.
2561 2458 2692 2526 685,
2719 2460 2786 2512 de
2809 2459 3034 2514 ducibus
3058 2468 3114 2514 et
3135 2459 3424 2514 comitibus

160 2543 378 2612 Apuliae,
409 2547 528 2600 haec
550 2545 712 2601 habet
739 2565 754 2600 :
781 2547 862 2602 De
897 2565 1118 2619 quorum
1154 2551 1331 2618 probis
1351 2549 1558 2603 actibus
1585 2561 1630 2602 et
1661 2550 1890 2603 strenuis
1913 2549 2180 2604 eventibus
2212 2549 2522 2618 Coisfredus
2554 2550 2844 2604 monachus
2874 2561 3212 2620 cognomento
3243 2548 3424 2604 Halu-

157 2644 310 2701 terra,
338 2637 554 2690 hortatu
579 2635 792 2708 Rogerii
813 2640 1018 2694 cornitis
1047 2637 1266 2704 Sicilire,
1297 2639 1582 2709 elegantem
1604 2639 1834 2693 libellum
1861 2657 2026 2708 nuper
2056 2641 2240 2693 edidit.

224 2727 374 2794 Quod
401 2727 676 2799 reliquum
703 2739 810 2796 est,
839 2731 984 2786 edita
1013 2733 1248 2802 primum
1273 2731 1397 2797 fuit,
1422 2741 1480 2784 ut
1509 2731 1770 2796 diximus,
1809 2729 2065 2785 Gaul‘redi
2101 2730 2336 2785 llistoria
2377 2745 2405 2784 a
2439 2730 2764 2802 Hieronymo
2795 2729 2998 2796 Surila,
3031 2740 3086 2785 et
3118 2731 3296 2786 dicata
3331 2735 3400 2785 do

158 2819 392 2874 ctissime
419 2820 542 2874 viro
569 2820 808 2877 Antonio
836 2823 1138 2892 Augustino
1159 2822 1568 2892 archiepiscopo
1591 2822 2010 2878 Tarraconensi.
2037 2821 2172 2876 Tum
2211 2822 2554 2878 Francofurti
2589 2838 2776 2878 recusa
2805 2833 2890 2877 est
2941 2839 3084 2878 anno
3112 2822 3250 2876 1606
3282 2830 3428 2876 tonio

157 2909 219 2964 III
257 2910 532 2980 Hispania:
563 2911 865 2978 illustratur,
899 2923 1126 2968 curante
1150 2911 1360 2968 Joanne
1385 2913 1619 2968 Pistorio
1646 2913 1763 2968 viro
1789 2913 2114 2968 clarissimo.
2137 2915 2294 2968 Anno
2339 2915 2553 2968 demum
2593 2914 2752 2976 I725,
2779 2914 2978 2968 iterum
3015 2914 3066 2966 in
3095 2913 3268 2966 lucem
3298 2927 3426 2980 pro-

160 2991 253 3058 diit
281 3011 438 3058 aucta
467 3003 807 3060 variantibus
835 3005 1164 3062 lectionibus
1193 3023 1222 3060 a
1254 3006 1389 3060 elar.
1449 3007 1564 3061 viro
1599 3005 1850 3060 Iohanne
1905 3005 2146 3074 Baptista
2200 3005 2426 3060 Carusio
2483 3006 2534 3059 in
2583 3021 2680 3060 sua
2721 3005 3060 3060 Collectione
3103 3005 3428 3074 scriptorum

160 3093 484 3160 Siculorum,
537 3111 642 3163 ope
693 3107 938 3153 veterum
991 3114 1124 3152 mss.
1163 3113 1300 3167 quos
1351 3097 1442 3152 ille
1491 3099 1544 3152 in
1603 3113 1700 3152 sua
1755 3095 2075 3166 praefatione
2130 3105 2396 3152 recenset.
2445 3097 2556 3165 Ego
2599 3097 2796 3166 potiori
2855 3096 2978 3164 jure
3037 3096 3204 3165 ipsam
3255 3095 3428 3148 Colle-

158 3187 314 3242 ctioni
342 3187 474 3243 huic
501 3199 703 3244 nostrae
731 3190 991 3253 inseram,
1039 3204 1160 3242 cum
1191 3188 1312 3258 ejus
1343 3197 1532 3242 auctor
1587 3189 1656 3242 de
1697 3187 1898 3242 Italicis
1946 3188 2218 3257 praecipue
2251 3188 2413 3241 rebus
2453 3197 2578 3256 agat
2619 3204 2634 3250 ;
2675 3197 2730 3240 et
2778 3203 2846 3240 ne
2894 3187 3022 3255 quid
3051 3201 3118 3240 ex
3153 3187 3430 3239 veteribus

159 3277 484 3334 editionibus
515 3280 704 3335 lectori
727 3280 942 3336 erudito
976 3279 1395 3335 desiderandum
1445 3281 1702 3350 supersit,
1735 3279 1960 3334 aliorum
1990 3288 2116 3334 ante
2144 3293 2230 3332 me
2261 3279 2345 3334 vel
2399 3279 2766 3348 prmfationes,
2815 3279 2898 3331 vel
2939 3279 3194 3348 epistolas
3241 3277 3427 3346 impri-

157 3371 376 3426 mendas
399 3375 629 3426 curabo.

3251 3497 3410 3526 ι--η

541 3509 2504 3540 W

165 3511 430 3540 ...ι-..-

1068 3673 1470 3774 JOANNIS
1545 3673 2045 3772 BAPTISTAB
2105 3669 2498 3768 CABUSII

1353 3894 1714 3976 BREVIS
1773 3891 2214 3974 NOTITIA

359 4101 562 4226 DE
623 4094 1612 4225 MALATERRA
1685 4092 1886 4218 ET
1949 4088 2330 4220 EJUS
2391 4087 3198 4215 HISTORIA.

233 4498 486 4555 Gauri-edi
515 4497 816 4554 Malaterra:
847 4496 1140 4554 Historiam
1171 4493 1412 4567 laudavit
1437 4493 1732 4567 orderieus
1837 4489 1990 4567 cujus
2035 4503 2169 4556 opus
2197 4487 2532 4567 antiquitate
2554 4485 2666 4555 ipsa
2692 4483 2852 4555 plane
2888 4483 3254 4567 venerandum
3277 4481 3426 4567 deii-

167 4568 353 4638 Yitalis
413 4569 638 4638 Anglus,
687 4567 802 4637 ejus
848 4578 1355 4638 contemporanetts,
1393 4565 1450 4638 in
1481 4562 1732 4638 _Ilis_toria
1779 4599 1782 4602 ρ
1841 4561 1946 4638 tAuit
1991 4573 2128 4626 pene
2165 4558 2432 4638 sepultum
2465 4558 2606 4609 inter
2637 4567 2816 4611 vetera
2853 4558 3422 4638 munimentauregum

165 4621 1532 4710 Ecclesiastie'aiii)','ubiagitrdejNorman'nian
1585 4633 1732 4710 Italia
1841 4621 2150 4710 Aragotiiim
2201 4621 2561 4710 all-nostrain
2620 4641 2790 4710 usque
2853 4633 3093 4710 aetatem.
3129 4621 3426 4710 :"Yossits

165 4691 565 4780 dominantibus
584 4691 709 4768 δεῖ
735 4691 1022 4780 praecipue
1053 4691 1122 4762 de
1141 4705 1396 4780 _lioberto
1445 4703 1734 4780 Wiseardo
1841 4691 2218 4780 nullohfultus
2275 4697 2474 4780 indicio
2521 4691 2860 4780 Catilli-idum.
2905 4693 3075 4780 fuisse
3129 4691 3427 4780 “Eligilt-itu

167 4761 1016 4848 εῇίιῇέέιῇέηίιῖαιὶῖδάᾷ,Γιίἷέεῖιέίε
1075 4761 1109 4848 ζ
1141 4776 1223 4848 De
1269 4789 1497 4848 quorum
1551 4775 1736 4848 probis
1841 4767 2180 4848 putavit-g5),
2229 4769 2322 4848 sed
2366 4767 2546 4848 potius
2574 4767 2786 4848 videtur
2821 4763 3208 4848 NQl‘llllallllllS'.
3242 4761 3425 4848 llisin-

169 4833 377 4904 a'etilius
401 4857 456 4902 et
495 4833 734 4904 strenuis
759 4833 1040 4904 eventibus
1068 4833 1382 4917 Goisl‘redus
1419 4833 1734 4917 monachus,
1843 4833 1926 4895 ria
1967 4833 2199 4917 quidem
2243 4833 2390 4900 haec}
2415 4845 2572 4917 “arte
2623 4833 3295 4917 typographicanondnm
3345 4833 3428 4917 iu-

167 4928 519 4986 cognomento
574 4919 953 4980 Mala-Terra,
1005 4917 1223 4971 hortatu
1265 4907 1738 4986 Itogerii_comitis
1841 4921 2045 4986 vetita,
2075 4907 2230 4966 latuit
2256 4923 2352 4979 per
2378 4907 2583 4986 aliquot
2610 4907 2838 4986 sicula;
2871 4907 3001 4986 ejus
3027 4913 3210 4986 tamen
3237 4913 3428 4958 exsta—

167 4975 359 5062 §i5i|im
385 4989 686 5062 elegamem
722 4975 960 5062 “bellum
991 5003 1162 5062 nuper
1187 4975 1430 5062 edidit?)
1471 4983 1736 5062 {Sardina-
1841 4980 1972 5062 bant
1997 4977 2147 5061 plura
2178 4975 2510 5062 exemplaria
2545 4977 2916 5062 manuscripla
2946 4975 3086 5062 apud
3118 4977 3264 5062 viros
3291 4987 3436 5062 erit;
