4010 5230
568 182 699 237 1091

1395 178 1740 235 GAUFREDI
1780 177 2231 235 llALATERRzE
2275 179 2580 239 MONACIH
2626 163 2995 240 BENEDICT.‘

3706 184 3837 242 I09!

562 312 685 369 pem
720 295 1009 372 Ralladalis
1039 296 1103 372 ad
1134 311 1253 372 eum
1288 304 1666 372 pergentumna
1702 296 1764 372 ρ.
1798 294 1964 372 Fabio
1989 294 2140 372 blon-
2170 301 2215 357 Α
2244 314 2369 372 non,
2402 302 2670 372 habentur
2718 302 2769 356 in
2819 302 3029 355 duobus
3074 299 3353 372 codicibus
3381 315 3544 372 supra
3574 300 3835 372 laudatis.

569 364 776 437 iaperto
798 366 913 435 ejus
938 365 1140 437 gentile
1164 364 1355 437 abbate
1382 364 1568 420 Saneti
1600 364 1875 437 Michaelis
1899 365 2138 420 civitatis

567 435 815 501 Troiam;
849 446 904 491 et
937 446 1021 491 est
1065 435 1145 489 vel
1188 435 1316 488 illud
1360 437 1556 501 ipsum,
1598 435 1681 488 vel
1724 436 1912 489 saltem
1951 450 2139 489 exem-

553 508 771 579 platum
799 508 976 579 abeo,
1012 505 1152 579 quod
1183 506 1403 579 scripsit
1431 505 1617 559 Pirrus
1655 504 1730 575 (5)
1763 506 1930 579 fuisse
1957 520 2142 573 reper-

572 575 681 630 tum
705 592 735 631 a
760 575 980 645 priet‘ato
1004 577 1196 630 abbate
1219 577 1270 630 in
1292 576 1479 630 eodem
1505 575 1853 637 monasterio,
1881 585 1935 628 et
1956 584 2138 642 postea

570 662 715 700 anno
764 644 909 699 1555
963 647 1028 699 de.
1093 646 1350 699 mandato
1403 645 1646 715 proregis
1694 645 2011 699 translatum
2079 644 2147 698 ad

568 717 772 786 regiam
820 715 1216 786 cancellariam.
1263 716 1421 770 Aliud
1448 724 1628 769 autem
1660 715 1936 786 exemplar
1960 715 2149 786 imbuit

568 784 679 853 prae
713 785 960 855 manibus
983 784 1341 855 Hieronymus
1372 786 1574 848 Surita,
1610 785 1757 855 quod
1790 786 1930 855 typis
1961 784 2145 837 Domi-

568 856 673 909 nici
708 871 738 908 a
769 853 1101 924 l'ortonariis
1131 853 1327 924 publici
1370 855 1509 920 juris
1551 856 1677 909 fecit
1721 853 2146 924 Cmsarattgustm

566 937 710 978 anno
749 921 925 989 £578;
975 921 1175 979 etenim
1219 926 1457 979 carmina
1500 941 1619 995 qua:
1656 925 1711 978 in
1751 924 1855 979 ltoc
1894 921 2146 994 leguntur

636 1060 714 1195 ξεί)
755 1060 874 1115 Lib.
907 1077 946 1115 ll
975 1062 1050 1141 De
1075 1062 1278 1148 Eccles.
1311 1062 1521 1144 Troia.)
1555 1078 1675 1132 pag.
1700 1061 1824 1115 ΔΜ.

660 1131 713 1195 6)
754 1131 807 1184 Ir
834 1130 981 1185 calce
1003 1132 1120 1185 libri
1146 1133 1449 1186 tJLarnsms
1492 1134 1631 1186 idem
1674 1132 1824 1186 lecto]

660 1131 713 1196 6)
754 1131 807 1184 Ir
834 1130 981 1185 calce
1003 1132 1120 1185 libri
1146 1132 1449 1186 IJCM‘IISilIS
1492 1130 1646 1186 idenf
1674 1132 1905 1186 lectores
1929 1146 2150 1186 monue-

569 1212 657 1253 rat
687 1215 744 1253 se
776 1216 877 1253 ms.
912 1200 1138 1271 alterum
1181 1202 1420 1254 codicem
1465 1211 1583 1271 post
1625 1202 1933 1255 inchoatam
1957 1201 2147 1255 editio-

565 1284 688 1323 nem
728 1270 780 1323 in
807 1270 1030 1342 collegio
1052 1269 1437 1326 Panormitano
1467 1269 1759 1339 reperisse,
1790 1272 1932 1325 unde
1971 1271 2149 1324 varias

2249 370 2445 424 Snrittn
2487 371 2778 427 editionem
2819 372 3013 426 iterum
3052 372 3269 426 excudit
3300 370 3534 425 Joannes
3566 371 3840 425 Pistor-ins

2247 442 2568 509 praepositus
2605 442 2857 497 Ecclesia:
2900 441 3309 497 Uratislaviensi
3353 450 3498 495 tomo
3545 442 3709 495 tertio
3748 441 3843 494 lli-

2249 512 2452 578 spaniae
2482 511 2782 574 illustratur,
2814 510 3153 566 Francolurti
3189 527 3334 566 anno
3366 510 3523 565 l606.
3554 510 3708 563 Hunc
3737 526 3841 563 nos

2254 580 2543 635 editionem
2595 582 2822 636 Surrita:
2874 582 3031 635 tertio
3084 581 3445 635 renovandam
3488 583 3629 650 typis
3664 580 3838 650 duxi-

2257 665 2415 715 mus;
2452 650 2676 719 adjectis
2709 662 2915 705 tantum
2949 654 3000 705 in
3034 653 3301 721 margine.
3335 665 3399 705 ex
3442 648 3632 721 codice
3652 648 3841 702 Jan-a-

2257 729 2420 774 taneo
2447 722 2722 776 nonnullis
2752 722 3091 776 variantibus
3123 720 3464 783 lectionibus,
3496 720 3697 787 quibus
3719 734 3840 772 cor-

2256 791 2354 861 rigi
2402 802 2627 861 possunt
2668 792 2860 847 menda
2896 805 3015 860 quae
3051 791 3405 846 Portonarius
3442 790 3709 847 asterisco
3741 806 3837 844 no-

2254 862 2389 916 tavit
2416 863 2435 933 (

2258 1054 2519 1111 lectiones
2552 1055 2688 1110 alias
2740 1064 2967 1110 llOlaVll.
3015 1055 3124 1110 Nos
3170 1070 3264 1110 eas
3308 1067 3499 1111 omnes
3538 1047 3676 1107 locis
3714 1066 3839 1106 con-

2298 1126 2596 1196 ruentibnsr
2621 1127 2945 1196 aptavimus,
2987 1135 3040 1180 et
3073 1124 3314 1180 codicem
3360 1125 3508 1196 illum
3537 1122 3837 1177 initialibus

2298 1141 2575 1181 ruentibus
2621 1141 2945 1196 aptavnnus,
2987 1141 3040 1180 et
3073 1141 3314 1180 conicem
3360 1141 3508 1178 mum
3537 1141 3627 1177 tnll

2256 1141 2450 1250 Fateris
2486 1196 2547 1249 (Σ.
2578 1195 2640 1249 Ρ.
2674 1198 2739 1251 de
2767 1210 2916 1251 more
2943 1196 3362 1265 designavimus.
3404 1194 3627 1247 Mean.

576 1398 3833 1426 —___—.__—_—.—___———_——___—_A__—__n__————

1554 1526 2111 1618 ANTONIO
2151 1525 2843 1619 AUGUSTINO

1308 1718 1854 1777 ARClllEPISCOPO
1893 1720 2435 1777 TARRACONENSI
2471 1719 2729 1777 OPTIMO
2768 1720 3140 1777 ANTISTITI.

632 1900 901 1966 Quantum
926 1904 1109 1972 prisca:
1149 1903 1387 1957 vetustati
1414 1903 1483 1954 ad
1510 1918 1726 1971 magnas
1756 1919 1836 1956 res
1861 1903 2140 1969 conficien-
2169 1906 2217 1964 Β
2247 1903 2555 1971 gravissimo
2587 1904 2857 1957 vetustatis
2887 1904 3119 1967 vindice,
3148 1905 3379 1967 custode,
3415 1915 3576 1972 atque
3606 1907 3835 1960 antistite

556 1978 651 2025 das
670 1972 981 2039 justissimis
1005 1974 1068 2027 de
1096 1974 1268 2026 causis
1290 1972 1341 2024 in
1366 1973 1507 2024 omni
1530 1975 1721 2024 artium
1748 1973 2141 2025 doctrinarum-

553 2057 652 2109 que
682 2044 856 2095 studio
886 2059 1085 2110 semper
1115 2041 1359 2095 detuleris
1378 2083 1391 2106 ,
1425 2043 1616 2111 optime
1648 2042 1865 2095 antistes
1888 2083 1901 2107 ,
1935 2057 2139 2095 summo

555 2111 717 2178 hujus
761 2113 938 2164 sa'culi
981 2112 1258 2179 bene/icio,
1301 2110 1562 2180 perpetrm:
1592 2110 2138 2180 tuwilucubrationes,

556 2181 669 2235 sine
719 2180 826 2234 ulla
876 2182 1261 2235 intermissione
1303 2179 1601 2233 testantur.
1666 2179 1819 2233 Hanc
1874 2190 1923 2234 te
1980 2198 2140 2233 unam

556 2252 794 2303 venerari
832 2262 879 2304 et
923 2252 1112 2314 colere,
1139 2266 1398 2319 supraque
1424 2249 1816 2303 oblectationem
1842 2266 2066 2313 omnem,
2093 2260 2143 2304 et

562 2320 908 2373 ‘tumanarum
966 2336 1213 2374 curarum
1274 2322 1501 2387 requiem
1542 2322 1803 2388 suspicere
1857 2321 2089 2373 novimus
2122 2336 2141 2374 :

558 2406 715 2442 ouam
747 2407 947 2470 semper
994 2391 1276 2470 admirari,
1310 2400 1357 2443 et
1407 2390 1463 2470 in
1514 2392 1743 2470 omnium
1791 2400 2137 2470 prospectum,

559 2474 688 2540 cum.
726 2456 999 2540 maximas.
1031 2456 1312 2540 legationes
1367 2460 1664 2540 reipublicw
1720 2456 1881 2539 causa
1916 2456 2137 2540 obieris,

557 2529 843 2599 producere
874 2532 1054 2583 merito
1071 2529 1193 2599 jure
1223 2531 1563 2595 concupivisti
1584 2548 1601 2585 :
1630 2546 1747 2582 cum
1770 2530 1882 2599 ejus
1913 2530 2143 2598 afﬂuen-

558 2598 692 2669 tibus
712 2600 912 2665 opibus,
928 2598 1080 2669 atque
1103 2602 1420 2654 ornamentis
1442 2598 1805 2666 locupletatus,
1831 2600 1897 2653 ad
1918 2618 2000 2665 ea,
2025 2617 2141 2664 qua:

558 2667 613 2718 in
643 2670 801 2721 tantis
840 2667 1027 2722 horum
1051 2679 1344 2739 temporum
1374 2668 1795 2733 calamitatibus,
1832 2671 2021 2739 quibus
2066 2681 2139 2723 tot

560 2745 781 2807 terrores
859 2738 1192 2806 periculaque
1246 2739 1363 2807 jam
1429 2742 1609 2792 adesse
1666 2738 2143 2807 atque’imminere

562 2805 821 2876 videntur,
846 2805 1437 2873 universteChristiamc
1455 2805 1747 2876 reipublicae
1774 2812 1999 2862 maxime
2027 2826 2144 2863 con-

561 2873 782 2945 ducunt,
811 2893 1012 2930 summe
1040 2879 1320 2945 profeceris
1345 2897 1362 2934 :
1388 2888 1435 2945 et
1464 2873 1709 2931 adversus
1732 2880 1944 2945 impiam
1976 2880 2142 2932 luere-

561 2943 782 3017 ticorum
814 2943 1221 3017 contumaciam,
1258 2950 1348 3017 qui
1384 2944 1673 2999 Ecclesium
1707 2943 1938 3001 sanctam
1968 2952 2144 3001 catho-

560 3012 739 3086 licam,
796 3031 952 3084 quam
1008 3015 1186 3069 divina
1246 3012 1584 3070 Providentia
1635 3018 1891 3086 afflictam
1941 3034 2144 3085 semper

559 3083 772 3156 excipit,
837 3100 1081 3137 corruere
1129 3101 1397 3156 nunquam
1454 3087 1616 3156 sinit,
1652 3083 1873 3155 perfidia
1922 3083 2138 3153 violare,

557 3161 606 3204 et
671 3154 921 3225 reliquas,
952 3157 1158 3223 piorum
1222 3154 1395 3225 gentes
1460 3155 1713 3225 sacrilego
1748 3154 1959 3209 scelere
2016 3174 2139 3210 con-

559 3221 815 3294 taminare
868 3221 1129 3290 nituntur,
1185 3221 1239 3278 in
1294 3242 1353 3278 co
1419 3221 1821 3294 oﬂ‘icio'fquod
1862 3226 2141 3293 'prtecipue

558 3300 708 3343 tuum
764 3293 899 3361 fuit,
959 3294 1111 3347 enixe
1168 3296 1237 3347 ad
1296 3295 1391 3348 Dei
1439 3293 1659 3363 gloriam
1695 3293 2004 3362 provideris
2061 3307 2141 3347 at-

557 3376 656 3430 que
684 3364 1027 3416 consulueris.
1056 3363 1201 3417 Illud
1236 3375 1371 3433 certe
1412 3364 1671 3433 majorum
1704 3365 1997 3433 vigiliarum
2028 3382 2142 3417 mu-

560 3428 678 3502 nus,
707 3432 843 3501 quod
871 3433 939 3486 ad
964 3446 1221 3486 summam
1246 3428 1473 3486 virorum
1489 3428 2140 3502 doctrina'pra’stautium

556 3501 994 3555 existinmtionem
1023 3505 1339 3565 dimanavit,
1384 3519 1417 3556 a
1458 3511 1505 3555 te
1534 3503 1829 3570 gravissimi
1859 3513 1904 3556 et
1937 3506 2142 3556 littera—

559 3572 745 3622 tissimi
775 3575 869 3623 viri
901 3574 1179 3641 requirunt,
1216 3584 1371 3641 atque
1396 3573 1689 3641 efﬂagitant
1717 3587 1736 3624 :
1767 3588 1869 3640 quo
1897 3572 2142 3625 innume-

562 3640 750 3691 rabilia
792 3638 1095 3693 sanctorum
1144 3638 1367 3694 Patrum
1396 3638 1796 3695 etsummorum
1832 3642 2141 3709 pontiﬁcum

560 3710 691 3759 scita
732 3720 884 3780 atque
924 3711 1153 3773 decreta,
1186 3720 1235 3763 et
1268 3727 1449 3764 sacras
1488 3710 1713 3780 synodos
1751 3710 2053 3764 obliteratas
2086 3714 2140 3765 in

563 3787 635 3829 tot
675 3779 949 3848 volumina
984 3781 1204 3832 retulisti
1222 3819 1236 3842 ,
1267 3792 1321 3832 ut
1348 3779 1605 3848 singulari
1633 3789 1725 3833 tua
1755 3781 2064 3834 assiduitate
2091 3793 2139 3835 et

563 3846 862 3914 vigilantia,
904 3864 1022 3900 cum
1058 3860 1107 3901 te.
1167 3858 1334 3902 totum
1367 3846 1449 3901 ad'
1468 3864 1673 3902 sacram
1703 3850 2132 3905 constitutionum

562 3917 779 3979 seriem,
821 3926 867 3969 et
905 3918 1173 3971 veritatem
1204 3918 1577 3971 illustrandum
1616 3918 1913 3971 traduxeris
1935 3960 1949 3984 ,
1981 3936 2138 3985 quam

561 3986 823 4057 iunximus
853 3988 1116 4057 canonicis
1145 3989 1499 4042 sanctionibus
1531 3998 1683 4057 atque
1713 3990 1929 4042 decretis
1957 4006 2141 4043 cumu-

560 4056 643 4128 lus
682 4060 976 4128 accesserit.
1028 4056 1097 4111 In
1134 4075 1194 4112 eo
1234 4069 1487 4128 praeterea
1526 4068 1576 4111 te
1600 4056 1933 4112 vehementer
1963 4076 2137 4114 omnes

560 4126 896 4209 admirantur
926 4147 946 4185 :
975 4128 1113 4198 quod
1155 4129 1210 4182 in
1235 4126 1553 4209 gravissima
1593 4138 1641 4209 et
1676 4138 1928 4209 perpetua
1958 4146 2139 4209 sacra-

561 4214 676 4250 rum
706 4200 1037 4252 sanctionum
1064 4200 1494 4252 commentatione
1520 4198 1877 4252 doctrinarum
1905 4203 2138 4253 amnium

558 4270 735 4322 studia
758 4286 1075 4339 promovere,
1097 4280 1143 4324 et
1170 4270 1384 4323 assidua
1411 4286 1472 4322 ac
1496 4269 1777 4323 vehementi
1800 4268 2138 4337 occupatione

559 4354 765 4410 omnem,
803 4350 1048 4393 conatum
1094 4341 1149 4393 in
1189 4339 1621 4410 contemplatione
1664 4354 1835 4391 rerum
1870 4349 1915 4391 et
1947 4342 2139 4410 libera-

557 4407 687 4460 lium
734 4409 1133 4478 disciplinarum
1179 4407 1401 4463 scientia
1444 4408 1721 4473 collocare,
1759 4419 1806 4462 et
1854 4425 1957 4462 non
1996 4408 2137 4464 ludis

556 4489 609 4549 et
652 4478 829 4545 feriis,
875 4481 1014 4548 quod
1054 4480 1426 4532 studiosissimi
1468 4480 1565 4532 viri
1610 4478 1808 4542 solent,
1849 4489 1964 4541 aut,
1994 4483 2136 4549 quod

558 4547 744 4619 aiunt,
801 4547 1069 4601 succisivis
1109 4550 1287 4613 horis,
1335 4550 1423 4603 sed
1467 4564 1617 4601 onme
1651 4550 1704 4601 id
1750 4547 2133 4619 tempus,'quo

2246 1988 2348 2025 non
2390 1973 2657 2039 diffitebor
2702 1974 2988 2042 arripuisse
3017 1986 3138 2042 ,χιιι
3180 1976 3519 2027 vetustissimi
3565 1977 3622 2028 hi
3665 1992 3833 2028 rerum

2242 2042 2542 2109 scriptores,
2580 2044 2671 2111 qui
2708 2040 3003 2111 principum
3041 2040 3471 2111 Normnnnorum
3516 2046 3573 2096 in
3616 2044 3830 2097 Italiam

2243 2114 2544 2182 adventum.
2592 2110 2641 2165 et
2684 2110 2763 2164 m
2794 2112 2857 2165 ab
2887 2113 2961 2164 eis
2991 2114 3045 2164 in
3077 2110 3387 2182 Campania,
3422 2114 3647 2182 Apulia,
3683 2112 3835 2167 Cala-

2245 2180 2350 2253 bris
2395 2190 2443 2232 et
2476 2179 2719 2241 Bruttiis,
2758 2192 2806 2235 et
2844 2183 2897 2234 in
2931 2182 3102 2253 insula
3130 2181 3318 2253 Sicilia
3344 2179 3517 2251 gestas
3549 2195 3679 2236 ante
3704 2201 3833 2253 qua-

2248 2250 2551 2317 dringentos
2582 2268 2747 2304 annos
2774 2252 2992 2320 posteris
3019 2250 3373 2317 tradiderunt,
3404 2254 3458 2305 in
3494 2254 3575 2305 tui
3606 2250 3832 2320 primum

2246 2320 2475 2372 nominis
2529 2321 2774 2389 pra'sidio
2825 2323 2879 2373 in
2919 2321 3085 2374 lucem
3132 2330 3339 2374 exeant.
3397 2322 3588 2390 Neque
3641 2323 3834 2374 inculta

2244 2404 2424 2444 eorum
2466 2399 2511 2442 et
2556 2391 2807 2459 derelicta
2860 2392 3059 2452 oratio,
3094 2400 3142 2443 et
3186 2394 3333 2459 inaps
3368 2393 3529 2444 series
3562 2408 3765 2453 rerum.
3789 2402 3834 2445 et

2243 2459 2496 2512 inconditi
2537 2458 2792 2529 Gaufredi
2827 2462 3067 2513 monachi
3118 2474 3313 2522 versus,
3360 2462 3602 2530 quamvis
3633 2462 3835 2515 lebetes

2244 2546 2306 2581 ac
2340 2529 2514 2600 rudes,
2542 2540 2635 2581 aut
2673 2531 2995 2600 praeposteri,
3028 2531 3353 2599 perversique
3375 2529 3595 2583 numeri
3623 2533 3689 2583 de
3710 2549 3828 2583 sen-

2245 2599 2405 2651 tentia
2437 2600 2793 2663 demoverunt,
2819 2601 2946 2668 quin
2974 2615 3054 2652 res
3084 2600 3210 2667 ipsa:
3235 2617 3267 2652 a
3299 2601 3501 2653 nemine
3529 2614 3832 2665 auctorum,

2244 2668 2383 2737 quod
2414 2685 2506 2737 ego
2538 2671 2731 2732 sciam,
2762 2672 2830 2721 ad
2873 2669 3011 2721 hanc
3045 2670 3181 2722 diem
3212 2670 3423 2723 tradita:
3461 2671 3516 2723 in
3564 2670 3833 2737 publicum

2244 2738 2625 2806 proferrentur.
2654 2738 2878 2791 Tantum
2905 2741 3043 2791 enim
3068 2755 3147 2792 me
3171 2740 3223 2791 in
3248 2755 3310 2791 ea
3339 2740 3569 2792 editione
3611 2757 3646 2791 α
3675 2757 3836 2807 reprc—

2245 2809 2493 2861 hensione
2534 2809 2744 2877 ineptire
2780 2809 2957 2861 abesse
2996 2809 3321 2877 arbitrabar,
3366 2818 3419 2861 ut
3450 2810 3673 2876 propius
3705 2811 3831 2861 nihil

2247 2878 2309 2930 sit
2342 2877 2539 2945 factum
2588 2875 2744 2946 quam
2777 2889 2830 2930 ut
2860 2879 2940 2946 Itis
2982 2875 3462 2930 Normannicarum
3497 2894 3676 2931 rerum
3708 2882 3833 2932 scri-

2244 2946 2477 3015 ptoribus
2496 2945 2870 2999 Bartholoma'i
2891 2945 3287 2999 Neocastrensis
3305 2947 3473 3001 Siculi
3491 2950 3683 3000 vetusti
3706 2950 3833 3000 scri-

2242 3018 2407 3083 ptoris
2441 3019 2696 3085 poeticum
2729 3032 2887 3084 apus,
2926 3017 3010 3068 cui
3070 3016 3328 3070 Messame
3376 3033 3565 3070 nomen
3610 3018 3829 3081 indidit,

2245 3096 2292 3138 et
2315 3101 2379 3137 xv
2398 3086 2546 3138 libris
2571 3086 2884 3139 hexametris
2902 3086 3127 3138 versibus
3144 3089 3450 3153 composuit,
3469 3086 3798 3140 adnecterens
3811 3104 3830 3143 :

2244 3157 2452 3208 tametsi
2499 3172 2600 3207 non
2656 3154 2832 3223 aliquo
2869 3156 3073 3223 sagacis
3116 3166 3207 3207 aut
3248 3162 3396 3209 bonte
3430 3160 3621 3209 mentis
3653 3159 3834 3210 instin-

2246 3234 2353 3288 ctu,
2383 3234 2473 3276 aut
2502 3224 2793 3291 artificiosa
2835 3226 3238 3295 constructione,
3273 3229 3363 3295 sed
3398 3226 3605 3278 enormi
3637 3237 3687 3278 et
3715 3229 3829 3295 pin-

2244 3296 2630 3374 g‘niucontextu
2679 3295 2742 3345 de
2794 3294 2941 3374 rebus
2986 3312 3026 3374 la
3075 3292 3234 3374 Petro
3278 3294 3561 3374 Aragonitr
3614 3292 3733 3374 rege
3777 3298 3830 3348 in

2246 3363 2469 3434 §icilia,
2534 3363 2782 3415 adversus
2838 3361 3087 3434 Carolum
3149 3365 3263 3432 ejus
3324 3361 3549 3417 nominis
3601 3361 3827 3434 primum

2244 3431 2445 3486 Sicilia:
2477 3447 2642 3500 regem
2672 3448 2799 3499 opus
2830 3432 2885 3485 id
2918 3431 3073 3499 fuerit
3111 3431 3450 3485 constitutum
3475 3448 3493 3485 :
3535 3431 3670 3487 adeo
3704 3436 3828 3486 mihi

2243 3516 2459 3569 prorsus
2498 3517 2804 3570 persuasum
2848 3514 2948 3564 est,
2980 3505 3250 3556 verborum
3278 3503 3551 3571 jacturam
3583 3504 3827 3556 tolerabi-

2243 3571 2341 3623 lent
2373 3586 2482 3624 esse
2511 3586 2529 3623 :
2555 3572 2864 3639 cognitionis
2890 3586 3010 3639 vero
3042 3587 3238 3633 rerum,
3270 3588 3582 3635 causarum,
3604 3583 3655 3624 et
3686 3590 3828 3625 even-

2244 3648 2417 3711 torum
2468 3638 2899 3711 inwstimabilem.
2930 3638 3273 3711 Perspicuum
3322 3643 3459 3695 enim
3497 3644 3597 3694 hoc
3636 3652 3744 3705 est,
3779 3653 3825 3695 et

2241 3708 2296 3761 in
2328 3710 2529 3781 vulgari
2558 3710 2840 3781 prudentia
2878 3708 3071 3773 situm,
3096 3713 3383 3779 principem
3418 3723 3470 3781 et
3513 3714 3824 3781 primariam

2241 3794 2351 3833 esse
2402 3779 2550 3832 illam
2595 3780 2938 3849 sapientiam,
2978 3796 3081 3849 qua
3114 3781 3313 3849 majore
3346 3779 3610 3849 voluptate
3650 3782 3822 3849 afﬁci—

2241 3863 2360 3901 mur
2388 3865 2453 3902 ex
2481 3865 2653 3902 rerum
2693 3849 2924 3917 ipsarum
2956 3850 3196 3912 scientia,
3227 3850 3303 3902 vel
3332 3851 3479 3903 viliss
3503 3867 3591 3903 ma
3622 3867 3822 3920 compo-

2239 3920 2429 3972 sitione
2476 3920 2824 3984 traditarum,
2870 3936 2999 3990 quas
3043 3920 3096 3971 in
3130 3920 3321 3973 animis
3366 3920 3556 3973 insitas
3596 3930 3644 3973 et
3678 3920 3823 3989 quasi

2240 3990 2573 4058 consignatas
2618 3990 2851 4042 notiones
2883 3989 3152 4042 'inhcerere
3189 3998 3411 4058 oportet,
3449 4006 3613 4057 quam
3654 4006 3721 4042 ex
3745 4007 3823 4041 suo

2238 4075 2559 4125 pervacauea
2603 4068 2651 4111 et
2703 4060 2964 4127 di/ﬂuenti
3024 4060 3259 4112 oratione
3302 4077 3320 4114 :
3366 4074 3485 4111 cum
3528 4060 3821 4119 prccsertim

2238 4144 2352 4181 eam
2377 4130 2601 4182 maxime
2623 4144 2687 4181 ex
2725 4145 2897 4181 rerum
2932 4130 3163 4196 ipsarum
3190 4129 3472 4181 traditione
3495 4130 3822 4197 efﬂorescere

2238 4208 2284 4251 et
2312 4200 2606 4252 redundare
2637 4201 2922 4251 conveniat.
2962 4197 3311 4263 Quamobrem
3347 4215 3465 4251 cum
3501 4200 3597 4250 tibi
3624 4199 3678 4249 in
3711 4202 3821 4250 uni-

2239 4285 2386 4321 versa
2432 4284 2605 4322 rerum
2644 4284 2917 4321 sacrarum
2953 4269 3250 4336 functione,
3284 4278 3332 4320 et
3377 4268 3705 4337 pontiﬁcalis
3732 4286 3823 4321 au-

2238 4340 2519 4402 ctoritatis,
2571 4349 2617 4391 et
2666 4337 2881 4407 reliqua:
2916 4337 3300 4406 jurisdictionis
3340 4338 3677 4390 absolvendi:
3704 4356 3821 4403 pro-

2237 4409 2428 4471 vincia,
2456 4418 2609 4476 atque
2636 4408 2688 4460 in
2728 4417 2875 4460 tanto
2908 4407 3074 4476 ofﬁcio
3111 4417 3358 4477 tantoque
3404 4423 3623 4460 munere
3653 4408 3818 4461 incre-

2237 4478 2416 4531 dibilis
2472 4493 2603 4531 cura
2654 4493 2919 4546 nunquam
2976 4477 3236 4544 defuerit,
3287 4478 3416 4546 quin
3456 4477 3819 4529 doctrinarum

2237 4548 2485 4602 studiosis
2527 4547 2754 4617 undique
2780 4548 2946 4615 prosis
2970 4585 2985 4609 ,
3015 4562 3204 4615 ntagna
3230 4563 3318 4615 spe
3356 4547 3544 4610 ducor,
3577 4563 3698 4617 cum
3728 4559 3815 4597 tua

557 4616 714 4689 vitam
734 4607 976 4681 vivimus,
1006 4629 1051 4670 et
1082 4607 1307 4671 maxime
1335 4620 1502 4685 expeti
1532 4628 1578 4671 et
1608 4607 1891 4672 sustentari
1920 4607 2133 4673 consue-
2162 4607 2212 4667 Ῑ)
2237 4635 2443 4673 summa
2506 4607 2735 4689 gravitas
2780 4607 2896 4689 cum
2942 4607 3199 4689 singulari
3242 4607 3489 4689 comitate
3511 4607 3820 4689 Iconjuncta

554 4686 646 4745 vit,
684 4696 730 4737 et
777 4690 1037 4740 communi
1066 4689 1256 4757 spiritu
1292 4689 1542 4758 fruimur,
1586 4689 1899 4742 remissioris
1929 4689 2134 4743 littera-

553 4763 688 4806 tura:
724 4758 932 4829 studi:s,
964 4766 1214 4828 tanquam
1245 4758 1583 4812 allevamento
1615 4761 1861 4829 quodam,
1886 4768 1934 4811 et
1979 4758 2133 4812 laxa-

552 4834 725 4876 mento
751 4826 975 4880 tribuere
1000 4826 1263 4897 nunquam
1292 4830 1609 4882 intermittis.
1627 4826 1775 4881 Hinc
1803 4828 1910 4881 illa:
1936 4830 2135 4882 divitia:

551 4902 707 4967 atque
766 4909 1075 4949 ornamenta
1140 4900 1336 4967 ingenii
1387 4916 1405 4954 :
1462 4914 1684 4967 quorum
1741 4899 1944 4966 fructus
2000 4899 2132 4951 adeo

551 4963 733 5016 uberes
781 4976 827 5017 et
884 4966 1133 5033 fecundos
1181 4963 1234 5020 es
1280 4963 1586 5021 cmtsecutus
1611 5009 1624 5033 ,
1660 4979 1713 5019 ut
1741 4963 1868 5020 cum
1910 4969 1978 5021 ad
2019 4970 2133 5021 hcet:

551 5043 730 5107 nostra
762 5038 959 5107 studia,
1000 5045 1249 5106 tanquam
1290 5039 1343 5090 in
1382 5039 1622 5091 leviorem
1658 5037 1865 5102 ludum,
1894 5049 1940 5091 et
1968 5054 2134 5107 popu-

549 5101 714 5154 larem
766 5104 1001 5155 la'titiam
1056 5101 1123 5156 ad
1166 5107 1325 5159 animi
1376 5108 1727 5160 remissionem
1776 5101 2128 5171 descenderis,

548 5172 778 5230 maiores
818 5176 985 5225 omnis
1032 5174 1284 5227 doctrinte
1328 5177 1599 5230 thesauros
1626 5177 1873 5230 explices.
1914 5195 1975 5230 ac
2004 5194 2130 5230 nro-

2238 4690 2327 4752 sit,
2364 4700 2411 4741 et
2449 4686 2552 4759 qua
2593 4705 2646 4741 es
2685 4688 2897 4759 leuitate
2929 4688 3158 4759 munitus
3188 4687 3460 4739 minimum
3500 4686 3600 4737 hoc
3637 4702 3820 4737 inunit-

2238 4757 2470 4818 sculum,
2501 4759 2610 4811 acsi
2657 4758 2919 4827 insignita'
2949 4757 3223 4825 cujusdam
3263 4766 3399 4809 none
3429 4766 3588 4827 esset,
3621 4766 3672 4807 te
3698 4770 3818 4827 non

2240 4838 2669 4897 aspernaturum,
2713 4824 2803 4879 aut
2839 4824 3189 4895 refutaturum
3221 4841 3237 4877 :
3276 4827 3325 4897 si
3363 4825 3597 4893 cujusvis
3625 4824 3706 4897 vel
3742 4833 3817 4876 tc-

2240 4895 2508 4951 nuissima:
2548 4897 2788 4948 utilitatis
2837 4909 2884 4948 et
2922 4897 3253 4949 emolumenti
3300 4895 3530 4961 fructum
3567 4896 3814 4961 prirbere.

2237 4980 2282 5021 et
2311 4976 2629 5020 vetustarum
2675 4981 2847 5018 rerum
2886 4970 3210 5027 memoriam,
3257 4980 3388 5033 quas
3427 4964 3813 5033 diligentissimi

2237 5036 2564 5107 antiquitatis
2610 5037 2996 5107 investigatores
3037 5035 3189 5107 omni
3219 5034 3555 5107 inquisitione
3592 5037 3699 5086 veri
3740 5037 3816 5084 in-

2240 5102 2438 5175 dagare
2495 5106 2763 5167 nituntur,
2793 5102 2804 5104 ἡ
2820 5106 2981 5173 possit
3043 5104 3353 5175 patefacere.
3409 5102 3474 5155 Ut
3512 5119 3603 5175 eos
3646 5114 3814 5155 tamen

2236 5172 2513 5230 scriptores
2538 5175 2793 5230 indicibus
2821 5172 2995 5228 rerum
3023 5175 3087 5227 ab
3110 5174 3388 5230 Araqonite
3413 5172 3621 5230 regibus
3650 5184 3814 5230 aesta-
