  <div class='ocr_page' id='page_1' title='image "/cluster/home/n/w/nwhite01/storage/ocr_20150623/149/hvd.32044015473770/551.png"; bbox 0 0 4010 5230; ppageno 0'>
   <div class='ocr_carea' id='block_1_1' title="bbox 484 96 3747 184">
    <p class='ocr_par' dir='ltr' id='par_1_1' title="bbox 484 96 3747 184">
     <span class='ocr_line' id='line_1_1' title="bbox 484 96 3747 184; baseline -0.002 -14"><span class='ocrx_word' id='word_1_1' title='bbox 484 122 639 184; x_wconf 61' lang='lat'><strong>1095</strong></span> <span class='ocrx_word' id='word_1_2' title='bbox 1327 107 1677 165; x_wconf 77' lang='lat' dir='ltr'><strong>GAUFIIEDI</strong></span> <span class='ocrx_word' id='word_1_3' title='bbox 1720 96 2171 180; x_wconf 64' lang='lat' dir='ltr'><strong>MALA&#39;I&#39;ERRIE</strong></span> <span class='ocrx_word' id='word_1_4' title='bbox 2215 101 2519 159; x_wconf 76' lang='lat' dir='ltr'><strong>MONACHI</strong></span> <span class='ocrx_word' id='word_1_5' title='bbox 2554 100 2908 162; x_wconf 60' lang='lat' dir='ltr'><strong>BENEEICT.</strong></span> <span class='ocrx_word' id='word_1_6' title='bbox 3600 106 3747 163; x_wconf 66' lang='lat'><strong>1096</strong></span> 
     </span>
    </p>
   </div>
   <div class='ocr_carea' id='block_1_2' title="bbox 497 216 3229 298">
    <p class='ocr_par' dir='ltr' id='par_1_2' title="bbox 497 216 3229 298">
     <span class='ocr_line' id='line_1_2' title="bbox 497 216 3229 298; baseline -0.007 -7"><span class='ocrx_word' id='word_1_7' title='bbox 497 237 587 291; x_wconf 91' lang='lat' dir='ltr'><strong>IV.</strong></span> <span class='ocrx_word' id='word_1_8' title='bbox 630 234 706 288; x_wconf 78' lang='lat' dir='ltr'><strong>De</strong></span> <span class='ocrx_word' id='word_1_9' title='bbox 737 228 1037 295; x_wconf 84' lang='lat' dir='ltr'><strong>&#39;I‘ancredo,</strong></span> <span class='ocrx_word' id='word_1_10' title='bbox 1068 234 1123 282; x_wconf 91' lang='lat' dir='ltr'><strong>et</strong></span> <span class='ocrx_word' id='word_1_11' title='bbox 1150 226 1322 298; x_wconf 85' lang='lat' dir='ltr'><strong>prima</strong></span> <span class='ocrx_word' id='word_1_12' title='bbox 1352 223 1435 278; x_wconf 85' lang='lat' dir='ltr'><strong>vel</strong></span> <span class='ocrx_word' id='word_1_13' title='bbox 1462 221 1693 277; x_wconf 76' lang='lat' dir='ltr'><strong>secunda</strong></span> <span class='ocrx_word' id='word_1_14' title='bbox 1738 233 1904 275; x_wconf 75' lang='lat' dir='ltr'><strong>uxore</strong></span> <span class='ocrx_word' id='word_1_15' title='bbox 1939 233 2057 281; x_wconf 81' lang='lat' dir='ltr'><strong>sua,</strong></span> <span class='ocrx_word' id='word_1_16' title='bbox 2088 216 2136 271; x_wconf 83' lang='lat' dir='ltr'><strong>A</strong></span> <span class='ocrx_word' id='word_1_17' title='bbox 2230 216 2412 286; x_wconf 76' lang='lat' dir='ltr'><strong>gerins</strong></span> <span class='ocrx_word' id='word_1_18' title='bbox 2437 228 2618 272; x_wconf 87' lang='lat' dir='ltr'><strong>castra</strong></span> <span class='ocrx_word' id='word_1_19' title='bbox 2649 218 2913 273; x_wconf 69' lang='lat' dir='ltr'><strong>Calabriae</strong></span> <span class='ocrx_word' id='word_1_20' title='bbox 2938 229 3229 289; x_wconf 72' lang='lat' dir='ltr'><strong>expugnat.</strong></span> 
     </span>
    </p>
   </div>
   <div class='ocr_carea' id='block_1_3' title="bbox 574 305 3488 386">
    <p class='ocr_par' dir='ltr' id='par_1_3' title="bbox 574 305 3488 386">
     <span class='ocr_line' id='line_1_3' title="bbox 574 305 3488 386; baseline -0.009 0"><span class='ocrx_word' id='word_1_21' title='bbox 574 340 629 386; x_wconf 92' lang='lat' dir='ltr'><strong>et</strong></span> <span class='ocrx_word' id='word_1_22' title='bbox 660 328 864 385; x_wconf 83' lang='lat' dir='ltr'><strong>liberis.</strong></span> <span class='ocrx_word' id='word_1_23' title='bbox 2170 305 2435 361; x_wconf 86' lang='lat' dir='ltr'><strong>XXXVII.</strong></span> <span class='ocrx_word' id='word_1_24' title='bbox 2484 306 2729 373; x_wconf 74' lang='lat' dir='ltr'><strong>Qualiter</strong></span> <span class='ocrx_word' id='word_1_25' title='bbox 2759 306 3086 379; x_wconf 82' lang='lat' dir='ltr'><strong>Seyllacium</strong></span> <span class='ocrx_word' id='word_1_26' title='bbox 3118 318 3334 377; x_wconf 83' lang='lat' dir='ltr'><strong>captum</strong></span> <span class='ocrx_word' id='word_1_27' title='bbox 3368 308 3488 363; x_wconf 88' lang='lat' dir='ltr'><strong>fuit.</strong></span> 
     </span>
    </p>
   </div>
   <div class='ocr_carea' id='block_1_4' title="bbox 500 394 2083 492">
    <p class='ocr_par' dir='ltr' id='par_1_4' title="bbox 500 394 2064 492">
     <span class='ocr_line' id='line_1_4' title="bbox 500 394 2064 492; baseline -0.014 -12"><span class='ocrx_word' id='word_1_28' title='bbox 500 425 566 479; x_wconf 86' lang='lat' dir='ltr'><strong>V.</strong></span> <span class='ocrx_word' id='word_1_29' title='bbox 608 394 851 492; x_wconf 87' lang='lat' dir='ltr'><strong>Qualiter</strong></span> <span class='ocrx_word' id='word_1_30' title='bbox 884 418 1043 490; x_wconf 88' lang='lat' dir='ltr'><strong>primi</strong></span> <span class='ocrx_word' id='word_1_31' title='bbox 1076 416 1168 470; x_wconf 83' lang='lat' dir='ltr'><strong>ﬁlii</strong></span> <span class='ocrx_word' id='word_1_32' title='bbox 1194 412 1459 469; x_wconf 89' lang='lat' dir='ltr'><strong>Tancredi</strong></span> <span class='ocrx_word' id='word_1_33' title='bbox 1493 408 1831 492; x_wconf 72' lang='lat' dir='ltr'><strong>Guilielmus,</strong></span> <span class='ocrx_word' id='word_1_34' title='bbox 1854 414 1908 460; x_wconf 88' lang='lat' dir='ltr'><strong>et</strong></span> <span class='ocrx_word' id='word_1_35' title='bbox 1931 405 2064 459; x_wconf 88' lang='lat' dir='ltr'><strong>Dro-</strong></span> 
     </span>
    </p>
   </div>
   <div class='ocr_carea' id='block_1_5' title="bbox 2167 394 3750 492">
    <p class='ocr_par' dir='ltr' id='par_1_5' title="bbox 2171 396 3750 464">
     <span class='ocr_line' id='line_1_5' title="bbox 2171 396 3750 464; baseline 0.002 -16"><span class='ocrx_word' id='word_1_36' title='bbox 2171 396 2457 453; x_wconf 85' lang='lat' dir='ltr'><strong>XXXVIII.</strong></span> <span class='ocrx_word' id='word_1_37' title='bbox 2498 398 2742 464; x_wconf 96' lang='lat' dir='ltr'><strong>Qualiter</strong></span> <span class='ocrx_word' id='word_1_38' title='bbox 2797 399 2953 454; x_wconf 86' lang='lat' dir='ltr'><strong>Serio</strong></span> <span class='ocrx_word' id='word_1_39' title='bbox 3006 398 3271 455; x_wconf 85' lang='lat' dir='ltr'><strong>Tancrcdi</strong></span> <span class='ocrx_word' id='word_1_40' title='bbox 3329 398 3471 455; x_wconf 86' lang='lat' dir='ltr'><strong>filius</strong></span> <span class='ocrx_word' id='word_1_41' title='bbox 3520 414 3553 453; x_wconf 85' lang='lat' dir='ltr'><strong>a</strong></span> <span class='ocrx_word' id='word_1_42' title='bbox 3610 396 3750 454; x_wconf 53' lang='lat' dir='ltr'><strong>Nor.</strong></span> 
     </span>
    </p>
   </div>
   <div class='ocr_carea' id='block_1_6' title="bbox 571 486 3302 586">
    <p class='ocr_par' dir='ltr' id='par_1_6' title="bbox 571 486 3302 586">
     <span class='ocr_line' id='line_1_6' title="bbox 571 486 3302 586; baseline -0.008 -19"><span class='ocrx_word' id='word_1_43' title='bbox 571 486 658 586; x_wconf 51' lang='lat' dir='ltr'><strong>go:</strong></span> <span class='ocrx_word' id='word_1_44' title='bbox 693 525 745 569; x_wconf 88' lang='lat' dir='ltr'><strong>et</strong></span> <span class='ocrx_word' id='word_1_45' title='bbox 768 486 1100 567; x_wconf 80' lang='lat' dir='ltr'><strong>Ilunifredus</strong></span> <span class='ocrx_word' id='word_1_46' title='bbox 1123 523 1153 561; x_wconf 88' lang='lat' dir='ltr'><strong>a</strong></span> <span class='ocrx_word' id='word_1_47' title='bbox 1179 503 1507 561; x_wconf 81' lang='lat' dir='ltr'><strong>Normannia</strong></span> <span class='ocrx_word' id='word_1_48' title='bbox 1534 488 1898 572; x_wconf 56' lang='lat' dir='ltr'><strong>digredientes</strong></span> <span class='ocrx_word' id='word_1_49' title='bbox 1926 498 2070 565; x_wconf 64' lang='lat' dir='ltr'><strong>Apu-</strong></span> <span class='ocrx_word' id='word_1_50' title='bbox 2242 490 2461 544; x_wconf 86' lang='lat' dir='ltr'><strong>mannia</strong></span> <span class='ocrx_word' id='word_1_51' title='bbox 2493 490 2545 544; x_wconf 93' lang='lat' dir='ltr'><strong>in</strong></span> <span class='ocrx_word' id='word_1_52' title='bbox 2576 486 2930 545; x_wconf 77' lang='lat' dir='ltr'><strong>Brittanniam</strong></span> <span class='ocrx_word' id='word_1_53' title='bbox 2961 492 3144 559; x_wconf 90' lang='lat' dir='ltr'><strong>pulsus</strong></span> <span class='ocrx_word' id='word_1_54' title='bbox 3178 490 3269 545; x_wconf 91' lang='lat' dir='ltr'><strong>sit.</strong></span> <span class='ocrx_word' id='word_1_55' title='bbox 3300 567 3302 569; x_wconf 12' lang='grc' dir='ltr'>ν</span> 
     </span>
    </p>
   </div>
   <div class='ocr_carea' id='block_1_7' title="bbox 570 579 3317 661">
    <p class='ocr_par' dir='ltr' id='par_1_7' title="bbox 570 579 3317 661">
     <span class='ocr_line' id='line_1_7' title="bbox 570 579 3317 661; baseline -0.001 -26"><span class='ocrx_word' id='word_1_56' title='bbox 570 579 695 661; x_wconf 60' lang='lat' dir='ltr'><strong>[iam</strong></span> <span class='ocrx_word' id='word_1_57' title='bbox 730 610 1013 661; x_wconf 51' lang='lat' dir='ltr'><strong>venerum.</strong></span> <span class='ocrx_word' id='word_1_58' title='bbox 2175 579 2418 634; x_wconf 88' lang='lat' dir='ltr'><strong>XXXIX.</strong></span> <span class='ocrx_word' id='word_1_59' title='bbox 2461 581 2537 634; x_wconf 91' lang='lat' dir='ltr'><strong>De</strong></span> <span class='ocrx_word' id='word_1_60' title='bbox 2565 581 2753 634; x_wconf 85' lang='lat' dir='ltr'><strong>militia</strong></span> <span class='ocrx_word' id='word_1_61' title='bbox 2786 580 3027 649; x_wconf 79' lang='lat' dir='ltr'><strong>ejusdem</strong></span> <span class='ocrx_word' id='word_1_62' title='bbox 3056 579 3317 635; x_wconf 88' lang='lat' dir='ltr'><strong>Serlonis.</strong></span> 
     </span>
    </p>
   </div>
   <div class='ocr_carea' id='block_1_8' title="bbox 501 671 2984 762">
    <p class='ocr_par' dir='ltr' id='par_1_8' title="bbox 501 671 2984 762">
     <span class='ocr_line' id='line_1_8' title="bbox 501 671 2984 762; baseline -0.011 -9"><span class='ocrx_word' id='word_1_63' title='bbox 501 696 587 753; x_wconf 92' lang='lat' dir='ltr'><strong>VI.</strong></span> <span class='ocrx_word' id='word_1_64' title='bbox 628 695 871 762; x_wconf 78' lang='lat' dir='ltr'><strong>Qualiter</strong></span> <span class='ocrx_word' id='word_1_65' title='bbox 910 692 1139 762; x_wconf 89' lang='lat' dir='ltr'><strong>primum</strong></span> <span class='ocrx_word' id='word_1_66' title='bbox 1197 686 1427 759; x_wconf 87' lang='lat' dir='ltr'><strong>principi</strong></span> <span class='ocrx_word' id='word_1_67' title='bbox 1458 685 1711 754; x_wconf 87' lang='lat' dir='ltr'><strong>Capuano</strong></span> <span class='ocrx_word' id='word_1_68' title='bbox 1749 682 2069 747; x_wconf 75' lang='lat' dir='ltr'><strong>servientes,</strong></span> <span class='ocrx_word' id='word_1_69' title='bbox 2174 671 2285 729; x_wconf 90' lang='lat' dir='ltr'><strong>XL.</strong></span> <span class='ocrx_word' id='word_1_70' title='bbox 2323 675 2400 729; x_wconf 91' lang='lat' dir='ltr'><strong>De</strong></span> <span class='ocrx_word' id='word_1_71' title='bbox 2431 673 2710 728; x_wconf 86' lang='lat' dir='ltr'><strong>Tancredo</strong></span> <span class='ocrx_word' id='word_1_72' title='bbox 2735 681 2789 728; x_wconf 90' lang='lat' dir='ltr'><strong>et</strong></span> <span class='ocrx_word' id='word_1_73' title='bbox 2816 674 2984 742; x_wconf 86' lang='lat' dir='ltr'><strong>Apro.</strong></span> 
     </span>
    </p>
   </div>
   <div class='ocr_carea' id='block_1_9' title="bbox 571 763 3601 852">
    <p class='ocr_par' dir='ltr' id='par_1_9' title="bbox 571 763 3601 852">
     <span class='ocr_line' id='line_1_9' title="bbox 571 763 3601 852; baseline -0.007 -14"><span class='ocrx_word' id='word_1_74' title='bbox 571 785 639 839; x_wconf 90' lang='lat' dir='ltr'><strong>ab</strong></span> <span class='ocrx_word' id='word_1_75' title='bbox 676 784 791 852; x_wconf 91' lang='lat' dir='ltr'><strong>ipso</strong></span> <span class='ocrx_word' id='word_1_76' title='bbox 820 779 1321 836; x_wconf 39' lang='lat' dir='ltr'><strong>ad&#39;SaIernitanum</strong></span> <span class='ocrx_word' id='word_1_77' title='bbox 1345 776 1705 831; x_wconf 80' lang='lat' dir='ltr'><strong>transierunt.</strong></span> <span class='ocrx_word' id='word_1_78' title='bbox 2312 764 2656 820; x_wconf 80' lang='lat' dir='ltr'><strong>INCIPIUNT</strong></span> <span class='ocrx_word' id='word_1_79' title='bbox 2691 764 3032 820; x_wconf 85' lang='lat' dir='ltr'><strong>CAPITULA</strong></span> <span class='ocrx_word' id='word_1_80' title='bbox 3071 763 3248 819; x_wconf 78' lang='lat' dir='ltr'><strong>LIBRI</strong></span> <span class='ocrx_word' id='word_1_81' title='bbox 3289 764 3601 821; x_wconf 69' lang='lat' dir='ltr'><strong>SECUNDI.</strong></span> 
     </span>
    </p>
   </div>
   <div class='ocr_carea' id='block_1_10' title="bbox 500 856 3667 943">
    <p class='ocr_par' dir='ltr' id='par_1_10' title="bbox 500 856 3667 943">
     <span class='ocr_line' id='line_1_10' title="bbox 500 856 3667 943; baseline -0.007 -15"><span class='ocrx_word' id='word_1_82' title='bbox 500 876 607 931; x_wconf 92' lang='lat' dir='ltr'><strong>VII.</strong></span> <span class='ocrx_word' id='word_1_83' title='bbox 650 874 892 942; x_wconf 78' lang='lat' dir='ltr'><strong>Qualiter</strong></span> <span class='ocrx_word' id='word_1_84' title='bbox 917 889 1039 928; x_wconf 90' lang='lat' dir='ltr'><strong>cum</strong></span> <span class='ocrx_word' id='word_1_85' title='bbox 1068 872 1309 926; x_wconf 78' lang='lat' dir='ltr'><strong>Maniaco</strong></span> <span class='ocrx_word' id='word_1_86' title='bbox 1331 869 1520 925; x_wconf 68' lang='lat' dir='ltr'><strong>Graeco</strong></span> <span class='ocrx_word' id='word_1_87' title='bbox 1546 868 1612 922; x_wconf 87' lang='lat' dir='ltr'><strong>ad</strong></span> <span class='ocrx_word' id='word_1_88' title='bbox 1632 862 2072 934; x_wconf 62' lang='lat' dir='ltr'><strong>Siciliamjdcheh</strong></span> <span class='ocrx_word' id='word_1_89' title='bbox 2172 858 2213 913; x_wconf 89' lang='lat' dir='ltr'><strong>I.</strong></span> <span class='ocrx_word' id='word_1_90' title='bbox 2253 857 2447 911; x_wconf 86' lang='lat' dir='ltr'><strong>Comes</strong></span> <span class='ocrx_word' id='word_1_91' title='bbox 2479 856 2741 924; x_wconf 79' lang='lat' dir='ltr'><strong>Bogerius</strong></span> <span class='ocrx_word' id='word_1_92' title='bbox 2766 857 3000 927; x_wconf 91' lang='lat' dir='ltr'><strong>primum</strong></span> <span class='ocrx_word' id='word_1_93' title='bbox 3041 856 3281 911; x_wconf 88' lang='lat' dir='ltr'><strong>Siciliam</strong></span> <span class='ocrx_word' id='word_1_94' title='bbox 3315 858 3503 909; x_wconf 80' lang='lat' dir='ltr'><strong>intrat.</strong></span> <span class='ocrx_word' id='word_1_95' title='bbox 3660 936 3667 943; x_wconf 16' lang='grc' dir='ltr'><strong>ἢ</strong></span> 
     </span>
    </p>
   </div>
   <div class='ocr_carea' id='block_1_11' title="bbox 566 944 3748 1035">
    <p class='ocr_par' dir='ltr' id='par_1_11' title="bbox 566 944 3748 1035">
     <span class='ocr_line' id='line_1_11' title="bbox 566 944 3748 1035; baseline -0.007 -14"><span class='ocrx_word' id='word_1_96' title='bbox 566 967 784 1020; x_wconf 68' lang='lat' dir='ltr'><strong>lauda’m</strong></span> <span class='ocrx_word' id='word_1_97' title='bbox 810 965 985 1035; x_wconf 85' lang='lat' dir='ltr'><strong>primo</strong></span> <span class='ocrx_word' id='word_1_98' title='bbox 1014 963 1367 1017; x_wconf 86' lang='lat' dir='ltr'><strong>transierunt.</strong></span> <span class='ocrx_word' id='word_1_99' title='bbox 1572 960 1575 963; x_wconf 73' lang='grc'>’</span> <span class='ocrx_word' id='word_1_100' title='bbox 2169 949 2235 1005; x_wconf 89' lang='lat' dir='ltr'><strong>II.</strong></span> <span class='ocrx_word' id='word_1_101' title='bbox 2291 949 2409 1004; x_wconf 78' lang='lat' dir='ltr'><strong>Dux</strong></span> <span class='ocrx_word' id='word_1_102' title='bbox 2458 949 2725 1005; x_wconf 74' lang='lat' dir='ltr'><strong>Ilobenus</strong></span> <span class='ocrx_word' id='word_1_103' title='bbox 2786 949 3051 1021; x_wconf 69' lang='lat' dir='ltr'><strong>Rhegium</strong></span> <span class='ocrx_word' id='word_1_104' title='bbox 3106 953 3161 1004; x_wconf 77' lang='lat' dir='ltr'><strong>et</strong></span> <span class='ocrx_word' id='word_1_105' title='bbox 3209 956 3375 1002; x_wconf 89' lang='lat' dir='ltr'><strong>totam</strong></span> <span class='ocrx_word' id='word_1_106' title='bbox 3436 944 3748 1002; x_wconf 80' lang='lat' dir='ltr'><strong>Calabriam</strong></span> 
     </span>
    </p>
   </div>
   <div class='ocr_carea' id='block_1_12' title="bbox 496 1036 3621 1123">
    <p class='ocr_par' dir='ltr' id='par_1_12' title="bbox 496 1036 3621 1123">
     <span class='ocr_line' id='line_1_12' title="bbox 496 1036 3621 1123; baseline -0.007 -12"><span class='ocrx_word' id='word_1_107' title='bbox 496 1057 631 1111; x_wconf 87' lang='lat' dir='ltr'><strong>VIII.</strong></span> <span class='ocrx_word' id='word_1_108' title='bbox 674 1056 916 1123; x_wconf 79' lang='lat' dir='ltr'><strong>Qualiter</strong></span> <span class='ocrx_word' id='word_1_109' title='bbox 943 1054 1216 1110; x_wconf 87' lang='lat' dir='ltr'><strong>Arduinus</strong></span> <span class='ocrx_word' id='word_1_110' title='bbox 1249 1068 1277 1105; x_wconf 92' lang='lat' dir='ltr'><strong>a</strong></span> <span class='ocrx_word' id='word_1_111' title='bbox 1307 1049 1553 1104; x_wconf 84' lang='lat' dir='ltr'><strong>Maniaco</strong></span> <span class='ocrx_word' id='word_1_112' title='bbox 1583 1060 1756 1103; x_wconf 71' lang='lat' dir='ltr'><strong>cmsus</strong></span> <span class='ocrx_word' id='word_1_113' title='bbox 1787 1045 1878 1098; x_wconf 89' lang='lat' dir='ltr'><strong>sit.</strong></span> <span class='ocrx_word' id='word_1_114' title='bbox 2245 1040 2635 1109; x_wconf 87' lang='lat' dir='ltr'><strong>procurandam</strong></span> <span class='ocrx_word' id='word_1_115' title='bbox 2666 1037 2907 1109; x_wconf 83' lang='lat' dir='ltr'><strong>delegat;</strong></span> <span class='ocrx_word' id='word_1_116' title='bbox 2948 1039 3061 1107; x_wconf 89' lang='lat' dir='ltr'><strong>ipse</strong></span> <span class='ocrx_word' id='word_1_117' title='bbox 3089 1038 3142 1093; x_wconf 91' lang='lat' dir='ltr'><strong>in</strong></span> <span class='ocrx_word' id='word_1_118' title='bbox 3172 1038 3420 1108; x_wconf 85' lang='lat' dir='ltr'><strong>Apuliam</strong></span> <span class='ocrx_word' id='word_1_119' title='bbox 3451 1036 3621 1091; x_wconf 83' lang='lat' dir='ltr'><strong>vadit.</strong></span> 
     </span>
    </p>
   </div>
   <div class='ocr_carea' id='block_1_13' title="bbox 496 1126 3749 1214">
    <p class='ocr_par' dir='ltr' id='par_1_13' title="bbox 496 1126 3749 1214">
     <span class='ocr_line' id='line_1_13' title="bbox 496 1126 3749 1214; baseline -0.007 -12"><span class='ocrx_word' id='word_1_120' title='bbox 496 1146 588 1202; x_wconf 88' lang='lat' dir='ltr'><strong>IX.</strong></span> <span class='ocrx_word' id='word_1_121' title='bbox 622 1147 866 1214; x_wconf 87' lang='lat' dir='ltr'><strong>Qualiter</strong></span> <span class='ocrx_word' id='word_1_122' title='bbox 888 1145 1046 1200; x_wconf 83' lang='lat' dir='ltr'><strong>Melfa</strong></span> <span class='ocrx_word' id='word_1_123' title='bbox 1095 1159 1125 1197; x_wconf 88' lang='lat' dir='ltr'><strong>a</strong></span> <span class='ocrx_word' id='word_1_124' title='bbox 1173 1140 1507 1196; x_wconf 85' lang='lat' dir='ltr'><strong>Normannis</strong></span> <span class='ocrx_word' id='word_1_125' title='bbox 1551 1137 1815 1192; x_wconf 71' lang='lat' dir='ltr'><strong>aedificata</strong></span> <span class='ocrx_word' id='word_1_126' title='bbox 1875 1134 1967 1196; x_wconf 87' lang='lat' dir='ltr'><strong>sit,</strong></span> <span class='ocrx_word' id='word_1_127' title='bbox 2018 1143 2073 1189; x_wconf 91' lang='lat' dir='ltr'><strong>et</strong></span> <span class='ocrx_word' id='word_1_128' title='bbox 2170 1130 2260 1195; x_wconf 81' lang='lat' dir='ltr'><strong>III.</strong></span> <span class='ocrx_word' id='word_1_129' title='bbox 2300 1132 2568 1187; x_wconf 84' lang='lat' dir='ltr'><strong>Becumen</strong></span> <span class='ocrx_word' id='word_1_130' title='bbox 2598 1130 2934 1205; x_wconf 76' lang='lat' dir='ltr'><strong>Almiraldus</strong></span> <span class='ocrx_word' id='word_1_131' title='bbox 2965 1126 3164 1185; x_wconf 76' lang='lat' dir='ltr'><strong>Siciliae</strong></span> <span class='ocrx_word' id='word_1_132' title='bbox 3196 1144 3227 1183; x_wconf 88' lang='lat' dir='ltr'><strong>a</strong></span> <span class='ocrx_word' id='word_1_133' title='bbox 3256 1130 3373 1184; x_wconf 87' lang='lat' dir='ltr'><strong>suis</strong></span> <span class='ocrx_word' id='word_1_134' title='bbox 3393 1127 3657 1197; x_wconf 80' lang='lat' dir='ltr'><strong>expulsus</strong></span> <span class='ocrx_word' id='word_1_135' title='bbox 3682 1126 3749 1179; x_wconf 82' lang='lat' dir='ltr'><strong>ad</strong></span> 
     </span>
    </p>
   </div>
   <div class='ocr_carea' id='block_1_14' title="bbox 498 1223 3096 1304">
    <p class='ocr_par' dir='ltr' id='par_1_14' title="bbox 498 1223 3096 1304">
     <span class='ocr_line' id='line_1_14' title="bbox 498 1223 3096 1304; baseline -0.005 -15"><span class='ocrx_word' id='word_1_136' title='bbox 498 1294 499 1297; x_wconf 30' lang='grc' dir='ltr'><strong>η</strong></span> <span class='ocrx_word' id='word_1_137' title='bbox 569 1236 637 1291; x_wconf 90' lang='lat' dir='ltr'><strong>de</strong></span> <span class='ocrx_word' id='word_1_138' title='bbox 665 1235 840 1304; x_wconf 72' lang='lat' dir='ltr'><strong>legato</strong></span> <span class='ocrx_word' id='word_1_139' title='bbox 867 1251 896 1289; x_wconf 89' lang='lat' dir='ltr'><strong>a</strong></span> <span class='ocrx_word' id='word_1_140' title='bbox 926 1234 1130 1289; x_wconf 68' lang='lat' dir='ltr'><strong>Grrccis</strong></span> <span class='ocrx_word' id='word_1_141' title='bbox 1164 1233 1352 1295; x_wconf 90' lang='lat' dir='ltr'><strong>misso,</strong></span> <span class='ocrx_word' id='word_1_142' title='bbox 1393 1229 1533 1284; x_wconf 85' lang='lat' dir='ltr'><strong>etde</strong></span> <span class='ocrx_word' id='word_1_143' title='bbox 1557 1228 1734 1297; x_wconf 89' lang='lat' dir='ltr'><strong>primo</strong></span> <span class='ocrx_word' id='word_1_144' title='bbox 1776 1240 2072 1293; x_wconf 77' lang='lat' dir='ltr'><strong>congressu</strong></span> <span class='ocrx_word' id='word_1_145' title='bbox 2246 1223 2512 1296; x_wconf 75' lang='lat' dir='ltr'><strong>Rhegium</strong></span> <span class='ocrx_word' id='word_1_146' title='bbox 2541 1224 2792 1279; x_wconf 84' lang='lat' dir='ltr'><strong>comitem</strong></span> <span class='ocrx_word' id='word_1_147' title='bbox 2820 1223 3096 1278; x_wconf 75' lang='lat' dir='ltr'><strong>convenit.</strong></span> 
     </span>
    </p>
   </div>
   <div class='ocr_carea' id='block_1_15' title="bbox 568 1309 3747 1396">
    <p class='ocr_par' dir='ltr' id='par_1_15' title="bbox 568 1309 3747 1396">
     <span class='ocr_line' id='line_1_15' title="bbox 568 1309 3747 1396; baseline -0.006 -17"><span class='ocrx_word' id='word_1_148' title='bbox 568 1340 730 1396; x_wconf 82' lang='lat' dir='ltr'><strong>quem</strong></span> <span class='ocrx_word' id='word_1_149' title='bbox 754 1340 877 1379; x_wconf 87' lang='lat' dir='ltr'><strong>cum</strong></span> <span class='ocrx_word' id='word_1_150' title='bbox 901 1324 1104 1379; x_wconf 71' lang='lat' dir='ltr'><strong>Grzecis</strong></span> <span class='ocrx_word' id='word_1_151' title='bbox 1134 1323 1459 1376; x_wconf 86' lang='lat' dir='ltr'><strong>habuerunt.</strong></span> <span class='ocrx_word' id='word_1_152' title='bbox 2174 1315 2264 1371; x_wconf 87' lang='lat' dir='ltr'><strong>IV.</strong></span> <span class='ocrx_word' id='word_1_153' title='bbox 2305 1316 2542 1372; x_wconf 86' lang='lat' dir='ltr'><strong>Consilio</strong></span> <span class='ocrx_word' id='word_1_154' title='bbox 2579 1314 2883 1370; x_wconf 75' lang='lat' dir='ltr'><strong>Decuminis</strong></span> <span class='ocrx_word' id='word_1_155' title='bbox 2913 1329 3095 1371; x_wconf 88' lang='lat' dir='ltr'><strong>comes</strong></span> <span class='ocrx_word' id='word_1_156' title='bbox 3140 1311 3401 1383; x_wconf 76' lang='lat' dir='ltr'><strong>Rogerius</strong></span> <span class='ocrx_word' id='word_1_157' title='bbox 3432 1310 3632 1365; x_wconf 90' lang='lat' dir='ltr'><strong>iterum</strong></span> <span class='ocrx_word' id='word_1_158' title='bbox 3695 1309 3747 1362; x_wconf 80' lang='lat' dir='ltr'><strong>in</strong></span> 
     </span>
    </p>
   </div>
   <div class='ocr_carea' id='block_1_16' title="bbox 500 1400 2686 1484">
    <p class='ocr_par' dir='ltr' id='par_1_16' title="bbox 500 1400 2686 1484">
     <span class='ocr_line' id='line_1_16' title="bbox 500 1400 2686 1484; baseline -0.004 -15"><span class='ocrx_word' id='word_1_159' title='bbox 500 1416 568 1470; x_wconf 85' lang='lat' dir='ltr'><strong>X.</strong></span> <span class='ocrx_word' id='word_1_160' title='bbox 612 1418 687 1471; x_wconf 84' lang='lat' dir='ltr'><strong>De</strong></span> <span class='ocrx_word' id='word_1_161' title='bbox 715 1416 950 1473; x_wconf 90' lang='lat' dir='ltr'><strong>secundo</strong></span> <span class='ocrx_word' id='word_1_162' title='bbox 983 1414 1168 1484; x_wconf 72' lang='lat' dir='ltr'><strong>prmlio</strong></span> <span class='ocrx_word' id='word_1_163' title='bbox 1191 1414 1289 1468; x_wconf 86' lang='lat' dir='ltr'><strong>sub</strong></span> <span class='ocrx_word' id='word_1_164' title='bbox 1319 1410 1691 1480; x_wconf 74' lang='lat' dir='ltr'><strong>Montepiloso.</strong></span> <span class='ocrx_word' id='word_1_165' title='bbox 1906 1400 1909 1405; x_wconf 67' lang='grc'><em>’</em></span> <span class='ocrx_word' id='word_1_166' title='bbox 2249 1408 2490 1462; x_wconf 83' lang='lat' dir='ltr'><strong>Siciliam</strong></span> <span class='ocrx_word' id='word_1_167' title='bbox 2518 1407 2686 1462; x_wconf 81' lang='lat' dir='ltr'><strong>vadit.</strong></span> 
     </span>
    </p>
   </div>
   <div class='ocr_carea' id='block_1_17' title="bbox 499 1492 3747 1570">
    <p class='ocr_par' dir='ltr' id='par_1_17' title="bbox 499 1492 3747 1570">
     <span class='ocr_line' id='line_1_17' title="bbox 499 1492 3747 1570; baseline -0.004 -15"><span class='ocrx_word' id='word_1_168' title='bbox 499 1501 593 1555; x_wconf 90' lang='lat' dir='ltr'><strong>XI.</strong></span> <span class='ocrx_word' id='word_1_169' title='bbox 634 1501 711 1555; x_wconf 86' lang='lat' dir='ltr'><strong>De</strong></span> <span class='ocrx_word' id='word_1_170' title='bbox 758 1500 1067 1570; x_wconf 83' lang='lat' dir='ltr'><strong>junioribus</strong></span> <span class='ocrx_word' id='word_1_171' title='bbox 1102 1497 1227 1551; x_wconf 80' lang='lat' dir='ltr'><strong>ﬁliis</strong></span> <span class='ocrx_word' id='word_1_172' title='bbox 1250 1496 1537 1560; x_wconf 89' lang='lat' dir='ltr'><strong>Tancredi,</strong></span> <span class='ocrx_word' id='word_1_173' title='bbox 1569 1495 1663 1564; x_wconf 87' lang='lat' dir='ltr'><strong>qui</strong></span> <span class='ocrx_word' id='word_1_174' title='bbox 1706 1492 2071 1563; x_wconf 62' lang='lat' dir='ltr'><strong>praecedentes</strong></span> <span class='ocrx_word' id='word_1_175' title='bbox 2105 1558 2147 1570; x_wconf 34' lang='grc' dir='ltr'>Ἀ</span> <span class='ocrx_word' id='word_1_176' title='bbox 2182 1497 2246 1551; x_wconf 84' lang='lat' dir='ltr'><strong>V.</strong></span> <span class='ocrx_word' id='word_1_177' title='bbox 2286 1499 2480 1555; x_wconf 86' lang='lat' dir='ltr'><strong>Comes</strong></span> <span class='ocrx_word' id='word_1_178' title='bbox 2508 1494 2773 1568; x_wconf 77' lang='lat' dir='ltr'><strong>Rogerius‘</strong></span> <span class='ocrx_word' id='word_1_179' title='bbox 2815 1514 2937 1553; x_wconf 89' lang='lat' dir='ltr'><strong>eum</strong></span> <span class='ocrx_word' id='word_1_180' title='bbox 2975 1495 3409 1553; x_wconf 80' lang='lat' dir='ltr'><strong>Messauensibus</strong></span> <span class='ocrx_word' id='word_1_181' title='bbox 3448 1492 3747 1563; x_wconf 67' lang='lat' dir='ltr'><strong>pmiiatur.</strong></span> 
     </span>
    </p>
   </div>
   <div class='ocr_carea' id='block_1_18' title="bbox 572 1558 3743 1659">
    <p class='ocr_par' dir='ltr' id='par_1_18' title="bbox 572 1558 3743 1659">
     <span class='ocr_line' id='line_1_18' title="bbox 572 1558 3743 1659; baseline -0.003 -13"><span class='ocrx_word' id='word_1_182' title='bbox 572 1558 777 1646; x_wconf 69' lang='lat' dir='ltr'><strong>fratres</strong></span> <span class='ocrx_word' id='word_1_183' title='bbox 799 1591 852 1644; x_wconf 87' lang='lat' dir='ltr'><strong>in</strong></span> <span class='ocrx_word' id='word_1_184' title='bbox 881 1588 1075 1659; x_wconf 84' lang='lat' dir='ltr'><strong>Apulia</strong></span> <span class='ocrx_word' id='word_1_185' title='bbox 1097 1587 1368 1643; x_wconf 87' lang='lat' dir='ltr'><strong>subsecuti</strong></span> <span class='ocrx_word' id='word_1_186' title='bbox 1398 1596 1544 1640; x_wconf 81' lang='lat' dir='ltr'><strong>sunt.</strong></span> <span class='ocrx_word' id='word_1_187' title='bbox 2102 1558 2151 1621; x_wconf 75' lang='grc' dir='ltr'>Β</span> <span class='ocrx_word' id='word_1_188' title='bbox 2184 1592 2267 1645; x_wconf 87' lang='lat' dir='ltr'><strong>Vl.</strong></span> <span class='ocrx_word' id='word_1_189' title='bbox 2309 1591 2454 1645; x_wconf 82' lang='lat' dir='ltr'><strong>Mare</strong></span> <span class='ocrx_word' id='word_1_190' title='bbox 2484 1558 2755 1646; x_wconf 52' lang='lat' dir='ltr'><strong>turhvalum</strong></span> <span class='ocrx_word' id='word_1_191' title='bbox 2776 1589 2952 1645; x_wconf 87' lang='lat' dir='ltr'><strong>sedari</strong></span> <span class='ocrx_word' id='word_1_192' title='bbox 2981 1603 3160 1645; x_wconf 87' lang='lat' dir='ltr'><strong>comes</strong></span> <span class='ocrx_word' id='word_1_193' title='bbox 3190 1588 3453 1658; x_wconf 78' lang='lat' dir='ltr'><strong>Rogerius</strong></span> <span class='ocrx_word' id='word_1_194' title='bbox 3489 1596 3618 1640; x_wconf 82' lang='lat' dir='ltr'><strong>voto</strong></span> <span class='ocrx_word' id='word_1_195' title='bbox 3648 1584 3743 1637; x_wconf 83' lang='lat' dir='ltr'><strong>ob-</strong></span> 
     </span>
    </p>
   </div>
   <div class='ocr_carea' id='block_1_19' title="bbox 500 1677 2083 1737">
    <p class='ocr_par' dir='ltr' id='par_1_19' title="bbox 500 1677 1497 1736">
     <span class='ocr_line' id='line_1_19' title="bbox 500 1677 1497 1736; baseline -0.006 -1"><span class='ocrx_word' id='word_1_196' title='bbox 500 1681 615 1736; x_wconf 86' lang='lat' dir='ltr'><strong>XII.</strong></span> <span class='ocrx_word' id='word_1_197' title='bbox 658 1683 733 1735; x_wconf 84' lang='lat' dir='ltr'><strong>De</strong></span> <span class='ocrx_word' id='word_1_198' title='bbox 758 1689 934 1735; x_wconf 86' lang='lat' dir='ltr'><strong>morte</strong></span> <span class='ocrx_word' id='word_1_199' title='bbox 964 1678 1236 1735; x_wconf 89' lang='lat' dir='ltr'><strong>Guilielmi</strong></span> <span class='ocrx_word' id='word_1_200' title='bbox 1264 1677 1497 1732; x_wconf 89' lang='lat' dir='ltr'><strong>comitis.</strong></span> 
     </span>
    </p>
   </div>
   <div class='ocr_carea' id='block_1_20' title="bbox 847 1677 2430 1737">
    <p class='ocr_par' dir='ltr' id='par_1_20' title="bbox 854 1677 2430 1737">
     <span class='ocr_line' id='line_1_20' title="bbox 854 1677 2430 1737; baseline 0.003 -4"><span class='ocrx_word' id='word_1_201' title='bbox 854 1689 934 1734; x_wconf 88' lang='lat' dir='ltr'><strong>rte</strong></span> <span class='ocrx_word' id='word_1_202' title='bbox 964 1678 1236 1735; x_wconf 89' lang='lat' dir='ltr'><strong>Guilielmi</strong></span> <span class='ocrx_word' id='word_1_203' title='bbox 1264 1677 1497 1732; x_wconf 89' lang='lat' dir='ltr'><strong>comitis.</strong></span> <span class='ocrx_word' id='word_1_204' title='bbox 2247 1684 2430 1737; x_wconf 81' lang='lat' dir='ltr'><strong>tinuit.</strong></span> 
     </span>
    </p>
   </div>
   <div class='ocr_carea' id='block_1_21' title="bbox 500 1769 3745 1842">
    <p class='ocr_par' dir='ltr' id='par_1_21' title="bbox 500 1769 3745 1842">
     <span class='ocr_line' id='line_1_21' title="bbox 500 1769 3745 1842; baseline -0.002 -16"><span class='ocrx_word' id='word_1_205' title='bbox 500 1772 638 1827; x_wconf 93' lang='lat' dir='ltr'><strong>XIII.</strong></span> <span class='ocrx_word' id='word_1_206' title='bbox 678 1772 752 1827; x_wconf 88' lang='lat' dir='ltr'><strong>De</strong></span> <span class='ocrx_word' id='word_1_207' title='bbox 779 1782 954 1827; x_wconf 90' lang='lat' dir='ltr'><strong>morte</strong></span> <span class='ocrx_word' id='word_1_208' title='bbox 985 1771 1198 1825; x_wconf 90' lang='lat' dir='ltr'><strong>comitis</strong></span> <span class='ocrx_word' id='word_1_209' title='bbox 1222 1769 1505 1840; x_wconf 78' lang='lat' dir='ltr'><strong>Drogonis.</strong></span> <span class='ocrx_word' id='word_1_210' title='bbox 2172 1770 2285 1826; x_wconf 66' lang='lat' dir='ltr'><strong>“VII.</strong></span> <span class='ocrx_word' id='word_1_211' title='bbox 2326 1772 2476 1838; x_wconf 87' lang='lat' dir='ltr'><strong>Quod</strong></span> <span class='ocrx_word' id='word_1_212' title='bbox 2517 1772 2695 1841; x_wconf 64' lang='lat' dir='ltr'><strong>praeda</strong></span> <span class='ocrx_word' id='word_1_213' title='bbox 2725 1786 2886 1841; x_wconf 88' lang='lat' dir='ltr'><strong>super</strong></span> <span class='ocrx_word' id='word_1_214' title='bbox 2918 1786 3156 1842; x_wconf 74' lang='lat' dir='ltr'><strong>paganos</strong></span> <span class='ocrx_word' id='word_1_215' title='bbox 3185 1780 3406 1839; x_wconf 85' lang='lat' dir='ltr'><strong>accepta</strong></span> <span class='ocrx_word' id='word_1_216' title='bbox 3438 1769 3552 1824; x_wconf 88' lang='lat' dir='ltr'><strong>Deo</strong></span> <span class='ocrx_word' id='word_1_217' title='bbox 3582 1769 3635 1822; x_wconf 91' lang='lat' dir='ltr'><strong>in</strong></span> <span class='ocrx_word' id='word_1_218' title='bbox 3659 1785 3745 1822; x_wconf 86' lang='lat' dir='ltr'><strong>sa-</strong></span> 
     </span>
    </p>
   </div>
   <div class='ocr_carea' id='block_1_22' title="bbox 504 1857 3019 1931">
    <p class='ocr_par' dir='ltr' id='par_1_22' title="bbox 504 1857 3019 1931">
     <span class='ocr_line' id='line_1_22' title="bbox 504 1857 3019 1931; baseline -0.001 -16"><span class='ocrx_word' id='word_1_219' title='bbox 504 1860 642 1916; x_wconf 89' lang='lat' dir='ltr'><strong>XIV.</strong></span> <span class='ocrx_word' id='word_1_220' title='bbox 684 1864 760 1917; x_wconf 87' lang='lat' dir='ltr'><strong>De</strong></span> <span class='ocrx_word' id='word_1_221' title='bbox 798 1862 977 1917; x_wconf 83' lang='lat' dir='ltr'><strong>Leone</strong></span> <span class='ocrx_word' id='word_1_222' title='bbox 1009 1859 1337 1931; x_wconf 82' lang='lat' dir='ltr'><strong>apostolico,</strong></span> <span class='ocrx_word' id='word_1_223' title='bbox 1381 1859 1614 1929; x_wconf 75' lang='lat' dir='ltr'><strong>qualiter</strong></span> <span class='ocrx_word' id='word_1_224' title='bbox 1666 1873 1697 1912; x_wconf 85' lang='lat' dir='ltr'><strong>a</strong></span> <span class='ocrx_word' id='word_1_225' title='bbox 1750 1857 2074 1913; x_wconf 79' lang='lat' dir='ltr'><strong>Normannis</strong></span> <span class='ocrx_word' id='word_1_226' title='bbox 2246 1862 2511 1917; x_wconf 82' lang='lat' dir='ltr'><strong>criticium</strong></span> <span class='ocrx_word' id='word_1_227' title='bbox 2545 1863 2757 1931; x_wconf 83' lang='lat' dir='ltr'><strong>ingrata</strong></span> <span class='ocrx_word' id='word_1_228' title='bbox 2785 1877 2891 1915; x_wconf 92' lang='lat' dir='ltr'><strong>non</strong></span> <span class='ocrx_word' id='word_1_229' title='bbox 2930 1861 3019 1915; x_wconf 92' lang='lat' dir='ltr'><strong>sit.</strong></span> 
     </span>
    </p>
   </div>
   <div class='ocr_carea' id='block_1_23' title="bbox 576 1949 3751 2024">
    <p class='ocr_par' dir='ltr' id='par_1_23' title="bbox 576 1949 3751 2024">
     <span class='ocr_line' id='line_1_23' title="bbox 576 1949 3751 2024; baseline -0.002 -17"><span class='ocrx_word' id='word_1_230' title='bbox 576 1963 767 2024; x_wconf 87' lang='lat' dir='ltr'><strong>captus</strong></span> <span class='ocrx_word' id='word_1_231' title='bbox 808 1954 902 2007; x_wconf 88' lang='lat' dir='ltr'><strong>sit.</strong></span> <span class='ocrx_word' id='word_1_232' title='bbox 2178 1951 2310 2006; x_wconf 85' lang='lat' dir='ltr'><strong>VIII.</strong></span> <span class='ocrx_word' id='word_1_233' title='bbox 2351 1953 2747 2017; x_wconf 85' lang='lat' dir='ltr'><strong>Panormitani,</strong></span> <span class='ocrx_word' id='word_1_234' title='bbox 2807 1960 2864 2005; x_wconf 91' lang='lat' dir='ltr'><strong>ut</strong></span> <span class='ocrx_word' id='word_1_235' title='bbox 2920 1953 3119 2006; x_wconf 88' lang='lat' dir='ltr'><strong>nostris</strong></span> <span class='ocrx_word' id='word_1_236' title='bbox 3167 1951 3395 2006; x_wconf 85' lang='lat' dir='ltr'><strong>transire</strong></span> <span class='ocrx_word' id='word_1_237' title='bbox 3440 1949 3751 2005; x_wconf 71' lang='lat' dir='ltr'><strong>volentibus</strong></span> 
     </span>
    </p>
   </div>
   <div class='ocr_carea' id='block_1_24' title="bbox 504 2026 3476 2119">
    <p class='ocr_par' dir='ltr' id='par_1_24' title="bbox 504 2026 3476 2119">
     <span class='ocr_line' id='line_1_24' title="bbox 504 2026 3476 2119; baseline -0.001 -22"><span class='ocrx_word' id='word_1_238' title='bbox 504 2041 619 2119; x_wconf 85' lang='lat' dir='ltr'><strong>XV.</strong></span> <span class='ocrx_word' id='word_1_239' title='bbox 661 2043 903 2109; x_wconf 88' lang='lat' dir='ltr'><strong>Qualiter</strong></span> <span class='ocrx_word' id='word_1_240' title='bbox 930 2042 1039 2098; x_wconf 88' lang='lat' dir='ltr'><strong>Leo</strong></span> <span class='ocrx_word' id='word_1_241' title='bbox 1070 2056 1208 2113; x_wconf 79' lang='lat' dir='ltr'><strong>papa</strong></span> <span class='ocrx_word' id='word_1_242' title='bbox 1254 2058 1279 2095; x_wconf 87' lang='lat' dir='ltr'><strong>a</strong></span> <span class='ocrx_word' id='word_1_243' title='bbox 1325 2041 1652 2096; x_wconf 87' lang='lat' dir='ltr'><strong>Normannis</strong></span> <span class='ocrx_word' id='word_1_244' title='bbox 1703 2056 1828 2095; x_wconf 91' lang='lat' dir='ltr'><strong>cum</strong></span> <span class='ocrx_word' id='word_1_245' title='bbox 1873 2040 2076 2094; x_wconf 86' lang='lat' dir='ltr'><strong>honore</strong></span> <span class='ocrx_word' id='word_1_246' title='bbox 2249 2043 2595 2113; x_wconf 82' lang='lat' dir='ltr'><strong>prohibeant,</strong></span> <span class='ocrx_word' id='word_1_247' title='bbox 2628 2026 2681 2096; x_wconf 87' lang='lat' dir='ltr'><strong>in</strong></span> <span class='ocrx_word' id='word_1_248' title='bbox 2713 2043 2947 2097; x_wconf 81' lang='lat' dir='ltr'><strong>Pharum</strong></span> <span class='ocrx_word' id='word_1_249' title='bbox 2978 2041 3195 2111; x_wconf 77' lang='lat' dir='ltr'><strong>navigio</strong></span> <span class='ocrx_word' id='word_1_250' title='bbox 3236 2042 3476 2095; x_wconf 88' lang='lat' dir='ltr'><strong>veniunt.</strong></span> 
     </span>
    </p>
   </div>
   <div class='ocr_carea' id='block_1_25' title="bbox 572 2132 3751 2200">
    <p class='ocr_par' dir='ltr' id='par_1_25' title="bbox 572 2132 3751 2200">
     <span class='ocr_line' id='line_1_25' title="bbox 572 2132 3751 2200; baseline -0 -14"><span class='ocrx_word' id='word_1_251' title='bbox 572 2132 829 2190; x_wconf 88' lang='lat' dir='ltr'><strong>dimissus</strong></span> <span class='ocrx_word' id='word_1_252' title='bbox 854 2135 949 2189; x_wconf 91' lang='lat' dir='ltr'><strong>sit.</strong></span> <span class='ocrx_word' id='word_1_253' title='bbox 2178 2135 2270 2189; x_wconf 84' lang='lat' dir='ltr'><strong>IX.</strong></span> <span class='ocrx_word' id='word_1_254' title='bbox 2310 2135 2488 2190; x_wconf 85' lang='lat' dir='ltr'><strong>Nostri</strong></span> <span class='ocrx_word' id='word_1_255' title='bbox 2532 2136 2815 2190; x_wconf 83' lang='lat' dir='ltr'><strong>transitum</strong></span> <span class='ocrx_word' id='word_1_256' title='bbox 2858 2134 2960 2188; x_wconf 80' lang='lat' dir='ltr'><strong>sibi</strong></span> <span class='ocrx_word' id='word_1_257' title='bbox 2988 2133 3194 2187; x_wconf 71' lang='lat' dir='ltr'><strong>turbari</strong></span> <span class='ocrx_word' id='word_1_258' title='bbox 3224 2133 3488 2195; x_wconf 80' lang='lat' dir='ltr'><strong>videntes,</strong></span> <span class='ocrx_word' id='word_1_259' title='bbox 3538 2132 3751 2200; x_wconf 84' lang='lat' dir='ltr'><strong>adjuto-</strong></span> 
     </span>
    </p>
   </div>
   <div class='ocr_carea' id='block_1_26' title="bbox 502 2223 2703 2298">
    <p class='ocr_par' dir='ltr' id='par_1_26' title="bbox 502 2223 2703 2298">
     <span class='ocr_line' id='line_1_26' title="bbox 502 2223 2703 2298; baseline 0.001 -17"><span class='ocrx_word' id='word_1_260' title='bbox 502 2226 642 2285; x_wconf 80' lang='lat' dir='ltr'><strong>XVI.</strong></span> <span class='ocrx_word' id='word_1_261' title='bbox 685 2229 759 2283; x_wconf 91' lang='lat' dir='ltr'><strong>De</strong></span> <span class='ocrx_word' id='word_1_262' title='bbox 794 2228 1032 2284; x_wconf 82' lang='lat' dir='ltr'><strong>Roberto</strong></span> <span class='ocrx_word' id='word_1_263' title='bbox 1084 2225 1399 2289; x_wconf 76' lang='lat' dir='ltr'><strong>Guiscardo,</strong></span> <span class='ocrx_word' id='word_1_264' title='bbox 1433 2224 1668 2297; x_wconf 71' lang='lat' dir='ltr'><strong>qualiter</strong></span> <span class='ocrx_word' id='word_1_265' title='bbox 1726 2234 1961 2279; x_wconf 76' lang='lat' dir='ltr'><strong>castrum</strong></span> <span class='ocrx_word' id='word_1_266' title='bbox 2016 2223 2074 2278; x_wconf 84' lang='lat' dir='ltr'><strong>S.</strong></span> <span class='ocrx_word' id='word_1_267' title='bbox 2254 2243 2365 2281; x_wconf 86' lang='lat' dir='ltr'><strong>rem</strong></span> <span class='ocrx_word' id='word_1_268' title='bbox 2396 2227 2703 2298; x_wconf 85' lang='lat' dir='ltr'><strong>implorant.</strong></span> 
     </span>
    </p>
   </div>
   <div class='ocr_carea' id='block_1_27' title="bbox 572 2316 3753 2388">
    <p class='ocr_par' dir='ltr' id='par_1_27' title="bbox 572 2316 3753 2388">
     <span class='ocr_line' id='line_1_27' title="bbox 572 2316 3753 2388; baseline -0.001 -15"><span class='ocrx_word' id='word_1_269' title='bbox 572 2318 738 2374; x_wconf 83' lang='lat' dir='ltr'><strong>Marci</strong></span> <span class='ocrx_word' id='word_1_270' title='bbox 789 2319 1066 2385; x_wconf 86' lang='lat' dir='ltr'><strong>ﬁrmavit,</strong></span> <span class='ocrx_word' id='word_1_271' title='bbox 1100 2326 1155 2372; x_wconf 88' lang='lat' dir='ltr'><strong>et</strong></span> <span class='ocrx_word' id='word_1_272' title='bbox 1198 2317 1432 2388; x_wconf 83' lang='lat' dir='ltr'><strong>qualiter</strong></span> <span class='ocrx_word' id='word_1_273' title='bbox 1487 2333 1610 2373; x_wconf 92' lang='lat' dir='ltr'><strong>cum</strong></span> <span class='ocrx_word' id='word_1_274' title='bbox 1656 2316 1863 2372; x_wconf 81' lang='lat' dir='ltr'><strong>Sclav.&#39;s</strong></span> <span class='ocrx_word' id='word_1_275' title='bbox 1910 2317 2077 2386; x_wconf 84' lang='lat' dir='ltr'><strong>pedes</strong></span> <span class='ocrx_word' id='word_1_276' title='bbox 2185 2316 2247 2372; x_wconf 68' lang='grc' dir='ltr'><strong>Χ.</strong></span> <span class='ocrx_word' id='word_1_277' title='bbox 2287 2318 2502 2383; x_wconf 82' lang='lat' dir='ltr'><strong>Comes,</strong></span> <span class='ocrx_word' id='word_1_278' title='bbox 2527 2317 2892 2373; x_wconf 87' lang='lat' dir='ltr'><strong>nescientibus</strong></span> <span class='ocrx_word' id='word_1_279' title='bbox 2913 2317 3178 2382; x_wconf 86' lang='lat' dir='ltr'><strong>hostibus,</strong></span> <span class='ocrx_word' id='word_1_280' title='bbox 3202 2319 3266 2372; x_wconf 91' lang='lat' dir='ltr'><strong>de</strong></span> <span class='ocrx_word' id='word_1_281' title='bbox 3291 2327 3453 2371; x_wconf 85' lang='lat' dir='ltr'><strong>nocte</strong></span> <span class='ocrx_word' id='word_1_282' title='bbox 3478 2317 3753 2371; x_wconf 84' lang='lat' dir='ltr'><strong>transiens</strong></span> 
     </span>
    </p>
   </div>
   <div class='ocr_carea' id='block_1_28' title="bbox 575 2408 2750 2478">
    <p class='ocr_par' dir='ltr' id='par_1_28' title="bbox 575 2408 2750 2478">
     <span class='ocr_line' id='line_1_28' title="bbox 575 2408 2750 2478; baseline 0 -15"><span class='ocrx_word' id='word_1_283' title='bbox 575 2408 872 2477; x_wconf 69' lang='lat' dir='ltr'><strong>prmdatum</strong></span> <span class='ocrx_word' id='word_1_284' title='bbox 904 2408 1021 2463; x_wconf 85' lang='lat' dir='ltr'><strong>ivit.</strong></span> <span class='ocrx_word' id='word_1_285' title='bbox 2255 2409 2555 2464; x_wconf 84' lang='lat' dir='ltr'><strong>Messanam</strong></span> <span class='ocrx_word' id='word_1_286' title='bbox 2587 2410 2750 2478; x_wconf 87' lang='lat' dir='ltr'><strong>capit.</strong></span> 
     </span>
    </p>
   </div>
   <div class='ocr_carea' id='block_1_29' title="bbox 504 2496 3754 2571">
    <p class='ocr_par' dir='ltr' id='par_1_29' title="bbox 504 2496 3754 2571">
     <span class='ocr_line' id='line_1_29' title="bbox 504 2496 3754 2571; baseline -0.002 -12"><span class='ocrx_word' id='word_1_287' title='bbox 504 2502 665 2556; x_wconf 78' lang='lat' dir='ltr'><strong>XVII.</strong></span> <span class='ocrx_word' id='word_1_288' title='bbox 705 2502 779 2554; x_wconf 84' lang='lat' dir='ltr'><strong>De</strong></span> <span class='ocrx_word' id='word_1_289' title='bbox 801 2500 1038 2555; x_wconf 79' lang='lat' dir='ltr'><strong>Roherlo</strong></span> <span class='ocrx_word' id='word_1_290' title='bbox 1059 2499 1380 2562; x_wconf 76' lang='lat' dir='ltr'><strong>Guiscal&#39;do,</strong></span> <span class='ocrx_word' id='word_1_291' title='bbox 1404 2507 1460 2553; x_wconf 76' lang='lat' dir='ltr'><strong>et</strong></span> <span class='ocrx_word' id='word_1_292' title='bbox 1489 2498 1651 2552; x_wconf 71' lang='lat' dir='ltr'><strong>Petro</strong></span> <span class='ocrx_word' id='word_1_293' title='bbox 1676 2497 1741 2551; x_wconf 82' lang='lat' dir='ltr'><strong>de</strong></span> <span class='ocrx_word' id='word_1_294' title='bbox 1774 2496 1969 2549; x_wconf 72' lang='lat' dir='ltr'><strong>Tuml-</strong></span> <span class='ocrx_word' id='word_1_295' title='bbox 2183 2504 2274 2558; x_wconf 87' lang='lat' dir='ltr'><strong>XI.</strong></span> <span class='ocrx_word' id='word_1_296' title='bbox 2316 2502 2647 2557; x_wconf 85' lang='lat' dir='ltr'><strong>Sarracenus</strong></span> <span class='ocrx_word' id='word_1_297' title='bbox 2672 2502 2887 2571; x_wconf 85' lang='lat' dir='ltr'><strong>quidam</strong></span> <span class='ocrx_word' id='word_1_298' title='bbox 2912 2517 3153 2556; x_wconf 76' lang='lat' dir='ltr'><strong>sororem</strong></span> <span class='ocrx_word' id='word_1_299' title='bbox 3177 2499 3472 2570; x_wconf 83' lang='lat' dir='ltr'><strong>fugientem</strong></span> <span class='ocrx_word' id='word_1_300' title='bbox 3495 2498 3754 2554; x_wconf 78' lang='lat' dir='ltr'><strong>deﬁcien-</strong></span> 
     </span>
    </p>
   </div>
   <div class='ocr_carea' id='block_1_30' title="bbox 505 2586 2682 2656">
    <p class='ocr_par' dir='ltr' id='par_1_30' title="bbox 505 2586 2682 2656">
     <span class='ocr_line' id='line_1_30' title="bbox 505 2586 2682 2656; baseline 0.002 -15"><span class='ocrx_word' id='word_1_301' title='bbox 505 2586 689 2642; x_wconf 90' lang='lat' dir='ltr'><strong>XVIII.</strong></span> <span class='ocrx_word' id='word_1_302' title='bbox 732 2589 975 2656; x_wconf 85' lang='lat' dir='ltr'><strong>Qualiter</strong></span> <span class='ocrx_word' id='word_1_303' title='bbox 1014 2587 1281 2643; x_wconf 84' lang='lat' dir='ltr'><strong>Robertus</strong></span> <span class='ocrx_word' id='word_1_304' title='bbox 1315 2586 1645 2642; x_wconf 83' lang='lat' dir='ltr'><strong>Guiscardus</strong></span> <span class='ocrx_word' id='word_1_305' title='bbox 1671 2601 1851 2641; x_wconf 88' lang='lat' dir='ltr'><strong>comes</strong></span> <span class='ocrx_word' id='word_1_306' title='bbox 1876 2586 2083 2655; x_wconf 73' lang='lat' dir='ltr'><strong>Apulia:</strong></span> <span class='ocrx_word' id='word_1_307' title='bbox 2256 2606 2359 2650; x_wconf 71' lang='lat' dir='ltr'><strong>rem</strong></span> <span class='ocrx_word' id='word_1_308' title='bbox 2393 2595 2682 2650; x_wconf 68' lang='lat' dir='ltr'><strong>interfecit.</strong></span> 
     </span>
    </p>
   </div>
   <div class='ocr_carea' id='block_1_31' title="bbox 580 2681 3749 2758">
    <p class='ocr_par' dir='ltr' id='par_1_31' title="bbox 580 2681 3749 2758">
     <span class='ocr_line' id='line_1_31' title="bbox 580 2681 3749 2758; baseline 0.001 -25"><span class='ocrx_word' id='word_1_309' title='bbox 580 2681 757 2736; x_wconf 86' lang='lat' dir='ltr'><strong>factus</strong></span> <span class='ocrx_word' id='word_1_310' title='bbox 786 2682 876 2735; x_wconf 88' lang='lat' dir='ltr'><strong>sit.</strong></span> <span class='ocrx_word' id='word_1_311' title='bbox 2188 2689 2297 2743; x_wconf 81' lang='lat' dir='ltr'><strong>XII.</strong></span> <span class='ocrx_word' id='word_1_312' title='bbox 2338 2688 2711 2742; x_wconf 82' lang='lat' dir='ltr'><strong>Panurmitani</strong></span> <span class='ocrx_word' id='word_1_313' title='bbox 2746 2703 2805 2743; x_wconf 89' lang='lat' dir='ltr'><strong>se</strong></span> <span class='ocrx_word' id='word_1_314' title='bbox 2830 2688 3011 2743; x_wconf 88' lang='lat' dir='ltr'><strong>elusos</strong></span> <span class='ocrx_word' id='word_1_315' title='bbox 3040 2694 3424 2758; x_wconf 75' lang='lat' dir='ltr'><strong>cognoscentes</strong></span> <span class='ocrx_word' id='word_1_316' title='bbox 3468 2685 3749 2745; x_wconf 85' lang='lat' dir='ltr'><strong>recedunt,</strong></span> 
     </span>
    </p>
   </div>
   <div class='ocr_carea' id='block_1_32' title="bbox 512 2769 2772 2841">
    <p class='ocr_par' dir='ltr' id='par_1_32' title="bbox 512 2769 2772 2841">
     <span class='ocr_line' id='line_1_32' title="bbox 512 2769 2772 2841; baseline 0.002 -18"><span class='ocrx_word' id='word_1_317' title='bbox 512 2769 657 2824; x_wconf 86' lang='lat' dir='ltr'><strong>XIX.</strong></span> <span class='ocrx_word' id='word_1_318' title='bbox 701 2772 776 2826; x_wconf 90' lang='lat' dir='ltr'><strong>De</strong></span> <span class='ocrx_word' id='word_1_319' title='bbox 804 2771 1039 2841; x_wconf 80' lang='lat' dir='ltr'><strong>Rogerio</strong></span> <span class='ocrx_word' id='word_1_320' title='bbox 1065 2772 1280 2839; x_wconf 81' lang='lat' dir='ltr'><strong>juniore</strong></span> <span class='ocrx_word' id='word_1_321' title='bbox 1308 2770 1416 2824; x_wconf 83' lang='lat' dir='ltr'><strong>filio</strong></span> <span class='ocrx_word' id='word_1_322' title='bbox 1447 2770 1735 2824; x_wconf 88' lang='lat' dir='ltr'><strong>Taneredi.</strong></span> <span class='ocrx_word' id='word_1_323' title='bbox 2257 2781 2362 2834; x_wconf 72' lang='lat' dir='ltr'><strong>dux</strong></span> <span class='ocrx_word' id='word_1_324' title='bbox 2393 2780 2529 2833; x_wconf 79' lang='lat' dir='ltr'><strong>liber</strong></span> <span class='ocrx_word' id='word_1_325' title='bbox 2559 2784 2772 2835; x_wconf 76' lang='lat' dir='ltr'><strong>transit.</strong></span> 
     </span>
    </p>
   </div>
   <div class='ocr_carea' id='block_1_33' title="bbox 515 2857 3753 2963">
    <p class='ocr_par' dir='ltr' id='par_1_33' title="bbox 515 2857 3753 2963">
     <span class='ocr_line' id='line_1_33' title="bbox 515 2857 3753 2963; baseline -0.002 -33"><span class='ocrx_word' id='word_1_326' title='bbox 515 2857 750 2963; x_wconf 42' lang='grc' dir='ltr'><strong>ΧΧοήθξθ</strong></span> <span class='ocrx_word' id='word_1_327' title='bbox 785 2860 1196 2963; x_wconf 30' lang='grc' dir='ltr'><strong>Βοεετῑοιίιιιξμ</strong></span> <span class='ocrx_word' id='word_1_328' title='bbox 1229 2861 1468 2963; x_wconf 38' lang='lat' dir='ltr'><strong>Romi“)</strong></span> <span class='ocrx_word' id='word_1_329' title='bbox 1493 2858 1793 2914; x_wconf 65' lang='grc' dir='ltr'><strong>ῧυίδεπάο</strong></span> <span class='ocrx_word' id='word_1_330' title='bbox 1826 2859 2082 2913; x_wconf 56' lang='lat' dir='ltr'><strong>“Nihili”?</strong></span> <span class='ocrx_word' id='word_1_331' title='bbox 2108 2906 2152 2963; x_wconf 63' lang='grc' dir='ltr'>ο</span> <span class='ocrx_word' id='word_1_332' title='bbox 2191 2868 2320 2924; x_wconf 88' lang='lat' dir='ltr'><strong>XIII.</strong></span> <span class='ocrx_word' id='word_1_333' title='bbox 2362 2870 2477 2923; x_wconf 81' lang='lat' dir='ltr'><strong>Dux</strong></span> <span class='ocrx_word' id='word_1_334' title='bbox 2505 2880 2558 2923; x_wconf 90' lang='lat' dir='ltr'><strong>et</strong></span> <span class='ocrx_word' id='word_1_335' title='bbox 2585 2885 2767 2924; x_wconf 90' lang='lat' dir='ltr'><strong>comes</strong></span> <span class='ocrx_word' id='word_1_336' title='bbox 2812 2886 2909 2940; x_wconf 86' lang='lat' dir='ltr'><strong>pro</strong></span> <span class='ocrx_word' id='word_1_337' title='bbox 2952 2870 3101 2925; x_wconf 87' lang='lat' dir='ltr'><strong>Iibito</strong></span> <span class='ocrx_word' id='word_1_338' title='bbox 3130 2885 3226 2925; x_wconf 91' lang='lat' dir='ltr'><strong>suo</strong></span> <span class='ocrx_word' id='word_1_339' title='bbox 3265 2869 3572 2924; x_wconf 81' lang='lat' dir='ltr'><strong>Messanam</strong></span> <span class='ocrx_word' id='word_1_340' title='bbox 3607 2871 3753 2924; x_wconf 82' lang='lat' dir='ltr'><strong>ordi-</strong></span> 
     </span>
    </p>
   </div>
   <div class='ocr_carea' id='block_1_34' title="bbox 581 2953 3324 3024">
    <p class='ocr_par' dir='ltr' id='par_1_34' title="bbox 581 2953 3324 3024">
     <span class='ocr_line' id='line_1_34' title="bbox 581 2953 3324 3024; baseline 0.003 -17"><span class='ocrx_word' id='word_1_341' title='bbox 581 2970 612 3007; x_wconf 86' lang='lat' dir='ltr'><strong>a</strong></span> <span class='ocrx_word' id='word_1_342' title='bbox 644 2953 891 3023; x_wconf 72' lang='lat' dir='ltr'><strong>Galabria</strong></span> <span class='ocrx_word' id='word_1_343' title='bbox 920 2956 970 3008; x_wconf 94' lang='lat' dir='ltr'><strong>in</strong></span> <span class='ocrx_word' id='word_1_344' title='bbox 1004 2953 1249 3024; x_wconf 85' lang='lat' dir='ltr'><strong>Apuliam</strong></span> <span class='ocrx_word' id='word_1_345' title='bbox 1292 2953 1460 3007; x_wconf 82' lang='lat' dir='ltr'><strong>vadit.</strong></span> <span class='ocrx_word' id='word_1_346' title='bbox 2115 2953 2152 2963; x_wconf 77' lang='grc'><strong>“’</strong></span> <span class='ocrx_word' id='word_1_347' title='bbox 2261 2970 2471 3023; x_wconf 87' lang='lat' dir='ltr'><strong>nantes,</strong></span> <span class='ocrx_word' id='word_1_348' title='bbox 2511 2960 2793 3014; x_wconf 82' lang='lat' dir='ltr'><strong>Rametam</strong></span> <span class='ocrx_word' id='word_1_349' title='bbox 2823 2961 3097 3015; x_wconf 88' lang='lat' dir='ltr'><strong>obsessum</strong></span> <span class='ocrx_word' id='word_1_350' title='bbox 3125 2961 3324 3014; x_wconf 85' lang='lat' dir='ltr'><strong>vadunt</strong></span> 
     </span>
    </p>
   </div>
   <div class='ocr_carea' id='block_1_35' title="bbox 514 3041 3755 3111">
    <p class='ocr_par' dir='ltr' id='par_1_35' title="bbox 514 3041 3755 3111">
     <span class='ocr_line' id='line_1_35' title="bbox 514 3041 3755 3111; baseline 0.002 -12"><span class='ocrx_word' id='word_1_351' title='bbox 514 3042 656 3097; x_wconf 85' lang='lat' dir='ltr'><strong>XXI.</strong></span> <span class='ocrx_word' id='word_1_352' title='bbox 700 3044 968 3099; x_wconf 78' lang='lat' dir='ltr'><strong>Robertus</strong></span> <span class='ocrx_word' id='word_1_353' title='bbox 998 3043 1328 3098; x_wconf 83' lang='lat' dir='ltr'><strong>Guiscardus</strong></span> <span class='ocrx_word' id='word_1_354' title='bbox 1368 3052 1424 3096; x_wconf 70' lang='lat' dir='ltr'><strong>ct</strong></span> <span class='ocrx_word' id='word_1_355' title='bbox 1472 3041 1732 3111; x_wconf 78' lang='lat' dir='ltr'><strong>Rogcrius</strong></span> <span class='ocrx_word' id='word_1_356' title='bbox 1779 3056 1901 3096; x_wconf 79' lang='lat' dir='ltr'><strong>cum</strong></span> <span class='ocrx_word' id='word_1_357' title='bbox 1930 3056 2085 3095; x_wconf 70' lang='lat' dir='ltr'><strong>excr—</strong></span> <span class='ocrx_word' id='word_1_358' title='bbox 2192 3050 2328 3105; x_wconf 85' lang='lat' dir='ltr'><strong>XIV.</strong></span> <span class='ocrx_word' id='word_1_359' title='bbox 2367 3052 2660 3106; x_wconf 80' lang='lat' dir='ltr'><strong>Christiani</strong></span> <span class='ocrx_word' id='word_1_360' title='bbox 2708 3052 2773 3106; x_wconf 87' lang='lat' dir='ltr'><strong>de</strong></span> <span class='ocrx_word' id='word_1_361' title='bbox 2810 3051 2961 3105; x_wconf 82' lang='lat' dir='ltr'><strong>Valle</strong></span> <span class='ocrx_word' id='word_1_362' title='bbox 3001 3051 3238 3106; x_wconf 65' lang='lat' dir='ltr'><strong>nemina:</strong></span> <span class='ocrx_word' id='word_1_363' title='bbox 3284 3051 3469 3106; x_wconf 88' lang='lat' dir='ltr'><strong>comiti</strong></span> <span class='ocrx_word' id='word_1_364' title='bbox 3520 3061 3576 3106; x_wconf 91' lang='lat' dir='ltr'><strong>et</strong></span> <span class='ocrx_word' id='word_1_365' title='bbox 3635 3051 3755 3104; x_wconf 88' lang='lat' dir='ltr'><strong>duci</strong></span> 
     </span>
    </p>
   </div>
   <div class='ocr_carea' id='block_1_36' title="bbox 580 3135 2772 3205">
    <p class='ocr_par' dir='ltr' id='par_1_36' title="bbox 580 3135 2772 3205">
     <span class='ocr_line' id='line_1_36' title="bbox 580 3135 2772 3205; baseline 0.001 -14"><span class='ocrx_word' id='word_1_366' title='bbox 580 3138 689 3191; x_wconf 92' lang='lat' dir='ltr'><strong>citu</strong></span> <span class='ocrx_word' id='word_1_367' title='bbox 720 3135 985 3205; x_wconf 77' lang='lat' dir='ltr'><strong>Rhegium</strong></span> <span class='ocrx_word' id='word_1_368' title='bbox 1013 3136 1234 3189; x_wconf 85' lang='lat' dir='ltr'><strong>vadunt.</strong></span> <span class='ocrx_word' id='word_1_369' title='bbox 2261 3156 2483 3195; x_wconf 88' lang='lat' dir='ltr'><strong>munera</strong></span> <span class='ocrx_word' id='word_1_370' title='bbox 2520 3140 2772 3194; x_wconf 74' lang='lat' dir='ltr'><strong>oII&#39;erunt.</strong></span> 
     </span>
    </p>
   </div>
   <div class='ocr_carea' id='block_1_37' title="bbox 511 3223 3506 3301">
    <p class='ocr_par' dir='ltr' id='par_1_37' title="bbox 511 3223 3506 3301">
     <span class='ocr_line' id='line_1_37' title="bbox 511 3223 3506 3301; baseline 0 -23"><span class='ocrx_word' id='word_1_371' title='bbox 511 3224 677 3279; x_wconf 85' lang='lat' dir='ltr'><strong>XXII.</strong></span> <span class='ocrx_word' id='word_1_372' title='bbox 717 3225 983 3294; x_wconf 76' lang='lat' dir='ltr'><strong>Rogerius</strong></span> <span class='ocrx_word' id='word_1_373' title='bbox 1018 3239 1141 3278; x_wconf 88' lang='lat' dir='ltr'><strong>cum</strong></span> <span class='ocrx_word' id='word_1_374' title='bbox 1184 3223 1419 3279; x_wconf 78' lang='lat' dir='ltr'><strong>maxima</strong></span> <span class='ocrx_word' id='word_1_375' title='bbox 1468 3224 1646 3295; x_wconf 77' lang='lat' dir='ltr'><strong>przeda</strong></span> <span class='ocrx_word' id='word_1_376' title='bbox 1692 3224 1957 3294; x_wconf 75' lang='lat' dir='ltr'><strong>Rhegium</strong></span> <span class='ocrx_word' id='word_1_377' title='bbox 1992 3238 2084 3276; x_wconf 87' lang='lat' dir='ltr'><strong>ve-</strong></span> <span class='ocrx_word' id='word_1_378' title='bbox 2191 3231 2302 3285; x_wconf 79' lang='lat' dir='ltr'><strong>XV.</strong></span> <span class='ocrx_word' id='word_1_379' title='bbox 2348 3233 2463 3284; x_wconf 73' lang='lat' dir='ltr'><strong>Dux</strong></span> <span class='ocrx_word' id='word_1_380' title='bbox 2494 3239 2547 3286; x_wconf 74' lang='lat' dir='ltr'><strong>et</strong></span> <span class='ocrx_word' id='word_1_381' title='bbox 2580 3246 2760 3287; x_wconf 80' lang='lat' dir='ltr'><strong>comes</strong></span> <span class='ocrx_word' id='word_1_382' title='bbox 2794 3231 3141 3287; x_wconf 74' lang='lat' dir='ltr'><strong>Centurbiam</strong></span> <span class='ocrx_word' id='word_1_383' title='bbox 3177 3240 3506 3301; x_wconf 79' lang='lat' dir='ltr'><strong>oppugnant.</strong></span> 
     </span>
    </p>
   </div>
   <div class='ocr_carea' id='block_1_38' title="bbox 581 3307 3753 3391">
    <p class='ocr_par' dir='ltr' id='par_1_38' title="bbox 581 3307 3753 3391">
     <span class='ocr_line' id='line_1_38' title="bbox 581 3307 3753 3391; baseline 0.001 -21"><span class='ocrx_word' id='word_1_384' title='bbox 581 3316 682 3370; x_wconf 89' lang='lat' dir='ltr'><strong>nit.</strong></span> <span class='ocrx_word' id='word_1_385' title='bbox 2192 3320 2328 3375; x_wconf 82' lang='lat' dir='ltr'><strong>XVI.</strong></span> <span class='ocrx_word' id='word_1_386' title='bbox 2370 3320 2547 3377; x_wconf 79' lang='lat' dir='ltr'><strong>Nostri</strong></span> <span class='ocrx_word' id='word_1_387' title='bbox 2595 3339 2625 3376; x_wconf 84' lang='lat' dir='ltr'><strong>a</strong></span> <span class='ocrx_word' id='word_1_388' title='bbox 2677 3307 2907 3391; x_wconf 80' lang='lat' dir='ltr'><strong>planicie</strong></span> <span class='ocrx_word' id='word_1_389' title='bbox 2945 3323 3284 3378; x_wconf 90' lang='lat' dir='ltr'><strong>Paternionis</strong></span> <span class='ocrx_word' id='word_1_390' title='bbox 3324 3338 3489 3391; x_wconf 86' lang='lat' dir='ltr'><strong>super</strong></span> <span class='ocrx_word' id='word_1_391' title='bbox 3534 3321 3753 3376; x_wconf 80' lang='lat' dir='ltr'><strong>fluvium</strong></span> 
     </span>
    </p>
   </div>
   <div class='ocr_carea' id='block_1_39' title="bbox 513 3405 3142 3477">
    <p class='ocr_par' dir='ltr' id='par_1_39' title="bbox 513 3405 3142 3477">
     <span class='ocr_line' id='line_1_39' title="bbox 513 3405 3142 3477; baseline 0.002 -17"><span class='ocrx_word' id='word_1_392' title='bbox 513 3405 695 3461; x_wconf 88' lang='lat' dir='ltr'><strong>XXIII.</strong></span> <span class='ocrx_word' id='word_1_393' title='bbox 738 3405 1001 3477; x_wconf 77' lang='lat' dir='ltr'><strong>Rogerius</strong></span> <span class='ocrx_word' id='word_1_394' title='bbox 1033 3406 1172 3461; x_wconf 85' lang='lat' dir='ltr'><strong>irato</strong></span> <span class='ocrx_word' id='word_1_395' title='bbox 1201 3407 1383 3461; x_wconf 85' lang='lat' dir='ltr'><strong>animo</strong></span> <span class='ocrx_word' id='word_1_396' title='bbox 1432 3420 1464 3461; x_wconf 84' lang='lat' dir='ltr'><strong>a</strong></span> <span class='ocrx_word' id='word_1_397' title='bbox 1512 3408 1747 3461; x_wconf 80' lang='lat' dir='ltr'><strong>Roberto</strong></span> <span class='ocrx_word' id='word_1_398' title='bbox 1784 3405 2085 3461; x_wconf 83' lang='lat' dir='ltr'><strong>Guiscardo</strong></span> <span class='ocrx_word' id='word_1_399' title='bbox 2206 3421 2217 3429; x_wconf 80' lang='lat'><strong><em>&#39;</em></strong></span> <span class='ocrx_word' id='word_1_400' title='bbox 2259 3416 2556 3470; x_wconf 70' lang='lat' dir='ltr'><strong>cucdemm</strong></span> <span class='ocrx_word' id='word_1_401' title='bbox 2594 3416 2959 3470; x_wconf 65' lang='lat' dir='ltr'><strong>castramemii</strong></span> <span class='ocrx_word' id='word_1_402' title='bbox 2999 3426 3142 3471; x_wconf 83' lang='lat' dir='ltr'><strong>sum.</strong></span> 
     </span>
    </p>
   </div>
   <div class='ocr_carea' id='block_1_40' title="bbox 588 3503 3683 3581">
    <p class='ocr_par' dir='ltr' id='par_1_40' title="bbox 588 3503 3683 3581">
     <span class='ocr_line' id='line_1_40' title="bbox 588 3503 3683 3581; baseline 0.002 -28"><span class='ocrx_word' id='word_1_403' title='bbox 588 3503 811 3557; x_wconf 84' lang='lat' dir='ltr'><strong>recedit.</strong></span> <span class='ocrx_word' id='word_1_404' title='bbox 1464 3568 1474 3581; x_wconf 30' lang='grc' dir='ltr'><strong><em>ν</em></strong></span> <span class='ocrx_word' id='word_1_405' title='bbox 1658 3572 1659 3575; x_wconf 19' lang='grc' dir='ltr'><strong>η</strong></span> <span class='ocrx_word' id='word_1_406' title='bbox 2088 3564 2101 3571; x_wconf 64' lang='grc'><strong><em>,</em></strong></span> <span class='ocrx_word' id='word_1_407' title='bbox 2190 3507 2348 3569; x_wconf 82' lang='lat' dir='ltr'><strong>XVII.</strong></span> <span class='ocrx_word' id='word_1_408' title='bbox 2370 3509 2432 3571; x_wconf 74' lang='grc' dir='ltr'><strong>Α</strong></span> <span class='ocrx_word' id='word_1_409' title='bbox 2455 3508 2652 3574; x_wconf 76' lang='lat' dir='ltr'><strong>nostris</strong></span> <span class='ocrx_word' id='word_1_410' title='bbox 2678 3524 2797 3565; x_wconf 89' lang='lat' dir='ltr'><strong>cum</strong></span> <span class='ocrx_word' id='word_1_411' title='bbox 2826 3508 3140 3565; x_wconf 85' lang='lat' dir='ltr'><strong>Sarracenis</strong></span> <span class='ocrx_word' id='word_1_412' title='bbox 3166 3507 3405 3577; x_wconf 62' lang='lat' dir='ltr'><strong>praelium</strong></span> <span class='ocrx_word' id='word_1_413' title='bbox 3432 3505 3683 3563; x_wconf 72' lang='lat' dir='ltr'><strong>efﬁcitur.</strong></span> 
     </span>
    </p>
   </div>
   <div class='ocr_carea' id='block_1_41' title="bbox 518 3592 3756 3667">
    <p class='ocr_par' dir='ltr' id='par_1_41' title="bbox 518 3592 3756 3667">
     <span class='ocr_line' id='line_1_41' title="bbox 518 3592 3756 3667; baseline 0.001 -22"><span class='ocrx_word' id='word_1_414' title='bbox 518 3592 703 3667; x_wconf 84' lang='lat' dir='ltr'><strong>XXIV,</strong></span> <span class='ocrx_word' id='word_1_415' title='bbox 744 3594 1006 3665; x_wconf 73' lang='lat' dir='ltr'><strong>Rogerius</strong></span> <span class='ocrx_word' id='word_1_416' title='bbox 1037 3611 1065 3649; x_wconf 91' lang='lat' dir='ltr'><strong>a</strong></span> <span class='ocrx_word' id='word_1_417' title='bbox 1094 3594 1379 3651; x_wconf 87' lang='lat' dir='ltr'><strong>Guilielmo</strong></span> <span class='ocrx_word' id='word_1_418' title='bbox 1408 3595 1577 3655; x_wconf 87' lang='lat' dir='ltr'><strong>fratre</strong></span> <span class='ocrx_word' id='word_1_419' title='bbox 1629 3596 1861 3666; x_wconf 77' lang='lat' dir='ltr'><strong>benigne</strong></span> <span class='ocrx_word' id='word_1_420' title='bbox 1908 3594 2086 3650; x_wconf 80' lang='lat' dir='ltr'><strong>susci-</strong></span> <span class='ocrx_word' id='word_1_421' title='bbox 2180 3597 2372 3655; x_wconf 82' lang='lat' dir='ltr'><strong>XVIII.</strong></span> <span class='ocrx_word' id='word_1_422' title='bbox 2412 3598 2641 3665; x_wconf 83' lang='lat' dir='ltr'><strong>Propter</strong></span> <span class='ocrx_word' id='word_1_423' title='bbox 2677 3597 2908 3653; x_wconf 82' lang='lat' dir='ltr'><strong>vicinam</strong></span> <span class='ocrx_word' id='word_1_424' title='bbox 2950 3596 3182 3667; x_wconf 85' lang='lat' dir='ltr'><strong>hiemem</strong></span> <span class='ocrx_word' id='word_1_425' title='bbox 3222 3595 3497 3665; x_wconf 77' lang='lat' dir='ltr'><strong>expeditio</strong></span> <span class='ocrx_word' id='word_1_426' title='bbox 3528 3595 3756 3650; x_wconf 85' lang='lat' dir='ltr'><strong>solvitur</strong></span> 
     </span>
    </p>
   </div>
   <div class='ocr_carea' id='block_1_42' title="bbox 586 3684 3181 3753">
    <p class='ocr_par' dir='ltr' id='par_1_42' title="bbox 586 3684 3181 3753">
     <span class='ocr_line' id='line_1_42' title="bbox 586 3684 3181 3753; baseline 0.001 -17"><span class='ocrx_word' id='word_1_427' title='bbox 586 3685 755 3753; x_wconf 88' lang='lat' dir='ltr'><strong>pitur,</strong></span> <span class='ocrx_word' id='word_1_428' title='bbox 778 3694 832 3739; x_wconf 90' lang='lat' dir='ltr'><strong>et.</strong></span> <span class='ocrx_word' id='word_1_429' title='bbox 857 3684 1046 3739; x_wconf 89' lang='lat' dir='ltr'><strong>Scalca</strong></span> <span class='ocrx_word' id='word_1_430' title='bbox 1070 3686 1403 3739; x_wconf 88' lang='lat' dir='ltr'><strong>conceditur.</strong></span> <span class='ocrx_word' id='word_1_431' title='bbox 2259 3700 2311 3743; x_wconf 88' lang='lat' dir='ltr'><strong>et</strong></span> <span class='ocrx_word' id='word_1_432' title='bbox 2342 3687 2632 3742; x_wconf 82' lang='lat' dir='ltr'><strong>Christiani</strong></span> <span class='ocrx_word' id='word_1_433' title='bbox 2666 3686 2919 3739; x_wconf 86' lang='lat' dir='ltr'><strong>Trainam</strong></span> <span class='ocrx_word' id='word_1_434' title='bbox 2958 3686 3181 3740; x_wconf 91' lang='lat' dir='ltr'><strong>dedunt.</strong></span> 
     </span>
    </p>
   </div>
   <div class='ocr_carea' id='block_1_43' title="bbox 522 3775 3302 3847">
    <p class='ocr_par' dir='ltr' id='par_1_43' title="bbox 522 3775 3302 3847">
     <span class='ocr_line' id='line_1_43' title="bbox 522 3775 3302 3847; baseline 0.001 -19"><span class='ocrx_word' id='word_1_435' title='bbox 522 3776 687 3829; x_wconf 85' lang='lat' dir='ltr'><strong>XXV.</strong></span> <span class='ocrx_word' id='word_1_436' title='bbox 728 3775 992 3846; x_wconf 76' lang='lat' dir='ltr'><strong>IIogerius</strong></span> <span class='ocrx_word' id='word_1_437' title='bbox 1023 3791 1205 3831; x_wconf 89' lang='lat' dir='ltr'><strong>comes</strong></span> <span class='ocrx_word' id='word_1_438' title='bbox 1229 3792 1397 3845; x_wconf 84' lang='lat' dir='ltr'><strong>equos</strong></span> <span class='ocrx_word' id='word_1_439' title='bbox 1429 3776 1658 3831; x_wconf 79' lang='lat' dir='ltr'><strong>furatur.</strong></span> <span class='ocrx_word' id='word_1_440' title='bbox 2190 3778 2330 3833; x_wconf 87' lang='lat' dir='ltr'><strong>XIX.</strong></span> <span class='ocrx_word' id='word_1_441' title='bbox 2376 3780 2568 3833; x_wconf 87' lang='lat' dir='ltr'><strong>Comes</strong></span> <span class='ocrx_word' id='word_1_442' title='bbox 2594 3778 2854 3847; x_wconf 76' lang='lat' dir='ltr'><strong>Rogerius</strong></span> <span class='ocrx_word' id='word_1_443' title='bbox 2882 3792 3104 3831; x_wconf 81' lang='lat' dir='ltr'><strong>uxorem</strong></span> <span class='ocrx_word' id='word_1_444' title='bbox 3134 3778 3302 3832; x_wconf 87' lang='lat' dir='ltr'><strong>ducit.</strong></span> 
     </span>
    </p>
   </div>
   <div class='ocr_carea' id='block_1_44' title="bbox 520 3867 3753 3940">
    <p class='ocr_par' dir='ltr' id='par_1_44' title="bbox 520 3867 3753 3940">
     <span class='ocr_line' id='line_1_44' title="bbox 520 3867 3753 3940; baseline -0.001 -19"><span class='ocrx_word' id='word_1_445' title='bbox 520 3867 710 3922; x_wconf 75' lang='lat' dir='ltr'><strong>XXVI.</strong></span> <span class='ocrx_word' id='word_1_446' title='bbox 751 3874 794 3926; x_wconf 84' lang='lat' dir='ltr'><strong>A</strong></span> <span class='ocrx_word' id='word_1_447' title='bbox 826 3867 1062 3940; x_wconf 75' lang='lat' dir='ltr'><strong>Rogerio</strong></span> <span class='ocrx_word' id='word_1_448' title='bbox 1094 3868 1349 3923; x_wconf 74' lang='lat' dir='ltr'><strong>Mallitani</strong></span> <span class='ocrx_word' id='word_1_449' title='bbox 1372 3869 1681 3939; x_wconf 84' lang='lat' dir='ltr'><strong>capiuntur.</strong></span> <span class='ocrx_word' id='word_1_450' title='bbox 2192 3872 2309 3926; x_wconf 88' lang='lat' dir='ltr'><strong>XX.</strong></span> <span class='ocrx_word' id='word_1_451' title='bbox 2360 3871 2554 3926; x_wconf 85' lang='lat' dir='ltr'><strong>Comes</strong></span> <span class='ocrx_word' id='word_1_452' title='bbox 2604 3885 2732 3940; x_wconf 83' lang='lat' dir='ltr'><strong>ergo</strong></span> <span class='ocrx_word' id='word_1_453' title='bbox 2794 3869 2996 3938; x_wconf 89' lang='lat' dir='ltr'><strong>nuptiis</strong></span> <span class='ocrx_word' id='word_1_454' title='bbox 3052 3868 3339 3923; x_wconf 88' lang='lat' dir='ltr'><strong>celebratis</strong></span> <span class='ocrx_word' id='word_1_455' title='bbox 3402 3869 3454 3922; x_wconf 90' lang='lat' dir='ltr'><strong>in</strong></span> <span class='ocrx_word' id='word_1_456' title='bbox 3514 3867 3753 3923; x_wconf 86' lang='lat' dir='ltr'><strong>Siciliam</strong></span> 
     </span>
    </p>
   </div>
   <div class='ocr_carea' id='block_1_45' title="bbox 520 3959 2425 4019">
    <p class='ocr_par' dir='ltr' id='par_1_45' title="bbox 520 3959 2425 4019">
     <span class='ocr_line' id='line_1_45' title="bbox 520 3959 2425 4019; baseline 0.003 -7"><span class='ocrx_word' id='word_1_457' title='bbox 520 3959 731 4015; x_wconf 80' lang='lat' dir='ltr'><strong>XXVII.</strong></span> <span class='ocrx_word' id='word_1_458' title='bbox 772 3964 965 4019; x_wconf 82' lang='lat' dir='ltr'><strong>Fames</strong></span> <span class='ocrx_word' id='word_1_459' title='bbox 998 3965 1051 4019; x_wconf 86' lang='lat' dir='ltr'><strong>in</strong></span> <span class='ocrx_word' id='word_1_460' title='bbox 1086 3962 1335 4019; x_wconf 83' lang='lat' dir='ltr'><strong>Calabria</strong></span> <span class='ocrx_word' id='word_1_461' title='bbox 1366 3961 1445 4015; x_wconf 83' lang='lat' dir='ltr'><strong>fit.</strong></span> <span class='ocrx_word' id='word_1_462' title='bbox 2260 3964 2425 4017; x_wconf 86' lang='lat' dir='ltr'><strong>vadit.</strong></span> 
     </span>
    </p>
   </div>
   <div class='ocr_carea' id='block_1_46' title="bbox 522 4049 3419 4112">
    <p class='ocr_par' dir='ltr' id='par_1_46' title="bbox 522 4049 3419 4112">
     <span class='ocr_line' id='line_1_46' title="bbox 522 4049 3419 4112; baseline 0 -8"><span class='ocrx_word' id='word_1_463' title='bbox 522 4050 750 4108; x_wconf 81' lang='lat' dir='ltr'><strong>XXVIII.</strong></span> <span class='ocrx_word' id='word_1_464' title='bbox 791 4056 1008 4111; x_wconf 86' lang='lat' dir='ltr'><strong>Calabri</strong></span> <span class='ocrx_word' id='word_1_465' title='bbox 1064 4056 1388 4112; x_wconf 86' lang='lat' dir='ltr'><strong>rebellantes</strong></span> <span class='ocrx_word' id='word_1_466' title='bbox 1426 4063 1665 4110; x_wconf 87' lang='lat' dir='ltr'><strong>castrum</strong></span> <span class='ocrx_word' id='word_1_467' title='bbox 1695 4051 2087 4107; x_wconf 87' lang='lat' dir='ltr'><strong>Leucastrense</strong></span> <span class='ocrx_word' id='word_1_468' title='bbox 2192 4056 2331 4110; x_wconf 86' lang='lat' dir='ltr'><strong>XXI.</strong></span> <span class='ocrx_word' id='word_1_469' title='bbox 2375 4054 2569 4110; x_wconf 86' lang='lat' dir='ltr'><strong>Comes</strong></span> <span class='ocrx_word' id='word_1_470' title='bbox 2596 4069 2624 4107; x_wconf 88' lang='lat' dir='ltr'><strong>a</strong></span> <span class='ocrx_word' id='word_1_471' title='bbox 2650 4054 2781 4107; x_wconf 88' lang='lat' dir='ltr'><strong>duce</strong></span> <span class='ocrx_word' id='word_1_472' title='bbox 2807 4053 2949 4107; x_wconf 87' lang='lat' dir='ltr'><strong>irato</strong></span> <span class='ocrx_word' id='word_1_473' title='bbox 2988 4053 3168 4105; x_wconf 91' lang='lat' dir='ltr'><strong>animo</strong></span> <span class='ocrx_word' id='word_1_474' title='bbox 3201 4049 3419 4104; x_wconf 81' lang='lat' dir='ltr'><strong>recedit.</strong></span> 
     </span>
    </p>
   </div>
   <div class='ocr_carea' id='block_1_47' title="bbox 591 4128 3287 4218">
    <p class='ocr_par' dir='ltr' id='par_1_47' title="bbox 591 4128 3287 4218">
     <span class='ocr_line' id='line_1_47' title="bbox 591 4128 3287 4218; baseline -0.004 -22"><span class='ocrx_word' id='word_1_475' title='bbox 591 4144 647 4196; x_wconf 92' lang='lat' dir='ltr'><strong>in</strong></span> <span class='ocrx_word' id='word_1_476' title='bbox 668 4144 790 4200; x_wconf 87' lang='lat' dir='ltr'><strong>dolo</strong></span> <span class='ocrx_word' id='word_1_477' title='bbox 816 4147 1058 4216; x_wconf 86' lang='lat' dir='ltr'><strong>capiunt,</strong></span> <span class='ocrx_word' id='word_1_478' title='bbox 1082 4146 1326 4218; x_wconf 89' lang='lat' dir='ltr'><strong>pluribus</strong></span> <span class='ocrx_word' id='word_1_479' title='bbox 1346 4147 1418 4201; x_wconf 86' lang='lat' dir='ltr'><strong>ibi</strong></span> <span class='ocrx_word' id='word_1_480' title='bbox 1448 4145 1765 4201; x_wconf 87' lang='lat' dir='ltr'><strong>interfectis.</strong></span> <span class='ocrx_word' id='word_1_481' title='bbox 2193 4148 2359 4205; x_wconf 79' lang='lat' dir='ltr'><strong>XXII.</strong></span> <span class='ocrx_word' id='word_1_482' title='bbox 2400 4146 2669 4201; x_wconf 86' lang='lat' dir='ltr'><strong>Becumen</strong></span> <span class='ocrx_word' id='word_1_483' title='bbox 2700 4145 2753 4198; x_wconf 88' lang='lat' dir='ltr'><strong>in</strong></span> <span class='ocrx_word' id='word_1_484' title='bbox 2781 4144 2962 4199; x_wconf 89' lang='lat' dir='ltr'><strong>Sicilia</strong></span> <span class='ocrx_word' id='word_1_485' title='bbox 2989 4128 3287 4197; x_wconf 61' lang='lat' dir='ltr'><strong>occiditur.</strong></span> 
     </span>
    </p>
   </div>
   <div class='ocr_carea' id='block_1_48' title="bbox 522 4230 3756 4325">
    <p class='ocr_par' dir='ltr' id='par_1_48' title="bbox 522 4230 3756 4325">
     <span class='ocr_line' id='line_1_48' title="bbox 522 4230 3756 4325; baseline -0.001 -39"><span class='ocrx_word' id='word_1_486' title='bbox 522 4233 711 4289; x_wconf 84' lang='lat' dir='ltr'><strong>XXIX.</strong></span> <span class='ocrx_word' id='word_1_487' title='bbox 746 4237 820 4290; x_wconf 90' lang='lat' dir='ltr'><strong>De</strong></span> <span class='ocrx_word' id='word_1_488' title='bbox 838 4252 970 4307; x_wconf 88' lang='lat' dir='ltr'><strong>pace</strong></span> <span class='ocrx_word' id='word_1_489' title='bbox 998 4237 1140 4293; x_wconf 85' lang='lat' dir='ltr'><strong>facta</strong></span> <span class='ocrx_word' id='word_1_490' title='bbox 1169 4238 1310 4292; x_wconf 89' lang='lat' dir='ltr'><strong>inter</strong></span> <span class='ocrx_word' id='word_1_491' title='bbox 1331 4234 2004 4307; x_wconf 48' lang='lat' dir='ltr'><strong>RobertuuLGuiscardum</strong></span> <span class='ocrx_word' id='word_1_492' title='bbox 2034 4242 2088 4288; x_wconf 90' lang='lat' dir='ltr'><strong>et</strong></span> <span class='ocrx_word' id='word_1_493' title='bbox 2114 4263 2168 4325; x_wconf 70' lang='grc' dir='ltr'>υ</span> <span class='ocrx_word' id='word_1_494' title='bbox 2193 4238 2377 4294; x_wconf 85' lang='lat' dir='ltr'><strong>XXIII.</strong></span> <span class='ocrx_word' id='word_1_495' title='bbox 2423 4239 2536 4292; x_wconf 79' lang='lat' dir='ltr'><strong>Dux</strong></span> <span class='ocrx_word' id='word_1_496' title='bbox 2570 4237 2792 4291; x_wconf 79' lang='lat' dir='ltr'><strong>fratrem</strong></span> <span class='ocrx_word' id='word_1_497' title='bbox 2827 4235 3078 4289; x_wconf 88' lang='lat' dir='ltr'><strong>comitem</strong></span> <span class='ocrx_word' id='word_1_498' title='bbox 3108 4234 3246 4303; x_wconf 86' lang='lat' dir='ltr'><strong>apud</strong></span> <span class='ocrx_word' id='word_1_499' title='bbox 3288 4230 3525 4287; x_wconf 74' lang='lat' dir='ltr'><strong>Miletum</strong></span> <span class='ocrx_word' id='word_1_500' title='bbox 3573 4231 3756 4285; x_wconf 82' lang='lat' dir='ltr'><strong>obses—</strong></span> 
     </span>
    </p>
   </div>
   <div class='ocr_carea' id='block_1_49' title="bbox 594 4327 2574 4398">
    <p class='ocr_par' dir='ltr' id='par_1_49' title="bbox 594 4327 2574 4398">
     <span class='ocr_line' id='line_1_49' title="bbox 594 4327 2574 4398; baseline 0.004 -20"><span class='ocrx_word' id='word_1_501' title='bbox 594 4327 882 4398; x_wconf 71' lang='lat' dir='ltr'><strong>ltogerium</strong></span> <span class='ocrx_word' id='word_1_502' title='bbox 905 4328 1131 4384; x_wconf 82' lang='lat' dir='ltr'><strong>fratrem</strong></span> <span class='ocrx_word' id='word_1_503' title='bbox 1154 4344 1331 4383; x_wconf 91' lang='lat' dir='ltr'><strong>suum.</strong></span> <span class='ocrx_word' id='word_1_504' title='bbox 1374 4386 1376 4389; x_wconf 93' lang='lat'><strong><em>_</em></strong></span> <span class='ocrx_word' id='word_1_505' title='bbox 2264 4349 2381 4387; x_wconf 89' lang='lat' dir='ltr'><strong>sum</strong></span> <span class='ocrx_word' id='word_1_506' title='bbox 2408 4333 2574 4387; x_wconf 86' lang='lat' dir='ltr'><strong>vadit.</strong></span> 
     </span>
    </p>
   </div>
   <div class='ocr_carea' id='block_1_50' title="bbox 522 4415 2105 4485">
    <p class='ocr_par' dir='ltr' id='par_1_50' title="bbox 522 4415 2089 4484">
     <span class='ocr_line' id='line_1_50' title="bbox 522 4415 2089 4484; baseline -0.001 -13"><span class='ocrx_word' id='word_1_507' title='bbox 522 4417 692 4473; x_wconf 84' lang='lat' dir='ltr'><strong>XXX.</strong></span> <span class='ocrx_word' id='word_1_508' title='bbox 733 4420 1003 4484; x_wconf 70' lang='lat' dir='ltr'><strong>Robertus</strong></span> <span class='ocrx_word' id='word_1_509' title='bbox 1031 4420 1622 4483; x_wconf 74' lang='lat' dir='ltr'><strong>Guiseardus,uxorem</strong></span> <span class='ocrx_word' id='word_1_510' title='bbox 1646 4415 1971 4471; x_wconf 79' lang='lat' dir='ltr'><strong>Alberedam</strong></span> <span class='ocrx_word' id='word_1_511' title='bbox 2002 4428 2089 4470; x_wconf 87' lang='lat' dir='ltr'><strong>re-</strong></span> 
     </span>
    </p>
   </div>
   <div class='ocr_carea' id='block_1_51' title="bbox 2171 4415 3754 4485">
    <p class='ocr_par' dir='ltr' id='par_1_51' title="bbox 2195 4415 3754 4485">
     <span class='ocr_line' id='line_1_51' title="bbox 2195 4415 3754 4485; baseline -0.006 -8"><span class='ocrx_word' id='word_1_512' title='bbox 2195 4424 2383 4479; x_wconf 87' lang='lat' dir='ltr'><strong>XXIV.</strong></span> <span class='ocrx_word' id='word_1_513' title='bbox 2422 4423 2617 4478; x_wconf 89' lang='lat' dir='ltr'><strong>Comes</strong></span> <span class='ocrx_word' id='word_1_514' title='bbox 2658 4421 2946 4477; x_wconf 85' lang='lat' dir='ltr'><strong>Geracium</strong></span> <span class='ocrx_word' id='word_1_515' title='bbox 3003 4418 3290 4473; x_wconf 89' lang='lat' dir='ltr'><strong>traditione</strong></span> <span class='ocrx_word' id='word_1_516' title='bbox 3339 4416 3504 4485; x_wconf 78' lang='lat' dir='ltr'><strong>capit.</strong></span> <span class='ocrx_word' id='word_1_517' title='bbox 3550 4424 3608 4469; x_wconf 89' lang='lat' dir='ltr'><strong>et</strong></span> <span class='ocrx_word' id='word_1_518' title='bbox 3653 4415 3754 4469; x_wconf 73' lang='lat' dir='ltr'><strong>dux</strong></span> 
     </span>
    </p>
   </div>
   <div class='ocr_carea' id='block_1_52' title="bbox 593 4505 2968 4585">
    <p class='ocr_par' dir='ltr' id='par_1_52' title="bbox 593 4505 2968 4585">
     <span class='ocr_line' id='line_1_52' title="bbox 593 4505 2968 4585; baseline -0.002 -22"><span class='ocrx_word' id='word_1_519' title='bbox 593 4510 842 4578; x_wconf 90' lang='lat' dir='ltr'><strong>pudians,</strong></span> <span class='ocrx_word' id='word_1_520' title='bbox 873 4511 1203 4583; x_wconf 80' lang='lat' dir='ltr'><strong>Sigelgutam</strong></span> <span class='ocrx_word' id='word_1_521' title='bbox 1234 4512 1406 4573; x_wconf 78' lang='lat' dir='ltr'><strong>ducit,</strong></span> <span class='ocrx_word' id='word_1_522' title='bbox 1431 4517 1487 4562; x_wconf 89' lang='lat' dir='ltr'><strong>et</strong></span> <span class='ocrx_word' id='word_1_523' title='bbox 1526 4508 1791 4577; x_wconf 74' lang='lat' dir='ltr'><strong>Ilogerius</strong></span> <span class='ocrx_word' id='word_1_524' title='bbox 1840 4516 1896 4561; x_wconf 86' lang='lat' dir='ltr'><strong>et</strong></span> <span class='ocrx_word' id='word_1_525' title='bbox 1936 4505 2090 4560; x_wconf 87' lang='lat' dir='ltr'><strong>Guis-</strong></span> <span class='ocrx_word' id='word_1_526' title='bbox 2265 4514 2403 4585; x_wconf 69' lang='lat' dir='ltr'><strong>apud</strong></span> <span class='ocrx_word' id='word_1_527' title='bbox 2433 4512 2707 4568; x_wconf 83' lang='lat' dir='ltr'><strong>Giracium</strong></span> <span class='ocrx_word' id='word_1_528' title='bbox 2738 4511 2968 4578; x_wconf 75' lang='lat' dir='ltr'><strong>capitur.</strong></span> 
     </span>
    </p>
   </div>
   <div class='ocr_carea' id='block_1_53' title="bbox 596 4596 3756 4664">
    <p class='ocr_par' dir='ltr' id='par_1_53' title="bbox 596 4596 3756 4664">
     <span class='ocr_line' id='line_1_53' title="bbox 596 4596 3756 4664; baseline -0.001 -12"><span class='ocrx_word' id='word_1_529' title='bbox 596 4606 793 4656; x_wconf 89' lang='lat' dir='ltr'><strong>cardus</strong></span> <span class='ocrx_word' id='word_1_530' title='bbox 822 4604 1258 4659; x_wconf 88' lang='lat' dir='ltr'><strong>reconciIiantur.</strong></span> <span class='ocrx_word' id='word_1_531' title='bbox 2198 4606 2362 4660; x_wconf 84' lang='lat' dir='ltr'><strong>XXV.</strong></span> <span class='ocrx_word' id='word_1_532' title='bbox 2402 4604 2446 4658; x_wconf 82' lang='lat' dir='ltr'><strong>A</strong></span> <span class='ocrx_word' id='word_1_533' title='bbox 2483 4602 2743 4657; x_wconf 89' lang='lat' dir='ltr'><strong>militibus</strong></span> <span class='ocrx_word' id='word_1_534' title='bbox 2767 4600 2919 4654; x_wconf 86' lang='lat' dir='ltr'><strong>ducis</strong></span> <span class='ocrx_word' id='word_1_535' title='bbox 2948 4614 3147 4664; x_wconf 87' lang='lat' dir='ltr'><strong>comes,</strong></span> <span class='ocrx_word' id='word_1_536' title='bbox 3179 4608 3237 4651; x_wconf 89' lang='lat' dir='ltr'><strong>ut</strong></span> <span class='ocrx_word' id='word_1_537' title='bbox 3267 4596 3421 4651; x_wconf 88' lang='lat' dir='ltr'><strong>fratri</strong></span> <span class='ocrx_word' id='word_1_538' title='bbox 3453 4604 3756 4658; x_wconf 85' lang='lat' dir='ltr'><strong>succurrat,</strong></span> 
     </span>
    </p>
   </div>
   <div class='ocr_carea' id='block_1_54' title="bbox 527 4690 2545 4768">
    <p class='ocr_par' dir='ltr' id='par_1_54' title="bbox 527 4690 2545 4768">
     <span class='ocr_line' id='line_1_54' title="bbox 527 4690 2545 4768; baseline -0.001 -24"><span class='ocrx_word' id='word_1_539' title='bbox 527 4690 719 4745; x_wconf 85' lang='lat' dir='ltr'><strong>XXXI.</strong></span> <span class='ocrx_word' id='word_1_540' title='bbox 761 4693 1030 4750; x_wconf 81' lang='lat' dir='ltr'><strong>Robertus</strong></span> <span class='ocrx_word' id='word_1_541' title='bbox 1049 4696 1384 4750; x_wconf 85' lang='lat' dir='ltr'><strong>Guiscardus</strong></span> <span class='ocrx_word' id='word_1_542' title='bbox 1416 4708 1580 4763; x_wconf 85' lang='lat' dir='ltr'><strong>super</strong></span> <span class='ocrx_word' id='word_1_543' title='bbox 1606 4691 1951 4747; x_wconf 89' lang='lat' dir='ltr'><strong>Guilielmum</strong></span> <span class='ocrx_word' id='word_1_544' title='bbox 1982 4690 2097 4743; x_wconf 80' lang='lat' dir='ltr'><strong>fra-</strong></span> <span class='ocrx_word' id='word_1_545' title='bbox 2225 4760 2235 4768; x_wconf 37' lang='grc' dir='ltr'><strong><em>ο</em></strong></span> <span class='ocrx_word' id='word_1_546' title='bbox 2269 4696 2545 4750; x_wconf 80' lang='lat' dir='ltr'><strong>invitatur.</strong></span> 
     </span>
    </p>
   </div>
   <div class='ocr_carea' id='block_1_55' title="bbox 600 4778 3759 4855">
    <p class='ocr_par' dir='ltr' id='par_1_55' title="bbox 600 4778 3759 4855">
     <span class='ocr_line' id='line_1_55' title="bbox 600 4778 3759 4855; baseline -0.006 -10"><span class='ocrx_word' id='word_1_547' title='bbox 600 4790 735 4835; x_wconf 69' lang='lat' dir='ltr'><strong>trem</strong></span> <span class='ocrx_word' id='word_1_548' title='bbox 762 4799 939 4848; x_wconf 87' lang='lat' dir='ltr'><strong>suum,</strong></span> <span class='ocrx_word' id='word_1_549' title='bbox 969 4795 1255 4855; x_wconf 80' lang='lat' dir='ltr'><strong>antequam</strong></span> <span class='ocrx_word' id='word_1_550' title='bbox 1287 4786 1500 4855; x_wconf 77' lang='lat' dir='ltr'><strong>nuptias</strong></span> <span class='ocrx_word' id='word_1_551' title='bbox 1527 4784 1784 4847; x_wconf 69' lang='lat' dir='ltr'><strong>celebret,</strong></span> <span class='ocrx_word' id='word_1_552' title='bbox 1816 4783 1986 4836; x_wconf 80' lang='lat' dir='ltr'><strong>vadit.</strong></span> <span class='ocrx_word' id='word_1_553' title='bbox 2197 4784 2387 4840; x_wconf 81' lang='lat' dir='ltr'><strong>XXVI.</strong></span> <span class='ocrx_word' id='word_1_554' title='bbox 2428 4783 2620 4837; x_wconf 88' lang='lat' dir='ltr'><strong>Comes</strong></span> <span class='ocrx_word' id='word_1_555' title='bbox 2657 4780 2929 4836; x_wconf 87' lang='lat' dir='ltr'><strong>Giracium</strong></span> <span class='ocrx_word' id='word_1_556' title='bbox 2956 4778 3206 4833; x_wconf 85' lang='lat' dir='ltr'><strong>obsidens</strong></span> <span class='ocrx_word' id='word_1_557' title='bbox 3231 4778 3421 4831; x_wconf 86' lang='lat' dir='ltr'><strong>ducem</strong></span> <span class='ocrx_word' id='word_1_558' title='bbox 3449 4792 3480 4830; x_wconf 72' lang='grc' dir='ltr'><strong>τι</strong></span> <span class='ocrx_word' id='word_1_559' title='bbox 3512 4778 3759 4846; x_wconf 82' lang='lat' dir='ltr'><strong>captione</strong></span> 
     </span>
    </p>
   </div>
   <div class='ocr_carea' id='block_1_56' title="bbox 530 4871 2477 4946">
    <p class='ocr_par' dir='ltr' id='par_1_56' title="bbox 530 4871 2477 4946">
     <span class='ocr_line' id='line_1_56' title="bbox 530 4871 2477 4946; baseline 0.002 -22"><span class='ocrx_word' id='word_1_560' title='bbox 530 4871 742 4926; x_wconf 85' lang='lat' dir='ltr'><strong>XXXII.</strong></span> <span class='ocrx_word' id='word_1_561' title='bbox 788 4875 987 4929; x_wconf 78' lang='lat' dir='ltr'><strong>Bellum</strong></span> <span class='ocrx_word' id='word_1_562' title='bbox 1018 4880 1159 4946; x_wconf 88' lang='lat' dir='ltr'><strong>apud</strong></span> <span class='ocrx_word' id='word_1_563' title='bbox 1207 4878 1266 4933; x_wconf 90' lang='lat' dir='ltr'><strong>S.</strong></span> <span class='ocrx_word' id='word_1_564' title='bbox 1318 4878 1606 4934; x_wconf 81' lang='lat' dir='ltr'><strong>Martinum</strong></span> <span class='ocrx_word' id='word_1_565' title='bbox 1638 4894 1761 4933; x_wconf 92' lang='lat' dir='ltr'><strong>cum</strong></span> <span class='ocrx_word' id='word_1_566' title='bbox 1807 4876 2012 4931; x_wconf 76' lang='lat' dir='ltr'><strong>Crzecis</strong></span> <span class='ocrx_word' id='word_1_567' title='bbox 2049 4890 2096 4929; x_wconf 66' lang='grc' dir='ltr'><strong>-α</strong></span> <span class='ocrx_word' id='word_1_568' title='bbox 2268 4876 2477 4928; x_wconf 85' lang='lat' dir='ltr'><strong>liberat.</strong></span> 
     </span>
    </p>
   </div>
   <div class='ocr_carea' id='block_1_57' title="bbox 605 4955 3761 5033">
    <p class='ocr_par' dir='ltr' id='par_1_57' title="bbox 605 4955 3761 5033">
     <span class='ocr_line' id='line_1_57' title="bbox 605 4955 3761 5033; baseline -0.008 -1"><span class='ocrx_word' id='word_1_569' title='bbox 605 4964 833 5033; x_wconf 68' lang='lat' dir='ltr'><strong>RoSerio</strong></span> <span class='ocrx_word' id='word_1_570' title='bbox 858 4964 937 5018; x_wconf 85' lang='lat' dir='ltr'><strong>fit.</strong></span> <span class='ocrx_word' id='word_1_571' title='bbox 2209 4964 2410 5020; x_wconf 72' lang='lat' dir='ltr'><strong>XXVII.</strong></span> <span class='ocrx_word' id='word_1_572' title='bbox 2450 4962 2697 5017; x_wconf 84' lang='lat' dir='ltr'><strong>Castrum</strong></span> <span class='ocrx_word' id='word_1_573' title='bbox 2731 4960 2872 5030; x_wconf 89' lang='lat' dir='ltr'><strong>quod</strong></span> <span class='ocrx_word' id='word_1_574' title='bbox 2903 4960 3008 5013; x_wconf 72' lang='lat' dir='ltr'><strong>dux</strong></span> <span class='ocrx_word' id='word_1_575' title='bbox 3057 4957 3194 5025; x_wconf 90' lang='lat' dir='ltr'><strong>apud</strong></span> <span class='ocrx_word' id='word_1_576' title='bbox 3226 4955 3465 5010; x_wconf 83' lang='lat' dir='ltr'><strong>Melitum</strong></span> <span class='ocrx_word' id='word_1_577' title='bbox 3514 4956 3761 5010; x_wconf 54' lang='lat' dir='ltr'><strong>ﬁrmare.</strong></span> 
     </span>
    </p>
   </div>
   <div class='ocr_carea' id='block_1_58' title="bbox 533 5046 3757 5125">
    <p class='ocr_par' dir='ltr' id='par_1_58' title="bbox 533 5046 3757 5125">
     <span class='ocr_line' id='line_1_58' title="bbox 533 5046 3757 5125; baseline -0.005 -12"><span class='ocrx_word' id='word_1_578' title='bbox 533 5058 770 5114; x_wconf 90' lang='lat' dir='ltr'><strong>XXXIII.</strong></span> <span class='ocrx_word' id='word_1_579' title='bbox 825 5057 880 5110; x_wconf 90' lang='lat' dir='ltr'><strong>In</strong></span> <span class='ocrx_word' id='word_1_580' title='bbox 922 5058 1242 5125; x_wconf 70' lang='lat' dir='ltr'><strong>adiutorium</strong></span> <span class='ocrx_word' id='word_1_581' title='bbox 1283 5061 1534 5114; x_wconf 81' lang='lat' dir='ltr'><strong>Gaufredi</strong></span> <span class='ocrx_word' id='word_1_582' title='bbox 1588 5060 1775 5114; x_wconf 87' lang='lat' dir='ltr'><strong>fratris</strong></span> <span class='ocrx_word' id='word_1_583' title='bbox 1828 5058 2098 5112; x_wconf 75' lang='lat' dir='ltr'><strong>Robcrtus</strong></span> <span class='ocrx_word' id='word_1_584' title='bbox 2273 5065 2357 5110; x_wconf 82' lang='lat' dir='ltr'><strong>rat</strong></span> <span class='ocrx_word' id='word_1_585' title='bbox 2394 5053 2653 5108; x_wconf 83' lang='lat' dir='ltr'><strong>militibus</strong></span> <span class='ocrx_word' id='word_1_586' title='bbox 2677 5052 2893 5107; x_wconf 87' lang='lat' dir='ltr'><strong>comitis</strong></span> <span class='ocrx_word' id='word_1_587' title='bbox 2930 5050 3177 5104; x_wconf 85' lang='lat' dir='ltr'><strong>fractum.</strong></span> <span class='ocrx_word' id='word_1_588' title='bbox 3226 5048 3453 5102; x_wconf 86' lang='lat' dir='ltr'><strong>Ducissa</strong></span> <span class='ocrx_word' id='word_1_589' title='bbox 3483 5046 3757 5115; x_wconf 65' lang='lat' dir='ltr'><strong>Tropaeam</strong></span> 
     </span>
    </p>
   </div>
   <div class='ocr_carea' id='block_1_59' title="bbox 604 5148 2495 5219">
    <p class='ocr_par' dir='ltr' id='par_1_59' title="bbox 604 5148 2495 5219">
     <span class='ocr_line' id='line_1_59' title="bbox 604 5148 2495 5219; baseline -0.004 -15"><span class='ocrx_word' id='word_1_590' title='bbox 604 5148 934 5205; x_wconf 85' lang='lat' dir='ltr'><strong>Guiscardus</strong></span> <span class='ocrx_word' id='word_1_591' title='bbox 961 5158 1014 5201; x_wconf 89' lang='lat' dir='ltr'><strong>et</strong></span> <span class='ocrx_word' id='word_1_592' title='bbox 1042 5148 1302 5219; x_wconf 78' lang='lat' dir='ltr'><strong>Rogerius</strong></span> <span class='ocrx_word' id='word_1_593' title='bbox 1332 5152 1554 5205; x_wconf 89' lang='lat' dir='ltr'><strong>vadunt.</strong></span> <span class='ocrx_word' id='word_1_594' title='bbox 2273 5148 2495 5215; x_wconf 82' lang='lat' dir='ltr'><strong>aufugit.</strong></span> 
     </span>
    </p>
   </div>
   <div class='ocr_carea' id='block_1_60' title="bbox 3143 5211 3260 5226">
    <p class='ocr_par' dir='ltr' id='par_1_60' title="bbox 3143 5211 3260 5226">
     <span class='ocr_line' id='line_1_60' title="bbox 3143 5211 3260 5226; baseline -0.009 -4"><span class='ocrx_word' id='word_1_595' title='bbox 3143 5211 3260 5226; x_wconf 64' lang='grc' dir='ltr'><strong>ρ-ο--η</strong></span> 
     </span>
    </p>
   </div>
  </div>
