4010 5230
217 369 350 423 I419?
1543 361 1854 418 IIIS'I'OIIIX
1896 357 2156 412 SICL'I..\.
3335 349 3382 402 II
3402 351 3468 402 93

213 481 407 534 XXXI.
447 477 642 534 Comes
669 479 722 531 in
751 477 1056 532 Calabriam
1097 477 1270 532 vadit.
1819 475 1860 526 Α
1893 467 2100 522 XXXII.
2145 467 2410 518 Turribus
2443 463 2682 518 Messana
2713 465 2976 516 tirtnatnr.

217 571 431 626 χχχιι,
471 571 668 626 comes
709 586 830 626 cum
862 569 1111 626 Arabicis
1165 565 1600 624 casamo-annis
1653 579 1792 634 pm:-
1903 556 2132 610 XXXIII.
2179 556 2292 610 Dux
2315 571 2344 608 ει
2367 555 2628 624 Gregorio
2656 569 2788 622 papa
2819 569 2850 606 ει
2879 551 3135 604 Ιίυιιιιιιιὶ.ι
3165 563 3474 604 revocatur.

291 663 478 714 liatur.
1901 647 2139 702 XXXIV.
2183 646 2330 700 Duce
2369 653 2674 702 revertente
2703 643 2852 698 fraus
2903 641 3217 711 populorum
3265 657 3472 694 'tt't'tnt-

217 747 458 804 XXXIII.
501 747 704 802 BeIIum
735 747 950 802 Cerami
989 745 1074 800 ubi
1117 744 1175 800 S.
1219 741 1488 812 Georgius
1529 740 1796 810 apparuit.
1975 747 2079 791 tur.

221 840 468 898 XXXIV.
511 842 692 896 Pisani
740 841 1016 904 comitem,
1057 847 1117 893 ιιι
1151 837 1480 892 Panormum
1517 835 1800 890 obsessum
1901 825 2116 880 XXXV.
2155 825 2266 880 Dux
2301 817 2758 880 fratre‘arcessito
2789 837 2950 891 super
2983 819 3292 894 Capuanum
3332 821 3476 888 prin-

292 933 468 995 vadat,
502 933 752 984 invitant.
1975 917 2150 986 cipent
2183 917 2348 970 vadit.

221 1020 442 1076 XXXV.
483 1021 682 1076 Milites
731 1021 986 1086 comitis,
1033 1019 1277 1074 hostibus
1327 1017 1554 1079 territis,
1597 1013 1800 1068 Turro-
1907 1009 2148 1064 XXXVI.
2179 1009 2450 1064 Jordanus
2479 1019 2664 1062 contra
2694 1017 2902 1076 putrem
2937 1005 3182 1074 insurgit.

297 1129 444 1176 nem,
475 1113 566 1180 qui
607 1119 792 1179 postea
827 1109 1084 1165 Gatzonis
1109 1109 1286 1162 dictus
1325 1117 1428 1172 est,
1479 1107 1798 1162 ascendunt.
1907 1099 2168 1154 XXXVII.
2213 1101 2326 1154 Dux
2367 1101 2594 1154 Romam
2625 1099 2796 1162 Vadit,
2827 1107 2882 1152 et
2909 1099 3073 1168 capit.

221 1204 466 1258 XXXVI.
507 1203 690 1256 Nostri
725 1217 754 1254 a
783 1201 1066 1255 Tal-rantis
1099 1209 1382 1254 vexantur.
1909 1189 2192 1244 XXXVIII.
2237 1189 2466 1244 Romani
2501 1189 2986 1258 reprehenduntur.

229 1293 498 1348 XXXVII.
539 1291 782 1362 Agellum
813 1307 842 1344 a
874 1289 1010 1344 duce
1037 1299 1400 1358 oppugnatur.
1909 1281 2150 1340 XXXIX.
2212 1281 2558 1336 Boamundus
2629 1281 3008 1349 imperatorem
3083 1267 3302 1348 superat
3363 1289 3484 1330 cer-

229 1383 516 1438 XXXVIII.
557 1381 810 1438 Castrum
843 1379 981 1450 apud
1013 1379 1372 1448 Petrelegium
1406 1377 1483 1430 Iit.
1983 1373 2166 1426 tando.

223 1473 474 1530 XXXIX.
517 1475 632 1528 Dux
666 1471 1136 1541 Montempilosum
1164 1469 1396 1524 obsidet.
1913 1463 2023 1518 XL.
2071 1465 2180 1518 Dux
2211 1465 2528 1518 Romaniam
2561 1466 2755 1518 iterum
2789 1465 2956 1518 vadit.

231 1564 346 1618 XL.
391 1565 504 1617 Dux
533 1563 730 1616 Rarum
757 1561 1030 1615 obsidens.
1915 1555 2046 1608 XLI.
2091 1557 2315 1624 Eelipsis
2345 1555 2473 1610 solis
2505 1555 2584 1609 Iit.
2619 1554 2762 1626 Papa
2787 1555 3036 1618 moritur,
3069 1565 3123 1608 et
3151 1555 3278 1618 dux,
3309 1563 3360 1609 et
3392 1571 3484 1608 rex
3505 1577 3518 1584 -

225 1655 362 1711 XLI.
403 1655 600 1709 Comes
629 1653 893 1722 Rogerius
925 1667 1044 1706 cum
1078 1651 1398 1706 Sarraeenis
1429 1651 1720 1718 prteIiaInr.
1987 1647 2300 1716 Anglorum.

229 1749 391 1802 XLII.
429 1745 704 1802 Columba:
733 1743 986 1798 Panormi
1019 1759 1146 1798 suos
1181 1743 1357 1796 victos
1388 1742 1655 1794 nttntiant.
1917 1733 2071 1790 XLII.
2117 1737 2378 1804 IIugerius
2406 1738 2510 1790 dux
2542 1737 2787 1791 eﬂieilur.

227 1839 410 1894 X‘LIII.
451 1837 562 1890 Dux
593 1835 796 1890 auxilio
825 1835 1040 1889 comitis
1071 1833 1286 1902 Roget-ii
1313 1831 1510 1884 Rarum
1536 1831 1701 1900 capit.
1847 1837 1887 1890 Β
2069 1827 2411 1882 INCIFIUNT
2453 1825 2796 1882 CAPIIL‘LA
2835 1825 3012 1882 LIBRI
3054 1825 3330 1893 QUARTI.

229 1929 416 1986 XLIV.
455 1929 698 2000 Scyllum
728 1927 848 1981 duci
883 1925 1290 1980 reconciliatur.
1921 1921 1960 1974 I.
2003 1921 2266 1974 Benarvct
2295 1919 2574 1973 Nieotrum
2605 1927 2798 1972 vastat.

231 2019 388 2076 XLV.
433 2019 735 2078 Panormus
761 2015 1000 2085 capitur.
1921 2011 1984 2066 II.
2025 2011 2222 2065 Comes
2246 2025 2366 2064 cum
2397 2009 2662 2064 Benarvet
2685 2009 3048 2079 eongrcdimr.
3105 2017 3116 2032 ‘

231 2109 414 2166 XLVI.
459 2107 620 2162 Serlo
647 2105 938 2160 occiditur.
1919 2101 2006 2156 III.
2053 2101 2229 2156 I’isani
2275 2099 2513 2156 Africam
2561 2110 2892 2172 oppugnant,
2927 2111 2980 2156 et
3024 2101 3206 2154 comiti
3255 2101 3489 2154 retinen-

415 2193 761 2253 INCIPIUN'I‘
799 2193 1140 2250 CAPITULA
1179 2193 1354 2248 LIBRI
1395 2191 1650 2246 TERTII.
1996 2195 2116 2248 dam
2149 2193 2404 2248 oII'erUnt.

231 2291 275 2346 Ι.
313 2289 467 2358 Apud
493 2286 868 2340 Paternionem
897 2293 949 2340 et
978 2285 1266 2338 Maztriam
1291 2283 1508 2338 castella
1541 2283 1696 2336 ﬁunt.
1921 2283 2009 2340 IV.
2053 2285 2314 2354 Regerius
2347 2285 2478 2348 dux,
2507 2295 2559 2340 et
2588 2283 2932 2340 Boamttndus
2961 2284 3075 2354 ejus
3111 2285 3279 2340 frater
3309 2300 3493 2339 recon.

233 2380 298 2435 II.
339 2378 666 2434 Guiscardus
695 2375 980 2432 Salernum
1017 2375 1248 2430 obsidet.
1993 2375 2262 2429 ciliantnr.

235 2471 322 2525 III.
365 2467 636 2522 Malfetani
671 2483 792 2522 cum
823 2467 957 2520 duce
985 2481 1170 2536 pacem
1199 2463 1422 2519 faciunt.
1927 2465 1990 2520 V.
2031 2465 2225 2518 Comes
2259 2463 2610 2534 Agrigentum
2640 2463 2850 2518 obsidet
2879 2473 2932 2517 et
2957 2465 3120 2534 capit.

243 2559 338 2616 IV.
385 2559 670 2614 Salernum
700 2557 934 2610 deditur.
1930 2553 2012 2610 VI.
2049 2555 2281 2610 Chamut
2321 2553 2660 2610 Christianus
2707 2551 2786 2618 ﬁt,
2831 2553 3332 2608 Castrum-Joannis
3382 2554 3498 2608 red-

243 2647 310 2704 ν.
353 2649 548 2706 Comes
577 2647 842 2718 Rogerius
883 2645 1276 2715 Abagelardunt
1317 2643 1458 2714 apud
1495 2641 1552 2696 S.
1605 2639 1822 2696 Sevcri-
1955 2647 2164 2704 .ditnr.

315 2753 440 2794 nam
467 2739 700 2794 obsidet.
1932 2735 2038 2792 VII.
2079 2736 2272 2792 Comes
2298 2739 2580 2807 episcopos
2607 2751 2700 2807 per
2725 2736 2968 2792 Siciliam
2997 2737 3232 2791 ordinat.

240 2831 332 2886 VI.
375 2831 494 2886 Dux
531 2829 592 2884 S.
623 2829 938 2883 Severinum
969 2835 1269 2897 recuperat.
1304 2827 1494 2882 Castro
1541 2825 1598 2881 S.
1633 2825 1824 2897 Δεξιάἰί
1929 2829 2062 2886 VIII.
2107 2827 2218 2884 Rex
2253 2829 2585 2884 Francorum
2621 2827 2900 2900 Philippus
2931 2831 3094 2885 tiliam
3120 2833 3335 2886 comitis
3371 2848 3500 2884 usu-

317 2921 427 2976 dux
455 2919 855 2988 Abagelardmn
879 2917 1114 2974 obsidet.
2001 2938 2114 2976 rem
2139 2921 2361 2989 expetit.

241 3011 358 3066 VII.
397 3009 592 3064 Comes
621 3008 886 3081 Rogerius
929 3009 983 3062 in
1032 3015 1216 3062 monte
1251 3005 1590 3064 Calataxibct
1633 3008 1826 3064 casteI-
1931 3012 2020 3067 IX.
2061 3012 2264 3068 Illibera
2299 3009 2491 3063 Maiam
2522 3011 2708 3066 intrat.

315 3103 428 3158 lum
461 3102 608 3158 facit.
1937 3103 1998 3158 X.
2040 3101 2384 3157 Boamundus
2415 3101 2708 3156 Cusentum
2745 3103 3008 3170 pervadit.

243 3193 382 3248 VIII.
422 3190 664 3246 Africani
697 3189 972 3245 Nicotrum
1003 3189 1303 3244 destruunt.
1857 3175 1900 3235 (ἶ
1933 3193 2024 3247 XI.
2069 3191 2270 3246 Mihera
2303 3191 2600 3246 monachus
2632 3191 2710 3244 Iit.

243 3286 341 3342 IX.
383 3284 622 3340 Africani
655 3283 796 3352 apud
829 3281 1119 3336 Illazariam
1147 3281 1460 3336 vincuntur.
1931 3284 2042 3338 xu.
2087 3283 2340 3336 Buteram
2369 3297 2551 3337 comes
2588 3283 2817 3336 obsidet.

247 3375 317 3430 X.
363 3375 520 3446 IIugo
549 3373 826 3430 deGircea
859 3371 999 3442 apud
1033 3369 1295 3426 Catanam
1325 3369 1613 3425 occiditur.
1935 3373 2068 3429 XIII.
2105 3373 2250 3442 Papa
2279 3371 2529 3428 Urbanus
2555 3373 2740 3428 comiti
2765 3373 3002 3430 locutum
3036 3376 3086 3430 in
3123 3377 3362 3432 Siciliam
3411 3393 3507 3432 ve-

251 3465 346 3521 XI.
387 3465 614 3522 Trablas
644 3463 958 3520 obsessione
985 3463 1052 3516 ad
1083 3463 1408 3516 deditionem
1439 3462 1670 3532 cogitur.
2005 3467 2105 3520 nit.

251 3559 370 3614 XII.
413 3559 896 3614 Castrum-novum
925 3555 1110 3610 comiti
1139 3553 1459 3609 foederatur.
1937 3555 2072 3611 XIV.
2116 3557 2312 3612 Comes
2341 3555 2652 3611 Adelaidam
2685 3557 2738 3612 in
2769 3573 2992 3612 uxorem
3023 3561 3192 3615 ducit.

250 3651 394 3707 XIII.
435 3649 662 3704 Michael
694 3649 990 3718 imperator
1021 3647 1088 3700 ad
1117 3645 1310 3701 ducem
1340 3645 1506 3700 venit.
1937 3645 2052 3702 XV.
2093 3645 2357 3702 Notenses
2383 3647 2568 3702 comiti
2597 3647 3032 3704 reconciliantur.

251 3741 398 3797 XIV.
438 3741 556 3796 Dux
583 3739 814 3795 classem
843 3745 992 3809 aptat
1022 3751 1212 3792 versus
1237 3735 1524 3791 Greciam.
1937 3737 2078 3794 XVI.
2120 3737 2312 3793 Comes
2341 3737 2560 3792 Maltam
2585 3741 2750 3794 vadit.

253 3835 378 3890 XV.
419 3833 614 3888 Comes
651 3831 1073 3886 Tauromenium
1115 3829 1348 3884 obsidet.
1941 3833 2101 3888 XVII.
2141 3832 2257 3886 Dux
2281 3841 2337 3886 et
2364 3845 2546 3887 comes
2571 3831 2861 3888 Cuscntum
2891 3845 3132 3904 capiunt.

259 3923 402 3980 XVI.
447 3921 746 3976 Evisandus
775 3935 874 3989 pro
907 3919 1106 3974 comite
1135 3919 1422 3974 occiditur.
1944 3923 2124 3980 XVIII.
2166 3923 2436 3980 Jordanus
2457 3924 2612 3980 obiit.

259 4012 426 4069 XVII.
465 4010 671 4068 Golal‘ri
701 4009 771 4064 ab
806 4009 992 4064 Africa
1033 4011 1132 4064 sub
1163 4007 1527 4065 'I‘auromenio
1556 4007 1656 4063 visi
1690 4013 1834 4062 sunt.
1943 4018 2088 4072 χιχ,
2129 4015 2314 4072 Simo"
2349 4017 2609 4072 nascitur,

259 4105 451 4161 XVIII.
495 4103 920 4159 Tauromenium
950 4101 1178 4172 capitur.
1942 4109 2062 4164 xx,
2107 4110 2220 4163 Dux
2254 4109 2518 4176 Rogerius
2549 4107 2872 4162 inﬁrmatur.

263 4197 410 4254 XIX.
451 4196 696 4252 Ecclesia
723 4194 938 4250 Trainte
967 4193 1243 4248 fundatur.
1945 4199 2085 4253 XXI.
2125 4200 2446 4256 Gnilieltuus
2474 4201 2538 4254 de
2567 4199 2862 4254 Grantavul
2891 4199 3189 4256 Rossanam
3225 4204 3406 4258 intrat.

263 4287 392 4342 XX.
435 4287 696 4342 Jaoenses
723 4295 780 4340 et
805 4286 1066 4341 Cinenscs
1093 4299 1276 4340 comes
1303 4283 1536 4339 obsidet.
1947 4289 2110 4344 XXII.
2155 4291 2271 4344 Dux
2293 4299 2348 4344 ct
2373 4303 2556 4344 comes
2584 4287 2760 4343 Castri
2785 4289 2963 4344 VIIIaIlI
2989 4291 3260 4346 obsident.

265 4377 414 4433 XXI.
451 4377 686 4432 Eosdem
719 4375 888 4445 capit.
1947 4379 2130 4434 XXIII.
2171 4379 2365 4434 Comes
2397 4377 2560 4430 tiliam
2595 4377 2704 4432 Iilio
2729 4377 3072 4447 imperatoris
3094 4383 3518 4437 Alamannorum

265 4469 436 4525 XXII.
477 4467 672 4523 Coxues
722 4467 890 4522 tiliam
932 4481 1084 4522 suam
1118 4465 1304 4520 comiti
1343 4463 1642 4520 Provincia:
1678 4463 1840 4518 dedit.
1881 4505 1928 4563 υ
2022 4471 2186 4526 dedit.

267 4557 462 4612 XXIII.
501 4557 722 4614 Castum
753 4556 1062 4626 conjuginm
1096 4557 1363 4610 laudatur.
1881 4556 1916 4563 ⁷
1953 4558 2142 4615 XXIV.
2187 4559 2300 4612 Dux
2331 4567 2386 4612 et
2412 4573 2595 4614 comes
2623 4559 2835 4614 Mallum
2872 4564 3151 4616 obsessum
3179 4565 3396 4620 vadunt.

269 4648 460 4704 XXIV.
505 4649 620 4702 Dux
655 4647 975 4702 Routaniam
1007 4647 1170 4700 vadit.
1952 4649 2118 4703 XXV.
2167 4649 2278 4702 Rex
2335 4647 2673 4721 lingarorum
2727 4651 2890 4706 tiliam
2921 4653 3147 4707 Comitis
3199 4655 3252 4708 in
3301 4671 3525 4711 uxorem

271 4739 440 4796 XXV.
481 4740 598 4795 Dux
627 4741 918 4794 Duracium
950 4739 1181 4794 obsidet.
2028 4739 2190 4808 capit.

267 4832 462 4890 XXVI.
507 4831 624 4886 Dux
649 4845 771 4887 cum
806 4829 1122 4884 Venetianis
1151 4829 1398 4884 bellatur.
1960 4829 2146 4886 XXVI.
2184 4831 2379 4886 Comes
2404 4829 2642 4899 Capuam
2669 4827 2884 4886 obsidet
2907 4847 3030 4885 cum
3057 4833 3192 4888 duce
3221 4833 3460 4909 Rogcrio
3485 4845 3542 4889 et

271 4925 483 4979 XXVII.
529 4925 646 4978 Dux
673 4939 796 4978 cum
825 4923 1155 4992 imperatore
1183 4923 1474 4991 prmliatur.
2030 4922 2269 4991 principe
2293 4919 2526 4978 Ricardo

272 5015 506 5072 XXVIII.
549 5017 666 5070 Dux
701 5015 992 5068 Duracium
1021 5015 1186 5083 capit.
1959 5018 2173 5077 XXVII.
2215 5017 2468 5073 Urbanus
2493 5029 2630 5085 papa
2667 5013 2734 5068 ad
2761 5015 2908 5088 ipsos
2933 5021 3154 5074 tendens
3177 5036 3372 5089 pacem
3395 5037 3550 5080 com-

273 5109 438 5144 ΥἯΙΥ
515 5109 630 5144 “ut
664 5107 966 5144 "acini-Ian]
997 5107 1140 5144 non?!

885 5121 966 5144 om
997 5107 1140 5144 noni?
2034 5123 2232 5144 mnuum
2267 5109 2459 5138 πειτα...-
