4010 5230
525 337 657 393 1099

1366 321 1712 380 GAUFREDI
1753 317 2205 375 MALA'I'ERRAE
2247 314 2550 372 MONACIII
2587 313 2942 368 BENEDICT.

3657 305 3793 362 “00

505 443 3778 486 ,Μ

1348 579 1594 636 INCIPIT
1633 574 1966 632 EPISTOLA
2001 572 2342 630 RELIGIOSI
2385 573 2520 627 VIBI
2565 571 2912 626 GAUFREDI

1689 749 1873 791 BEATI
1909 745 2250 798 BENEDICTI
2273 744 2562 788 MONACHI

989 907 1261 962 Destinata
1305 903 1370 956 ab
1403 903 1579 956 eodem
1614 899 1680 952 ad
1717 895 2063 952 venerabilem
2099 893 2310 948 Patrem
2341 893 2610 948 dominum
2639 890 2982 946 Catancnsem
3013 895 3328 963 episcopum.

603 1262 778 1315 Beata:
839 1271 1114 1312 memoria:
1176 1253 1419 1308 Gsoncto
1485 1248 1767 1321 [Ansgrioj
1819 1228 2313 1302 CatanensiAniti
2333 1242 2584 1306 deret,ne
2603 1242 2756 1294 vitam
2780 1240 2985 1294 silentio
3012 1250 3279 1296 transeant
3303 1242 3566 1312 quomodo
3585 1259 3804 1312 pecora,

535 1354 811 1424 episcopo,
847 1348 1015 1402 frater
1036 1345 1391 1408 Ganrnsous,
1441 1342 1509 1396 ab
1537 1338 1974 1395 antecessoribus
2000 1335 2114 1389 Ma-

533 1445 732 1497 latcrra
777 1452 1040 1508 agnomen
1092 1436 1342 1497 trahens,
1393 1430 1596 1486 infelici
1640 1443 1806 1484 cursu
1837 1427 2112 1481 mundano

534 1548 656 1588 cum
700 1531 908 1585 Martha
937 1527 1160 1592 habito,
1217 1523 1284 1578 ad
1323 1521 1638 1577 felicitatem
1683 1516 1884 1588 quietis
1928 1515 2114 1569 Maria:

533 1643 654 1683 cum
689 1625 896 1678 Lazaro
934 1620 1088 1675 fratri
1113 1616 1453 1673 resuscitari.

605 1715 1079 1785 Quandoquidem,
1106 1709 1448 1766 sanctissime
1477 1705 1660 1770 Pater,
1689 1702 1923 1774 quadam
1946 1715 2116 1770 pecu-

537 1809 663 1864 liari
697 1805 1068 1862 familiaritate
1095 1818 1124 1856 a
1151 1799 1364 1856 caeteris
1394 1796 1683 1866 episcOpis.
1715 1794 1831 1864 qui,
1853 1799 2117 1862 quantum

538 1901 607 1954 ad
629 1899 894 1961 habitum,
911 1895 1135 1950 alterius
1163 1889 1521 1946 institutionis
1543 1902 1662 1942 esse
1683 1885 2119 1955 prazligurantur,

537 1997 727 2052 habitu
778 1991 1054 2062 religionis
1085 2001 1190 2057 quo
1234 1983 1650 2052 'concingimur,
1689 1977 1939 2049 quamvis
1984 1974 2125 2029 indi-

533 2101 700 2158 gnus,
733 2085 885 2138 vobis
917 2097 1002 2136 me
1031 2077 1174 2134 uniri
1206 2089 1497 2146 cognosco,
1531 2069 1795 2142 peculiari
1828 2067 1994 2121 etiam
2025 2079 2121 2134 spe

541 2195 572 2233 a
596 2177 807 2234 caeteris
837 2175 902 2230 de
949 2173 1101 2228 vobis
1125 2181 1461 2242 praesumens
1489 2165 1661 2226 fruor,
1694 2171 1748 2218 et
1779 2177 1874 2216 vos
1905 2159 2036 2214 mihi
2070 2158 2123 2212 in

539 2268 792 2324 omnibus
822 2262 1054 2334 negotiis
1087 2267 1323 2315 tutorem
1355 2269 1611 2326 exposco.
1662 2251 1766 2307 Per
1791 2265 1889 2304 vos
1917 2249 2122 2318 itaque,

543 2372 640 2416 aut
669 2364 862 2415 saltem
909 2365 1090 2412 vestra
1125 2352 1418 2425 praesentia
1466 2348 1662 2402 librum
1691 2347 1836 2400 hunc
1883 2339 2124 2412 reputari

539 2451 857 2522 expostulo,
913 2461 974 2503 ut
1024 2457 1218 2502 vestra:
1265 2440 1604 2498 auctoritatis
1647 2437 1836 2494 favore
1887 2433 2124 2506 principi

539 2539 830 2611 gratiosior
863 2537 976 2600 ﬁat,
1015 2535 1100 2591 vel
1127 2537 1194 2589 ab
1221 2531 1454 2596 aemulis,
1483 2530 1530 2584 si
1561 2527 1700 2583 forte
1749 2525 1914 2595 aliqui
1945 2525 2126 2578 insurc

2211 1350 2328 1404 qua!
2355 1345 2548 1387 natura
2572 1351 2737 1403 prona
2771 1335 3034 1402 ventriqne
3065 1333 3353 1388 obedientin
3374 1333 3550 1401 ﬁnxit.
3577 1335 3806 1391 Talibus

2213 1426 2437 1480 edoctus
2467 1426 2804 1490 auctoribus,
2835 1427 2935 1480 sibi
2965 1435 3212 1480 veterum
3256 1411 3515 1482 historias
3557 1429 3806 1484 recitan-

2215 1517 2381 1583 tibus,
2437 1517 2833 1574 famosissimus
2883 1517 3140 1588 princeps
3193 1519 3458 1590 Rogorins
3497 1520 3808 1577 laboriosos

2215 1618 2268 1664 et
2320 1627 2427 1664 non
2479 1610 2594 1666 sine
2651 1625 2849 1678 magno
2897 1611 3214 1666 discriminc
3261 1611 3568 1682 triumphos
3624 1628 3753 1668 suos
3783 1653 3800 1677 ,

2219 1701 2454 1773 qualiter
2507 1703 2760 1760 videlicet
2807 1703 2984 1772 primo
3026 1702 3361 1769 Calabriam,
3415 1703 3614 1760 deinde
3667 1721 3802 1760 vero

2221 1794 2465 1850 Siciliam
2493 1803 2704 1848 armata
2739 1809 2898 1848 manu
2932 1793 3320 1864 subjugavcrit,
3365 1797 3608 1864 posteris
3631 1797 3808 1852 consi-

2221 1887 2294 1940 lio
2326 1901 2548 1941 suorum
2581 1885 2840 1940 mandare
2873 1886 3192 1953 decernens,
3247 1888 3380 1942 mihi
3431 1898 3490 1944 ut
3533 1889 3602 1944 ad
3649 1890 3812 1958 hujus

2221 1976 2405 2047 operis
2439 1975 2684 2029 laborem
2729 1977 3042 2050 dictandum
3085 1978 3358 2048 accingar.
3393 1979 3652 2046 injunxit.
3704 1981 3813 2036 Sed

2224 2069 2352 2140 quia
2383 2069 2720 2138 prmeedentc
2753 2069 2806 2121 in
2845 2085 2930 2122 me
2983 2069 3250 2124 beneficio
3279 2085 3397 2134 suo,
3429 2071 3694 2140 quidquid
3727 2073 3812 2126 in-

2220 2159 2402 2230 iunxit
2433 2173 2630 2229 negare
2662 2174 2889 2228 nequeo,
2917 2159 3096 2214 minus
3121 2159 3334 2215 erudito
3359 2161 3520 2232 stylo,
3545 2171 3602 2216 et
3620 2163 3812 2217 enervi

2225 2249 2478 2322 poetria,
2544 2248 2697 2317 quasi
2773 2247 2950 2302 lacum
3027 2249 3512 2320 profundissimam
3590 2251 3814 2305 natandi

2229 2344 2478 2424 nescius,
2536 2341 2757 2396 timidus
2815 2341 3148 2412 ingredior:
3207 2357 3410 2411 vosque
3459 2351 3816 2412 vestramque

2228 2435 2518 2490 adversum
2542 2449 2627 2488 mc
2645 2433 3068 2504 indignationem
3089 2433 3378 2504 plurimum
3397 2433 3814 2501 pertimescens,

2229 2525 2533 2595 praesertim
2562 2537 2684 2576 cum
2713 2537 2808 2577 vos
2849 2522 3226 2592 limpidissimo
3267 2521 3418 2577 fonte
3445 2522 3816 2592 grammatica:

539 2643 692 2700 gant,
723 2633 792 2685 ob
824 2627 1188 2685 reverentiam
1217 2623 1410 2689 vestri,
1443 2621 1624 2674 minus
1661 2615 1956 2672 remorderi
1988 2628 2126 2700 prcc-
2163 2621 2204 2674 Β
2231 2619 2367 2675 artis
2393 2617 2693 2682 debriatos,
2725 2630 2832 2670 non
2865 2623 3048 2670 autem
3079 2629 3184 2676 me,
3225 2615 3350 2669 talis
3399 2615 3648 2669 scientia:
3679 2627 3816 2683 pauc

543 2731 810 2778 sumatur.
847 2719 1140 2775 Sciendum
1181 2724 1359 2770 tamen
1391 2711 1543 2767 vobis
1572 2718 1655 2764 est
1685 2709 1799 2764 sive
1825 2705 1979 2761 alteri
2011 2695 2128 2773 qui-

547 2827 763 2880 cunque
824 2810 949 2865 libri
1018 2805 1178 2875 hujus
1229 2803 1491 2859 recitator
1540 2800 1624 2854 vel
1658 2807 1804 2853 certe
1859 2797 2130 2864 interpres

547 2905 866 2966 accesserit,
897 2902 942 2956 si
975 2899 1246 2960 seriatim,
1281 2897 1460 2950 minus
1491 2893 1742 2948 ordinate
1764 2930 1778 2954 ,
1831 2889 2129 2944 secundum

545 3001 792 3062 tempora
822 2993 1020 3063 quibus
1043 2989 1186 3045 facta
1215 2997 1340 3042 sunt
1361 3000 1482 3055 quae
1509 2983 1840 3038 adnotantur
1867 2979 1951 3034 vel
1982 2986 2132 3034 certe

553 3089 732 3158 aliqua
761 3084 1034 3141 oblivione
1062 3091 1448 3152 prtetergrcssa
1484 3073 1825 3146 repereritis,
1882 3087 1990 3126 non
2019 3073 2133 3126 hate

549 3191 666 3236 tam
699 3178 829 3233 mihi
881 3190 1042 3246 quam
1096 3171 1420 3228 relatoribus
1466 3167 1731 3239 culpando
1761 3164 2129 3228 ascribantur,

547 3271 852 3346 przesertim
881 3283 1003 3322 cum
1057 3267 1124 3322 de
1167 3264 1299 3334 ipsis
1346 3261 1680 3332 temporibus
1712 3257 1907 3329 quibus
1935 3255 2136 3310 ﬁebant

551 3360 976 3438 praesentialiter
1003 3373 1106 3413 non
1135 3352 1504 3410 interfuissem
1525 3392 1538 3416 ,
1572 3349 1666 3406 sed
1707 3364 1736 3402 a
1769 3353 2134 3401 transmonta-

551 3435 634 3512 nis
668 3454 912 3526 partibus
940 3450 1273 3510 venientem,
1307 3445 1521 3500 noviter
1541 3441 1772 3512 Apulum
1807 3435 2136 3500 factum,vel

547 3525 698 3603 certe
730 3541 974 3598 Siculum
1008 3539 1074 3594 ad
1111 3537 1328 3608 plenum
1357 3531 1720 3604 cognoscatis.
1756 3529 1814 3583 Si
1844 3535 2026 3582 autem
2071 3525 2138 3578 de

547 3637 824 3694 incultiori
875 3632 1121 3705 poetrica
1181 3627 1410 3699 quaestio
1464 3623 1661 3689 fuerit,
1719 3620 2000 3676 sciendum
2053 3625 2138 3671 est

552 3728 844 3798 quoniamt,
893 3722 1110 3779 etiamsi
1157 3727 1299 3776 esset
1352 3717 1495 3772 unde
1541 3713 1818 3784 limpidius
1849 3720 1942 3765 aut
1989 3716 2139 3764 certe

553 3819 872 3889 pomposius
903 3823 1151 3871 eructare
1183 3811 1505 3883 potuissem,
1541 3807 1656 3876 ipsa
1681 3801 2138 3874 principisjnssio

559 3911 628 3963 ad
679 3910 781 3962 hoc
825 3907 1039 3960 hortata
1086 3909 1261 3956 estut
1300 3900 1464 3969 plano
1511 3909 1764 3952 sermone
1809 3905 1863 3948 et
1892 3889 2036 3946 facili
2069 3891 2136 3945 ad

2228 2707 2474 2778 jejunum
2506 2708 2572 2761 ad
2599 2706 2706 2761 tale
2731 2721 2868 2775 opus
2909 2705 3116 2776 accingi
3163 2707 3424 2774 oportuit.
3461 2703 3572 2758 Sed
3621 2702 3818 2772 prmdio

2235 2811 2360 2858 ctus
2391 2801 2644 2870 princeps
2683 2812 2778 2853 vos
2824 2796 3120 2865 majoribus
3147 2797 3470 2851 utilitatibus
3497 2803 3816 2864 occupatos,

2241 2890 2514 2947 interdum
2544 2889 2798 2944 videlicet
2821 2888 3188 2943 Ecelesiarnm
3219 2887 3366 2942 curis
3412 2903 3533 2941 cum
3583 2885 3818 2948 Martha,

2237 2985 2510 3041 interdum
2527 2998 2653 3038 vero
2675 2983 2847 3038 beata:
2873 2981 3314 3050 contemplationi
3337 2995 3456 3034 cum
3477 2977 3652 3032 Maria
3677 2979 3824 3031 insn-

2237 3075 2429 3129 dantes
2479 3086 2834 3140 cognoscens,
2887 3069 3060 3130 vobis,
3095 3084 3162 3122 ne
3206 3084 3234 3122 a
3285 3069 3512 3122 meliore
3541 3063 3824 3136 proposita

2242 3179 2340 3219 vos
2369 3169 2615 3226 revocet,
2665 3161 2860 3231 parcit.
2919 3159 3002 3214 Me
3033 3175 3186 3222 vero,
3219 3159 3372 3230 quasi
3404 3167 3718 3221 vacantem,
3769 3163 3824 3210 et

2245 3253 2378 3310 nulli
2410 3251 2672 3306 exercitio
2705 3250 2974 3314 deditum,
3027 3249 3256 3317 quadam
3305 3263 3465 3302 manu
3501 3247 3824 3318 pulsationis

2239 3343 2642 3415 vigilantiorcm
2683 3340 2908 3394 reddere
2953 3340 3173 3410 satagit.
3207 3339 3356 3410 Rogo
3385 3340 3570 3408 itaque
3623 3353 3740 3402 vos,
3767 3345 3826 3390 ut

2241 3447 2510 3489 memores
2553 3431 2848 3500 Scriptura:
2891 3431 3162 3485 dicentis:
3197 3429 3426 3484 Invicem
3455 3445 3620 3483 onera
3653 3437 3824 3482 castra

2237 3534 2478 3595 portate:
2517 3532 2565 3576 et
2610 3522 2684 3576 sic
2733 3520 3084 3590 adimplebitis
3116 3520 3276 3590 legem
3313 3517 3512 3572 Christi
3539 3536 3557 3582 ;
3589 3516 3821 3587 etquod

2241 3615 2366 3670 alibi
2397 3615 2636 3670 dicitur:
2691 3613 2886 3668 Frater
2907 3615 3123 3684 fratrem
3160 3613 3420 3684 adjuvari:
3453 3614 3608 3666 arrabo
3633 3627 3822 3666 conso-

2242 3705 2423 3760 lantur
2460 3719 2478 3756 :
2531 3706 2597 3760 ad
2651 3705 2828 3760 debile
2879 3719 3100 3758 carmen
3168 3717 3348 3757 meum
3405 3700 3826 3756 sustentandum

2241 3797 2434 3867 pedem
2467 3797 2636 3852 vestri
2681 3796 2884 3852 favoris
2934 3796 3228 3866 porrigatis
3257 3812 3270 3848 :
3305 3801 3364 3848 ut
3403 3794 3598 3866 clypeo
3631 3801 3826 3848 vestras

2240 3888 2582 3942 auctoritatis
2611 3886 2854 3941 munitus
2883 3886 3138 3942 incursus
3171 3886 3602 3950 detrahentium,
3645 3893 3704 3938 et
3727 3884 3828 3938 ini-

557 3995 964 4068 intelligendum
988 4035 1002 4060 ,
1058 4007 1165 4063 quo
1221 3999 1279 4045 ut
1324 3987 1576 4043 omnibus
1611 3982 1823 4039 facilius
1875 3981 2136 4052 quidquid
2167 3976 2213 4038 C
2249 3982 2388 4037 mico
2417 3981 2576 4035 dente
2604 3979 2832 4034 aliorum
2863 3978 3030 4044 dicta,
3061 3978 3144 4034 vel
3179 3977 3324 4034 facta
3373 3977 3568 4032 rodere
3617 3985 3826 4030 tentan-

556 4096 836 4150 diceretur
887 4095 1218 4159 patesceret,
1279 4093 1586 4138 exararem.
1637 4077 1751 4145 Ego
1808 4075 1973 4146 igitur
2028 4073 2140 4130 sive

555 4188 699 4244 istud
755 4185 870 4240 sive
913 4181 1044 4236 illud
1087 4185 1418 4249 opponatur,
1469 4173 1568 4229 sub
1607 4167 1922 4226 umbraculo
1973 4167 2139 4221 vestri

555 4277 842 4336 tutaminis
865 4274 1128 4343 refugium
1152 4278 1371 4341 expeto,
1399 4275 1480 4332 ut,
1500 4272 1652 4320 tanto
1674 4261 1878 4317 auxilio
1901 4259 2140 4323 innixus,

558 4372 780 4428 inimico
808 4368 970 4422 dente
999 4363 1250 4420 mordere
1302 4365 1632 4415 attentantes
1669 4356 1847 4410 minus
1883 4353 2142 4425 pertime-

561 4477 732 4526 scam,
766 4469 819 4513 et
853 4457 1112 4529 principis
1153 4453 1326 4508 nostri
1360 4449 1750 4506 sustentamine
1791 4447 1962 4501 fruar.

633 4553 916 4616 Omnibus,
951 4550 1147 4620 quibus
1179 4561 1274 4616 per
1299 4545 1611 4600 universam
1649 4539 1892 4596 Siciliam
1925 4539 2140 4608 episco—

560 4647 684 4716 pale
727 4645 812 4699 vel
864 4641 1113 4697 clericale
1163 4653 1356 4694 nomen
1419 4636 1763 4705 assignatur,
1835 4631 2144 4688 Gaufrcdus

567 4739 872 4800 Malalerra,
910 4750 1032 4789 cum
1061 4731 1432 4802 assignatione
1465 4727 1720 4790 nominis,
1771 4735 1826 4780 et
1872 4723 2146 4795 significa-

563 4837 699 4880 tum.
733 4825 1093 4893 Antiquorum
1129 4819 1575 4892 philosophorum
1609 4815 1900 4870 traditione
1949 4812 2145 4866 futura:

563 4914 879 4982 propaginis
911 4915 1159 4967 humanae
1187 4923 1302 4965 mos
1333 4908 1556 4962 inolevit
1585 4905 1808 4960 fortium
1837 4903 1976 4958 facta
2001 4903 2146 4957 viro-

2245 4075 2378 4129 tium
2410 4074 2587 4128 minus
2611 4073 3011 4142 pertimescam.
3072 4071 3212 4127 Sunt
3258 4072 3404 4127 enim
3455 4071 3704 4142 quidam,
3735 4070 3824 4139 qui

2247 4181 2373 4220 cum
2406 4163 2638 4232 alicujus
2677 4163 2916 4218 scientiae
2955 4165 3156 4234 gradus
3199 4173 3474 4232 utcunque
3518 4162 3824 4231 attigerint,

2245 4267 2300 4316 et
2343 4257 2542 4313 exinde
2589 4257 2838 4312 humana:
2885 4257 3060 4313 laudis
3107 4257 3348 4311 favorem
3391 4255 3572 4324 adepti
3603 4254 3823 4316 fuerint,

2247 4352 2472 4408 tumenti
2502 4350 2793 4420 supercilio
2827 4357 2974 4404 tanta
3021 4350 3218 4404 invidia
3263 4345 3624 4418 superﬂuunt,
3653 4355 3714 4399 ut
3741 4361 3828 4398 ne-

2245 4444 2443 4498 minem
2471 4441 2574 4495 sibi
2603 4440 2798 4496 litteris
2813 4439 3246 4510 mquipollentem
3267 4454 3334 4494 ex
3356 4438 3608 4509 proximo
3631 4437 3828 4491 habere

2245 4532 2431 4588 velint.
2473 4531 2568 4585 Sin
2601 4539 2780 4584 autem
2812 4545 2906 4586 eos
2939 4531 3139 4586 habere
3185 4530 3480 4600 contigerit
3509 4544 3650 4598 opus
3699 4527 3826 4582 alie-

2245 4639 2395 4690 num,
2430 4623 2762 4678 detrahendo
2791 4622 3030 4676 mordaci
3059 4623 3218 4678 dente
3239 4629 3498 4691 appetere
3525 4634 3638 4674 non
3689 4617 3826 4674 desi-

2246 4723 2399 4770 stunt
2453 4713 2676 4769 alterius
2741 4712 2896 4767 laude
2959 4727 3116 4767 suam
3169 4711 3339 4766 minui
3403 4710 3682 4765 timentes.
3737 4707 3826 4762 llis

2245 4813 2618 4874 competenter
2646 4803 2913 4878 assignari
2959 4811 3138 4873 potest
3167 4801 3293 4858 illud
3345 4801 3672 4871 Scriptum,
3725 4813 3828 4870 qua

2246 4895 2476 4950 dicitur:
2507 4892 2736 4948 Scientia
2775 4894 2925 4963 inflat
2950 4909 2970 4959 ;
2998 4893 3088 4948 sed
3114 4909 3218 4946 non
3253 4892 3608 4960 subsequitur
3631 4892 3685 4944 in
3711 4889 3826 4944 eis;
