4010 5230
255 285 382 338 1101

1386 281 1704 338 HISTORIA
1738 281 2003 338 SICULA.
2043 312 2113 324 —-
2147 281 2272 336 LIB.
2318 281 2356 336 1.

3375 292 3510 347 1102

247 394 432 446 verbis
480 393 707 456 faciant,
754 392 1015 449 extollere
1064 393 1338 458 nituntur;
1371 409 1556 449 eorum
1585 395 1820 460 laudem,
1849 400 1978 458 Aet
2018 395 2155 448 rosis
2203 405 2395 450 vestrre
2443 397 2683 452 scientia:
2731 402 3039 456 exornauda
3094 405 3388 471 reputabo:
3433 423 3489 463 ιιι

251 484 336 536 vel
373 481 610 546 lucrum,
653 487 803 553 quasi
858 502 1014 540 suum
1055 486 1401 539 aestimantes.
1447 485 1646 539 [lorum
1690 484 1822 540 affe-

250 583 495 628 ctuosam
515 573 945 629 benevolentiam
975 575 1260 629 adversum
1285 588 1368 628 me
1406 574 1618 628 invitari
1656 589 1822 643 expo-

249 676 364 716 sco.
384 665 495 729 bgo
517 678 641 718 vero
657 680 987 734 quaecunque
1008 666 1282 718 dictavero
1310 665 1459 718 vobis
1486 665 1823 733 corrigenda,

909 775 2844 800 ————-—————‘—_——-_

1933 485 2088 539 vinea
2115 502 2143 538 a
2169 487 2321 541 vobis
2349 498 2596 551 exarata,
2619 489 2763 543 cultu
2789 501 2981 545 vestrae
3021 494 3260 548 scientize
3285 507 3489 563 potata,

1934 577 2213 632 uberiores
2255 580 2463 632 fruetus
2504 581 2756 643 reddens,
2806 582 2856 634 in
2903 583 3160 652 majorem
3188 584 3396 640 laudem
3441 599 3498 641 et

1933 667 2162 735 gratiam
2190 669 2469 736 perveniat
2496 671 2780 738 principis.

2845 789 3478 810 ἡ*

917 885 1712 1013 GAUFREDI
1805 889 2873 1020 MALATERR/E.

1517 1118 1822 1175 MONACIII
1847 1119 2271 1176 BENEDICTINI

817 1291 2076 1556 HISTOIEEL
2125 1295 2982 1465 SICULA

1112 1663 1577 1755 INCIPIT
1651 1663 2008 1751 LIBER
2079 1665 2560 1755 PRIMUS.

749 1857 972 1914 CAPUT
1018 1856 1306 1912 PRIMUM.

239 1967 480 2022 Primum
513 1980 682 2035 sonat,
728 1987 844 2041 qua:
882 1989 1004 2040 pars
1040 1980 1113 2026 est
1165 1969 1411 2024 Franc'ae
1459 1969 1826 2023 Nertmaunia.

311 2058 664 2114 Nortmnnnia
715 2061 897 2128 patria
952 2059 1196 2129 quaedam
1230 2067 1312 2112 est
1345 2059 1398 2111 in
1427 2059 1674 2127 partibus
1703 2058 1831 2113 Gal-

238 2147 342 2213 lice,
394 2167 514 2220 qua:
567 2152 784 2221 quidem
835 2168 940 2207 non
991 2167 1207 2220 semper
1259 2151 1622 2205 Nortmannia
1684 2151 1827 2206 dicta

238 2237 364 2302 fuit,
396 2243 489 2295 sed
523 2242 719 2312 regalis
747 2244 1017 2312 quondam
1050 2242 1382 2298 Francorum
1429 2257 1615 2311 regum
1645 2242 1823 2302 fiscus.

238 2347 365 2385 cum
418 2342 530 2387 toto
579 2349 679 2388 suo
728 2330 906 2402 eujns'
936 2349 1065 2403 pars
1116 2343 1255 2398 erat,
1309 2333 1547 2403 generali
1603 2334 1819 2388 nomine

241 2421 478 2478 Francia
522 2425 952 2492 nuncupabatur,
1012 2438 1182 2493 usque
1237 2421 1412 2477 Rholo
1441 2422 1546 2477 dux
1586 2422 1817 2477 fortissi-

239 2530 384 2578 mns,
434 2516 610 2584 pirata
639 2531 669 2569 a
698 2515 862 2570 Dacia
904 2514 986 2570 vel
1023 2514 1310 2584 Norvegia,
1359 2513 1665 2569 coadunata
1716 2513 1819 2567 sibi

239 2606 474 2674 plurima
527 2606 746 2663 fortium
794 2623 954 2662 manu
1001 2608 1229 2661 militum
1278 2607 1453 2662 navali
1490 2607 1733 2662 exercitu
1761 2621 1820 2660 se

240 2699 436 2769 pelago
505 2700 841 2755 credentium
905 2699 1184 2763 Frisiam,
1245 2709 1300 2754 et
1349 2715 1575 2770 quzrque
1639 2699 1809 2753 mari~

240 2789 370 2842 lima
415 2788 530 2843 loca
581 2805 768 2844 versus
818 2789 1154 2844 occidentem
1205 2789 1534 2854 devastaus,
1594 2789 1813 2843 tandem

239 2877 292 2930 in
333 2886 517 2945 portu,
570 2893 677 2946 quo
726 2877 978 2947 Sequana
1029 2877 1223 2932 fluvius
1273 2879 1323 2932 in
1373 2894 1523 2933 mare
1573 2877 1812 2932 defluens

238 2969 406 3022 intrat
469 2968 722 3037 appulsus
771 2979 893 3034 est;
951 2969 1106 3037 cujus
1163 2985 1258 3039 per
1305 2969 1514 3023 alveum
1573 2971 1809 3023 maxima

237 3055 414 3110 classe
472 3056 853 3125 pi-nfnndiores
919 3068 1104 3128 partes
1170 3058 1414 3113 Francia:
1479 3068 1804 3129 penetrans,

236 3148 560 3201 atnmnitate
616 3149 856 3202 locorum
919 3150 1181 3219 inspecta,
1240 3166 1351 3219 pra:
1403 3156 1632 3214 caeteris,
1673 3168 1807 3221 quas

235 3238 636 3304 pertransierat
664 3239 934 3308 regiones,
961 3239 1100 3294 hanc
1125 3254 1312 3294 amore
1341 3239 1590 3309 amplecti
1621 3249 1674 3294 et
1705 3242 1804 3295 sibi
1840 3238 1881 3256 “

236 3328 496 3397 adoptare
546 3327 716 3396 fecit-
755 3330 848 3383 Est
903 3332 1048 3384 enim
1107 3329 1336 3400 piscosis
1391 3329 1700 3385 ﬂuminibus
1752 3340 1810 3386 et

239 3418 502 3473 feralibus
539 3419 688 3474 silvis
733 3420 1216 3482 abtmdantissima,
1251 3420 1568 3488 accipitrum
1594 3420 1805 3475 exerci-

238 3510 315 3563 tio
376 3511 700 3578 aptissima,
765 3510 1021 3564 frumenti
1080 3518 1136 3565 et
1187 3519 1506 3564 czeterarum
1565 3518 1807 3579 segetum

235 3602 457 3667 fertilis,
501 3603 726 3672 piscinis
754 3603 1048 3666 uberrima,
1080 3616 1336 3671 pecorum
1369 3601 1572 3654 nutrix.
1603 3600 1808 3667 Quam-

214 3689 426 3746 'obrem
471 3707 541 3746 ex
594 3707 823 3760 utraque
871 3693 987 3761 ripa
1034 3691 1377 3760 prosilientes
1429 3689 1635 3746 incolas
1666 3689 1808 3743 illius

233 3782 476 3851 regionis
507 3782 733 3852 imperio
761 3782 1048 3851 subjugare
1078 3788 1381 3850 cmperunt.

855 3893 1084 3949 CAPUT
1126 3893 1186 3947 ll.

305 4006 472 4062 Rholo
494 4007 623 4062 duce
649 4007 739 4061 dat
769 4007 965 4078 piratas
987 4023 1077 4078 per
1104 4023 1250 4062 mare
1276 4003 1529 4068 Norreia.

263 4097 268 4102 ι
313 4078 468 4130 Hanc
497 4076 805 4146 pervadunt.
835 4076 942 4131 Rea:
965 4076 1214 4141 accurrit,
1250 4089 1303 4130 ut
1341 4079 1528 4131 nbinde
1555 4086 1761 4140 arceat;

300 4148 507 4202 Bellum
535 4151 707 4218 differt
743 4188 757 4212 ,
790 4149 956 4217 [melus
984 4150 1104 4210 iuit,
1127 4149 1185 4215 ﬁt
1216 4165 1395 4200 eorum
1421 4150 1687 4206 dominus.
1775 4199 1782 4202 _

307 4239 424 4294 Rex
455 4248 658 4302 autem,
691 4238 782 4308 qui
810 4248 938 4298 tunc
989 4237 1244 4306 temporis
1294 4236 1536 4289 Francia:
1581 4245 1813 4305 prmerat

231 4333 580 4396 Ludovicus,
630 4341 690 4387 ut
739 4332 1051 4395 credimus,
1108 4329 1421 4392 secundus,
1468 4329 1810 4397 comperiens

233 4427 424 4478 hostes
471 4423 617 4479 fores
665 4423 875 4492 imperii
927 4422 1009 4475 sui
1055 4419 1341 4484 invasisse,
1385 4420 1562 4488 primo
1590 4419 1806 4488 quidem

229 4515 570 4585 indignatus,
613 4522 885 4568 commoto
932 4512 1172 4567 exercitu
1223 4512 1469 4565 hostibus
1515 4525 1810 4564 occurren-
1842 4535 1886 4592 υ

233 4608 364 4660 dum
395 4616 450 4661 et
478 4605 672 4661 ducem
705 4613 760 4659 et
781 4619 874 4659 eos
905 4619 932 4656 a
967 4603 1162 4658 ﬁnibus
1193 4616 1380 4656 arcere
1413 4600 1667 4655 instituit.
1702 4600 1808 4654 Sed

231 4710 356 4749 cum
416 4697 517 4749 hoc
565 4709 673 4749 non
722 4694 839 4747 sine
889 4707 1083 4759 magno
1135 4691 1460 4745 detrimento
1499 4706 1718 4744 suorum
1751 4703 1810 4744 se

233 4802 403 4858 agere
436 4801 595 4856 posse
627 4796 1003 4856 cognosceret,
1033 4785 1210 4838 varios
1233 4795 1456 4838 eventus
1479 4782 1602 4836 belli
1637 4784 1804 4852 perti-

233 4895 504 4942 mescens,
537 4894 759 4933 suorum
792 4878 1038 4946 sanguini
1081 4892 1330 4948 parcens,
1372 4876 1650 4932 seniorum
1678 4890 1808 4929 usus

233 4971 481 5031 consilio,
530 4968 733 5024 foedera
779 4969 948 5034 pacis,
995 4975 1048 5019 et
1093 4965 1370 5021 servitium
1401 4963 1546 5035 quod
1577 4965 1645 5016 ab
1677 4965 1808 5034 ipsis

234 5063 333 5086 ..ιιι
368 5061 690 5086 ..α’..-,.ι,.......

749 5058 949 5086 ..ΑηΛνιῖΙ
981 5075 994 5086 .
1047 5061 1228 5086 Αἶηί-ιιη
1269 5061 1561 5086 ..ιη-,ἶσνιηηὶ
1597 5067 1804 5086 nuo-inm

1858 1859 1897 1916 Β
1929 1855 1980 1907 ἰιι
2027 1853 2363 1908 Britanniam
2397 1869 2516 1924 quae
2550 1854 2684 1910 lines
2711 1856 2827 1925 ejus
2859 1856 3217 1914 occidentales
3255 1861 3494 1917 claudit:

1933 1947 2000 1999 ab
2028 1947 2347 2000 occidentali
2392 1962 2522 2001 vero
2567 1959 2623 2002 et
2668 1948 2968 2002 metidiano
3005 1964 3197 2013 cornu,
3229 1967 3365 2022 pago
3391 1954 3495 2008 (1e-

1932 2038 2218 2091 nomanico
2271 2039 2594 2091 terminatur
2641 2053 2812 2108 usque
2849 2041 2900 2093 in
2937 2039 3343 2104 Carnotensem,
3381 2053 3435 2096 et
3467 2062 3496 2097 ιι

1929 2128 2251 2183 Carnotensi
2282 2129 2550 2183 clauditur
2583 2129 2867 2185 Velcasino
2896 2139 2951 2183 et
2980 2131 3289 2187 Belvacensi
3323 2150 3494 2202 usque

1928 2220 2238 2274 Pontinum.
2286 2219 2433 2274 Hanc
2467 2230 2663 2273 terram
2695 2220 2795 2274 sibi
2826 2222 3239 2276 determinatam
3285 2240 3313 2276 a
3366 2241 3492 2293 rege

1926 2311 2261 2365 Francorum
2328 2311 2501 2365 llholo
2567 2311 2672 2364 dux
2731 2311 3029 2366 haereditali
3093 2312 3251 2367 feuilo
3316 2316 3490 2368 susci-

1924 2403 2096 2470 piens,
2148 2404 2290 2457 inter
2339 2417 2467 2456 suos
2500 2442 2514 2466 ,
2570 2411 2730 2471 prout
2771 2403 3060 2458 convenire
3109 2407 3490 2474 cognoscebat,

1921 2495 2237 2560 distribuit,
2293 2495 2615 2564 pretiosiora
2688 2509 2913 2565 quzequc
2971 2511 3068 2564 pro
3129 2497 3240 2550 suis
3299 2497 3486 2550 usibus

1921 2601 2226 2640 reservans.
2269 2584 2404 2652 Quia
2443 2600 2571 2640 vero
2607 2586 2916 2655 procinctus
2956 2596 3113 2640 teme
3143 2586 3328 2654 paucis
3358 2601 3487 2654 pcr-

1920 2676 2264 2739 strinximus,
2310 2677 2376 2731 de
2406 2691 2556 2732 more
2595 2690 2811 2746 quoque
2854 2676 3030 2746 gentis
3078 2676 3256 2744 aliqua
3304 2675 3485 2729 dicere

1921 2770 2052 2823 utile
2079 2769 2303 2822 videtur.

2549 2860 2774 2919 CAPUT
2813 2859 2900 2917 Ill.

2055 2953 2129 3007 De
2151 2970 2292 3009 more
2327 2954 2718 3010 Nortmannicw
2745 2958 2912 3026 gentis
2934 2957 2997 3009 ab
3034 2956 3296 3010 .llmvii'la.

1983 3042 2078 3098 Est
2124 3046 2319 3115 quippe
2353 3060 2483 3116 gens
2531 3046 2886 3111 astutissima,
2944 3046 3260 3114 iniuriarum
3310 3046 3473 3101 ultrix

1914 3151 2007 3204 spe
2051 3138 2186 3192 alias
2231 3138 2349 3208 plus
2395 3138 2654 3204 lucrandi,
2694 3140 2894 3206 patrios
2923 3154 3082 3209 agros
3113 3139 3468 3207 vilipendens,

1915 3236 2154 3295 quastus
2183 3236 2237 3300 et
2263 3227 2650 3282 dominationis
2683 3229 2860 3290 avida,
2895 3229 3182 3298 cujuslibet
3211 3229 3286 3282 rei
3315 3230 3482 3282 simn-

1909 3315 2062 3368 latrix
2077 3355 2091 3380 ,
2110 3317 2249 3370 inter
2266 3319 2568 3388 largitatem
2579 3328 2633 3372 et
2653 3319 2934 3373 avaritiam
2954 3321 3220 3389 quoddam
3246 3321 3479 3374 medium

1913 3405 2137 3460 habens.
2193 3407 2470 3478 Principes
2524 3426 2654 3465 vero
2703 3411 3060 3466 delectatione
3113 3413 3264 3466 bonae
3319 3411 3476 3465 fama:

1910 3493 2245 3564 largissimi;
2316 3514 2444 3568 gens
2506 3499 2712 3554 adulari
2771 3501 2970 3566 sciens,
3036 3501 3357 3570 eloquentiis
3418 3503 3469 3555 in

1910 3587 2106 3641 studiis
2155 3588 2232 3658 (9)
2284 3589 2581 3646 inserviens
2629 3593 2681 3646 in
2739 3601 2945 3647 tantum
3003 3601 3060 3647 ut
3115 3596 3277 3647 etiam
3333 3595 3478 3665 ipso;

1912 3692 2109 3748 pueros
2143 3681 2297 3748 quasi
2332 3682 2577 3737 rhetores
2625 3684 2890 3738 attendas.
2942 3684 3071 3751 Qnre
3115 3685 3331 3753 quidem
3380 3685 3484 3740 nisi

1905 3767 2037 3839 jugo
2067 3769 2291 3838 iustitiae
2325 3783 2623 3841 prematur,
2673 3774 3089 3830 etfrenatissima
3131 3785 3232 3834 est.
3262 3776 3486 3840 laboris,

1915 3864 2126 3927 inedire,
2179 3865 2397 3935 algoris,
2448 3869 2536 3922 tibi
2579 3867 2792 3922 fortuna
2832 3869 3049 3938 expedit
3079 3870 3210 3941 (I0),
3246 3871 3478 3939 patiens,

1913 3956 2209 4024 venationi,
2261 3960 2578 4030 accipitrum
2625 3962 2884 4017 exercitio
2939 3962 3258 4016 inserviens.
3295 3962 3481 4031 Equo--

1915 4067 2036 4106 rum
2063 4062 2495 4121 caeterorumque
2541 4053 2750 4108 militiae
2795 4055 3274 4109 instrumentorum
3307 4067 3361 4108 et
3391 4069 3483 4108 ve-

1913 4146 2075 4200 stium
2127 4146 2338 4202 luxuria
2397 4147 2716 4200 delectatur.
2760 4147 2837 4200 Ex
2877 4149 3096 4200 nomine
3148 4147 3328 4212 itaque
3383 4162 3483 4200 sno

1915 4244 2076 4290 terrae
2136 4253 2330 4291 nomen
2386 4237 2716 4292 indiderunt.
2773 4237 2942 4292 North
3006 4239 3201 4306 quippe
3254 4237 3476 4306 Anglica

1914 4325 2114 4396 lingua,
2164 4327 2496 4396 aquilonaris
2540 4327 2696 4397 plaga
2756 4326 2974 4380 dicitur.
3023 4328 3088 4380 Et
3128 4327 3252 4396 quia
3286 4327 3381 4396 ipsi
3417 4332 3484 4382 ab

1914 4415 2166 4486 aquilone
2214 4416 2614 4484 venerant(ll)
2649 4425 2848 4470 terram
2877 4417 3046 4486 ipsam
3119 4419 3279 4471 etiam
3327 4416 3488 4470 Nort-

1915 4506 2188 4561 manniam
2235 4504 2588 4575 appellarunt.
2639 4507 2694 4560 In
2747 4506 2898 4576 cujus
2943 4507 3158 4575 quidem
3201 4509 3478 4576 provincia

1913 4597 2102 4652 civitas
2153 4607 2255 4660 est,
2312 4612 2430 4666 qua:
2479 4597 2895 4652 Constantinum
2947 4599 3174 4659 dicitur,
3227 4601 3278 4652 in
3335 4601 3487 4670 Cujus

1913 4688 2188 4743 territorio
2218 4688 2342 4743 villa
2366 4675 2481 4752 est,
2525 4705 2642 4759 qua:
2689 4689 2938 4744 Altavilla
2975 4699 3333 4757 nuncupatur,
3381 4707 3486 4745 non

1913 4780 2127 4850 quidem
2163 4789 2370 4835 tantum
2417 4797 2514 4849 pro
2558 4783 2872 4836 execllentia
2926 4782 3154 4847 alicujus
3197 4786 3394 4838 montis
3431 4786 3484 4838 in

1912 4885 2018 4938 quo
2070 4869 2175 4924 sita
2207 4871 2296 4935 sit,
2352 4872 2445 4924 sed
2497 4871 2772 4939 quoniam,
2829 4881 2886 4925 ut
2941 4872 3233 4936 credimus,
3298 4875 3492 4948 aliquo

1914 4961 2157 5028 auspicio
2193 4961 2258 5016 ad
2287 4961 2775 5018 considerationem
2825 4963 3179 5032 praenotantis
3232 4975 3486 5019 eventum

1915 5063 1964 5086 nl
2019 5069 2304 5086 nrncnnnna
2365 5069 2646 5086 clla-uenae“:
2707 5054 2944 5086 Αἴης-ΛΑ...
2996 5053 3134 5086 nium
3181 5053 3471 5086 Panum“...
