4010 5230
552 294 688 350 H05
1393 283 1737 342 GAUFREDI
1778 279 2221 336 MALA'fEl‘tllr-E
2265 275 2566 333 MONACIII
2607 273 2958 330 BENEDICT.
3663 269 3798 326 ΗΜ

549 403 888 476 providentia
939 400 1080 471 quod
1123 398 1222 453 sibi
1268 397 1508 466 placeret
1547 394 1844 464 inspiciens
1876 391 2118 446 lueredes
2147 397 2196 454 Α
2223 398 2539 459 creperum;
2597 389 2786 457 sicque
2831 383 3105 441 communi
3159 385 3386 440 consilio
3424 383 3598 453 prima
3671 393 3798 442 aetas

551 504 696 571 ipsos
751 500 804 552 in
857 503 1060 550 tantum
1103 491 1212 562 (l2)
1263 489 1514 560 provexit
1560 497 1644 551 ut,
1700 487 1840 542 sicut
1883 485 2114 538 Abt-alue
2216 495 2330 550 pra:
2385 479 2599 534 caeteris
2662 479 2838 532 adhuc
2903 477 3204 571 minoribus
3262 476 3432 546 magis
3511 477 3796 571 roborata,

547 589 934 661 repromissum
965 594 1070 648 est,
1100 583 1152 636 in
1185 590 1398 651 gentem
1427 591 1676 648 magnam
1726 581 2038 631 crescentes
2063 582 2116 626 et

550 695 706 735 suum
734 676 1016 746 imperium
1039 671 1208 727 armis
1230 670 1542 733 dilatantcs,
1563 667 1849 721 multarum
1876 664 2115 733 gentium

549 770 654 824 sibi
679 766 816 824 colla
845 762 1214 824 subdiderint;
1243 760 1383 830 quod
1419 758 1677 829 paulatim
1705 753 2116 826 persrringendo

550 859 689 930 style
712 867 1120 928 prosequemur.

1153 960 1383 1017 CAPUT
1421 959 1507 1014 IV.

622 1061 698 1115 De
724 1057 992 1112 Tancredo
1023 1065 1070 1109 et
1098 1054 1289 1122 prima,
1315 1051 1390 1106 vel
1411 1051 1636 1105 secunda
1662 1066 1822 1104 uxore
1849 1065 1965 1115 sua,
1998 1059 2047 1103 et

1236 1121 1436 1175 liberis.

623 1218 759 1272 Erat
794 1215 949 1269 miles
990 1212 1208 1282 quidam
1259 1208 1502 1280 prmclari
1553 1208 1838 1262 admodum
1880 1207 2110 1276 generis,

547 1308 661 1377 qui,
701 1306 768 1360 ab
807 1301 1242 1358 antecessoribus
1292 1297 1404 1353 suis
1455 1297 1802 1350 hacreditario
1846 1296 1969 1365 jure
2013 1293 2114 1349 sibi

545 1398 688 1452 hanc
718 1393 899 1447 villam
931 1391 1176 1446 relictam
1202 1389 1504 1459 possidens,
1537 1386 1850 1441 Tancredus
1877 1387 2112 1453 nomine,

547 1487 698 1541 duxit
739 1497 978 1544 uxorem,
1025 1481 1264 1536 moribus
1291 1488 1347 1534 et
1376 1493 1573 1547 genere
1613 1477 1950 1547 splendidam
2000 1493 2117 1531 mu—

545 1577 753 1640 lierem,
805 1575 1040 1630 nomine.
1085 1611 1099 1624 .
1145 1611 1158 1624 .
1203 1610 1216 1623 .
1260 1609 1274 1623 .
1334 1569 1470 1640 (l5),
1530 1585 1594 1624 ex
1631 1585 1736 1638 qua
1789 1568 1943 1640 legali
1997 1584 2118 1624 suc-

547 1667 794 1720 cessione
851 1678 1114 1718 annorum
1176 1660 1412 1729 quinque
1453 1655 1591 1712 ﬁlios
1656 1667 1842 1727 postea
1906 1656 2116 1713 futuros

2216 571 2393 640 primo
2441 571 2618 641 patria
2663 569 2908 638 digressi,
2951 583 3048 636 per
3081 567 3296 622 diversa
3328 568 3446 622 loca
3477 567 3797 623 militariter

2217 662 2425 716 lucrum
2485 669 2811 730 quaerentes,
2871 660 3086 714 tandem
3136 659 3277 728 apud
3325 658 3576 729 Apuliam
3615 659 3787 714 ltalite

2215 753 2568 822 provinciam,
2599 753 2708 806 Deo
2738 765 2797 806 se
2823 751 3071 816 ducente,
3103 757 3484 820 pervenerunt.

2819 863 3043 920 CAPUT
3087 863 3174 918 Vl.

2219 978 2458 1045 Qualiter
2481 980 2708 1050 primum
2733 979 2956 1050 principi
2984 977 3249 1050 Cupuanoi
3272 984 3546 1034 servientes
3575 983 3642 1034 ab
3675 993 3796 1049 τρια

2576 1050 2646 1102 ad
2669 1047 3068 1103 Sdlerm'tanum
3085 1049 3425 1102 transierunt.

2287 1137 2584 1194 Audientes
2607 1139 2791 1208 itaque
2823 1137 2966 1192 inter
2997 1137 3131 1192 duos
3169 1139 3562 1193 famosissimos
3591 1138 3798 1208 princ:-

2215 1243 2331 1300 pes,
2349 1229 2662 1298 Capuanum
2683 1227 2936 1282 videlicet
2954 1235 3008 1282 et
3031 1225 3454 1291 Salernitanum,
3469 1227 3798 1296 quibusdam

2229 1317 2614 1372 controversiis
2651 1316 3076 1388 insurgentibus,
3109 1315 3423 1370 inimicitias
3451 1314 3794 1374 eﬂ'erbuisse,

2226 1419 2388 1460 causa
2419 1405 2725 1460 militariter
2753 1404 2956 1474 aliquid
2987 1403 3257 1466 lucrandi,
3303 1404 3428 1472 quia
3467 1403 3796 1457 viciniorem

2202 1477 2305 1549 Ivia
2327 1509 2432 1565 qua
2465 1495 2756 1550 veniebant
2805 1494 2946 1548 viam
2967 1485 2976 1492 ’
2999 1493 3348 1556 invenerunt,
3387 1491 3645 1562 Capuano
3671 1506 3796 1546 sese

2218 1587 2563 1642 obtulerunt?
2631 1585 2732 1642 Ubi
2789 1586 3179 1656 aliquantisper
3230 1585 3593 1648 commorati,
3663 1599 3788 1638 cum

2180 1653 2194 1668 ’
2219 1674 2388 1729 multa
2419 1685 2662 1740 strenue,
2690 1661 3129 1729 remuneratione
3157 1681 3402 1742 accepta,
3433 1672 3794 1742 peregissent,

546 1757 775 1813 comites
815 1753 1070 1822 suscepit,
1098 1750 1445 1806 Guillelmum
1479 1749 1755 1813 videlicet,
1787 1749 2109 1819 cognomine
2149 1745 2192 1804 Β
2223 1749 2516 1822 ιεηεοίιαίθ
2563 1765 2806 1836 capuam
2849 1765 3090 1835 cognita,
3125 1763 3216 1819 ῖιιο
3243 1774 3448 1833 spreto,
3478 1765 3548 1818 ad
3572 1763 3795 1818 Gaium.

543 1845 1006 1908 Ferreabrachia,
1053 1843 1386 1911 Drogonem,
1453 1839 1842 1906 Hunil‘redum,
1886 1840 2113 1896 Gaufrc-

549 1938 674 1992 dum
708 1945 765 1990 et
815 1934 1113 1990 Serlonem.
1165 1931 1370 1986 Horum
1429 1939 1604 1986 matre
1652 1931 1928 1998 defuncta,
1989 1947 2110 1987 cum

547 2027 664 2096 ipsa
713 2035 846 2080 tetas
888 2025 1062 2078 adhuc
1087 2023 1273 2078 viridis
1295 2023 1434 2091 patri
1468 2023 1854 2078 continentiam
1881 2024 2114 2092 denega-

545 2126 651 2180 ret,
689 2117 946 2171 honestus
973 2115 1284 2168 inhonestos
1313 2115 1486 2168 coitus
1510 2114 1811 2168 abhorrens
1843 2114 2109 2168 secundas

543 2209 760 2276 nuptias
807 2207 1122 2268 celebravit,
1175 2205 1386 2258 malens
1457 2219 1563 2258 una
1614 2213 1670 2259 et
1713 2204 1948 2274 legitima
1989 2218 2110 2259 esse

541 2307 831 2352 contentus
859 2312 1020 2366 quam
1068 2297 1215 2350 [αξόο
1262 2296 1687 2350 concubinarum
1723 2297 1971 2366 amplexu
1997 2311 2109 2351 ma-

552 2391 744 2456 culari,
787 2405 996 2445 memor
1027 2388 1170 2443 illius
1214 2388 1491 2458 apostolici
1538 2388 1666 2443 dicti
1700 2407 1712 2440 :
1747 2386 2110 2460 Unusquisque

541 2483 761 2552 accipiat
789 2498 1003 2536 uxorem
1049 2490 1258 2551 propter
1299 2481 1700 2548 fornicationem
1746 2480 2102 2533 devitandum.

539 2575 606 2628 Et
637 2573 778 2642 quod
805 2574 1048 2643 sequitur
1077 2590 1089 2626 :
1123 2571 1494 2626 Fornicatores
1523 2581 1572 2625 et
1601 2570 1871 2626 adulteros
1891 2571 2109 2640 judica-

540 2665 610 2717 lu't
649 2665 804 2718 Deus.
840 2664 1011 2719 Ducta
1055 2677 1183 2718 vero
1213 2663 1544 2719 Fransendis
1589 2663 1904 2722 vocabatur.
1951 2675 2110 2732 gene-

539 2757 767 2810 rositate
785 2763 837 2810 et
859 2756 1099 2810 moribus
1121 2755 1298 2824 priore
1322 2770 1426 2810 non
1450 2753 1690 2816 inferior,
1716 2769 1832 2822 quae
1855 2753 2110 2824 legitimis

538 2844 792 2898 terminis
825 2845 1019 2896 marito
1051 2851 1254 2911 septem
1285 2841 1487 2911 peperit
1525 2841 1682 2908 ﬁlios,
1730 2857 1838 2896 non
1887 2843 2109 2896 minoris

535 2933 699 3000 pretii
736 2931 820 2985 vel
861 2931 1138 3000 dignitatis
1174 2945 1204 2982 a
1246 2930 1520 3000 praedictis
1561 2930 1823 2986 fratribus
1853 2930 2104 2996 futuros;

538 3036 768 3090 quorum
795 3021 1008 3074 nomina
1041 3019 1421 3076 subtitulamus
1443 3019 1532 3075 hic
1559 3038 1570 3072 :
1599 3021 1805 3090 primus
1833 3019 2104 3076 Rohertus

537 3080 886 3176 duiscardus,
918 3120 1102 3180 postea
1135 3111 1298 3166 totius
1327 3111 1536 3180 Apuliae
1563 3080 1836 3182 princeps,
1868 3121 1924 3166 et
1950 3111 2106 3168 Cala-
2133 3080 2179 3142 θ

535 3201 668 3258 briac
698 3204 826 3268 dux,
857 3203 938 3257 vir
966 3203 1147 3270 magni
1179 3202 1412 3268 consilii,
1463 3203 1688 3274 ingenii,
1728 3203 1999 3274 largitatis
2051 3213 2108 3259 et

538 3295 812 3362 audaciae;
839 3295 1130 3366 secundus,
1157 3293 1476 3366 Malgerius;
1506 3295 1720 3359 tertius,
1749 3293 2101 3360 Guilielmus;

537 3398 779 3457 quartus,
820 3389 1146 3456 Alveredus;
1190 3391 1430 3460 quintus,
1478 3389 1844 3454 llumbertus;
1897 3399 2102 3456 sextus,

538 3481 901 3549 Tancredus;
959 3484 1256 3553 septimus,
1306 3483 1568 3554 Rogerius
1633 3483 1856 3548 minor,
1915 3492 2102 3554 postea

543 3571 740 3627 Siciliae
771 3571 1082 3636 debellator,
1115 3583 1170 3626 et
1207 3588 1406 3628 comes.
1440 3573 1614 3629 Mater
1640 3590 1768 3630 vero
1803 3574 2104 3628 accuratis-

542 3665 678 3720 sime
723 3675 778 3719 et
817 3674 1060 3720 materno
1105 3665 1293 3720 aﬂ'ectu
1343 3665 1481 3720 ﬁlios
1528 3681 1655 3721 suos
1678 3665 1927 3720 nutriens
1958 3674 2106 3720 tanto

540 3771 725 3810 amore
755 3755 900 3825 ipsos
928 3755 1017 3824 qui
1047 3770 1150 3809 non
1181 3756 1286 3821 sui,
1325 3757 1416 3810 sed
1445 3755 1624 3810 mariti
1652 3756 1757 3821 sui,
1792 3771 1856 3809 ex
1889 3771 2102 3826 praece-

540 3847 687 3902 denti
712 3861 876 3900 uxore
901 3855 1078 3910 erant,
1111 3846 1532 3915 amplectebatur
1568 3853 1627 3898 ut
1663 3845 1752 3898 vix
1795 3846 2104 3900 discernere

539 3953 750 4009 posses,
776 3939 878 3994 nisi
903 3954 966 3992 ex
992 3939 1170 4007 aliqua
1203 3953 1362 3992 causa
1389 3937 1686 4000 didicisses,
1711 3937 1832 4007 quis
1857 3936 1997 3992 ﬁlius
2020 3937 2105 3992 vel

541 4029 664 4099 quis
689 4043 794 4082 non
827 4027 968 4080 ﬁlius
994 4037 1154 4082 esset.
1199 4026 1352 4080 Unde
1381 4034 1436 4080 ct
1460 4041 1488 4080 a
1521 4027 1718 4082 marito
1745 4027 1866 4094 plus
1887 4029 2106 4082 amaba-

535 4132 627 4176 tur
648 4129 701 4174 et
730 4135 760 4173 a
791 4118 1338 4174 circummancntibus
1361 4117 1652 4187 plurimum
1681 4105 2101 4189 appretiabatur.

533 4209 769 4266 Infantes
823 4222 972 4273 vero,
1017 4217 1075 4261 ut
1117 4215 1249 4261 aetas
1297 4206 1404 4262 illis
1453 4208 1816 4275 ministrabat,
1871 4211 2106 4280 pueriles

540 4314 712 4356 annos
738 4298 1204 4363 transcendentes,
1233 4311 1357 4352 cum
1379 4295 1490 4365 jam
1521 4299 1940 4354 adolescentiam
1958 4317 2104 4357 unus

533 4401 658 4458 p08t
695 4387 860 4442 alium
907 4387 1232 4456 attigissent,
1267 4397 1547 4457 cmperunt
1580 4389 1907 4446 militaribus
1936 4390 2102 4446 disci-
2132 4415 2182 4476 ι)

531 4482 694 4550 plinis
740 4481 1034 4544 adhmrere,
1080 4494 1344 4548 equorum
1376 4489 1430 4533 et
1469 4495 1742 4535 armorum
1779 4483 1957 4538 studia
1987 4483 2100 4539 fre-

535 4580 822 4638 quentare,
875 4569 1146 4624 discentes
1195 4569 1405 4640 seipsos
1437 4569 1572 4624 tueri
1625 4581 1680 4626 et
1729 4573 1938 4628 hostem
1996 4575 2102 4628 im-

535 4671 792 4728 pugnare.

1149 4768 1377 4824 CAPUT
1417 4769 1476 4823 ν.

544 4876 787 4953 Qualiter
814 4880 968 4953 primi
993 4879 1384 4953 ﬁlii_Tancredi
1417 4878 1756 4946 Guilt'elmus,
1785 4893 1830 4936 et
1857 4883 2032 4953 Drogo
2053 4893 2102 4939 et

606 4945 961 5068 ﬁizzifr'etdus,
994 4945 1035 5001 θα
1065 4948 1418 5004 Nortmannia
1457 4953 1824 5021 digredientes.
1855 4945 2101 5022 Apuliam

735 5033 792 5067 ru
815 5033 831 5067 ι
860 5056 872 5068 .

608 5103 718 5158 Sed
745 5118 864 5156 cum
896 5107 1166 5172 viderent,
1215 5109 1408 5165 vicinis
1445 5113 1670 5167 senibus
1702 5112 2098 5179 deﬁcientibus,

539 5194 784 5230 limrnrlnc
827 5209 954 5230 nnrn
967 5210 1013 5230 na

1065 5212 1164 5230 nrn
1213 5199 1525 5230 Iamnnll:lnin
1569 5204 1710 5230 :nln—
1739 5220 1796 5230 ιιι-ι
1831 5205 2074 5230 ηΙιΑ-ιιιι-ξ

2213 1859 2280 1912 rii
2333 1859 2445 1929 (14)
2501 1857 2712 1913 Salerni
2769 1855 3068 1926 principem
3129 1856 3516 1910 transiverunt.
3575 1854 3624 1908 Α
3673 1869 3784 1922 quo

2213 1948 2472 2002 decenter
2517 1946 2752 2016 Suscepti
2796 1955 3018 2016 propter
3066 1944 3355 1998 militarem
3405 1943 3624 1998 laudem
3667 1957 3790 2012 qua:

2206 2037 2318 2106 jam
2373 2039 2516 2109 ipsos
2563 2053 2660 2108 per
2711 2037 3022 2091 universam
3080 2034 3330 2104 Apuliam
3397 2033 3792 2088 famosissimas

2213 2128 2486 2192 etl‘ecerat,
2519 2137 2572 2182 et
2601 2127 2840 2181 tuaxime
2875 2125 3002 2194 quia
3039 2125 3108 2180 ab
3141 2125 3457 2180 inimicante
3495 2124 3602 2179 sibi
3639 2124 3788 2194 prin-

2213 2220 2332 2290 cipe
2357 2218 2423 2272 ad
2448 2234 2506 2274 se
2530 2218 2876 2280 transierant,
2906 2216 3090 2270 multis
3115 2215 3356 2272 donariis
3379 2215 3448 2270 ad
3467 2213 3788 2270 ﬁdelitatem

2211 2308 2329 2378 ejus
2379 2309 2716 2372 inllammati,
2765 2307 2996 2386 diversis
3033 2317 3088 2360 et
3129 2305 3336 2386 crebris
3383 2303 3791 2358 incursionibus

2211 2397 2495 2468 Capuanos
2555 2383 2886 2454 lacessentes
2910 2436 2928 2462 ,
2988 2404 3154 2450 totam
3225 2383 3570 2450 Provinciam
3597 2434 3614 2459 ,
3677 2395 3790 2448 acsi

2211 2489 2470 2560 pestilens
2509 2489 2790 2544 calamitas
2841 2490 3148 2554 detonaret,
3177 2487 3506 2542 attriverant
3529 2485 3648 2556 (l5)
3677 2486 3788 2540 cir-

2211 2596 2572 2650 cumquaque,
2597 2590 2651 2636 et
2678 2580 3004 2636 Salernitaui
3032 2581 3232 2648 passim
3263 2579 3494 2648 injurias
3521 2579 3791 2648 principis

2210 2672 2551 2738 ulciscentes,
2587 2672 2844 2727 indefessi
2875 2671 3016 2726 idem
3045 2671 3230 2726 facere
3257 2671 3566 2734 adiverunt,
3605 2670 3789 2723 inlan-

2215 2772 2437 2834 tumque
2484 2763 2805 2818 rebellantes
2853 2773 3012 2817 antea
3059 2761 3287 2832 principi
3333 2770 3790 2830 compescuerunt

2211 2862 2268 2908 ut
2315 2853 2496 2907 omnia
2542 2853 2965 2922 circumquaque
3013 2865 3072 2906 se
3117 2859 3308 2920 pacata
3355 2850 3602 2905 silerent.
3643 2850 3786 2904 Lou-

2209 2945 2574 3014 gobardorum
2611 2959 2741 2999 vero
2783 2959 2936 3012 gens,
2989 2943 3410 2998 invidiosissima
3460 2951 3518 2998 et
3575 2958 3790 3014 seraper

2210 3051 2587 3105 quemcunque
2615 3038 2846 3106 probum
2867 3045 3179 3106 suspectum
3210 3037 3434 3101 habens,
3470 3036 3622 3105 ipsos
3649 3037 3790 3106 apud

2208 3128 2454 3182 eumdem
2477 3125 2798 3196 principem,
2821 3126 3042 3180 inimico
3063 3127 3222 3180 dente
3243 3126 3548 3192 mordente,
3571 3127 3790 3182 occulto

2211 3217 2592 3280 detrahebant,
2631 3225 2982 3287 suggerentes
3009 3226 3278 3288 quatenus
3303 3232 3398 3273 eos
3423 3233 3454 3272 a
3477 3233 3537 3274 se
3565 3219 3790 3288 repelle-

2209 3315 2310 3372 ret,
2347 3308 2492 3375 quod
2525 3306 2576 3360 ni
2607 3305 2837 3373 faceret,
2892 3307 3050 3362 facile
3099 3306 3342 3362 futurum
3373 3317 3430 3362 ut
3459 3323 3598 3377 gens
3627 3316 3788 3362 tantae

2209 3397 2443 3462 astutiae,
2505 3405 2668 3452 tanta:
2717 3397 3078 3462 strenuitatis,
3123 3399 3384 3452 addentes
3409 3399 3574 3452 etiam
3607 3413 3677 3452 ex
3705 3397 3784 3452 sui

2207 3487 2388 3542 cordis
2413 3485 2642 3550 malitia,
2679 3494 2842 3540 tanta:
2869 3487 3110 3557 perﬁdia:
3139 3486 3386 3556 principe
3409 3487 3780 3552 exhaaredato,

2207 3576 2426 3646 ipsi_sua
2455 3575 2749 3630 calliditate
2777 3577 3093 3632 haereditate
3131 3577 3250 3647 ejus
3275 3577 3600 3646 potirentur.
3639 3577 3786 3632 Unde

2207 3674 2265 3719 et
2311 3679 2406 3719 cor
2437 3665 2699 3736 principis
2744 3665 2947 3720 eisdem
2993 3666 3202 3720 artibus
3233 3665 3500 3720 imbutum
3535 3665 3694 3721 facile
3721 3666 3774 3720 in

2208 3758 2446 3814 deterius
2475 3758 2714 3828 proclive
2741 3765 3076 3828 pervertunt.
3104 3757 3208 3812 Sed
3233 3757 3512 3826 princeps,
3535 3758 3782 3826 quamvis

2207 3848 2391 3918 pravis
2419 3849 2661 3905 consiliis
2685 3864 2906 3904 suorum
2929 3850 3228 3906 assentiens
3255 3851 3396 3919 quod
3420 3851 3784 3906 hortabantur

2207 3937 2387 3995 facere
2408 3939 2708 4007 moliretur,
2727 3950 2902 3995 tamen
2925 3942 3300 3995 strenuitatem
3323 3941 3536 3995 illorum
3563 3940 3776 4004 timens,

2215 4029 2360 4098 quod
2413 4030 2595 4084 animo
2645 4031 2857 4084 occulte
2903 4030 3094 4101 agebat
3156 4029 3342 4084 minus
3385 4029 3440 4084 in
3491 4029 3770 4100 propatulo

2210 4109 2423 4188 aperire
2449 4121 2831 4191 praesumebat.

2809 4229 3033 4284 CAPUT
3072 4230 3180 4286 VII.

2209 4318 2448 4385 Qualiter
2467 4281 2584 4375 eum
2601 4281 3052 4402 Mattiaco—Erch
3069 4281 3404 4401 dif—Siciliam
3420 4321 3778 4376 debellandum

2733 4401 2900 4460 primo
2927 4401 3266 4444 transterunt.

2278 4478 2556 4534 Maniacus
2581 4487 2763 4534 autem
2789 4479 3030 4549 quidam,
3063 4481 3284 4536 natione
3311 4479 3554 4546 Graecus,
3583 4498 3614 4534 a
3637 4481 3777 4537 Con-

2204 4568 2691 4638 stantinopolitano
2736 4555 3064 4638 imperatore
3108 4569 3216 4633 his,
3257 4586 3377 4640 qua:
3431 4571 3576 4640 apud
3621 4571 3776 4626 Cala-

2203 4657 2378 4711 briam
2417 4655 2502 4710 vel
2529 4665 2678 4711 certe
2708 4656 2960 4725 Apuliam
2988 4667 3144 4711 erant
3177 4659 3260 4712 sui
3289 4657 3434 4726 juris
3468 4659 3772 4729 praefectus,

2205 4743 2449 4802 Siciliam
2499 4746 2568 4800 ad
2617 4745 2904 4800 utilitatem
2935 4746 3236 4802 debellandi
3284 4749 3558 4818 applicare
3605 4749 3776 4819 dispo-

2204 4853 2363 4907 nens,
2390 4840 2749 4908 undecunque
2780 4839 2881 4894 sibi
2911 4839 3112 4893 auxilia
3141 4840 3435 4906 conduxit;
3471 4841 3613 4895 unde
3639 4852 3690 4896 et
3709 4855 3774 4894 ex

2203 4937 2358 4996 parte
2404 4928 2748 4998 imperatoris
2795 4927 3140 4984 Salernitauo
3175 4929 3452 4999 principi,
3499 4939 3560 4984 ut
3603 4931 3806 5004 amico.

2206 5019 2450 5090 imperii,
2501 5023 2724 5076 mandat
2779 5030 3046 5090 quatenus
3099 5022 3278 5092 ipsos,
3327 5037 3426 5092 per
3485 5038 3626 5093 quos
3674 5023 3770 5078 iui-

2205 5107 2374 5164 micos
2401 5125 2525 5165 suos
2554 5111 2910 5168 debellavisse
2953 5112 3092 5166 fama
3125 5123 3264 5179 erat,
3305 5114 3360 5168 in
3398 5113 3660 5168 auxilium
3691 5113 3770 5167 sui

2205 5211 2414 5230 Irnnnnii
2474 5211 2653 5230 I\'Ii..ﬁ.
2738 5211 3054 5230 I\-Inm;IIn-un
3101 5211 3260 5230 ,κοξκ-ιι
3317 5211 3497 5230 "III-:1.
3547 5211 3765 5230 -ι-κι--ιῖἇι-

2738 5205 3054 5230 -ὶ-ιΛ-ηἶιιηιιη
3101 5205 3260 5230 ,κοξκ-ιι
3317 5205 3497 5230 ..υ-..Ιιζη
