4010 5230
211 398 360 454 Ηὓό

1361 395 1679 452 HISTORIA
1721 392 1984 450 SiCULA.
2023 422 2091 434 --
2127 392 2251 448 LIB.
2286 393 2323 450 Ι.

3347 395 3480 450 1106

213 517 546 580 licebantur,
599 521 658 568 ut
704 525 799 569 eos
845 512 911 567 ad
956 511 1010 567 id
1059 509 1272 565 facilius
1325 511 1588 579 impellat,
1619 510 1799 564 verbis
1827 512 1874 568 Α
1900 505 2093 560 duinus
2125 506 2211 560 vix
2243 522 2337 561 eos
2381 519 2730 576 compescens
2761 505 2948 560 utilius
2985 505 3272 560 consilium
3302 489 3483 571 dedit,

211 623 572 674 enumerans,
609 606 772 661 etiam
800 605 866 660 de
895 604 1007 659 suis
1033 603 1334 673 pollicetur.
1360 602 1532 657 Porro
1559 601 1656 666 illi,
1688 616 1794 656 non

214 709 333 754 tam
365 699 596 769 imperio
618 696 879 767 principis
906 710 1066 764 quam
1097 708 1191 763 spe
1214 708 1402 748 eorum
1429 707 1548 762 qua:
1571 691 1792 762 pollice-

216 795 427 848 bantur
473 791 663 854 illecti,
691 789 968 860 apparatis
997 803 1116 858 quze
1157 787 1461 842 necessaria
1493 797 1677 851 erant,
1727 787 1795 842 ad

211 883 520 938 Maniacum
551 898 722 952 usque
750 891 1134 952 pervenerunt.
1187 881 1260 934 De
1301 895 1531 948 quorum
1562 880 1792 934 adventu

208 975 490 1031 Maniacus
521 990 625 1029 non
663 975 942 1030 tninimum
987 973 1236 1044 gavisus,
1281 971 1572 1041 plurimum
1605 987 1792 1027 eorum

209 1069 417 1123 auxilio
465 1067 659 1132 ﬁdens,
694 1067 912 1135 navigio
962 1074 1166 1135 aptato,
1219 1063 1460 1118 Siciliam
1506 1077 1793 1118 numeroso

208 1159 457 1215 exercitu
499 1159 762 1214 invadunt
795 1157 932 1228 (l6),
966 1158 1247 1226 primoque
1289 1155 1616 1220 Messanam,
1665 1156 1804 1225 quia,

207 1253 343 1323 ripa:
397 1250 673 1322 applicuit,
734 1249 1045 1319 contiguam
1105 1263 1456 1320 oppugnaris,
1521 1247 1793 1304 deditione

207 1343 392 1398 fredns
421 1358 606 1398 secum
636 1343 776 1398 inire
805 1342 1000 1410 coegit.
1034 1341 1171 1396 Nam
1203 1342 1452 1412 quamvis
1481 1341 1619 1411 apud
1650 1340 1791 1395 Mes-

205 1448 398 1487 sanam
437 1433 803 1488 strenuissimi
836 1448 947 1488 sua:
981 1433 1159 1502 gentis
1202 1432 1403 1486 milites
1452 1437 1649 1491 essent,
1697 1429 1789 1498 qui

204 1531 274 1582 ab
305 1530 440 1583 urbe
476 1530 886 1599 progredientes
929 1527 982 1584 in
1028 1544 1320 1600 congressu
1352 1528 1571 1584 Grtecos
1613 1528 1789 1596 pluri-

204 1635 354 1674 mum
403 1620 759 1687 collidebant;
809 1622 901 1677 sed
949 1631 1128 1677 tamen
1185 1619 1389 1676 Graecis
1442 1621 1784 1685 cedentibus,

202 1711 408 1766 nostris
436 1713 820 1782 congrediendi
852 1713 1001 1767 locus
1033 1714 1226 1784 patuit.
1256 1712 1652 1776 Messanenses,
1685 1727 1784 1767 no-

201 1813 442 1858 strorum
474 1804 796 1859 strenuitate
823 1804 1059 1859 nondum
1087 1815 1331 1874 experta,
1364 1804 1541 1874 primo
1567 1804 1781 1874 quidem

208 1899 415 1956 acriter
449 1899 653 1955 instare
684 1910 988 1968 cmpernnt.
1017 1900 1086 1953 At
1114 1900 1203 1954 ubi
1237 1899 1424 1953 vident
1453 1914 1512 1954 se
1540 1899 1659 1968 plus
1701 1914 1788 1954 so-

202 1989 298 2043 lito
328 1989 540 2055 vexari,
571 1989 725 2059 quasi
757 2004 908 2043 novae
935 1988 1112 2058 gentis
1138 1988 1383 2043 militiam
1410 1988 1784 2053 abhorrentes,

204 2089 353 2150 terga
377 2081 733 2150 prmbuerunt
761 2079 964 2134 nostris
992 2094 1165 2148 usque
1196 2079 1248 2132 in
1279 2078 1584 2148 proximum
1612 2077 1784 2142 urbis,

201 2182 479 2228 extremos
511 2186 755 2243 quosque
784 2171 1138 2226 ca‘dentibus.
1173 2169 1453 2224 Maniacus
1476 2179 1783 2224 nostrorum

202 2278 367 2317 causa
413 2273 606 2317 nactus
646 2263 856 2325 urbem,
908 2263 961 2316 in
1009 2262 1185 2332 pretio
1231 2277 1324 2315 eos
1353 2261 1556 2316 habere
1599 2261 1784 2330 cmpit,

202 2356 469 2424 donisque
498 2364 552 2410 et
589 2355 1044 2426 promissionibns
1076 2355 1349 2424 corrigere
1388 2355 1500 2424 (l7)
1538 2353 1603 2407 ad
1645 2352 1785 2407 mili-

203 2448 355 2501 tiam.
398 2448 527 2502 lnde
569 2463 700 2518 ergo
729 2447 1106 2516 profundiores
1150 2456 1336 2517 partes
1375 2445 1572 2501 Siciliae
1606 2452 1783 2499 atten-

203 2539 365 2592 tando
397 2548 448 2592 et
484 2540 664 2592 omnia
700 2537 1034 2609 sulijugando
1072 2539 1500 2610 progredientes,
1551 2537 1784 2608 Syracu—

201 2646 314 2684 sam
347 2645 518 2700 usque
548 2641 929 2700 pervenerunt.
967 2632 1234 2686 Arcadius
1265 2631 1507 2701 quidam,
1541 2632 1632 2700 qui
1664 2630 1782 2684 urbi

200 2721 629 2792 principabatur,
683 2723 883 2776 nostris
925 2722 1154 2779 infestus
1204 2723 1402 2778 multas
1441 2733 1653 2793 strages
1691 2724 1788 2777 da-

199 2811 309 2864 bat.
359 2811 476 2879 Quo
511 2811 828 2866 Gniliehnus
854 2812 1116 2868 Tancredi
1147 2814 1310 2881 filius,
1335 2814 1422 2884 qui
1459 2813 1786 2869 Ferrcabra-

179 2903 320 2973 _chia
357 2915 722 2974 nuncupatur,
755 2906 1047 2975 plurimum
1080 2907 1389 2977 indignatus
1413 2908 1614 2976 impetu
1643 2906 1783 2962 facto

198 3009 361 3064 super
382 3008 504 3049 enm
538 2996 718 3060 irruit,
751 2994 1072 3067 fortiterque
1101 2997 1455 3067 congrediens
1480 2996 1660 3051 hastili
1693 3013 1783 3051 ro-

197 3089 330 3144 bore
375 3089 641 3158 dejeclum
692 3089 993 3155 interfecit;
1046 3089 1189 3143 unde
1238 3098 1291 3144 et
1339 3088 1572 3143 maxima
1611 3088 1786 3142 laudis

1899 596 2108 652 scilicet
2131 605 2191 651 ut
2221 598 2300 651 ira
2335 597 2671 652 dissimulata
2708 597 2823 666 ipse
2866 596 3186 652 cultioribus
3228 597 3473 653 vestibus

1897 687 1950 741 in
1978 689 2319 756 prasenliam
2356 688 2583 744 Maniaci
2621 688 2906 760 procedat,
2938 688 3127 754 donec,
3161 689 3266 744 illis
3295 690 3479 744 minus

1897 779 2316 847 suspicantibus,
2356 781 2469 850 ipse
2509 795 2538 834 a
2567 780 2779 835 notario
2810 778 3072 843 Maniaci,
3103 781 3256 850 cujus
3291 781 3481 835 amici-

1897 867 1968 921 tia
2005 868 2307 935 fruebatur,
2331 871 2774 942 chirographum,
2805 885 2913 940 quo
2940 870 3165 926 liberius
3198 881 3481 927 transeant

1875 955 2150 1023 Pharum,
2187 960 2377 1029 quovis
2425 971 2544 1014 astu
2587 959 2875 1029 accipiant.
2919 960 3072 1028 Quod
3102 977 3221 1016 cum
3255 963 3332 1017 sic
3369 979 3480 1017 ma-

1893 1048 2162 1112 chinatur,
2215 1049 2490 1127 Maniacus
2538 1051 2623 1106 his
2678 1067 2797 1121 qum
2849 1053 3147 1122 agebantur
3200 1053 3422 1121 ignarus
3456 1095 3471 1118 ,

1894 1141 2322 1196 benevolentiam
2369 1144 2557 1198 militis
2602 1144 2838 1206 laudare,
2881 1160 3104 1199 munera
3135 1146 3474 1215 promittere,

1893 1231 2276 1285 subsannando
2330 1240 2508 1286 tamen
2562 1249 2684 1287 cum
2745 1235 2858 1288 suis
2917 1235 3110 1289 ridere.
3173 1235 3242 1290 Ut
3295 1248 3473 1290 autem

1891 1319 2192 1374 chartulam
2221 1337 2252 1375 a
2289 1322 2526 1386 notario,
2555 1323 2707 1391 quasi
2740 1321 2954 1391 aliquod
2989 1323 3262 1394 negotium
3287 1338 3478 1378 versus

1891 1410 2195 1466 Calabriam
2224 1413 2453 1478 habens,
2482 1413 2754 1470 Arduintts
2781 1415 3012 1484 accepit,
3039 1416 3206 1468 nostri
3239 1413 3376 1468 clam
3409 1414 3476 1467 de

1891 1513 2050 1558 nocte
2081 1504 2382 1559 Messanam
2422 1519 2592 1574 usque
2634 1506 2926 1576 progressi,
2973 1505 3210 1560 Pharum
3257 1506 3476 1574 impune

1890 1604 2194 1662 transeunt,
2229 1598 2414 1666 sicque
2461 1612 2650 1651 versus
2679 1597 2925 1667 Apuliam
2972 1597 3274 1661 tendentes,
3320 1596 3474 1650 Cala-

1889 1686 2062 1742 briam
2094 1699 2150 1744 et
2177 1704 2514 1759 quaecunque
2540 1687 2858 1743 Graecorum
2889 1688 3028 1758 juris
3064 1702 3185 1741 esse
3231 1687 3478 1741 sciebant

1889 1789 2106 1834 vastant
2138 1789 2540 1849 percurrentes,
2571 1779 2756 1848 sicque
2786 1779 3033 1834 faciendo
3066 1794 3234 1847 usque
3260 1779 3310 1832 in
3335 1779 3477 1847 Apu-

1821 1851 1862 1909 Β
1892 1868 2018 1922 liam
2053 1879 2451 1938 pervenerunt;
2485 1869 2579 1924 sed
2609 1868 2948 1922 dolositatem
2982 1867 3239 1921 Gaimarii
3271 1867 3474 1935 princi-

1888 1957 1973 2025 pis
2018 1967 2428 2026 cognoscentes,
2487 1957 2555 2011 ad
2609 1958 2784 2026 ipsum
2838 1956 3061 2020 minime
3106 1956 3472 2010 transierunt:

1889 2062 2076 2101 verum
2117 2048 2456 2118 provinciam
2489 2045 2831 2113 invastando,
2865 2044 2966 2101 sibi
2999 2060 3117 2101 eam
3157 2042 3478 2114 subjugandi

1888 2137 2173 2191 consilium
2203 2137 2503 2207 aecipiunt.
2755 2177 2758 2180 .

2503 2224 2728 2281 CAPUT
2765 2225 2861 2280 IX.

1889 2316 2129 2383 Qualiter
2174 2315 2335 2385 Helia
2401 2334 2433 2371 a
2492 2315 2841 2371 Nortmanm‘s
2881 2318 3146 2385 wdiﬁcata
3183 2317 3271 2378 sit,
3323 2326 3369 2370 et
3411 2318 3473 2369 de

1961 2388 2141 2457 legato
2161 2405 2192 2440 α
2220 2387 2417 2440 ϐτατίς
2453 2389 2630 2449 misso,
2658 2395 2704 2440 et
2728 2385 2792 2440 de
2813 2387 2982 2456 primo
3013 2402 3288 2455 congressu
3321 2401 3471 2454 quem

1957 2455 2074 2511 cum
2101 2455 2300 2511 ercis
2326 2457 2640 2510 habuerunt.

1959 2546 2064 2601 Sed
2093 2561 2215 2600 cum
2250 2547 2368 2600 sine
2392 2556 2590 2611 castro,
2618 2560 2726 2616 quo
2750 2561 2812 2600 se
2843 2554 3141 2610 tuerentur,
3173 2545 3363 2614 patriae
3413 2544 3482 2598 il-

1888 2637 1990 2692 lius
2030 2636 2220 2691 incohe
2257 2637 2370 2708 (ΞΟ)
2403 2645 2604 2700 essent,
2655 2645 2918 2701 castrum,
2958 2636 3098 2705 quod
3144 2634 3302 2689 Mella
3339 2635 3477 2690 dici-

1889 2739 1995 2795 tur,
2027 2736 2489 2792 construxerunt;
2529 2725 2615 2780 ubi
2654 2742 2776 2782 eum
2814 2726 3091 2796 quingenti
3133 2733 3341 2779 tantum
3374 2725 3476 2778 mi-

1887 2819 2008 2874 lites
2057 2827 2263 2883 essent,
2313 2817 2508 2882 Graeci,
2539 2817 2629 2885 qui
2677 2826 2836 2871 terrae
2877 2815 2949 2869 illi
2995 2815 3469 2884 principahaetur,

1886 2909 2123 2963 maxima
2187 2907 2529 2962 multitudine
2591 2921 2657 2962 ex
2723 2904 2969 2962 Calabria
3037 2915 3091 2960 et
3137 2905 3325 2975 Apulia
3369 2907 3474 2960 sibi

1886 3001 2185 3056 coadunata
2217 3016 2386 3070 usque
2416 2999 2481 3054 ad
2515 2997 2796 3069 sexaginta
2827 2996 2990 3052 millia
3019 2995 3377 3062 armatormn,
3411 3007 3473 3050 ut

1886 3109 1980 3149 eos
2004 3109 2032 3146 a
2065 3093 2260 3148 finibus
2301 3091 2416 3146 suis
2461 3089 2855 3160 propellerent,
2886 3103 3078 3143 versus
3107 3087 3226 3142 illos
3255 3087 3334 3142 ire
3363 3101 3475 3142 coe-

199 3183 564 3238 admiratione
591 3183 848 3253 deinceps
879 3184 1019 3253 apud
1049 3181 1268 3238 Graacos
1304 3193 1357 3237 ct
1395 3183 1532 3252 apud
1571 3181 1782 3237 Siculos
1811 3193 1852 3254 ρ
1887 3193 2100 3254 perunt,
2132 3183 2419 3254 legatoque
2464 3180 2744 3251 praemisso
2783 3177 3043 3233 mandant
3090 3186 3148 3233 nt
3180 3179 3323 3246 quod
3359 3193 3475 3231 nta-

196 3273 316 3328 fuit.
352 3275 519 3330 Siculi
554 3276 736 3346 itaque
769 3291 936 3345 nsque
966 3277 1032 3330 ad
1060 3275 1337 3346 sexaginta
1369 3275 1534 3329 millia
1563 3290 1784 3345 congre-

195 3364 304 3434 gati
337 3364 607 3432 Mattiaco,
639 3375 690 3420 et
719 3363 832 3421 suis
859 3368 912 3421 in
945 3367 1190 3437 partibus
1231 3366 1444 3420 Trainae
1477 3365 1626 3421 urbis
1668 3365 1781 3419 hel-

195 3453 304 3508 lum
337 3453 534 3510 ollerre
575 3464 801 3511 tentant.
835 3456 1005 3512 Porro
1033 3457 1352 3513 Guilielmus
1376 3457 1514 3511 filius
1544 3457 1782 3510 'l‘ancre-

195 3546 269 3610 di,
308 3547 464 3602 laude
486 3547 687 3604 militia:
719 3551 872 3605 ferox.
906 3550 1073 3605 armis
1098 3549 1230 3620 (l8),
1263 3559 1534 3615 strenuus,
1567 3549 1784 3605 Grmcos

195 3639 262 3693 ad
294 3648 569 3694 certamen
607 3643 963 3710 praeveniens,
996 3643 1294 3698 certamine
1336 3643 1468 3699 inito
1507 3659 1629 3698 cum
1675 3658 1784 3698 sua:

196 3730 375 3797 gentis
405 3740 612 3786 tantum
649 3733 912 3788 militibus
939 3749 1059 3788 cum
1092 3734 1246 3790 hoste
1276 3734 1643 3805 congreditur,
1681 3750 1781 3788 an-

195 3830 415 3891 tequam
466 3822 642 3878 Grarci
711 3825 777 3878 ad
839 3825 1016 3881 locum
1076 3827 1390 3882 certaminis
1441 3827 1780 3896 perveniant.

193 3910 434 3967 Fortiter
465 3915 672 3986 agendo
707 3915 888 3985 plures
931 3917 1125 3971 stravit
1151 3917 1286 3990 (l9),
1337 3916 1574 3987 reliquos
1609 3916 1781 3988 fugat,

194 4005 374 4058 victor
405 4005 656 4061 efﬁcitur.
688 4007 882 4072 Graeci,
924 4010 989 4063 ad
1018 4008 1192 4064 locum
1225 4025 1331 4080 quo
1369 4019 1634 4066 certatum
1663 4009 1782 4066 fue-

193 4103 280 4148 rat
308 4096 716 4164 pervenientes,
749 4099 947 4154 nostris
978 4100 1162 4154 hostes
1194 4101 1622 4170 insequentibus,
1655 4116 1782 4170 spo-

193 4182 265 4235 lia
302 4183 582 4253 diripiunt,
626 4187 768 4242 inter
807 4203 866 4243 se
903 4189 1171 4255 dividunt,
1211 4189 1355 4243 nulla
1407 4191 1655 4260 portione
1683 4207 1782 4246 no—

193 4275 324 4330 stris
355 4277 446 4346 qui
477 4279 544 4334 ab
570 4279 725 4334 hoste
751 4290 1103 4336 excusserant
1133 4291 1428 4338 reservata.

345 4435 348 4438 δ
417 4406 421 4410 η
790 4370 1018 4425 CAPUT
1059 4371 1190 4427 Vlll.

307 4519 313 4525 _
397 4458 636 4525 Qualiter
663 4461 930 4516 Ardm’nus
961 4479 992 4515 a
1031 4461 1277 4516 Mattiaco
1306 4479 1472 4517 ca’sus
1498 4464 1584 4518 sil.

1890 3278 2091 3330 luerint
2137 3275 2372 3344 eligant;
2428 3281 2523 3347 aut
2566 3280 2841 3326 Certamen
2895 3269 2946 3322 in
2997 3269 3237 3323 crastino
3287 3283 3472 3322 secum

1888 3369 2112 3426 habere.
2146 3374 2240 3419 aut
2275 3378 2412 3433 pace
2444 3363 2545 3417 sibi
2587 3359 2790 3416 indulta
2833 3358 3130 3413 incolumes
3169 3373 3196 3411 a
3231 3357 3475 3427 pervasis

1889 3458 2084 3512 finibus
2117 3456 2389 3511 recedere.
2432 3453 2665 3524 Legatus
2702 3464 2849 3516 vero,
2882 3449 2974 3519 qni
3013 3449 3079 3503 ad
3118 3448 3234 3502 haec
3279 3446 3477 3502 missus

1889 3547 2088 3614 fuerat,
2126 3564 2249 3604 cum
2292 3545 2660 3618 pulcherrimo
2715 3559 2854 3613 equo
2907 3543 3198 3606 insideret,
3253 3540 3473 3609 quidam

1885 3643 2256 3698 Nertmannus
2313 3640 2486 3711 llugo,
2543 3643 2904 3707 cognomento
2939 3631 3282 3688 Tndextifem
3333 3631 3472 3701 (21),

1886 3750 2084 3805 equum
2135 3748 2294 3787 manu
2350 3739 2639 3785 attrectare
2674 3728 2863 3799 cmpil.
2904 3725 2975 3780 Ut
3006 3732 3185 3779 autem
3218 3721 3467 3778 mirabile

1887 3825 2091 3896 aliquid
2123 3825 2188 3879 de
2215 3840 2273 3878 se
2305 3821 2577 3890 sociisque
2606 3821 2740 3883 suis,
2764 3819 2908 3873 unde
2941 3823 3298 3878 terrerentur,
3323 3811 3473 3866 Grae-

1887 3919 1967 3973 cis
1997 3917 2369 3982 mandaretur,
2399 3914 2544 3968 nudo
2573 3927 2752 3984 pugno
2785 3925 2984 3981 equum
3016 3909 3069 3963 in
3105 3905 3317 3963 cervice
3349 3918 3475 3974 per-

1887 4009 2098 4065 cutiens
2144 4023 2253 4063 uno
2287 4007 2419 4069 ictu,
2469 4006 2621 4075 quasi
2665 4013 2959 4067 mortuum,
3005 3999 3219 4068 deiecit.
3259 3995 3474 4064 Reliqui

1887 4114 2014 4154 vero
2044 4096 2364 4152 Nortmanni
2393 4095 2736 4164 prosilientes
2765 4092 3037 4156 Graecum,
3060 4089 3154 4159 qui
3184 4103 3305 4142 cum
3333 4100 3474 4154 equo

1888 4191 2129 4261 deiectus
2155 4189 2334 4244 fuerat
2363 4198 2419 4243 et
2458 4187 2573 4242 solo
2613 4187 2807 4241 timore
2837 4185 2998 4238 lmsus
3026 4181 3177 4252 quasi
3211 4178 3478 4234 exanimis

1888 4280 2038 4335 humi
2079 4278 2335 4348 jacebat,
2387 4276 2640 4345 erigunt;
2696 4271 2894 4342 equum
2941 4279 3120 4325 autem
3179 4282 3352 4338 usque
3402 4265 3469 4318 ad

1889 4371 2158 4440 quoddam
2195 4367 2554 4440 prarcipitium
2591 4366 2973 4436 pertrahentes
3001 4362 3278 4432 dejiciunt.
3297 4361 3471 4415 Porro

1888 4462 2130 4526 Graecus,
2175 4474 2296 4514 cum
2347 4457 2433 4511 vix
2483 4454 2860 4512 consolatione
2899 4451 3356 4508 Nortmannorum
3401 4449 3489 4502 ad

267 4551 422 4619 Quod
453 4569 574 4607 cum
604 4556 805 4622 nostri,
847 4571 876 4610 a
909 4555 1281 4626 persequendo
1326 4557 1508 4611 hostes
1554 4557 1784 4611 redenn-
1812 4535 1862 4593 Ῑ)
1889 4560 2124 4608 mentem
2155 4550 2425 4614 rediisset,
2454 4547 2665 4602 meliori
2693 4561 2833 4617 equo
2862 4545 2930 4599 ab
2959 4543 3039 4598 eis
3071 4549 3315 4612 accepto,-
3353 4553 3473 4594 cer-

195 4651 315 4709 tes,
365 4645 778 4714 cognovissent,
831 4646 1084 4716 injuriam
1134 4646 1266 4713 rati,
1326 4662 1424 4716 per
1485 4647 1784 4701 Arduinum

196 4734 489 4803 quemdam
533 4735 748 4800 Italum,
779 4737 869 4806 qui
923 4752 988 4793 ex
1037 4738 1236 4793 nostris
1282 4746 1420 4802 erat,
1456 4738 1580 4806 quia
1611 4738 1786 4792 Gratci

194 4823 470 4878 sermonis
507 4824 758 4893 peritiam
811 4825 1067 4889 habebat,
1117 4824 1418 4880 Maniacum
1462 4825 1648 4896 utique
1687 4826 1788 4880 im'

194 4912 436 4982 provise,
469 4928 537 4967 an
564 4928 630 4968 ex
660 4913 1051 4971 deliberatione
1079 4916 1354 4974 industria:
1385 4915 1554 4986 spolia
1589 4916 1787 4971 divise-

196 5003 290 5067 rit,
346 5005 414 5059 ad
472 5004 739 5060 rationem
796 5016 1020 5074 ponunt.
1080 5006 1247 5060 Porro
1309 5009 1400 5064 ille
1456 5004 1784 5076 indignatus,

1891 4654 2071 4699 tamen
2104 4651 2353 4713 paratum
2390 4640 2555 4696 sociis
2587 4638 2770 4693 refert.
2806 4635 2911 4691 Sed
2939 4649 3060 4688 cum
3091 4634 3233 4702 quod
3263 4629 3475 4686 accide-

1889 4745 1974 4792 rat
2003 4735 2341 4807 principibus
2367 4731 2545 4804 populi
2577 4731 2659 4784 sui
2698 4739 2901 4785 tantum
2935 4723 3226 4791 retulisset,
3257 4722 3352 4786 illi,
3384 4720 3474 4772 ad-

1890 4829 2176 4884 miratione
2206 4837 2262 4883 et
2307 4833 2450 4882 metu
2497 4823 2764 4894 percussi,
2796 4817 3018 4873 verbum
3059 4815 3200 4870 inter
3235 4828 3294 4870 se
3330 4825 3476 4865 com-

1889 4921 2233 4992 primcbant,
2280 4935 2349 4975 ne
2395 4916 2569 4973 forte.
2622 4913 2669 4967 si
2720 4915 2774 4969 in
2832 4905 3114 4981 propatulo
3170 4909 3483 4966 diceretur,

1889 5010 2164 5066 exercitus
2211 5011 2436 5065 territus
2494 5002 2786 5072 refugeret.
2850 4999 3006 5055 Mane
3063 4997 3249 5070 itaque
3318 4995 3485 5057 facto,

3093 5095 3186 5114 1ο.--
3251 5084 3490 5114 ΓΑκΙῖΙΛυ-

2419 5112 2424 5113 ,
2476 5093 2734 5114 κῖ-..ι----ᾼ
2787 5094 2830 5114 ⁸-
2881 5093 3084 5114 ΑΑΑ..-“ἶ
