4010 5230
527 376 662 440 llti'l

1385 381 1740 440 GAUFREDI
1777 384 2234 442 MALATERRE
2273 387 2574 446 MONAClll
2611 389 2942 448 BENEDICT

3656 387 3794 442 “08

528 501 747 556 fortiter
779 508 1018 571 agentes,
1057 498 1242 553 multis
1281 513 1346 553 ex
1388 501 1632 554 hostibus
1661 503 1967 569 prostratis,
2002 512 2112 555 tan-
2140 506 2186 562 A
2217 520 2338 560 sese
2365 507 2746 565 benefacturos
2773 511 2995 580 polliciti
3031 517 3174 566 sunt.
3207 509 3314 564 Sed
3351 508 3676 580 perlongum
3709 515 3794 562 εει

531 591 652 644 dem
685 590 736 644 in
777 589 954 658 fugam
991 589 1224 656 reliquos
1269 589 1558 654 dederunt;
1593 605 1730 659 quos
1763 591 2110 658 insequentes

530 691 586 732 et
628 679 956 748 posteriores
1007 691 1250 748 quosque
1297 681 1589 745 caedentes,
1639 681 1920 734 victoriam
1968 681 2109 734 cliti-

533 781 798 834 nuerunt,
831 770 1009 824 multis
1035 770 1282 825 hostibus
1305 771 1358 824 in
1385 771 1623 838 flumine,
1661 773 1803 840 quod
1839 772 2107 827 Olivetum

533 861 750 929 dicitur,
777 862 902 916 dum
932 869 1270 917 transnatarc
1295 863 1536 930 cupiunt,
1567 861 1884 917 submersis.

1161 951 1388 1008 CAPUT
1427 953 1492 1006 Χ.

789 1045 866 1100 De
896 1046 1123 1099 secundo
1147 1044 1330 1115 pm'lio
1359 1044 1450 1098 sub
1483 1044 1848 1113 Momcpiloso.

605 1138 766 1202 Victi,
799 1137 1027 1192 necdum
1059 1145 1240 1190 autem
1269 1137 1566 1208 defatigati,
1602 1137 1693 1190 sed
1734 1135 1939 1204 scipsos
1977 1135 2108 1188 invi-

531 1244 648 1284 cem
673 1229 992 1290 animantes,
1028 1227 1197 1282 nmlto
1223 1227 1469 1296 ampliori
1497 1227 1738 1280 exercitr:
1763 1235 2109 1296 congregato,

527 1320 665 1374 duce
692 1307 917 1371 Annona
946 1318 1034 1386 qui
1065 1317 1129 1370 ad
1159 1318 1260 1372 hoc
1287 1317 1354 1370 ab
1379 1318 1706 1385 imperatore
1731 1315 2112 1370 Constantino-

529 1409 769 1478 politano
801 1410 996 1463 missus
1033 1409 1232 1476 fuerat,
1283 1407 1479 1463 iterum
1510 1408 1707 1462 bellum
1736 1417 1950 1478 pariat.
1981 1407 2109 1473 Qui-

533 1499 634 1552 bus
671 1497 988 1552 Nortmanni
1025 1497 1164 1552 bello
1210 1512 1316 1551 non
1365 1511 1577 1566 segnes,
1623 1495 1722 1550 sub
1759 1495 2114 1564 Montepiloso

529 1597 898 1651 occurrentes,
926 1587 1138 1641 fortiter
1159 1587 1429 1655 congressi
1460 1587 1809 1641 ostendentes
1835 1601 1893 1640 sc
1915 1584 2114 1638 bellum

531 1678 674 1732 nolle
720 1677 988 1748 refugere,
1021 1678 1114 1732 sed
1147 1678 1326 1748 potius
1353 1679 1508 1746 quasi
1537 1693 1602 1732 ex
1642 1677 2000 1732 delectatione
2025 1691 2115 1744 ap-

533 1777 734 1837 petere.
787 1768 842 1822 ln
888 1782 1178 1838 congressu
1218 1767 1424 1822 Graaeis
1467 1776 1655 1822 contra
1707 1768 1852 1836 ipsos
1901 1765 2117 1820 fortiter

533 1860 841 1930 agentibus,
869 1877 992 1915 cum
1031 1860 1142 1928 jam
1189 1859 1510 1914 Nortmanni
1559 1859 1774 1929 fatigari
1808 1874 1917 1928 pra:
1949 1858 2116 1912 nimia
2151 1849 2192 1903 Β

534 1951 680 2004 crude
724 1950 1035 2018 erupissent,
1089 1949 1410 2006 Guilielmus
1457 1959 1738 2018 quartana:
1780 1949 1948 2003 febris
1994 1959 2116 2020 typo

533 2043 834 2104 laborabat,
879 2052 932 2097 et
963 2059 1071 2112 prae
1103 2043 1266 2096 nimia
1316 2045 1650 2108 infirmitate,
1688 2059 1792 2113 qua
1843 2046 2116 2114 prorueba-

535 2143 645 2196 tur,
695 2133 977 2186 certamini
1031 2134 1294 2188 interesse
1345 2149 1450 2186 non
1509 2143 1742 2202 poterat,
1792 2135 1884 2188 sed
1931 2133 2114 2204 procul

533 2223 723 2290 jacens
762 2222 966 2276 exitum
1018 2224 1094 2276 rei
1145 2224 1512 2291 exspectabat.
1563 2223 1698 2278 Cum
1757 2225 1964 2279 videret
2009 2225 2116 2278 iam

530 2329 656 2368 suos
689 2313 866 2369 mirms
905 2315 1118 2369 fortiter
1141 2331 1320 2385 agere,
1349 2325 1402 2370 et
1433 2331 1570 2388 pene
1594 2317 1845 2384 deficere,
1879 2318 2120 2388 indigna-

537 2405 686 2457 tione
726 2413 780 2457 ct
819 2405 918 2470 ira,
971 2405 1304 2460 infirmitatis
1347 2421 1455 2475 qua
1494 2407 1843 2476 premebatur
1892 2407 2114 2471 oblitus,

532 2511 684 2550 arma
704 2498 1004 2566 corripiens
1034 2513 1174 2563 sese,
1202 2500 1354 2568 quasi
1387 2499 1470 2554 leo
1501 2498 1839 2563 furibundus,
1873 2501 2118 2556 hostibus

533 2586 954 2658 mediumdcdit,
973 2604 1202 2659 suosque
1218 2591 1400 2646 verbis
1428 2591 1816 2646 exhortatoriis
1839 2607 2116 2656 recreans,

533 2675 750 2730 fortiter
798 2678 1005 2746 agendo
1057 2679 1240 2734 hostes
1280 2679 1336 2734 in
1379 2680 1556 2750 fugam
1595 2681 1779 2746 vertit,
1819 2681 1955 2736 duce
2005 2681 2116 2752 ('22)

531 2770 708 2834 Anno,
736 2769 869 2823 duce
901 2770 1198 2835 exercitus,
1231 2771 1321 2838 qui
1353 2772 1616 2826 caudatus
1645 2781 1779 2834 erat,
1805 2772 1956 2840 quasi
1982 2771 2118 2825 bove

534 2862 839 2914 inter-Lecto.
878 2859 1092 2914 Viribus
1125 2862 1304 2930 itaque
1333 2862 1446 2916 suis
1475 2861 1779 2916 difﬁdentes
1803 2871 1859 2915 ct
1889 2863 2118 2916 fortuna:

535 2952 713 3005 minus
740 2952 1048 3016 credentes,
1081 2963 1256 3006 castra
1288 2969 1386 3008 sua
1412 2953 1715 3008 munientes
1757 2953 1894 3006 ultra
1921 2954 2113 3006 decer-

537 3053 652 3096 tare
674 3058 794 3096 cum
827 3041 1198 3108 Nortmaunis,
1251 3043 1354 3098 nisi
1399 3045 1567 3098 muris
1617 3043 1967 3114 interpositis,
2011 3059 2118 3098 non

537 3135 958 3204 praesumebant,
988 3137 1080 3190 sed
1112 3153 1286 3206 neque
1313 3137 1411 3207 ipsi
1445 3139 1580 3192 muri
1612 3147 1797 3192 contra
1825 3137 2118 3192 Nor-tmari-

535 3243 634 3281 nos
672 3228 808 3282 tueri
851 3238 1124 3296 poterant.
1157 3228 1292 3283 Nam
1341 3229 1548 3284 crebris
1595 3229 1998 3285 incursionibus
2026 3246 2120 3286 eos

533 3321 886 3386 lacessentes,
919 3321 1100 3376 vineta
1147 3332 1202 3376 et
1250 3321 1446 3376 oliveta
1487 3337 1674 3376 eorum
1724 3321 2120 3393 cxstirpabant,

535 3423 804 3480 armenta,
835 3423 891 3468 et
929 3429 1125 3484 pecora
1167 3423 1220 3468 et
1263 3423 1456 3469 caetera
1489 3431 1609 3484 quae
1639 3415 1704 3468 ad
1737 3431 1894 3468 usum
1935 3405 2119 3470 ncces-

533 3505 678 3558 saria
707 3513 851 3568 sunt,
898 3505 1032 3558 nihil
1060 3514 1212 3560 extra
1247 3515 1426 3560 castra
1467 3506 1858 3575 relinquentes,
1895 3506 2120 3576 diripie—

533 3595 686 3650 bant.
717 3595 822 3649 Sed
855 3605 908 3649 ct
940 3596 1054 3664 ipsa
1083 3604 1286 3660 castra,
1329 3596 1460 3666 ipsis
1493 3597 1636 3650 intra
1666 3595 1894 3652 reclusis
1921 3638 1934 3661 ,
1961 3613 2122 3652 exer-

532 3684 646 3740 citu
675 3684 938 3738 vallantcs
959 3684 1362 3753 oppugnabant,
1396 3683 1976 3756 machinamentisque,
2003 3685 2121 3754 qui-

531 3775 636 3835 bus
664 3776 960 3830 doctissimi
993 3777 1232 3830 artifices
1262 3785 1440 3840 erant,
1464 3777 1531 3830 ad
1561 3777 1613 3830 id
1641 3777 1800 3832 cilicii
1833 3779 2118 3846 agendum,

536 3875 858 3928 necessariis
886 3875 1107 3942 aptatis,
1137 3890 1321 3932 muros
1359 3885 1414 3930 et
1464 3885 1640 3931 turres
1675 3878 1884 3932 crebris
1925 3861 2124 3934 ictibus

537 3963 909 4033 inqyiagendo,
971 3964 1217 4020 funditus
1278 3965 1586 4022 diruebant.
1653 3968 1846 4037 Raptis
1913 3971 2118 4032 nmris,

539 4055 1068 4126 adytispatcntibus
1109 4056 1493 4124 irrumpentes,
1534 4056 1714 4110 omnia
1752 4058 1855 4110 sibi
1897 4058 2120 4128 diripie-

539 4149 692 4210 bant,
723 4147 864 4202 unde
905 4157 960 4201 et
989 4148 1197 4217 reliqua
1229 4149 1651 4217 circumquaque
1679 4157 1878 4211 castra,
1929 4149 1978 4202 id
2019 4151 2120 4204 sibi

539 4239 767 4294 invicem
808 4248 1114 4306 cernentes,
1153 4239 1294 4296 ultro
1322 4253 1441 4294 sese
1475 4253 1662 4294 eorum
1694 4239 1886 4294 ditioni
1921 4238 2122 4296 subdc-

537 4333 684 4388 lmul.

1143 4420 1370 4479 CAPUT
1413 4421 1500 4476 XI.

2213 597 2338 652 huic
2360 601 2530 667 operi.
2555 615 2650 669 per
2672 603 2878 668 singula
2907 602 3320 672 perstringendo
3351 603 3618 661 inserere,
3651 614 3790 668 qua-

2211 689 2334 743 liter
2367 691 2506 758 apud
2542 690 2791 760 Apuliam
2819 701 3049 762 egerunt
3079 691 3218 760 (Si).
3259 689 3372 744 Hoc
3397 698 3606 742 tantum
3637 701 3792 740 sum-

2211 779 2397 832 matim
2445 795 2548 832 non
2599 779 2770 834 solum
2817 797 2934 846 nos,
2965 780 3060 835 sed
3081 782 3244 834 etiam
3267 795 3354 832 res
3391 778 3503 846 ipsa
3535 784 3792 836 testatur,

2211 871 2352 939 quod
2375 885 2587 924 ornnem
2618 873 2848 940 patriam
2879 873 3046 926 armis
3089 873 3370 926 domantes
3397 869 3501 924 sibi
3525 869 3794 937 subjuga-

2213 972 2422 1016 vcnmt.
2453 961 2828 1032 Subsequentc
2877 964 3024 1020 enim
3052 977 3112 1017 se
3139 977 3382 1026 suorum,
3411 969 3468 1016 et
3497 969 3794 1030 parentum

2211 1062 2266 1107 et
2298 1054 2799 1123 compatriotarum,
2855 1056 2948 1110 sed
2995 1063 3046 1108 et
3079 1053 3404 1122 reliquarum
3435 1048 3796 1115 circnmadja-

2212 1145 2446 1199 centium
2464 1146 2763 1217 regionum,
2780 1161 2874 1215 spe
2893 1155 3147 1216 quaestus,
3169 1145 3402 1198 niaxima
3421 1139 3794 1206 multitudine,

2215 1237 2314 1306 ipsi
2349 1237 2560 1306 impigti
2611 1237 2921 1316 largitores,
2967 1238 3122 1306 quasi
3163 1237 3360 1290 fratres
3407 1233 3794 1301 suscipientes.

2213 1328 2388 1397 equis.
2431 1329 2618 1391 armis,
2643 1339 2698 1384 et
2729 1330 2968 1384 vestibus
3021 1344 3086 1384 ac
3112 1327 3339 1382 diversis
3379 1326 3698 1380 uulneribus
3716 1323 3798 1378 di-

2215 1421 2420 1472 tabant.
2455 1419 2787 1485 Quibusdam
2843 1421 3008 1474 etiam
3039 1429 3306 1474 terrarum
3343 1418 3460 1471 loca
3489 1415 3800 1486 largissime

2216 1511 2689 1580 impertiebantur,
2719 1511 2970 1565 omnibus
3013 1511 3217 1566 divitiis
3245 1511 3403 1576 hujus
3430 1508 3618 1562 inundi
3641 1507 3800 1560 auxi-

2216 1601 2286 1656 lia
2312 1601 2534 1656 fortium
2565 1602 2797 1656 militum
2823 1611 3218 1671 pr:eponentcs.
3253 1600 3622 1667 Quamobrem
3661 1598 3798 1652 nihil

2217 1693 2436 1762 inetepti
2455 1693 2725 1748 incassum
2751 1693 2854 1746 illis
2869 1693 3200 1762 praeteribat.
3222 1691 3372 1746 Unde
3395 1699 3448 1744 et
3471 1689 3604 1742 illud
3633 1704 3800 1741 evan-

2217 1785 2446 1855 gelicum
2473 1785 2581 1839 illis
2603 1785 2874 1855 provenit,
2914 1776 3006 1838 "ubi
3039 1783 3241 1836 dicitur
3273 1797 3287 1835 :
3319 1781 3476 1843 Date,
3503 1790 3549 1833 et
3582 1779 3800 1833 dabitur

2219 1879 2380 1932 vobis.
2435 1878 2650 1944 Quanto
2693 1878 2836 1934 enim
2897 1876 3159 1947 ampliora
3208 1874 3577 1946 largiebantur
3653 1879 3804 1925 tanto

2219 1969 2426 2037 majora
2457 1970 2826 2025 lucrabantur.

2819 2059 3047 2116 CAPUT
3087 2059 3198 2116 ΧΗ.

2605 2153 2683 2208 De
2713 2163 2877 2206 morte
2907 2149 3173 2206 Guih’elmi
3195 2144 3418 2205 comitis.

2289 2243 2462 2314 Igitur
2501 2243 2714 2298 seniore
2738 2242 2932 2306 fratre,
2973 2241 3265 2298 Guilielmo
3295 2238 3550 2294 videlicet
3577 2236 3802 2302 comite,

2220 2333 2538 2387 infirmitate
2588 2332 2978 2402 praeveniente,
3029 2330 3314 2396 defuncto,
3361 2343 3594 2399 magnus
3647 2325 3802 2381 dolor

2219 2439 2409 2478 comes
2439 2424 2804 2478 Nortmannos
2831 2423 3047 2477 invasit.
3074 2421 3282 2492 Quippe
3309 2420 3399 2490 qui
3427 2418 3562 2473 tanti
3594 2415 3806 2472 consilii

2219 2514 2418 2577 virum,
2476 2523 2585 2566 tam
2637 2513 2805 2567 armis
2841 2522 3147 2576 strenuum,
3185 2519 3294 2563 tam
3327 2509 3428 2563 sibi
3463 2505 3806 2568 munificum,

2222 2603 2516 2669 affabilem,
2572 2604 2958 2674 morigeratum
3007 2601 3234 2656 ulterius
3278 2614 3336 2654 se
3361 2598 3570 2654 habere
3601 2595 3806 2650 diffide-

2221 2696 2370 2750 bant.
2398 2695 2502 2750 Sed
2531 2695 2825 2764 exscquiis,
2853 2707 2918 2748 ex
2959 2708 3110 2748 more
3142 2687 3558 2746 accuratiSsime
3585 2696 3642 2742 et
3681 2701 3806 2740 cum

2223 2803 2419 2858 magno
2453 2787 2670 2856 planctu
2724 2801 2830 2840 non
2867 2785 3140 2838 innuerilo
3193 2780 3506 2844 celebratis,
3529 2775 3808 2832 secundus

2222 2879 2389 2934 frater
2418 2879 2594 2950 Drogo
2624 2877 2787 2934 totius
2816 2877 3021 2946 Apulia:
3050 2875 3386 2929 dominatum
3417 2869 3690 2938 suscepit:
3724 2865 3810 2920 vir

2221 2970 2462 3040 quidem,
2489 2979 2545 3024 ut
2573 2969 2850 3023 succincte
2873 2968 3139 3030 dicamus,
3161 2980 3258 3034 per
3275 2970 3471 3018 cuneta
3501 2955 3806 3013 laudabilis.

2223 3061 2320 3116 llic
2349 3061 2572 3115 fratrem
2605 3074 2760 3114 suum
2796 3056 3150 3111 llunifredum
3183 3051 3520 3122 Abagelardo
3547 3049 3666 3120 (9.5)
3721 3062 3810 3102 co-

2227 3151 2436 3214 mitem,
2484 3149 2624 3218 apud
2672 3158 2933 3211 castrum,
2979 3145 3122 3214 quod
3166 3143 3328 3198 Lavel
3383 3141 3606 3206 dicitur,
3633 3139 3810 3193 virum

2225 3241 2706 3312 prudentissimum
2736 3238 2962 3294 consilio
2998 3235 3400 3306 Apuleiensium
3439 3241 3495 3287 et
3521 3231 3812 3286 Nortman-

2225 3350 2415 3390 norum
2467 3332 2774 3396 ordinavit;
2833 3330 3132 3385 Robertum
3181 3341 3308 3382 vero
3355 3322 3718 3380 Guiscardum
3754 3321 3808 3374 in

2223 3426 2472 3484 Calabria
2491 3425 2692 3495 posuit,
2711 3426 2934 3478 firmans
2955 3422 3002 3476 ei
3037 3428 3272 3476 castrum
3298 3417 3353 3471 iu
3376 3414 3514 3468 valle
3537 3408 3808 3474 Cratensi,

2223 3517 2341 3572 loco
2372 3516 2462 3586 qui
2505 3513 2716 3569 Scribla
2747 3512 2966 3577 dicitur,
2997 3509 3064 3564 ad
3109 3505 3486 3564 debellandum
3519 3500 3805 3556 Consenti-

2225 3625 2323 3666 nos
2353 3617 2407 3664 et
2432 3623 2526 3663 eos
2552 3607 2642 3677 qui
2674 3605 2850 3660 adhuc
2876 3604 2930 3656 in
2957 3600 3206 3656 Calabria
3235 3607 3392 3652 erant
3415 3593 3668 3649 rebelles.

2811 3693 3038 3750 CAPUT
3077 3690 3213 3750 Xlll.

2616 3787 2694 3842 De
2722 3797 2886 3842 morte
2910 3783 3112 3838 comitis
3141 3781 3399 3851 Drogonis

2298 3877 2641 3946 Langobardi
2698 3875 2863 3946 igitur
2903 3871 3298 3944 Apuleienscs,
3365 3882 3536 3938 genus
3601 3877 3808 3932 seraper

2225 3971 2681 4040 perlidissimum,
2728 3965 3020 4021 traditione
3059 3979 3156 4034 per
3197 3959 3509 4015 universam
3557 3955 3808 4025 Apuliam

2226 4065 2449 4120 silcnter
2469 4063 2739 4125 ordinata,
2763 4067 2822 4114 ut
2847 4071 3038 4112 omnes
3061 4053 3384 4109 Nortmanni
3423 4066 3530 4104 una
3567 4049 3656 4102 die
3709 4061 3808 4101 oc-

2225 4158 2535 4212 ciderentur
2562 4151 2926 4207 determinato
2955 4149 3061 4212 die,
3090 4162 3212 4201 cum
3240 4157 3423 4200 comes
3450 4141 3629 4209 [ἴτοςο
3673 4135 3808 4208 apud

2225 4257 2464 4304 castrum
2493 4244 2692 4299 Montis
2719 4243 2856 4306 Olci,
2887 4241 3030 4311 quod
3056 4246 3311 4307 corrupte
3339 4234 3406 4288 ab
3437 4231 3632 4288 incolis
3665 4228 3808 4284 Mon-

2228 4337 2417 4392 tolium
2473 4335 2696 4399 dicitur,
2765 4342 3092 4394 moraretur,
3156 4341 3366 4383 summo
3423 4321 3682 4382 diluculo,
3745 4317 3808 4371 ad

2225 4429 2538 4495 ecclesiam,
2580 4439 2636 4482 ut
2682 4426 2783 4482 sibi
2830 4441 2947 4480 mos
2989 4432 3128 4486 erat,
3179 4431 3496 4490 properans,
3539 4428 3665 4468 cum
3701 4411 3809 4480 jam

533 4536 612 4590 De
636 4537 938 4608 junioribus
961 4537 1086 4608 ﬁliis
1122 4536 1402 4608 Tuncrerli,
1434 4537 1523 4608 qui
1553 4537 1904 4606 prteredentes
1929 4537 2122 4606 fratres

2226 4523 2512 4578 ecclesiam
2543 4521 2795 4582 intraret,
2826 4517 3066 4587 quidam,
3101 4512 3264 4568 Risus
3295 4508 3536 4570 nomine,
3563 4508 3682 4572 citis
3725 4517 3808 4556 co—

959 4609 1014 4660 in
1043 4606 1237 4676 Apulia
1267 4607 1526 4660 subsecuti
1552 4617 1696 4660 sum.

549 4741 552 4744 λ
615 4694 865 4754 Juniores
887 4713 1016 4752 vero
1044 4698 1266 4764 fratres,
1295 4712 1431 4767 quos
1473 4705 1605 4750 aetas
1639 4698 1817 4752 adhuc
1841 4698 1984 4752 domi
2016 4697 2118 4750 im-

538 4791 740 4842 morari
782 4791 1026 4858 cogebat,
1059 4791 1426 4860 praecedentes
1473 4789 1716 4844 seniores
1747 4789 1944 4843 fratres
1973 4788 2118 4856 apud

539 4880 788 4949 Apuliam
829 4881 1044 4934 fortiter
1071 4881 1297 4951 agendo,
1327 4879 1535 4934 altioris
1573 4879 1785 4934 culmen
1815 4879 2038 4932 honoris
2062 4886 2118 4932 et

539 4969 918 5006 alnniinnlinnic
944 4971 1251 5006 nennndiecn
1306 4967 1445 5006 fama
1481 4969 1752 5006 rnf'ur-nnin
1784 4984 2119 5006 nnanncnun-

2226 4616 2376 4670 mitis
2397 4622 2698 4683 compater,
2721 4620 2774 4665 et
2809 4605 3171 4666 sacramentis
3207 4602 3525 4664 foederatus,
3567 4605 3690 4666 post
3729 4593 3805 4662 ja-

2225 4721 2388 4760 nuam
2417 4706 2615 4770 latens,
2645 4702 2849 4756 foedere
2874 4708 3052 4769 rupto,
3081 4695 3225 4749 ferro
3253 4708 3378 4748 eum
3419 4689 3684 4758 suscepit,
3721 4684 3806 4754 qui

2227 4811 2350 4851 cum
2377 4795 2620 4866 pluribus
2641 4808 2883 4854 suorum,
2925 4787 3110 4858 paucis
3132 4783 3557 4856 aufugientibus,
3601 4779 3808 4866 occisus

2223 4895 2327 4942 est.
2357 4865 2462 4940 Sed
2485 4901 2581 4954 per
2599 4885 2808 4938 diversa
2829 4879 3035 4950 Apuli-.c
3057 4878 3171 4931 loca
3198 4876 3380 4944 plures
3397 4873 3498 4927 bac
3523 4865 3808 4923 traditione

2832 4969 3157 5006 "nnif'vmlne
3187 4963 3520 5006 Alrnrplttrrln
3545 4959 3659 5006 (9.δῖ
3685 4971 3808 5006 nece

2227 4979 2590 5006 ιιηΛΙιΙιιΙΛσυΙΙσὶ.
2641 4975 2807 5006 ῡηιιιιιι
