4010 5230
254 298 398 354 “09

1405 301 1722 357 HISTORIA
1761 303 2025 360 SICl'ilA.
2065 338 2135 348 —-
2177 307 2298 362 LIB.
2341 307 2380 362 1.

3391 315 3528 368 ilio

249 411 702 480 assentientibus,
733 413 960 470 diversis
989 415 1322 470 cruciatibus
1352 415 1608 480 alliciens,
1649 433 1832 471 eorum
1865 423 1908 476 Α
1938 419 2044 475 Sed
2068 421 2356 492 Malgerius
2381 423 2618 478 moriens
2641 439 2764 478 cum
2787 439 3002 480 omnem
3024 426 3339 482 comitatum
3368 443 3524 482 suum

249 506 525 574 sanguine
555 506 710 572 iram,
737 515 792 562 et
822 508 1058 564 dolorem
1095 509 1274 564 cordis
1313 510 1394 564 sui
1445 509 1834 578 aliquantulum

249 597 538 650 exstinxit.

853 667 1078 723 CAPUT
1119 668 1252 723 XIV.

251 753 336 808 De
371 754 538 810 Leone
554 757 857 826 apostolico,
875 760 1098 829 qualiter
1119 779 1148 814 a
1171 759 1513 814 Nortmmmis
1548 770 1728 830 captus
1749 762 1834 814 sit.

328 846 652 916 Apulienscs
689 863 842 914 vero,
867 851 1096 905 necdum
1129 849 1510 906 traditionibus
1564 851 1834 914 exhausti,

249 949 354 1002 per
379 936 620 990 occultos
654 937 858 1008 legatos
909 955 964 994 ix
1002 939 1238 996 Leonem
1290 941 1642 1010 apostolicum
1685 951 1744 995 ut
1783 943 1835 996 in

252 1025 508 1093 Apuliam
564 1043 684 1081 cum
737 1031 980 1085 exercitu
1043 1031 1224 1086 veniat
1276 1033 1544 1098 invitant,
1595 1033 1838 1088 dicentes

250 1115 507 1182 Apuliam
557 1117 658 1170 sibi
705 1118 828 1188 jure
881 1129 1216 1190 competere,
1267 1131 1321 1178 et
1377 1124 1834 1193 praaticccssorum

249 1213 482 1257 suorum
515 1208 846 1276 temporibus
879 1209 1018 1278 juris
1047 1209 1302 1266 Ecclesia:
1341 1211 1597 1268 Romamn
1647 1213 1835 1278 fuisse,

251 1311 316 1350 se
349 1296 424 1350 illi
455 1299 716 1354 auxilium
757 1297 990 1368 laturos;
1020 1303 1384 1360 Nortmannos
1407 1305 1672 1371 imbelles,
1703 1305 1834 1360 viri-

253 1389 358 1442 bus
389 1404 636 1454 enerves,
670 1407 897 1448 numero
923 1409 1144 1464 paucos.
1177 1395 1287 1458 Ille,
1317 1403 1375 1450 ut
1399 1394 1618 1460 assolet,
1646 1411 1836 1465 quam-

249 1478 336 1532 vis
360 1480 811 1549 prudentissimus
835 1493 999 1558 esset,
1028 1485 1320 1540 ambitione
1346 1495 1554 1556 captus,
1583 1486 1836 1540 Alaman-

251 1585 448 1625 norum
497 1575 738 1626 exercitu
792 1576 860 1629 ab
907 1575 1234 1646 imperatore
1295 1577 1394 1631 sibi
1451 1577 1504 1630 in
1567 1577 1836 1646 adjutorio

255 1671 496 1732 recepto,
531 1665 806 1720 confidens
839 1667 895 1720 in
927 1666 1128 1721 auxilio
1167 1667 1644 1738 Longobardorum
1687 1667 1834 1736 Apu-

1945 512 2234 568 Guilielmo
2261 515 2413 570 fratri
2445 531 2544 570 suo
2579 517 2911 586 reliquisset,
2941 516 3260 574 Guilielmus
3287 519 3526 574 Gaufrc-
3617 595 3622 600 η

1945 605 2070 658 dum
2103 605 2328 662 fratrem
2385 623 2544 662 suum
2592 609 2821 679 diligens
2867 609 2967 664 sibi
3023 611 3310 666 concessit.

2531 698 2758 756 CAPUT
2799 699 2936 756 XVI.

1941 787 2018 841 De
2030 787 2262 862 ‘Roberto
2289 789 2610 856 Gttiscardo,
2631 793 2856 862 qualiter
2879 803 3104 847 castrum
3143 793 3320 848 Sancti
3355 796 3526 849 Marci

2013 857 2262 934 (irritavit,
2296 871 2343 914 et
2381 862 2610 930 qualiter
2643 857 2766 916 cum
2798 862 3004 919 Sclaeis
3053 865 3204 933 pedes
3229 867 3522 934 prtedatum

2011 929 2126 982 ivit.

2013 1019 2282 1076 Robertus
2331 1037 2463 1078 vero
2507 1023 2838 1082 Guiseardus
2889 1041 3014 1082 cum
3063 1029 3202 1098 apud
3255 1027 3523 1084 Scriblam

1943 1120 2272 1178 moraretur,
2297 1113 2560 1170 Calabros
2615 1116 2828 1174 fortiter
2879 1117 3222 1188 impugnans,
3277 1135 3398 1174 cum
3445 1120 3528 1174 vi-

1939 1199 2094 1256 deret
2124 1218 2252 1258 suos
2273 1215 2497 1274 propter
2523 1206 2894 1262 infirmitatem
2915 1209 3088 1264 lociet
3121 1211 3264 1265 aeris
3292 1211 3522 1266 diversi-

1943 1303 2104 1350 tatem
2161 1293 2534 1366 languescere,
2572 1300 2842 1356 saniorem
2900 1301 3076 1356 locum
3103 1317 3382 1374 expetens,
3417 1319 3522 1358 non

1938 1387 2156 1456 quidem
2193 1390 2380 1446 hostes
2407 1389 2716 1456 devitando,
2748 1403 2808 1448 ut
2840 1394 3060 1450 timidus
3097 1405 3394 1450 retrorsum
3431 1411 3526 1450 va-

1937 1479 2092 1546 dens,
2129 1479 2340 1551 longius
2381 1481 2496 1552 (27)
2525 1485 2770 1552 recessit,
2800 1487 2892 1540 sed
2921 1487 3100 1556 potius
3132 1489 3288 1557 quasi
3334 1489 3386 1542 in
3422 1487 3522 1542 ho-

1938 1578 2076 1624 stem
2123 1571 2304 1636 hians,
2350 1572 2404 1628 in
2463 1573 2782 1629 vieiniorem
2834 1592 2892 1630 se
2935 1577 3224 1634 conferens
3254 1587 3519 1638 castrum,

1937 1661 2080 1730 quod
2109 1660 2168 1716 S.
2223 1661 2388 1720 Marci
2425 1663 2642 1730 dicitur,
2695 1664 2950 1720 firmavit.
2979 1667 3086 1722 Sed
3132 1682 3256 1722 cum
3307 1667 3524 1722 firmato

251 1749 383 1804 liam
415 1753 602 1808 intrat.
635 1753 829 1810 Comes
866 1770 994 1810 vero
1027 1757 1304 1812 honestius
1349 1757 1552 1812 ducens
1585 1773 1706 1811 eum
1741 1757 1834 1810 ho-
1869 1762 1910 1820 Β
1939 1761 2120 1808 castro
2149 1753 2278 1824 quid
2301 1763 2480 1810 motus
2521 1755 2885 1812 introduceret
2915 1775 3022 1814 non
3058 1759 3358 1824 inveniret,
3397 1761 3524 1815 abs-

249 1858 389 1898 nore
413 1845 578 1899 vitam
611 1845 787 1910 finire,
819 1863 980 1918 quant
1026 1865 1148 1903 cum
1189 1850 1454 1904 dedecore
1489 1850 1598 1903 vita
1638 1849 1836 1904 comite

251 1945 506 2004 suscepto
535 1939 740 1994 honore
769 1941 992 2010 privari,
1025 1953 1301 1996 commoto
1317 1941 1558 1996 exercitu
1580 1941 1838 1996 audacter

253 2027 502 2082 hostibus
533 2031 802 2098 occurrit;
836 2033 1192 2104 ordinataque
1235 2035 1352 2087 acie
1396 2049 1614 2087 suorum
1663 2041 1836 2086 certa-

251 2134 376 2174 men
405 2120 601 2188 iuiens,
629 2139 751 2176 cum
784 2125 958 2192 primo
978 2139 1270 2196 congressu
1303 2125 1532 2186 fortiter,
1559 2133 1618 2178 ut
1641 2123 1836 2178 solitus

249 2225 392 2279 erat,
448 2230 611 2284 agere
658 2203 932 2286 coepisset,
985 2215 1322 2288 Langobardi
1383 2216 1556 2272 territi
1603 2213 1728 2286 fuga
1777 2229 1836 2270 se

252 2305 398 2375 ipsos
433 2306 570 2361 tueri
613 2307 884 2372 nituntur,
916 2307 1232 2362 Alamannis
1281 2307 1334 2362 in
1382 2305 1567 2376 praelio
1608 2305 1832 2360 relictis.

251 2395 352 2463 Qui
387 2413 512 2452 cum
538 2397 752 2453 fortiter
776 2400 1120 2466 dimicarent,
1153 2399 1354 2454 nullum
1389 2397 1677 2468 refugium,
1733 2399 1833 2452 nisi

249 2494 308 2548 in
352 2493 521 2549 armis
553 2494 834 2560 habentes,
891 2491 1240 2548 Nortmannis
1285 2493 1647 2554 vincentibus,
1699 2505 1836 2560 pene

249 2601 444 2642 omnes
483 2587 880 2642 occubuerunt.
915 2587 1256 2658 Apostolicus
1311 2585 1432 2658 fuga
1473 2587 1597 2640 vitae
1626 2584 1835 2656 asylum

251 2687 536 2748 expetens,
587 2677 728 2732 intra
774 2678 962 2733 urbem
1006 2677 1296 2748 provinciae
1331 2675 1677 2748 Capitiuatm,
1717 2689 1836 2744 qua:

219 2753 510 2824 'Cimitata
573 2767 798 2832 dicitur,
875 2781 994 2822 sese
1051 2767 1310 2837 profugus
1375 2766 1598 2836 recepit.
1665 2764 1834 2832 Quem

237 2863 444 2916 'hostes
472 2860 816 2930 insequentes
847 2871 1056 2914 armato
1081 2859 1252 2914 milite
1280 2859 1530 2914 obsident
1556 2876 1568 2924 ;
1607 2873 1834 2930 aggeres

251 2963 490 3022 portant,
521 2951 952 3006 machinamenta
980 2951 1048 3006 ad
1069 2951 1256 3004 urbem
1279 2951 1593 3020 capiendam
1617 2959 1830 3020 parant,

253 3043 460 3098 incolas
491 3043 653 3098 minis
692 3052 914 3108 terrent,
968 3053 1028 3098 ut
1069 3043 1422 3112 apostolicum
1471 3045 1713 3098 reddunt.
1757 3043 1834 3097 Illi

1941 1850 2223 1898 traxerant
2265 1846 2408 1900 enim
2437 1846 2932 1904 cireummaneutes
2961 1848 3030 1902 ad
3080 1849 3324 1920 proxima
3345 1857 3524 1904 castra

1939 1951 2168 2006 quaeque
2199 1935 2472 1992 habebant
2505 1953 2571 1994 ne
2595 1939 2664 1994 ab
2703 1940 2834 2011 ipsis
2861 1940 3246 2012 diriperentur,
3288 1942 3524 2011 quodam

1941 2041 2166 2095 vespere
2226 2027 2456 2100 dapifer,
2511 2030 2602 2098 qui
2645 2033 2794 2086 omni
2842 2033 3024 2086 domui
3077 2047 3188 2088 suae
3250 2044 3520 2103 praeerat,

1939 2117 2224 2184 requisivit
2250 2118 2318 2174 ab
2349 2118 2467 2188 ipso
2493 2120 2620 2190 quid
2642 2120 2695 2174 in
2712 2121 3006 2176 crastinum
3033 2123 3322 2177 comesturi
3366 2134 3526 2178 erant

1939 2204 2055 2274 ipse
2091 2205 2175 2261 vel
2205 2207 2408 2262 milites
2443 2209 2546 2274 sui,
2585 2208 2772 2265 dicens
2799 2225 2860 2264 se
2889 2225 3065 2280 neque
3111 2211 3312 2266 victum
3349 2227 3524 2280 neque

1937 2297 2170 2364 pretium
2225 2300 2292 2354 ad
2342 2298 2630 2354 entendum
2681 2299 2914 2366 habere;
2983 2301 3128 2372 quod
3177 2302 3224 2356 si
3283 2301 3520 2372 pretium

1939 2390 2186 2454 haberet,
2219 2407 2508 2462 nusquam,
2552 2392 2642 2448 ubi
2687 2409 2810 2447 cum
2847 2408 2980 2464 pace
3017 2395 3154 2449 adiri
3183 2404 3390 2464 posset,
3439 2395 3524 2448 iu-

1939 2481 2110 2536 veniri
2159 2485 2334 2551 poSse.
2383 2485 2714 2540 Guiseardus
2759 2501 2928 2556 usque
2957 2484 3024 2538 ad
3051 2487 3352 2555 sexaginta,
3384 2501 3522 2555 quos

1941 2571 2168 2628 Sclavos
2195 2573 2308 2644 (‘28)
2355 2575 2648 2646 appellant,
2692 2577 2854 2633 t0tius
2891 2576 3156 2632 Calabriae
3199 2593 3398 2646 gnaros
3439 2591 3522 2631 se-

1938 2678 2060 2717 cum
2111 2663 2349 2732 habens,
2397 2681 2535 2736 quos
2573 2667 2726 2736 quasi
2779 2667 2978 2722 fratres
3031 2667 3374 2722 fidelissimos
3421 2667 3524 2722 sibi

1938 2753 2220 2810 beneficiis
2263 2765 2316 2810 et
2339 2757 2655 2814 muneribus
2700 2759 2880 2812 missis
2909 2757 3182 2825 eﬁ‘ecerat,
3214 2759 3524 2816 sciscitatus

1937 2854 2022 2900 est
2049 2845 2117 2900 ab
2140 2846 2240 2912 eis,
2272 2856 2456 2902 utrum
2481 2848 2658 2902 locum
2705 2848 2959 2904 adibilem
2993 2849 3216 2915 scirent,
3242 2863 3349 2918 quo
3381 2863 3540 2922 pr:e.-,

1939 2935 2004 2990 da
2035 2937 2148 3008 (29)
2189 2947 2372 3008 posset
2405 2939 2543 3009 capi.
2574 2939 2784 3005 Quibus
2822 2940 3270 3016 respondentibus
3299 2954 3358 2994 se
3385 2939 3524 2992 ultra

1941 3037 2152 3084 montes
2179 3029 2264 3083 via
2293 3031 2720 3104 praeruptissimis
2746 3031 2799 3085 in
2829 3031 3267 3104 profundissimis
3296 3029 3526 3086 vallibus

251 3149 382 3188 vero
403 3149 616 3204 semper
661 3133 1030 3203 perﬁdissimi,
1075 3135 1220 3189 nulla
1259 3135 1509 3206 pactione
1542 3136 1608 3189 ad
1633 3135 1838 3190 υιίιίια,
1863 3107 1907 3168 C
1938 3119 2332 3196 permaximam
2377 3121 2539 3184 scire.
2573 3123 2667 3179 sed
2697 3123 2813 3178 sine
2851 3138 3046 3192 magno
3083 3123 3397 3178 discrimine
3427 3139 3523 3176 ex-

255 3235 361 3278 tem
391 3224 694 3294 apostolici,
723 3224 827 3280 nisi
857 3233 915 3278 ut
963 3227 1170 3296 seipsos
1213 3235 1515 3292 tuerentur,
1549 3227 1832 3294 acquisita,

251 3329 376 3370 eum
407 3331 505 3384 per
531 3324 717 3384 portas
758 3315 1008 3384 ejiciunt;
1047 3331 1205 3385 quem
1239 3317 1420 3370 hostes
1457 3315 1834 3384 suscipientes,

249 3407 320 3461 ob
351 3406 709 3461 reverentiam
743 3415 942 3462 saneta:
980 3407 1235 3464 Romana:
1268 3407 1542 3473 Ecclesize,
1568 3423 1690 3462 cum
1721 3424 1834 3461 ma-

253 3513 353 3570 gna
387 3497 676 3554 devotione
702 3497 818 3569 ejus
844 3499 1230 3570 provolvuntur
1261 3501 1503 3570 pedibus,
1537 3501 1749 3556 veniam
1781 3511 1837 3556 et

255 3587 690 3643 benedictionem
738 3587 853 3657 ejus
899 3571 1254 3658 postulantes.
1300 3589 1404 3645 Sed
1452 3599 1505 3644 et
1559 3606 1730 3660 usque
1769 3591 1836 3644 ad

253 3679 368 3735 loca
395 3695 504 3750 quo
548 3681 819 3742 exercitus
869 3689 1048 3734 castra
1085 3690 1140 3736 et
1191 3682 1420 3738 tentoria
1467 3681 1682 3747 fixerat,
1709 3697 1836 3737 eum

252 3771 398 3824 onmi
431 3770 733 3824 humilitate
769 3771 844 3826 illi
872 3771 1074 3826 servire
1116 3773 1358 3827 exsecuti
1400 3781 1546 3828 sunt.
1595 3773 1835 3840 Quorum

255 3860 550 3932 legitimam
583 3860 1010 3916 benevolentiam
1049 3863 1128 3916 vir
1179 3864 1510 3933 apostolicus
1554 3873 1836 3935 gratanter

255 3951 578 4024 suscipiens,
596 3951 661 4005 de
682 3949 902 4006 offensis
924 3953 1308 4024 indulgentiam
1329 3963 1384 4010 et
1403 3955 1834 4012 benedictionem

253 4041 504 4107 contulit,
539 4051 597 4097 et
639 4057 854 4096 onmem
911 4052 1130 4110 terram,
1177 4059 1338 4114 quam
1389 4056 1738 4115 pervaserant
1783 4054 1838 4100 et

256 4151 416 4212 quam
439 4135 667 4192 ulterius
690 4151 880 4192 versus
917 4137 1222 4192 Calabriam
1259 4149 1314 4193 et
1353 4139 1594 4194 Siciliam
1637 4140 1835 4196 lucrari

254 4235 500 4297 possent,
538 4229 602 4282 de
633 4227 690 4283 S.
721 4227 906 4294 Petro,
937 4229 1232 4284 hazreditali
1259 4229 1416 4284 feudo
1442 4231 1544 4284 sibi
1583 4239 1636 4286 et
1664 4231 1836 4285 luere-

255 4317 412 4374 dibus
440 4319 554 4372 suis
582 4320 962 4387 possidendam
993 4323 1282 4389 concessit,
1310 4322 1454 4376 circa
1478 4336 1647 4377 annos
1679 4321 1832 4376 l052.

857 4409 1085 4466 CAPUT
1125 4410 1240 4465 Χῖ.

261 4501 499 4565 Qualiter
527 4500 630 4556 Leo
662 4519 796 4572 papa
821 4519 853 4557 α
883 4501 1229 4582 Norlmttnm's
1273 4521 1388 4558 cum
1435 4504 1626 4556 honore
1657 4502 1836 4556 dimis-

941 4589 1029 4625 sus
1065 4581 1154 4648 sit.

263 4669 268 4674 '
326 4664 696 4734 Apostolicum
731 4665 912 4732 itaque
949 4664 1176 4718 Romam
1223 4663 1618 4733 regredientem
1659 4675 1842 4718 comes

261 4753 606 4816 llunifredus,
638 4771 919 4826 quousque
941 4756 1042 4810 sibi
1070 4756 1292 4824 placuit,
1320 4771 1442 4812 cum
1477 4755 1685 4810 honore
1708 4771 1840 4810 con-

259 4844 430 4900 duxit.
495 4846 596 4900 Ubi
645 4861 774 4899 vero
819 4847 1094 4901 licentiam
1153 4847 1412 4904 redeundi
1452 4848 1742 4910 concessit,
1787 4849 1842 4904 in

187 4955 190 4960 ·
258 4937 504 5005 Apuliam
553 4951 803 4991 reversus
829 4953 1042 4991 omnem
1087 4946 1280 4992 terram
1327 4937 1594 5011 placidam
1637 4947 1691 4992 et
1738 4939 1842 4996 sibi

259 5026 596 5080 obedientem
649 5025 876 5090 invenit,
934 5043 1092 5096 quam
1147 5025 1300 5093 longo
1356 5039 1597 5094 tempore
1628 5026 1680 5080 in
1708 5041 1860 5096 pace-

263 5118 418 5181 rexit,
451 5129 506 5170 ut
537 5117 622 5170 vix
662 5119 716 5170 in
745 5116 922 5186 aliquo
959 5117 1073 5172 loco
1115 5131 1219 5171 sua:
1257 5115 1659 5178 dominationis
1704 5118 1842 5179 latro

1936 3211 2080 3288 trahi
2104 3227 2208 3266 non
2231 3225 2408 3282 posse,
2434 3211 2702 3268 Robertus
2733 3213 2839 3266 tale
2865 3212 3038 3266 fertur
3055 3213 3269 3268 dedisse
3299 3227 3525 3283 respon-

1941 3316 2058 3356 sum
2089 3319 2102 3353 :
2139 3300 2255 3366 Eia,
2292 3302 2550 3356 tutissimi
2591 3303 2714 3357 vitae
2753 3318 2886 3358 mea:
2934 3303 3203 3370 fautores,
3250 3304 3397 3357 itane
3426 3319 3524 3372 pa-

1940 3393 2148 3448 tiemini
2179 3393 2555 3462 Guiseardum,
2587 3396 2682 3450 sed
2712 3405 2766 3451 et
2795 3411 2864 3450 ne
2891 3413 2985 3452 vos
3013 3395 3158 3453 fame
3195 3397 3333 3452 allici
3363 3398 3475 3468 (50)
3501 3399 3524 3450 ?

1937 3485 2115 3541 Causa
2169 3486 2348 3541 victus
2395 3487 2730 3556 acquirendi,
2777 3489 2940 3544 dubia
2981 3487 3221 3554 fortuna,
3261 3503 3433 3558 usque
3467 3490 3524 3548 in

1937 3577 2180 3647 periculo
2209 3577 2332 3632 vitae
2378 3577 2630 3634 tentanda
2668 3588 2771 3634 est.
2815 3579 2947 3634 Nam
2977 3589 3032 3635 et
3078 3589 3350 3637 tentantes
3381 3597 3524 3651 saepe

1941 3669 2337 3738 triumphaliter
2385 3669 2626 3725 evasisse
2671 3671 3000 3737 audivimus,
3054 3673 3322 3727 neminem
3371 3687 3520 3739 vero,

1939 3763 2031 3830 qui
2069 3761 2213 3816 fame
2261 3763 2550 3828 interierit,
2583 3763 2812 3818 laudari.
2864 3765 2968 3830 Ite,
3014 3765 3219 3834 inquit,
3271 3766 3523 3820 nocturni

1938 3857 2238 3925 praedones,
2255 3859 2491 3914 ebrietas
2502 3858 2756 3914 Calabros
2773 3861 2950 3914 minus
2965 3857 3152 3932 vigiles
3167 3875 3286 3914 esse
3303 3859 3524 3930 pennit-

1941 3950 2025 4002 tit.
2059 3949 2194 4004 Nam
2234 3961 2288 4005 et
2321 3953 2466 4006 hunc
2491 3952 2632 4007 diem
2660 3953 2928 4008 celebrem
2963 3953 3245 4016 habentes,
3275 3969 3338 4006 ex
3373 3969 3524 4006 more

1939 4041 2199 4096 conviviis
2216 4044 2965 4112 etpotationibusstudueriut
2997 4045 3130 4114 (3i).
3168 4047 3358 4100 Praeite
3384 4045 3520 4116 (52),

1938 4133 2238 4202 subsequar
2279 4133 2541 4188 militibus
2576 4135 2688 4204 (55)
2726 4137 2969 4189 armatis.
3001 4134 3200 4204 Sicque
3248 4135 3389 4189 lecto
3423 4151 3522 4203 pa-

1943 4233 2082 4288 rato,
2110 4237 2231 4278 cum
2248 4223 2360 4292 jam
2383 4225 2675 4279 collocatus
2693 4235 2856 4289 esset,
2877 4226 2942 4280 de
2965 4235 3121 4280 nocte
3147 4225 3294 4279 nullo
3317 4226 3524 4279 sciente

1941 4329 2271 4384 consurgens
2297 4315 2388 4368 vili
2413 4325 2560 4370 veste
2584 4325 2637 4370 et
2659 4317 2885 4386 scarpis,
2905 4317 3101 4386 quibus
3120 4332 3218 4386 pro
3236 4317 3524 4372 calceariis

1865 4447 1914 4506 ι)
1941 4413 2184 4470 utuntur,
2227 4404 2292 4458 ad
2332 4405 2740 4462 similitudinem
2783 4409 3096 4464 abeuntium
3141 4425 3262 4464 sese
3307 4419 3520 4478 aptans,

1945 4494 2048 4550 illis
2095 4495 2304 4550 medius
2349 4495 2682 4566 adj'ungitur.
2725 4497 2923 4569 Sicque
2963 4517 3058 4572 per
3096 4509 3264 4555 totam
3305 4509 3523 4556 noctem

1945 4585 2158 4658 ignotus
2187 4603 2371 4645 comes
2400 4588 2506 4643 illis
2533 4587 2735 4657 factus,
2762 4589 2896 4646 nulli
2925 4607 3112 4648 eorum
3141 4593 3364 4647 verbum
3388 4591 3521 4648 effe-

1942 4677 2034 4736 cit.
2071 4675 2204 4732 Nam
2236 4695 2410 4752 neque
2449 4694 2712 4737 excreare
2743 4681 2974 4746 volebat,
3010 4699 3078 4739 ne
3115 4682 3252 4738 forte
3289 4684 3362 4738 ita
3401 4685 3524 4753 quis

1943 4777 2088 4822 esset
2129 4769 2642 4839 deprehenderetur.
2700 4773 2836 4841 Quia
2877 4773 3024 4829 enim
3062 4772 3301 4842 ejusdem
3352 4773 3527 4843 gentis

1944 4867 2116 4923 erant,
2146 4873 2251 4914 non
2281 4877 2349 4916 ex
2389 4869 2499 4916 toto
2534 4874 2653 4914 sese
2684 4861 2943 4919 credebat
2970 4865 3093 4920 illis.
3135 4865 3304 4920 Porro
3342 4863 3430 4917 ubi
3461 4863 3530 4916 ad

1945 4949 2118 5006 locum
2157 4955 2354 5023 prtedae
2389 4962 2614 5006 ventum
2655 4965 2765 5022 est,
2799 4955 3060 5028 quidquid
3091 4959 3164 5014 ibi
3211 4959 3534 5013 invenerunt

1946 5053 2071 5100 ante
2099 5061 2158 5100 se
2191 5045 2529 5116 colligentes,
2563 5042 2684 5110 ipse
2709 5047 2914 5103 crebris
2948 5051 3172 5108 saltibus
3205 5060 3258 5107 et
3289 5048 3536 5102 vibrante

1947 5137 2148 5200 hastili,
2167 5145 2225 5189 ut
2255 5137 2483 5193 reditum
2507 5133 2842 5204 accelerent,
2863 5143 3042 5200 socios
3068 5143 3404 5198 hortabatur.
3430 5135 3536 5190 Sed
