4010 5230
506 316 839 377 Guiseardus
865 355 879 380 ,
910 313 1250 380 insequentes
1285 316 1643 375 approperarc
1671 296 1860 350 videns
1893 299 1948 344 et
1980 300 2066 341 so-
2097 313 2112 341 Α

2195 274 2423 329 ιωιιὶὺιιε
2461 257 2866 337 praesumptuosi

2266 364 2299 380 ,ν
2590 358 2866 380 mum,“

510 414 645 474 cios,
690 422 759 465 ue
793 405 971 478 praeda
1000 399 1199 473 privari
1230 396 1520 467 patiantur.
1570 404 1688 444 sese
1719 384 1947 442 invicem
1983 394 2077 433 au-

513 504 702 557 daeter
753 473 1023 551 cohortari
1070 488 1313 553 audiens,
1352 494 1411 539 ut
1451 479 1768 537 audaciores
1805 473 2075 536 redderet,

510 594 622 660 jam
660 590 782 660 quis
818 595 960 642 esset
1002 580 1227 652 aperuit.
1260 573 1620 635 Guiscardus,
1656 567 1855 638 inquit,
1886 563 2077 618 adsum

512 653 785 752 particeps
813 675 1012 731 laboris
1044 672 1228 727 vestri.
1265 667 1393 723 Sine
1431 679 1518 719 me
1550 661 1624 717 nil
1650 657 1871 732 periculi
1910 653 2081 725 patie-

512 745 667 824 iuiui.
712 745 857 822 Furti
891 766 1071 818 animo
1112 768 1309 823 estote,
1351 766 1409 812 et
1447 757 1788 818 insumamus
1814 745 2076 802 hostibus.

514 863 683 924 Nam,
728 859 839 912 Dco
881 855 1152 910 fortunam
1199 857 1578 922 prosperante,
1625 842 1781 898 facile
1824 835 2080 909 praevale-

510 949 708 1003 bimus.
743 946 869 1001 llaec
904 943 1060 1008 dixit,
1097 950 1152 996 et
1188 939 1429 995 hostibus
1466 950 1587 992 eum
1626 926 1865 988 maximo
1902 926 2082 980 furore

511 1023 821 1099 occurrens,
842 1032 967 1086 dum
997 1039 1187 1090 certat,
1213 1028 1410 1082 multos
1440 1023 1678 1096 perimit,
1702 1020 1883 1092 plures
1912 1016 2103 1084 capit,

519 1127 753 1195 reliquos
786 1124 955 1195 fugat,
983 1122 1155 1176 victor
1176 1117 1423 1174 efficitur.
1453 1115 1650 1183 Sicque
1672 1104 2084 1179 triumphalibus

516 1217 705 1287 spoliis
725 1214 989 1284 acceptis,
1021 1214 1086 1267 de
1116 1210 1387 1282 peditibus
1422 1210 1536 1262 suis
1562 1204 1770 1273 equites
1798 1200 1951 1264 fecit,
1987 1197 2082 1252 de—

515 1308 681 1379 uique
717 1308 828 1376 jam
873 1319 1116 1371 securus,
1146 1302 1385 1372 captivos
1417 1313 1597 1355 secum
1629 1295 1918 1356 deducens,
1946 1304 2083 1360 prte-

516 1397 683 1463 cedit,
712 1398 894 1466 paucis
933 1395 1022 1465 qui
1068 1392 1304 1464 prmdam
1345 1397 1469 1461 post
1513 1403 1571 1443 se
1610 1385 1818 1441 minent
1861 1380 2080 1435 relictis.

518 1490 714 1544 Milites
758 1503 890 1545 vero
931 1487 1011 1542 sui
1050 1501 1171 1541 cuin
1210 1485 1346 1554 jam,
1400 1482 1518 1538 luce
1561 1488 1702 1539 orta,
1728 1491 1822 1532 eos
1847 1480 2085 1529 armatos

518 1601 708 1640 versus
729 1594 965 1639 castrum
996 1580 1249 1637 advenire
1274 1582 1682 1648 cognoscerent,
1705 1573 1886 1627 hostes
1914 1567 2087 1637 suspi-

520 1677 652 1741 cati,
681 1675 953 1731 dominum
982 1690 1135 1730 suum
1167 1674 1255 1729 ubi
1279 1681 1421 1728 esset
1448 1671 1770 1731 nescientes,
1799 1680 1895 1737 per
1920 1671 2088 1718 totum

523 1776 762 1818 castrum
808 1764 1041 1820 clamore
1088 1767 1390 1833 requirunt.
1435 1761 1552 1817 Non
1598 1758 1937 1814 invenientes
1985 1763 2094 1807 tur-

525 1857 751 1922 bantur;
782 1857 1036 1911 audacter
1062 1864 1238 1910 tamen
1262 1862 1441 1909 castro
1468 1850 1809 1924 prosilientes
1830 1847 1934 1902 illis
1957 1858 2092 1914 quos

524 1949 709 2003 hostes
755 1949 1172 2018 suspicabantur
1218 1961 1506 2002 occurrere
1548 1943 1870 2000 accelerant.
1923 1938 2093 1994 Porro

528 2038 877 2101 Guiseardus,
908 2055 1102 2109 equum
1134 2038 1187 2093 in
1216 2053 1321 2109 quo
1351 2035 1572 2095 sedebat
1598 2033 1846 2092 ealcariis
1874 2046 2090 2101 urgens,

523 2130 634 2184 alta
663 2146 795 2186 voce
820 2131 1172 2197 Gniscardum
1212 2129 1588 2202 ingeminando
1617 2127 1880 2195 occurrit,
1910 2125 2095 2192 sicque

524 2221 740 2291 agnitus
784 2223 851 2276 ab
902 2222 1007 2276 illis
1047 2223 1115 2276 de
1162 2222 1444 2291 prmscutia
1490 2235 1585 2275 sua
1631 2229 1686 2273 et
1722 2220 1786 2273 de
1837 2216 2095 2271 felicitate

522 2314 752 2367 fortuna:
789 2330 977 2370 omnes
1021 2315 1220 2392 hilares
1259 2313 1456 2369 reddit.
1496 2311 1872 2387 ‘Retlarguitur
1914 2318 2092 2363 tamen

522 2404 813 2475 plurimum
852 2406 918 2460 ab
956 2405 1086 2476 ipsis
1128 2406 1270 2475 quod
1304 2405 1429 2460 talia
1469 2401 1902 2474 praesumpserit,
1937 2408 1991 2454 et
2027 2413 2094 2454 ne

523 2494 749 2549 ulterius
781 2504 1073 2566 praesumat
1099 2496 1440 2561 admonetur,
1475 2509 1541 2548 ne
1569 2492 1781 2549 fortuna
1804 2505 1923 2561 quae
1952 2502 2097 2544 nunc

524 2585 710 2641 arrisit
751 2588 1091 2658 postmodum
1131 2588 1175 2641 si
1219 2595 1479 2651 tentetur,
1522 2586 1574 2639 in
1615 2583 1765 2653 pejus
1801 2581 1976 2637 cedat.
2006 2578 2098 2636 Sic

531 2685 769 2729 castrum
809 2678 985 2747 praeda
1024 2685 1077 2731 et
1127 2676 1495 2744 redemptione
1531 2674 1863 2744 captivorum
1896 2670 2094 2732 ditans,

528 2769 786 2824 Calabros
811 2768 1017 2824 crebris
1044 2767 1444 2824 incursionibus
1469 2764 1755 2836 plurimum
1802 2758 2090 2817 lacessivit.

1104 2875 1328 2933 CAPUT
1359 2875 1517 2932 XVII.

707 2971 786 3024 De
813 2965 1037 3025 Ifoberlo
1067 2968 1355 3023 Cuiscardo
1382 2979 1428 3023 et
1454 2967 1611 3023 Petro
1642 2968 1704 3020 de
1733 2966 1918 3021 Turra.

605 3062 848 3129 Qualiter
886 3080 1014 3118 vero
1036 3063 1253 3117 Petrum
1280 3061 1346 3115 de
1378 3059 1548 3114 Turra
1583 3059 1673 3130 qui
1705 3058 1842 3130 apud
1875 3054 2097 3111 Bisinia-

532 3171 658 3208 num
690 3158 1022 3221 morabatur,
1050 3152 1567 3224 aeeeperit,silentio
1585 3148 2101 3223 prmteriuittendum

533 3258 639 3300 non
682 3256 786 3301 est.
817 3247 946 3302 Erat
987 3249 1180 3317 quippe
1217 3246 1356 3301 idem
1401 3245 1595 3300 Petrus
1637 3241 1932 3305 ditissimus
1970 3237 2103 3294 civis

532 3336 951 3402 Disiuiaucusis,
984 3340 1075 3393 sed
1105 3348 1160 3393 et
1185 3336 1409 3392 consilio
1442 3345 1498 3392 et
1524 3336 1722 3388 virtute
1750 3330 1959 3387 caeteris
1990 3328 2103 3399 pol-

534 3428 685 3493 lens,
736 3429 984 3484 omnibus
1029 3428 1452 3499 priueipabatur.
1509 3425 1663 3480 Soliti
1712 3433 1893 3478 autem
1947 3426 2105 3474 erant

536 3516 808 3571 multoties
846 3518 1153 3582 convenire,
1205 3517 1293 3571 hic
1339 3526 1394 3570 et
1443 3504 1708 3570 Robertus
1743 3512 2101 3573 Guiscardus,

539 3610 695 3673 quasi
754 3609 821 3660 ad
869 3609 1123 3675 placitum
1175 3610 1241 3662 de
1288 3609 1533 3678 pluribus
1569 3604 1949 3660 controversiis
1987 3617 2105 3672 qua:

538 3696 680 3749 inter
706 3710 829 3749 suos
857 3697 1195 3749 eveniebant.
1225 3696 1392 3750 Porro
1417 3694 1767 3757 Guiscardus,
1792 3709 1911 3748 eum
1945 3692 2106 3746 sciret

537 3799 660 3839 eum
712 3786 941 3841 maxima
990 3787 1214 3856 pecunia
1271 3787 1576 3848 abundare,
1625 3795 1681 3839 et
1727 3799 1839 3855 pra:
1896 3784 2139 3839 emteris

540 3885 720 3930 castra
743 3876 1043 3941 dominari,
1075 3874 1232 3944 cmpit
1270 3875 1449 3929 animo
1487 3883 1720 3928 tractare
1751 3873 1981 3942 qualiter
2011 3887 2107 3942 per

538 3983 662 4021 eum
688 3977 744 4022 et
769 3976 947 4022 castro
976 3968 1138 4038 potiri
1167 3978 1364 4035 posset,
1396 3976 1451 4023 et
1478 3967 1759 4037 pecuniam
1786 3981 1948 4035 quam
1983 3980 2106 4036 pos-

538 4058 749 4113 sidebat
774 4059 1131 4113 abstraheret.
1157 4057 1308 4124 Quod
1336 4072 1516 4113 secum
1545 4056 1637 4112 diu
1661 4057 1959 4123 revolvens,
1986 4064 2107 4111 tan-

538 4152 660 4204 dem
705 4151 930 4205 consilio
971 4167 1090 4204 cum
1134 4151 1247 4205 suis
1296 4150 1514 4215 habito,
1559 4149 1793 4220 quadam
1836 4149 1923 4203 die
1962 4149 2107 4203 nullo

540 4241 745 4295 foedere
797 4242 1112 4309 interposito
1159 4250 1313 4296 extra
1368 4253 1604 4297 castrum
1651 4240 2003 4305 Bisianense,
2052 4240 2104 4294 in

1336 184 1689 249 CAUFRED],
1720 164 2166 235 MALATEIUUE
2203 154 2509 219 MONACHI
2545 140 2903 207 BENEDICT.

3607 116 3744 172 ειη

2870 255 3091 320 ssimus,
3125 259 3183 306 et
3213 263 3528 321 magnarum
3561 261 3743 302 rerum

2178 359 2568 419 audacissimus
2590 358 2904 411 altentator,
2923 344 3140 399 Petrum
3164 341 3398 396 medium
3420 337 3742 407 corripiens,

2176 452 2317 509 collo
2355 445 2691 519 suppositum
2725 451 2916 493 versus
2944 448 3067 491 suos
3108 440 3387 501 asportare
3422 428 3609 496 cmpit.
3645 426 3747 481 Ae-

2180 516 2526 597 eurrentibus
2546 533 2727 601 itaque
2750 527 3031 594 utriusque
3052 521 3235 585 sociis,
3260 516 3746 579 Bisinianensibus,

2176 645 2239 691 ut
2262 634 2481 689 Petrum
2514 634 2798 685 eruerent.
2826 615 3175 676 Nortmannis
3200 629 3350 676 vero,
3382 616 3455 667 ut‘
3471 611 3747 666 dominum

2179 740 2335 783 suum
2379 724 2660 794 juvarent,
2700 710 3031 770 Guiscardus
3080 707 3299 762 Petrum
3346 702 3620 757 enerviter
3666 714 3753 754 re-

2181 791 2475 872 luctant—em
2507 807 2776 866 interdum
2794 800 3100 874 ‘portando,
3132 797 3401 852 interdum
3430 791 3750 855 volutando,

2181 906 2450 963 interdum
2489 898 2752 956 trahendo
2791 906 2962 964 usque
2999 890 3067 944 ad
3112 902 3240 943 suos
3274 883 3549 957 perduxit.
3594 881 3753 937 Cala-

2181 997 2407 1052 breuses
2430 1005 2562 1046 vero
2591 986 2848 1061 del’etro
2871 983 2983 1054 jam
3018 981 3393 1050 desperantes,
3421 980 3476 1028 et
3506 987 3606 1043 pro
3640 970 3757 1042 ipso
3798 966 3809 975 ’

2183 1101 2303 1142 cum
2354 1079 2706 1139 Nortmannis
2746 1075 2968 1132 minime
3012 1078 3225 1127 certare
3262 1069 3639 1139 praenitentes,
3672 1063 3761 1116 fu-

2184 1177 2377 1248 giendo
2426 1190 2547 1231 sese
2598 1173 2652 1228 in
2703 1179 2942 1227 castrum
2988 1163 3361 1219 Bisinianense
3410 1164 3759 1229 receperunt.

2185 1266 2505 1322 Nortmauui
2523 1277 2677 1326 vero,
2702 1259 2996 1332 gaudentes
3017 1252 3169 1325 quasi
3191 1252 3257 1307 de
3279 1249 3572 1317 triumpho,
3593 1259 3764 1315 usque

2188 1358 2255 1413 ad
2285 1365 2526 1412 castrum
2573 1353 2634 1408 S.
2678 1349 2842 1405 Marci
2870 1347 3088 1403 Petrum
3129 1357 3311 1399 secum
3346 1340 3644 1404 adducunt,
3673 1337 3764 1391 ubi

2187 1446 2497 1518 aliquandiu
2521 1446 2572 1501 in
2604 1443 2857 1512 captione
2870 1438 3138 1501 detentus,
3157 1434 3438 1505 pecuniam
3459 1428 3766 1484 mirabilem

2153 1573 2157 1576 ν
2187 1536 2524 1608 persolvens,
2551 1534 2788 1603 seipsum
2811 1546 2840 1585 a
2864 1527 3114 1597 captione
3139 1522 3406 1588 liberavit,
3431 1520 3525 1576 sed
3557 1519 3767 1574 civibus

2119 1625 2164 1684 Β
2192 1607 2296 1680 non
2329 1621 2768 1685 assentientibus,
2798 1624 3038 1672 castrum
3065 1612 3286 1668 minime
3316 1610 3543 1665 reddere
3567 1607 3765 1678 potuit.

2193 1716 2308 1771 Tali
2358 1713 2650 1770 calliditate
2701 1718 2755 1768 et
2805 1708 2933 1763 huic
2985 1703 3254 1761 similibus
3300 1699 3660 1757 Calabrenses
3701 1698 3769 1753 de

2191 1803 2490 1861 Guiscardo
2548 1798 2870 1869 compertis,
2934 1810 3104 1866 genus
3170 1790 3767 1852 formidolosissimum,

2192 1913 2381 1955 omnes
2427 1905 2553 1952 ante
2587 1909 2710 1949 eum
2763 1891 3084 1953 tremebant,
3127 1889 3324 1958 quippe
3363 1886 3448 1941 eui
3492 1884 3767 1940 neminem

2193 1987 2480 2043 assimilari
2502 2000 2661 2058 posse
2687 1983 2856 2039 armis
2884 1991 2938 2036 et
2968 1979 3203 2049 ingenio,
3234 1976 3327 2032 sed
3359 1989 3536 2044 neque
3566 1973 3769 2029 viribus

2195 2080 2462 2137 dicebant.
3242 2061 3247 2065 ⁴

2759 2161 2986 2219 CAPUT
3024 2156 3209 2217 XVIII.

2196 2259 2439 2329 Qualiter
2454 2256 2709 2311 Robertus
2732 2253 3055 2310 Guiscardus
3072 2266 3241 2305 comes
3264 2246 3303 2301 Α
3311 2246 3469 2317 pulice
3488 2246 3664 2316 factus
3684 2245 3766 2300 sit.

2263 2350 2439 2406 Tanta
2490 2349 2672 2416 itaque
2712 2344 2942 2417 pecunia
2996 2340 3330 2398 Guiscardus
3375 2347 3598 2407 accepta
3649 2352 3770 2392 suos

2198 2441 2536 2496 abundanter
2581 2434 3003 2498 remunerando,
3034 2432 3086 2486 in
3124 2431 3204 2485 sui
3244 2428 3499 2483 fidelitate
3530 2427 3770 2490 roborat,

2198 2529 2659 2596 Calabrensesque
2687 2525 2994 2580 infestiores
3015 2521 3212 2586 reddit,
3236 2518 3551 2589 quotidiano
3573 2518 3771 2586 impetu
3848 2530 3851 2533 ‘

2197 2632 2467 2676 lacessens
2519 2616 2918 2671 Bisinianenses
2953 2622 3009 2667 et
3058 2609 3433 2674 Consentinos,
3487 2606 3773 2661 Marturia-

2198 2726 2393 2766 uenses
2418 2718 2473 2764 et
2500 2708 2584 2764 his
2626 2705 2961 2776 adiacentem
3002 2700 3332 2772 provinciam
3377 2711 3565 2752 secum
3602 2696 3803 2763 fredus,

2197 2803 2337 2859 inire
2367 2801 2575 2871 coegit:
2622 2798 2711 2853 tali
2742 2796 2991 2852 videlicet
3025 2803 3181 2864 pacto
3210 2801 3268 2846 ut
3302 2800 3479 2845 castra
3513 2804 3610 2843 sua
3653 2791 3771 2843 reti-

2200 2902 2387 2947 nentes
2423 2889 2700 2946 servitium
2731 2885 3101 2942 tantummodo
3124 2892 3181 2937 et
3209 2882 3465 2936 tributum
3504 2880 3773 2948 persolve-

2122 2957 2170 3021 C
2206 2991 2346 3046 rent,
2376 2992 2433 3038 et
2460 2982 2562 3036 hoc
2590 2978 2945 3034 sacramentis
2972 2984 3027 3031 et
3054 2974 3330 3029 obsidibus
3355 2971 3772 3041 spoponderunt.

2206 3074 2532 3129 llunil‘redus
2581 3071 2746 3142 igitur
2774 3083 2982 3134 eomes,
3028 3063 3273 3136 Apuliam
3302 3061 3690 3134 gloriosissime
3723 3068 3771 3113 et

2206 3162 2461 3218 laudabili
2513 3175 2646 3233 pace
2693 3159 3025 3228 gubernans,
3070 3154 3383 3211 inﬁrmitate
3435 3160 3772 3221 praeventus,

2204 3254 2349 3324 quod
2379 3252 2533 3308 dolor
2570 3262 2646 3307 est
2686 3251 2887 3313 dicere,
2924 3256 3172 3301 mortuus
3202 3253 3304 3299 est.
3337 3242 3490 3309 Quod
3525 3241 3774 3296 Guiscar—

2205 3347 2326 3424 dus,
2353 3345 2442 3415 qui
2475 3354 2603 3399 tunc
2627 3340 2884 3412 temporis
2913 3338 3051 3410 apud
3074 3336 3129 3391 S.
3164 3335 3401 3389 Marcum
3437 3333 3773 3395 morabatur,

2208 3422 2456 3503 audiens,
2484 3449 2675 3489 versus
2720 3431 2970 3503 Apuliam
3010 3441 3202 3497 magno
3227 3441 3350 3481 eum
3388 3424 3571 3479 dolore
3615 3422 3775 3477 animi

2208 3526 2505 3593 accelerat;
2555 3535 2941 3593 susceptusque
2991 3535 3019 3574 a
3050 3519 3237 3589 patria:
3278 3514 3618 3587 primatibus,
3667 3530 3777 3567 om-

2208 3619 2357 3673 nium
2409 3617 2657 3674 dominus
2704 3622 2757 3669 et
2806 3628 2990 3669 eomes
3032 3610 3085 3665 in
3134 3609 3252 3663 loco
3298 3606 3480 3660 fratris
3528 3604 3777 3668 efficitur,

2207 3709 2578 3778 ordinatisque
2614 3708 2774 3761 rebus
2806 3703 2919 3758 suis
2957 3712 3012 3757 et
3041 3709 3149 3755 tota
3180 3697 3382 3768 Apulia
3418 3696 3520 3751 sibi
3565 3697 3617 3750 in
3650 3709 3777 3766 pace

2207 3801 2510 3866 conciliata,
2544 3799 2684 3870 quod
2725 3796 2957 3868 primum
2988 3792 3170 3847 animo
3197 3798 3519 3859 conceperat
3559 3787 3777 3842 minime

2209 3891 2452 3947 oblivisci
2494 3887 2688 3958 potuit,
2723 3885 2816 3941 sed
2847 3885 2959 3954 jam
2993 3878 3238 3950 ampliori
3281 3877 3505 3947 imperio
3531 3876 3777 3929 dilatatus

2210 3991 2264 4038 et
2292 3979 2586 4052 majoribus
2605 3976 2828 4038 viribus,
2861 3972 3089 4028 militum
3114 3967 3363 4023 videlicet
3390 3965 3541 4034 copia
3572 3973 3775 4029 auctus,

2211 4074 2277 4127 ad
2334 4070 2475 4141 quod
2542 4075 2784 4137 eruperat
2847 4056 3208 4134 peragenduin
3271 4058 3464 4111 iterum
3526 4056 3771 4108 intendit.

2212 4162 2464 4218 Exercitu
2497 4159 2680 4227 itaque
2714 4160 3014 4215 commoto,
3044 4159 3097 4204 et
3125 4149 3209 4203 bis
3235 4161 3353 4216 qum
3385 4145 3450 4197 ad
3487 4143 3778 4212 expeditio-

2212 4268 2332 4307 nem
2359 4251 2662 4307 neeessaria
2685 4254 2861 4310 erant,
2893 4258 3080 4299 versus
3100 4250 3285 4311 partes
3314 4238 3580 4294 Calabriae
3609 4237 3776 4291 aciem

547 4348 736 4403 campo
768 4336 820 4388 in
847 4348 953 4403 quo
982 4334 1210 4405 colloqui
1253 4344 1645 4389 consueverant
1675 4349 1796 4388 cum
1828 4333 2105 4389 venissent

2211 4344 2426 4415 dirigit;
2464 4340 2936 4410 pertransiensque
2974 4332 3345 4399 Consentinus
3366 4331 3501 4383 lines
3546 4336 3602 4381 et
3642 4326 3774 4381 Mar-

536 4424 903 4490 Guiscardus,
955 4425 1144 4480 videns
1197 4427 1485 4480 maximam
1534 4426 1930 4481 multitudinem
1979 4441 2102 4481 eum

537 4514 698 4568 Petro
726 4516 959 4578 venisse,
991 4516 1181 4571 nuntio
1216 4517 1494 4586 praemisso
1522 4517 1741 4570 mandat
1770 4532 1829 4571 se
1859 4515 1932 4570 illi
1970 4514 2107 4570 mul-

539 4604 752 4656 titudini
800 4605 1155 4660 intermisceri
1202 4606 1361 4673 nolle,
1394 4624 1461 4662 ne
1500 4610 1637 4662 forte
1673 4609 1813 4662 inter
1850 4609 1995 4677 ipsos
2024 4617 2106 4662 tu-

540 4695 741 4749 multus
782 4710 847 4751 ex
893 4697 1071 4767 aliqua
1116 4714 1175 4752 re
1216 4699 1401 4765 fieret,
1438 4699 1530 4753 sed
1585 4700 1794 4770 longius
1844 4700 2107 4770 promotis

538 4782 820 4851 utriusque
840 4788 1010 4856 partis
1030 4789 1191 4844 sociis
1206 4790 1304 4858 ipsi
1328 4790 1433 4844 duo
1455 4791 1507 4843 in
1533 4791 1766 4844 medium
1789 4789 2106 4845 collocuturi

541 4875 912 4930 convenirent.
967 4878 1295 4935 Prmdixerat
1357 4892 1535 4937 tamen
1586 4883 1698 4937 suis
1747 4883 1875 4953 quid
1931 4881 2109 4939 facere

522 4966 894 5037 disponebat,
926 4980 976 5025 et
1007 4987 1128 5027 eum
1170 4987 1394 5028 necesse
1433 4972 1592 5041 foret,
1630 4976 1731 5030 sibi
1766 4974 1926 5030 citius
1959 4975 2109 5030 auxi-

541 5057 1106 5117 liaturioceurrerent.
1139 5065 1476 5121 Assentiente
1505 5069 1687 5137 itaque
1710 5069 1867 5123 Petro
1888 5068 1970 5122 bis
1991 5083 2110 5137 quae

543 5162 571 5199 a
602 5147 899 5205 Guiscardo
926 5153 1177 5205 mandata
1211 5164 1364 5218 sunt,
1397 5156 1497 5209 sibi
1534 5156 1711 5210 minus
1747 5157 2109 5226 prospiciens,

2209 4438 2560 4495 turiancnses,
2583 4433 2737 4501 juxta
2762 4429 2963 4485 calidas
2989 4441 3175 4495 aquas,
3210 4437 3369 4492 super
3390 4419 3613 4474 flumine
3638 4416 3775 4487 quod

2207 4529 2407 4584 Nocato
2430 4527 2625 4582 dicitur
2643 4523 2806 4578 biduo
2820 4517 3132 4590 permansit.
3159 4523 3218 4569 ut
3241 4512 3540 4569 exercitum
3573 4508 3777 4563 itineris

2210 4619 2505 4689 aSperitate
2556 4615 2839 4684 fatigatum
2894 4616 3169 4664 recrearet
3217 4614 3274 4660 et
3322 4614 3524 4658 terram
3580 4601 3777 4655 certius

2212 4711 2539 4780 exploraret.
2576 4707 2811 4775 Indeque
2846 4701 3215 4775 pertransicns
3249 4695 3511 4764 usquead
3544 4703 3773 4747 castrum

2208 4801 2352 4871 quod
2410 4799 2722 4870 Scyllatium
2771 4795 2997 4856 dicitur,
3047 4788 3200 4857 juxta
3254 4786 3404 4839 littus
3457 4782 3628 4837 maris
3681 4781 3777 4833 iter

2213 4893 2516 4957 intendens,
2548 4888 2813 4958 Rhegium
2847 4899 3016 4953 usque
3049 4879 3310 4951 pervenit,
3340 4877 3430 4931 ubi
3470 4875 3647 4928 triduo
3676 4872 3772 4925 situ

2213 4982 2315 5037 loci
2350 4982 2611 5051 inspecto,
2639 4993 2761 5031 eum
2792 4976 3000 5028 videret
3025 4986 3082 5026 se
3110 4969 3257 5023 cives
3285 4966 3465 5030 urbis,
3495 4979 3593 5018 nec
3624 4960 3772 5015 minis

2212 5086 2312 5126 nec
2341 5050 2725 5125 blandimentis
2748 5064 2966 5119 ﬂectere
2995 5074 3171 5132 posse,
3198 5056 3520 5126 quibusdam
3550 5050 3766 5121 negotiis

2211 5172 2399 5211 versus
2450 5154 2700 5225 Apuliam
2749 5166 2808 5206 se
2858 5147 3267 5209 revocantibus,
3325 5143 3555 5196 reditum
3609 5145 3770 5209 parat.
