4010 5230
243 113 378 170 IIIS

1359 117 1674 174 HISTORIA
1711 119 1972 202 SICLELA.
2015 151 2084 162 —-
2119 121 2249 176 LIB.
2287 123 2326 178 l.

3345 123 3480 180 tut
3563 193 3570 198 _

237 229 496 298 juvenilis
533 237 668 284 tetas
693 237 748 284 et
776 243 928 282 amor
963 237 1244 298 parentum
1275 230 1599 296 detinuerat,
1627 237 1816 288 subsc-
1842 243 1886 300 Α
1917 233 2016 288 dus
2051 235 2274 290 audiens
2301 233 2632 304 Rhegienses
2671 232 2851 288 omnia
2897 229 3320 302 circumquaque
3361 249 3481 302 qua:

244 331 403 377 catus
429 321 480 373 in
515 319 766 388 Apuliam
801 319 976 384 venit;
1005 318 1072 374 de
1100 317 1254 388 cujus
1291 321 1522 376 adventu
1557 322 1809 378 Guiscar-

241 414 366 474 dus,
412 426 518 465 non
559 411 840 464 minimum
889 412 1134 480 gavisus,
1180 413 1384 468 honore
1435 429 1542 484 quo
1585 415 1812 470 decebat

239 518 364 558 eum
395 502 652 572 suscepit.
679 503 809 556 Erat
833 503 976 558 enim
998 502 1214 570 juvenis
1243 504 1656 574 pulcherrimus,
1687 521 1808 576 pro-

243 612 382 654 cera!
429 605 668 659 staturae,
703 595 932 666 eleganti
973 611 1220 665 corpore,
1258 597 1436 668 lingua
1485 599 1808 654 facundissi-

242 701 400 748 mus,
447 683 673 740 consilio
703 685 958 748 callidus,
995 685 1048 738 in
1099 685 1436 742 ordinatione
1483 690 1808 758 agendarum

245 791 426 830 rerum
481 775 764 844 providus,
827 775 1080 830 omnibus
1123 775 1392 844 jocundus
1442 787 1498 832 et
1550 777 1808 842 affabilis,

241 869 448 924 viribus
491 868 674 930 fortis,
707 868 896 924 militia
941 868 1121 938 ferox;
1171 870 1366 938 quibus
1411 873 1616 926 artibus
1661 871 1808 928 brevi

239 967 485 1026 tempore
523 971 736 1010 omnem
783 957 1012 1026 gratiam
1051 959 1266 1012 meruit.
1302 957 1434 1024 Quia
1463 973 1590 1014 vero
1625 959 1812 1014 factio-

239 1061 328 1100 sas
356 1055 496 1110 erat,
520 1055 572 1099 et
599 1045 790 1108 laudis,
818 1059 877 1100 ut
899 1047 950 1099 in
983 1047 1074 1100 tali
1103 1056 1260 1102 :etate
1289 1047 1506 1112 assolet,
1526 1059 1808 1118 appetens,

241 1137 494 1190 factiosos
549 1151 788 1206 quosque
845 1137 944 1190 sibi
1003 1136 1265 1206 alligans,
1331 1152 1556 1206 quaeque
1613 1138 1810 1194 habere

239 1233 454 1296 poterat
499 1224 730 1279 libenter
779 1233 834 1279 et
883 1225 1186 1295 largissime
1231 1225 1336 1280 illis
1385 1225 1806 1294 impertiebatur.

239 1315 406 1368 Porro
432 1313 780 1380 Guiscardus,
823 1314 1006 1370 fratris
1039 1315 1400 1370 constantiam
1430 1325 1484 1370 et
1523 1317 1810 1372 militarem

239 1404 522 1458 audaciam
566 1405 766 1458 certius
812 1405 1048 1474 experiri
1099 1405 1314 1468 volens,
1361 1421 1480 1460 cum
1533 1407 1811 1476 sexaginta

240 1504 446 1550 tantum
487 1495 746 1551 militibus
789 1497 1018 1568 plurima
1053 1499 1214 1553 millia
1251 1499 1486 1554 hostium
1515 1500 1808 1554 debellatu-

1909 323 1975 378 ad
2028 324 2230 378 victum
2278 323 2584 379 necessaria
2641 329 2798 378 erant
2861 335 3044 378 secum
3090 319 3232 374 infra
3285 321 3474 375 urbem

1911 411 2196 478 clausisse,
2219 421 2275 466 et
2295 413 2426 468 nihil
2451 412 2696 468 relictum
2721 408 2863 480 quod
2885 409 3142 466 exercitui
3170 409 3480 478 contiguum

1911 501 2072 566 foret,
2107 503 2394 572 providens
2427 519 2496 558 ne
2535 499 2826 558 obsidenda
2859 499 2992 552 urbe
3033 497 3191 552 famis
3231 499 3480 568 angustia

1909 594 2207 649 exercitum
2236 593 2576 662 propelleret,
2609 590 2894 662 Rogerium
2942 587 3162 644 fratrem
3202 603 3323 642 cum
3369 596 3474 642 tre—

1910 686 2082 740 centis
2135 685 2397 740 militibus
2446 699 2636 738 versus
2683 691 2954 744 castrum,
3003 680 3144 748 quod
3192 677 3478 732 Gcracium

1910 775 2130 840 dicitur,
2169 776 2222 830 in
2263 775 2498 844 praedam
2542 773 2758 844 dirigit,
2809 785 3148 840 summopere
3185 770 3481 822 admonens

1911 875 1970 920 ut
2016 866 2277 936 quidquid
2334 867 2400 920 ad
2457 865 2632 920 victus
2675 861 2979 918 necessaria
3038 873 3228 930 rapere
3275 865 3478 928 posset,

1909 959 2048 1028 apud
2081 958 2341 1028 Rhegium
2369 958 2627 1012 exercitui
2669 955 2910 1021 deferat;
2939 955 3074 1024 ipse,
3101 963 3250 1010 recto
3280 952 3480 1006 itinere

1911 1045 2184 1120 gradiens,
2215 1047 2402 1102 urbem
2431 1046 2680 1102 obsidere
2709 1044 2992 1100 accelerat.

2475 1135 2702 1192 CAPUT
2739 1134 2904 1192 XXII.

2021 1227 2276 1299 Rogerius
2306 1245 2420 1282 cum
2457 1229 2688 1282 maxima
2729 1226 2910 1296 pra'da
2941 1223 3191 1292 Rhegium
3223 1221 3376 1276 venit.

1984 1319 2246 1390 [tegeritis
2283 1333 2434 1382 vero,
2468 1317 2692 1372 studens
2719 1317 2785 1368 ad
2818 1316 3044 1386 gratiam
3086 1313 3270 1367 fratris
3307 1323 3362 1368 et
3403 1321 3484 1365 to—

1913 1410 2018 1466 tius
2061 1409 2332 1463 exercitus
2375 1408 2514 1478 quod
2556 1406 2656 1460 sibi
2697 1403 2993 1472 iniunctum
3042 1413 3160 1458 erat
3203 1417 3482 1472 peragere,

1911 1499 2202 1556 altissimos
2253 1499 2416 1556 colles
2463 1513 2583 1554 cum
2626 1495 3061 1568 profundissimis
3105 1495 3331 1548 vallibus
3365 1509 3488 1564 pcr-

239 1601 350 1648 rns,
385 1586 438 1638 in
472 1585 772 1640 Calabriam
806 1587 1003 1658 dirigit.
1049 1588 1146 1655 Qui
1191 1590 1452 1644 audacter
1477 1604 1726 1660 pergens,
1755 1591 1806 1642 in
1843 1595 1884 1654 Β
1915 1591 2168 1656 lustrans,
2213 1601 2272 1646 ut
2316 1590 2488 1646 fidelis
2537 1598 2592 1644 et
2637 1587 2880 1643 studiosa
2927 1601 3076 1656 apes,
3111 1586 3488 1640 onustissimus

239 1679 411 1732 altiori
462 1680 742 1732 cacumine
783 1681 1044 1733 montium
1077 1681 1462 1734 Vibonensium
1489 1689 1667 1736 castra
1699 1697 1812 1736 me-

241 1753 405 1830 tatus,
443 1769 672 1824 tentoria
707 1770 838 1828 fixit.
874 1780 930 1824 ut
959 1769 1114 1840 longe
1155 1771 1370 1840 lateque
1406 1773 1554 1826 visus
1603 1772 1811 1828 incolas

240 1859 658 1930 circumquaque
696 1859 905 1914 facilius
941 1861 1253 1916 deterreret.
1297 1861 1448 1928 Quod
1495 1878 1616 1917 cum
1663 1877 1812 1916 eom-

237 1956 449 2014 pcrtum
500 1947 688 2001 fuisset
719 1965 811 2018 per
843 1964 1031 2004 on‘mes
1068 1950 1332 2014 civitates,
1363 1961 1420 2006 et
1456 1962 1634 2006 castra
1671 1951 1814 2006 illius

240 2036 528 2104 provincia:
563 2045 616 2090 et
665 2039 829 2092 totius
861 2039 1017 2094 vallis
1056 2037 1380 2106 Salinarum,
1420 2043 1589 2096 territi
1625 2057 1813 2096 onmes

241 2123 443 2196 legatos
474 2127 564 2196 qui
604 2143 788 2196 pacem
837 2127 1106 2199 postulent
1149 2131 1404 2200 dirigunt,
1439 2147 1662 2186 munera
1697 2130 1814 2202 plu-

243 2217 376 2270 rima
418 2217 613 2272 dantes
657 2217 946 2272 fortissima
987 2228 1162 2274 castra
1193 2221 1464 2275 enerviter
1493 2223 1727 2277 reddunt
1758 2222 1812 2276 in

243 2299 578 2374 servitutem,
602 2306 926 2377 jurameutis
949 2319 1004 2363 et
1031 2309 1307 2365 obsidibus
1330 2309 1686 2366 fmderantur.

846 2461 1072 2519 CAPUT
1109 2461 1228 2518 XX.

277 2553 352 2609 De
393 2552 621 2626 Rogerio
665 2557 752 2626 qui
797 2572 830 2608 τι
877 2553 1101 2626 Roberto
1143 2553 1438 2610 Guiscm'do
1475 2557 1720 2612 inuitatus
1749 2575 1780 2611 α

631 2625 876 2678 (.‘alabria
905 2628 960 2678 in
990 2625 1234 2694 Apuliam
1265 2626 1422 2680 radit.

315 2736 404 2792 Sic
437 2745 582 2790 terra
615 2738 680 2790 ad
710 2753 860 2790 suam
889 2749 942 2792 et
970 2736 1154 2792 fratris
1192 2736 1506 2794 ﬁdelitatem
1541 2753 1640 2810 pro
1664 2739 1816 2796 libito

245 2829 523 2892 ordinata,
575 2829 866 2897 plurimum
917 2829 1158 2899 pecuniae
1211 2845 1372 2899 quam
1429 2839 1712 2899 acceperat
1761 2813 1814 2884 in

245 2917 492 2984 Apuliam
519 2917 670 2970 fratri
697 2933 790 2986 per
817 2917 1020 2988 Icgalos
1065 2919 1232 2984 misit,
1256 2927 1482 2972 eventus
1521 2933 1644 2973 suos
1687 2933 1818 2988 qua-

247 3009 366 3062 liter
391 3009 566 3077 egerit
593 3011 874 3062 mandans.
910 3009 1026 3078 Ipse
1057 3023 1185 3064 vero
1223 3021 1484 3073 castrum,
1509 3013 1650 3080 quod
1674 3011 1814 3064 Inci-

247 3097 346 3155 fola
371 3099 592 3165 dicitur,
623 3100 1023 3154 studiosissime
1063 3101 1302 3156 turribus
1325 3109 1382 3155 et
1405 3101 1818 3170 propugnaculis

249 3191 493 3258 ﬁrmans,
535 3194 758 3247 armatis
801 3193 1060 3247 militibus
1107 3194 1364 3258 munivit;
1401 3194 1673 3257 omnibus,
1701 3207 1819 3262 qua:

203 3351 222 3356 η
338 3284 540 3338 victum
572 3284 877 3338 necessaria
909 3291 1086 3347 erant,
1113 3283 1442 3338 sufﬁcienter
1477 3283 1818 3338 introductis.

249 3373 578 3429 Guiscardus
620 3389 750 3428 vero
789 3375 1036 3443 pecunia,
1075 3391 1194 3444 quae
1220 3376 1319 3428 sibi
1353 3391 1382 3428 a
1413 3375 1579 3428 fratre
1619 3375 1819 3430 directa

251 3471 331 3516 cst
376 3472 620 3533 accepta,
655 3472 710 3518 ct
761 3465 1081 3518 strenuitate
1129 3465 1246 3535 ejus
1297 3466 1478 3534 agnita
1533 3465 1820 3536 plurimum

251 3553 466 3620 gavisus
496 3565 594 3616 est,
623 3551 842 3622 ejusque
865 3554 1192 3623 colloquium
1221 3555 1552 3616 desiderans,
1585 3563 1642 3608 ut
1667 3555 1732 3608 ad
1765 3569 1822 3609 se

251 3645 434 3699 venire
455 3643 722 3698 acceleret
739 3645 972 3698 mandat.
989 3645 1100 3710 Ille,
1115 3662 1206 3699 sex
1223 3647 1596 3702 tantummodo
1627 3647 1824 3702 milites

253 3747 433 3788 secum
481 3735 708 3799 ducens,
739 3735 959 3804 reliquis
993 3737 1059 3789 ad
1093 3740 1350 3792 tuendum
1393 3746 1652 3802 castrum,
1682 3737 1824 3806 quod

255 3823 488 3890 fecerat,
543 3837 598 3882 et
652 3829 984 3896 provinciam
1041 3831 1420 3897 premendam,
1481 3845 1550 3884 ne
1609 3830 1826 3884 frandes

255 3927 661 3982 praesumerent,
699 3917 920 3982 relictis,
951 3919 1002 3971 in
1035 3918 1278 3988 Apuliam
1309 3918 1374 3972 ad
1403 3918 1622 3973 fratrem
1651 3920 1820 3986 venit;

257 4025 286 4062 a
318 4027 422 4080 quo
455 4027 578 4066 cum
612 4011 868 4066 decenter
897 4012 1084 4067 fuisset
1123 4021 1420 4081 susceptus,
1451 4023 1675 4066 eventus
1700 4029 1828 4066 suos

258 4101 558 4156 alternatim
603 4101 976 4170 conferentes,
1029 4115 1210 4158 mutua
1259 4104 1614 4158 collocutione
1663 4105 1826 4159 locuti

259 4201 378 4244 sunt
405 4191 564 4264 (55‘).

820 4341 1044 4397 CAPUT
1085 4341 1224 4398 XXI.

295 4449 542 4507 Robertus
593 4451 948 4527 Guiscnrdus,
1002 4465 1048 4506 et
1093 4453 1342 4527 Roget-ius
1395 4468 1516 4527 cum
1564 4452 1789 4505 exercitu

782 4523 1031 4592 Rhegium
1065 4525 1275 4578 vadunt.
1405 4525 1414 4528 ’

331 4631 526 4702 Sicque
547 4651 668 4689 cum
699 4648 936 4692 moratus
959 4648 1063 4704 est,
1095 4639 1268 4692 donec
1294 4635 1564 4692 communi
1598 4634 1828 4690 consilio

263 4725 462 4788 parntis
502 4727 583 4781 his
619 4742 740 4795 qua:
783 4728 848 4782 ad
891 4731 1284 4797 expeditionem
1317 4727 1620 4784 necessaria
1651 4735 1828 4794 erant,

264 4816 490 4870 maxima
539 4833 698 4870 manu
737 4818 978 4888 equitum
1019 4829 1073 4874 et
1123 4819 1358 4897 peditum
1392 4821 1520 4890 juga
1562 4818 1830 4874 montium

263 4901 520 4962 Calabriae
549 4910 1014 4973 transcemlentcs,
1043 4927 1228 4966 versus
1257 4911 1516 4982 Rhegium
1551 4906 1828 4968 incedunt.

265 4995 330 5050 At
363 5012 482 5051 cum
523 5001 574 5054 in
621 5001 810 5054 vallem
853 4998 1158 5056 Salinartun
1190 5013 1402 5058 ventum
1435 5008 1542 5062 εει,
1569 4997 1830 5058 Guisear-

332 5173 464 5230 (ὅδ’)
499 5177 556 5230 C.
587 5177 645 5230 P.
679 5176 842 5230 (tetuli
871 5185 1011 5230 sunt.

1913 1683 1980 1736 ad
2025 1683 2320 1736 exercinuu
2373 1697 2492 1736 cum
2543 1679 2775 1734 maxima
2823 1679 2998 1748 prmda
3049 1677 3232 1740 rediit,
3277 1674 3490 1742 iamque

1912 1785 2050 1842 pene
2085 1770 2396 1826 deficientes
2450 1784 2636 1826 omnes
2676 1768 2998 1824 abundantia
3047 1766 3329 1821 recreavit.
3363 1763 3492 1819 Gui-

1912 1867 2138 1922 scardus
2165 1879 2316 1930 vero,
2335 1864 2526 1918 videns
2553 1877 2609 1918 se
2637 1876 2828 1916 versus
2855 1861 3127 1915 civitatem
3161 1858 3338 1912 minus
3367 1871 3492 1926 pro-

1913 1957 2076 2011 licere
2119 1963 2175 2010 et
2218 1953 2513 2008 exercitum
2564 1952 2758 2007 hiemis
2805 1950 3094 2020 asperitate
3141 1948 3373 2010 turbari,
3403 1945 3493 2000 ob-

1914 2047 2210 2100 sessionem
2259 2043 2474 2098 solvens
2521 2042 2975 2111 discessionisque
3017 2041 3153 2094 dans
3193 2037 3490 2096 licentiam,

1915 2137 2028 2206 ipse
2071 2137 2210 2206 apud
2259 2135 2452 2190 Maiam
2499 2133 2773 2190 hiemandi
2819 2133 2992 2204 gratia
3033 2146 3156 2186 cum
3191 2130 3378 2200 paucis
3409 2142 3493 2183 se—

1915 2229 2096 2282 cessit.
2523 2271 2530 2278 .

2483 2314 2707 2371 CAPUT
2743 2311 2928 2368 XXIII.
2951 2349 2954 2352 -

1951 2407 2211 2478 Rogcrius
2236 2409 2372 2462 irato
2404 2407 2578 2460 animo
2610 2424 2642 2459 a
2671 2403 2888 2459 Roberto
2919 2402 3210 2458 Guisrnrdo
3248 2400 3456 2454 recedit.

1985 2501 2248 2572 Rogerius
2276 2500 2480 2569 itaque,
2512 2513 2632 2554 cum
2665 2497 2806 2566 quod
2847 2493 3104 2550 militibus
3135 2493 3248 2548 suis
3275 2491 3498 2561 largire-

1917 2602 2004 2650 tur
2037 2594 2215 2650 minus
2257 2592 2552 2648 abundaret
2587 2589 2721 2658 (3t),
2777 2595 2827 2640 et
2861 2585 2959 2654 ipsi
2995 2585 3094 2640 sibi
3139 2584 3192 2638 in
3231 2583 3494 2652 exigendo

1918 2685 2336 2755 importuniorcs
2390 2689 2596 2745 essent,
2646 2695 2675 2734 a
2733 2679 2903 2734 fratre.
2955 2676 3178 2746 expetit.
3228 2673 3319 2729 llle
3365 2687 3495 2728 vero

1916 2790 2204 2844 pravorum
2235 2773 2464 2829 consilio
2492 2785 2696 2834 versus,
2729 2784 2850 2825 cum
2879 2767 3091 2824 caeteris
3115 2767 3298 2836 largus
3324 2771 3492 2831 esset,

1921 2867 1996 2920 illi
2025 2866 2264 2921 strictior
2290 2879 2450 2934 quam
2501 2863 2785 2933 Oportebat
2811 2859 2922 2931 (55)
2972 2871 3092 2914 esse
3119 2856 3301 2927 cmpit.
3331 2855 3494 2911 Vide-

1844 2936 1888 2998 (ἶ
1920 2957 2011 3011 hat
2061 2955 2290 3026 denique
2329 2961 2550 3024 propter
2597 2950 2992 3015 strenuitatem,
3037 2963 3196 3018 quam
3238 2945 3493 3010 habebat,

1918 3047 2162 3102 militiam
2191 3045 2448 3115 juvenum
2483 3044 2644 3099 totius
2671 3042 2878 3111 Apulia:
2905 3042 2954 3098 ei
2983 3041 3164 3095 notius
3199 3053 3362 3108 quam
3393 3037 3496 3092 sibi

1920 3141 2228 3204 adhaerere;
2275 3139 2418 3190 unde
2449 3145 2506 3190 et
2538 3151 2606 3190 ne
2645 3143 2830 3190 contra
2869 3148 2928 3188 se
2969 3131 3345 3193 iusolcsceret,
3377 3142 3494 3184 me-

1921 3228 2136 3292 tuebat,
2177 3236 2233 3283 et
2277 3235 2336 3280 ut
2388 3226 2571 3296 paucis
2617 3231 2904 3280 contentus
2956 3235 3138 3276 secum
3193 3226 3496 3273 moraretur

1917 3320 2138 3390 penuria
2171 3333 2363 3386 cogere
2393 3316 2624 3370 volebat.
2663 3313 2836 3368 Porro
2869 3311 2978 3376 ille,
3006 3319 3066 3364 ut
3101 3308 3280 3377 magni
3325 3307 3492 3360 animi

1921 3421 2068 3474 erat,
2121 3411 2298 3466 sciens
2345 3424 2432 3473 se,
2486 3421 2518 3462 a
2573 3407 2740 3462 fratre
2793 3403 3080 3469 recedens,
3135 3401 3186 3456 in
3243 3396 3494 3469 Apuliam

1845 3533 1852 3540 -
1921 3505 2016 3557 ivit
2041 3501 2172 3574 (56).

2479 3613 2706 3671 CAPUT
2743 3613 2930 3669 XXIV.

1961 3727 2217 3800 Rogerius
2249 3745 2278 3781 α
2307 3723 2588 3800 ϐυἰΙΞςΙηιρ
2628 3725 2791 3795 fratre
2827 3722 3042 3800 benigne
3078 3717 3381 3788 suscipitur,
3415 3721 3462 3766 ct

2450 3794 2636 3852 Scnlea
2667 3794 2987 3847 conceditur.

1995 3911 2148 3978 Quod
2177 3911 2400 3966 audiens
2427 3909 2594 3962 frater
2620 3921 2750 3962 suus
2773 3903 3108 3964 Guiliclmus,
3143 3913 3324 3954 comes
3353 3895 3500 3949 vidc—

1925 4001 2050 4055 licct
2097 4001 2262 4054 totius
2307 3999 2670 4069 principatus,
2727 3995 2932 4062 legatos
2991 3991 3185 4052 mittit;
3225 3997 3284 4041 ut
3329 3985 3395 4038 ad
3443 3999 3500 4039 se

1927 4091 2105 4143 veniat
2151 4089 2370 4151 invitat,
2415 4101 2533 4155 quae
2575 4085 2737 4138 habet
2776 4081 2934 4136 simul
2972 4079 3222 4148 accipiat,
3251 4073 3384 4130 nihil
3420 4089 3498 4137 se,

1925 4189 2148 4249 excepta
2193 4193 2360 4230 uxore
2397 4186 2451 4228 ct
2501 4175 2704 4237 liberis,
2735 4173 2804 4226 ab
2845 4171 2932 4224 illo
2977 4167 3252 4240 proprium
3299 4164 3502 4218 habere

1855 4281 1904 4340 ι)
1931 4269 2065 4323 velle
2105 4269 2504 4338 repromittens.
2547 4263 2780 4316 Veniens
2822 4263 3002 4330 itaque
3042 4261 3246 4312 honore
3275 4269 3381 4324 quo
3407 4252 3502 4306 dc-

1929 4360 2086 4415 cebat
2117 4365 2395 4425 susceptus
2429 4365 2533 4418 est,
2567 4349 2985 4422 aliquandiuque
3015 4361 3136 4401 cum
3179 4343 3298 4414 ipso
3325 4355 3505 4394 mora-

1933 4459 2038 4502 tur.
2072 4447 2308 4518 Tandem
2343 4455 2604 4506 castmm,
2651 4440 2792 4511 quod
2826 4437 3016 4492 Scalea
3047 4433 3159 4505 (57)
3187 4431 3403 4493 dicitur,
3438 4427 3506 4480 ab

1931 4541 2044 4610 ipso
2097 4517 2336 4608 accepit,
2381 4551 2479 4604 per
2521 4535 2662 4603 quod
2714 4530 2910 4587 multas
2947 4525 3284 4584 incursiones
3319 4535 3509 4610 versus

1930 4609 2286 4684 Cuiscardum
2318 4627 2541 4684 faciens,
2571 4623 2994 4690 circumquaque
3031 4615 3329 4672 lacessivit.
3357 4609 3511 4675 Quod

1931 4739 2053 4780 cum
2096 4723 2393 4780 Guiscardo
2437 4717 2666 4773 relatum
2714 4715 2929 4777 fuisset,
2963 4711 3205 4770 exercitu
3243 4713 3392 4765 moto
3433 4702 3514 4756 di-

1934 4825 2078 4870 ctum
2120 4825 2353 4872 castrum
2405 4811 2685 4864 obsessum
2731 4807 2902 4864 vadit.
2934 4805 3266 4863 Cuiscardus
3297 4795 3518 4870 quidem

1935 4908 2132 4963 oliveta
2179 4919 2233 4964 ct
2279 4905 2458 4960 vineta
2490 4901 2607 4956 urbi
2635 4903 2889 4972 contigua
2919 4899 3254 4956 devastabat.
3287 4885 3518 4948 Guiliel-

1937 5015 2054 5054 mus
2130 5011 2306 5056 autem
2359 4993 2554 5049 milites
2608 4995 2728 5065 ejus
2778 4993 2985 5049 crebris
3034 4983 3421 5060 congressibus
3467 4983 3522 5030 el

1935 5187 1988 5226 se
2012 5173 2249 5228 contulit.
