4010 5230
519 149 658 226 ms

1343 167 1696 224 GAUFREDI
1737 165 2192 222 MALATERRA‘J
2236 165 2544 223 MONACIII
2581 163 2934 222 BENEDICT.

3657 164 3794 220 1116

518 289 700 345 hastili
745 287 941 341 robore
977 285 1286 341 militariter
1311 285 1595 355 dejiciens,
1633 299 1860 340 numero
1900 285 2110 338 minue-
2141 291 2186 346 Α
2214 281 2373 336 nibus
2420 282 2695 348 lacerans,
2745 283 3098 339 Guiscardum
3141 283 3193 337 in
3245 291 3451 336 tantum
3499 281 3792 338 sollicitum

515 380 624 434 bat.
665 377 755 432 Ille
783 391 929 438 vero,
964 391 1190 431 cernens
1227 389 1286 432 se
1313 392 1504 432 versus
1543 377 1732 430 urbem
1766 375 1942 430 minus
1978 389 2104 444 pro-

517 471 678 524 licere
721 479 774 524 et
818 483 1104 523 numerum
1152 484 1372 523 suorum
1406 469 1594 524 diatim
1632 471 1804 540 magis
1838 485 1900 524 ac
1931 469 2103 540 magis

515 558 710 624 minui,
737 573 802 612 ne
829 559 1022 628 majori
1049 557 1248 614 damno
1276 571 1614 630 graveretur,
1648 559 1874 616 consilio
1917 559 2101 616 habito

515 666 545 706 a
577 651 696 707 loco
715 637 971 708 recessit.

1095 745 1322 802 CAPUT
1363 745 1530 801 XXV.

874 837 1124 910 Rogerius
1155 857 1325 894 comes
1355 857 1510 911 equos
1543 839 1776 910 furatur.

585 929 698 986 Non
730 929 895 984 multo
935 940 1052 1000 post
1085 946 1180 1000 per
1210 932 1573 986 internuntios
1629 947 1758 1001 pace
1788 930 1853 984 ad
1887 941 2099 1000 tempus

513 1025 654 1078 inter
692 1025 836 1094 ipsos
885 1023 1050 1088 facta,
1087 1025 1346 1079 invitatus
1388 1041 1418 1078 a
1460 1024 1628 1079 fratre
1675 1023 1941 1096 Rogerius
1970 1040 2093 1080 cum

513 1115 869 1188 quadraginta
919 1115 1178 1170 militibus
1207 1115 1327 1170 fidis
1361 1117 1462 1172 sibi
1494 1117 1751 1171 servitum
1785 1115 1960 1182 vadit;
2005 1119 2096 1172 ubi

511 1206 728 1276 quidem
761 1205 1049 1276 plurimum
1079 1207 1428 1277 penuriarum
1461 1221 1651 1278 passus
1679 1217 1782 1272 est,
1813 1209 1906 1262 sed
1933 1208 2100 1262 latro—

512 1299 654 1351 cinio
682 1298 1080 1368 armigerorum
1108 1314 1328 1354 suormn
1363 1299 1415 1352 in
1456 1299 1636 1354 multis
1664 1300 2092 1355 sustentabatur.

512 1389 665 1456 Quod
695 1390 911 1459 quidem
939 1390 1005 1444 ad
1033 1391 1148 1462 ejus
1175 1391 1528 1461 ignominiam
1560 1407 1663 1445 non
1691 1392 1943 1458 dicimus,
1976 1395 2094 1458 sed,

508 1480 628 1548 ipso
663 1481 734 1534 ita
775 1481 1142 1550 prarcipientc,
1187 1483 1362 1537 adhuc
1393 1482 1581 1536 viliora
1613 1492 1668 1537 et
1700 1485 2095 1552 reprehensibi-

509 1573 644 1628 liora
691 1574 756 1628 de
797 1575 912 1643 ipso
953 1574 1205 1645 scripturi
1235 1591 1442 1638 sumus,
1473 1585 1532 1630 ut
1569 1575 1812 1644 pluribus
1853 1585 2092 1645 patescat

2205 375 2464 430 reddebat
2500 385 2556 430 ut
2586 377 2930 446 acquirendze
2957 375 3218 432 Calabria:
3249 375 3465 442 oblitus,
3493 374 3606 444 jam
3647 377 3792 446 quod

2204 467 2538 538 acquisierat
2563 469 3020 540 peneamitteret.

2766 557 2994 618 CAPUT
3033 559 3238 617 XXVII.

2667 651 2860 708 Fames
2887 654 2940 707 in
2965 653 3212 708 Calabria
3239 653 3318 722 ﬁt.

2269 741 2425 798 Anno
2451 743 2609 810 i058,
2646 743 2825 800 clades
2873 745 3242 816 permaxima,
3291 753 3343 800 et
3388 743 3660 817 ﬂagellum
3697 746 3792 800 ira:

2203 831 2332 898 Dei,
2383 843 2440 889 ut
2485 837 2786 902 credimus,
2837 837 3076 906 peccatis
3109 837 3476 908 exigentibus,
3529 839 3792 894 divinitus

2204 925 2504 982 immissum
2563 937 2730 982 totam
2779 929 3044 983 Calabria:
3115 929 3448 1000 provinciam
3511 929 3792 984 curriculo

2203 1017 2368 1071 trium
2409 1019 2698 1084 mensium,
2732 1020 2909 1075 Martii
2950 1020 3224 1086 videlicet,
3267 1021 3465 1092 Aprilis
3489 1031 3546 1074 et
3577 1020 3702 1074 Maii
3736 1023 3792 1075 in

2201 1119 2411 1165 tantum
2458 1112 2667 1166 attrivit
2707 1121 2764 1167 ut
2807 1113 2948 1168 trino
2991 1113 3179 1168 morbo
3209 1123 3439 1168 mortem
3467 1113 3572 1167 sibi
3603 1111 3790 1166 immi-

2200 1217 2329 1257 nere
2357 1213 2670 1270 cernentes,
2703 1217 2826 1260 cum
2861 1220 3029 1259 unum
3059 1207 3126 1258 ad
3159 1205 3284 1258 vita:
3315 1205 3614 1274 periculum
3641 1201 3794 1257 suﬂi-

2199 1309 2323 1348 cere
2351 1305 2554 1364 posset,
2581 1297 2670 1349 vix
2697 1297 2761 1350 ad
2787 1295 3014 1366 quodvis
3037 1297 3252 1362 horum,
3277 1297 3470 1350 nedum
3497 1295 3600 1348 tria
3625 1291 3792 1348 simul

2199 1385 2555 1442 furiosissime
2605 1387 2920 1443 detonantia
2961 1388 3200 1458 pericula
3247 1403 3303 1444 se
3349 1391 3580 1444 evadere
3627 1402 3794 1458 posse

2195 1477 2591 1534 existimarent.
2639 1479 2774 1534 Nam
2825 1496 2928 1534 una
2975 1495 3040 1534 ex
3074 1490 3243 1551 parte
3279 1480 3490 1552 gladius
3539 1495 3572 1534 a
3623 1479 3794 1534 Νοτι-

2197 1572 2412 1626 mannis
2443 1571 2530 1625 vix
2569 1573 2727 1628 alicui
2769 1589 3000 1644 parcens
3030 1575 3374 1629 dcszcviebat.
3403 1573 3482 1628 Ex
3517 1573 3624 1628 alia
3653 1587 3790 1628 vero

510 1677 672 1732 quam
709 1663 976 1720 laboriose
1005 1675 1060 1719 et
1097 1679 1218 1718 cum
1249 1675 1450 1734 quanta
1484 1666 1732 1736 angustia
1769 1681 1798 1718 a
1835 1665 2094 1734 profunda

2203 1661 2372 1716 fames
2423 1663 2629 1717 viribus
2688 1663 2966 1720 exhaustis
3023 1681 3116 1736 per
3182 1665 3433 1736 languida
3493 1665 3788 1720 aestuabat.

509 1763 831 1826 paupertate
855 1755 922 1810 ad
951 1771 1220 1810 summum
1248 1755 1460 1812 culmen
1487 1755 1794 1810 divitiarum
1819 1755 1900 1811 vel
1923 1757 2096 1812 hono-

508 1848 586 1902 ris
634 1848 892 1917 attigerit.
933 1849 1176 1902 Ilabebat
1221 1849 1486 1917 siquidem
1535 1847 1864 1918 armigerum
1914 1864 2096 1918 quem-

509 1937 656 2004 dam,
691 1935 918 1992 Blcttiva
948 1939 1056 2008 (58)
1083 1939 1321 2004 nomine,
1352 1954 1532 1994 coram
1573 1954 1679 2008 quo
1727 1938 1798 1992 nil
1847 1939 2097 1994 tuebatur

505 2029 572 2081 a:l
612 2030 754 2097 quod
795 2029 1079 2083 furandum
1119 2029 1448 2084 intendebat.
1487 2029 1584 2083 llic
1621 2031 1735 2100 ipse
1776 2033 2096 2098 penuriosus

505 2119 682 2171 adhuc
721 2116 975 2186 juvenis,
1023 2117 1366 2188 postmodum
1416 2117 1716 2172 ditissimus
1761 2119 1974 2173 futurus
2011 2133 2094 2172 co-

504 2225 618 2264 mes
650 2211 785 2280 (59),
815 2226 937 2264 cum
978 2218 1123 2264 esset
1163 2211 1390 2279 cupiens
1435 2211 1694 2276 quosdam
1737 2227 1926 2280 equos,
1954 2229 2092 2282 quos

501 2299 642 2366 apml
677 2298 890 2354 Mclfam
923 2301 975 2354 in
1008 2299 1248 2370 ejusdem
1282 2301 1442 2354 domo
1473 2301 1700 2370 viderat,
1733 2303 1798 2355 ad
1837 2302 1950 2356 haec
1979 2301 2090 2372 (40)

501 2393 772 2460 persuasit
801 2403 857 2447 ut
879 2409 1060 2448 secum
1095 2393 1295 2448 vadens
1325 2379 1587 2450 nocturno
1615 2393 1760 2450 furto
1787 2395 2092 2451 abstractos

503 2483 814 2540 abduceret.

1066 2597 1294 2655 CAPUT
1329 2598 1520 2656 XXVI.

819 2690 864 2742 Λ
895 2688 1121 2758 Rogerio
1145 2689 1414 2756 Mal/itani
1449 2691 1749 2756 capiuntur.

573 2798 856 2852 Curriculo
894 2809 1078 2870 Itaque
1107 2802 1373 2856 mensium
1419 2802 1646 2856 duorum
1691 2803 1874 2858 fratris
1915 2805 2086 2858 servi-

504 2889 638 2942 tium
687 2889 926 2944 studiose
975 2905 1270 2961 peragens,
1309 2907 1432 2946 cum
1471 2893 1540 2948 ab
1580 2895 1718 2963 ipso,
1756 2894 1826 2947 nil
1861 2895 2000 2950 inter
2030 2909 2088 2950 se

500 2989 556 3034 et
591 2995 784 3035 omnes
829 2997 958 3036 suos
1003 2997 1166 3037 causa
1214 2985 1670 3041 remunerationis
1721 3002 1826 3042 uno
1879 2995 2084 3042 tantum
2116 3004 2158 3061 (ζ

498 3085 640 3138 equo
669 3081 920 3142 excepto,
949 3075 1270 3144 accepisset,
1298 3077 1547 3145 quamvis
1589 3093 1694 3132 non
1747 3077 1971 3150 legerat,
2007 3065 2086 3134 ia-

413 3179 416 3182 ·
499 3177 622 3217 mea
689 3166 844 3234 quasi
901 3163 1228 3222 naturaliter
1276 3169 1454 3224 sciens
1515 3169 1642 3224 illud
1696 3169 2084 3227 Sallustianmn

496 3257 843 3325 proverbium
868 3258 1006 3326 (Cat.
1041 3257 1170 3330 fil):
1207 3259 1432 3314 Frustra
1471 3263 1568 3315 niti
1609 3273 1654 3316 et
1699 3263 1768 3316 ad
1797 3273 2100 3318 extremum

497 3346 596 3412 nil,
631 3349 732 3402 nisi
775 3349 953 3403 odium
1001 3351 1277 3420 fatigando
1321 3369 1576 3422 quaerere,
1611 3354 1728 3424 jam
1764 3355 1970 3409 demum
2002 3373 2088 3410 ea:-

497 3449 676 3493 trema:
717 3443 996 3496 dementia:
1021 3453 1128 3507 est;
1169 3453 1216 3497 et
1248 3445 1388 3514 quod
1428 3445 1554 3500 bene
1594 3448 1834 3502 servienti
1873 3449 2086 3517 fortuna

498 3533 796 3586 necessaria
851 3543 956 3600 est,
1013 3535 1118 3590 sibi
1172 3551 1300 3591 vero
1356 3553 1474 3592 eam
1525 3539 1704 3594 minus
1748 3538 1928 3596 favere
1965 3555 2085 3594 cum

499 3619 670 3674 fratre
720 3621 1012 3691 plurimmn
1077 3625 1258 3680 verbis
1313 3627 1639 3695 altercatus,
1689 3629 1894 3686 fmdere
1943 3633 2088 3701 quod

497 3710 644 3765 inter
687 3725 748 3766 se
795 3713 862 3766 ad
905 3723 1116 3782 tempus
1155 3715 1428 3770 habebant
1458 3719 1689 3784 reddito,
1718 3719 1964 3776 ScaIeam
2003 3738 2088 3776 re-

496 3816 690 3857 versus
735 3815 837 3868 est,
870 3805 1161 3875 statimque
1201 3805 1254 3860 in
1305 3807 1494 3862 eodem
1538 3823 1783 3879 veSpere,
1819 3812 1956 3880 apud
1999 3828 2089 3866 ca-

496 3902 692 3957 strum,
724 3895 868 3962 quod
903 3893 1224 3950 Narencium
1267 3897 1488 3962 dicitur,
1520 3899 1722 3954 milites
1763 3916 1889 3956 suos
1927 3917 2089 3971 super

494 3982 852 4040 Guiscardum
903 3987 1199 4057 praedatum
1244 3989 1488 4055 mittens,
1519 3991 1852 4060 provinciam
1895 3995 2090 4062 spolia-

502 4077 596 4130 vit.
627 4077 698 4132 At
723 4077 848 4132 dum
887 4079 1030 4146 illos,
1063 4095 1198 4148 quos
1223 4081 1454 4151 prmdari
1487 4083 1730 4148 miserat,
1764 4083 1904 4155 apud
1953 4083 2087 4140 Sca-

495 4166 636 4222 lcam
678 4169 1042 4238 prtestolatur,
1081 4169 1285 4226 Berver
1319 4172 1432 4242 (41)
1461 4173 1678 4244 quidam
1713 4190 1743 4228 a
1789 4173 1950 4230 Melfa
2001 4191 2088 4230 ve-

493 4261 650 4316 niens
681 4263 896 4316 nuntiat
926 4261 1228 4319 Mcllitanos
1259 4265 1627 4334 negotiatores
1652 4283 1680 4320 a
1711 4266 1868 4322 Mclfa
1899 4282 2086 4324 versus

493 4355 732 4420 Melfam,
767 4359 909 4414 haud
956 4358 1146 4426 procul
1187 4373 1217 4412 a
1265 4367 1448 4414 castro
1479 4361 1728 4415 transire.
1759 4361 1874 4428 Quo
1901 4363 2085 4416 audito
2119 4353 2162 4411 D

493 4460 606 4500 non
660 4447 942 4512 minimum
993 4449 1227 4520 gavisus,
1263 4465 1460 4519 equum
1509 4451 1752 4506 insiliens
1794 4451 2084 4508 Gisenual—

499 4535 626 4589 dum
667 4547 722 4590 et
749 4537 1176 4608 Cat-bonariam,
1227 4557 1349 4596 cum
1393 4551 1517 4596 octo
1566 4549 1772 4596 tantum
1819 4543 2084 4600 militibus

495 4631 890 4687 mercatoribus
919 4635 1180 4700 occurrit,
1211 4645 1506 4704 captosque
1537 4633 1786 4688 Scaleam
1826 4635 2078 4700 deduxit;

496 4719 791 4789 omniaque
843 4737 965 4790 qua:
1023 4739 1206 4780 secum
1265 4725 1540 4780 habebant
1587 4725 1879 4795 diripiens,
1939 4726 2082 4795 ipsos

493 4810 664 4864 etiam
733 4812 1002 4869 redimere
1078 4815 1224 4870 fecit.
1283 4805 1396 4871 Hac
1479 4816 1734 4892 pecunia.
1799 4817 2083 4872 roboratus

491 4904 678 4976 largus
754 4905 1070 4962 distributor
1124 4921 1340 4964 centum
1399 4910 1500 4966 sibi
1553 4909 1752 4964 milites
1799 4907 2078 4979 allegavit;

491 4995 692 5066 quibus
721 5003 887 5052 totam
917 4997 1174 5068 Apuliam
1207 5001 1416 5058 crebris
1464 5009 1520 5056 ct
1547 5000 1778 5074 diversis
1810 5001 2078 5056 incursio-

709 5127 1002 5211 Quemdant
1031 5129 1336 5188 Blettinam.

563 5200 676 5230 J'ZO\
731 5199 904 5230 ΑΛΙ-υυ
945 5202 1112 5230 ..ἶ-ιη...
1177 5203 1504 5230 uanilan..."
1549 5203 1836 5230 .lh.‘--.'.....-
1869 5205 2078 5230 Iun..-“—

2200 1750 2380 1806 Tertia
2407 1769 2536 1808 vero
2559 1756 2750 1824 pruina
2777 1757 3122 1814 mortalitatis
3151 1757 3485 1812 horribiliter
3510 1758 3786 1821 deﬂuens,

2197 1845 2283 1896 vix
2312 1843 2570 1900 intactum
2601 1847 2908 1916 percutiens
2934 1847 3045 1918 (42)
3077 1857 3134 1902 ut
3157 1849 3210 1902 in
3237 1849 3408 1902 arenti
3453 1849 3788 1902 arundineto

2197 1937 2332 1992 laxis
2379 1939 2602 1994 habenis
2647 1938 2832 1996 furens
2879 1939 2992 2011 (45)
3049 1940 3354 1996 incendium
3401 1939 3780 2010 percurrebat.

2197 2027 2463 2084 Pecunias
2523 2030 2816 2096 trahentes,
2873 2031 3002 2100 quid
3059 2039 3302 2086 emerent
3355 2045 3459 2084 non
3515 2029 3784 2084 habentes

2195 2129 2356 2188 atque
2387 2119 2534 2189 ipsos
2579 2119 2784 2176 liberos
2822 2121 2934 2192 (44)
2971 2137 3038 2176 ex
3087 2121 3418 2192 ingenuitate
3461 2133 3782 2192 procrea:os

2194 2212 2286 2266 vili
2319 2213 2496 2282 pretio
2526 2213 2579 2268 in
2620 2213 2904 2268 servitium
2933 2214 3326 2278 venundantes,
3356 2213 3482 2268 dum
3511 2213 3604 2268 ubi
3649 2212 3780 2266 illud

2195 2305 2260 2358 ad
2327 2306 2501 2360 victus
2576 2306 2864 2360 utilitatem
2954 2307 3378 2374 expenderetur,
3455 2321 3564 2359 non
3629 2305 3780 2358 inve-

2193 2395 2444 2459 niebant,
2490 2396 2556 2452 ad
2605 2406 2952 2466 augmentum
3001 2395 3202 2452 doloris
3249 2397 3354 2460 sui,
3385 2397 3684 2450 amissione
3727 2396 3778 2450 in

2193 2503 2344 2542 cassa
2376 2487 2488 2558 (45)
2519 2489 2826 2544 venditione
2853 2489 3166 2550 liberorum,
3197 2489 3349 2558 quasi
3389 2499 3586 2558 quarta
3629 2487 3776 2543 cala-

2193 2579 2380 2634 mitate
2407 2581 2818 2635 cruciabautur.
2851 2579 3206 2636 Vescentibus
3255 2581 3532 2644 carnibus,
3571 2582 3778 2650 absque

2191 2685 2332 2738 pane
2360 2671 2642 2736 comestio,
2671 2671 2993 2742 quibusdam
3039 2672 3220 2726 vinum
3269 2685 3374 2727 non
3423 2671 3776 2734 habentibus,

2191 2761 2280 2816 ubi
2331 2778 2484 2832 aqua:
2535 2771 2663 2832 potu
2711 2764 3066 2818 condiebatur
3110 2763 3242 2834 (16)
3283 2763 3652 2833 dysenteriem
3697 2761 3778 2814 fa-

2191 2855 2360 2918 ciens,
2393 2855 2592 2910 multos
2622 2853 2936 2926 deﬁciebat;
2979 2855 3240 2924 quosdam
3286 2863 3464 2908 autem
3507 2853 3770 2923 spleneti-

2190 2958 2284 2998 eos
2337 2943 2590 2998 faciebat.
2645 2945 2746 3000 Ubi
2795 2960 2924 3000 vero
2973 2946 3096 3000 vino
3149 2943 3360 3000 fortiori
3417 2943 3780 3013 intemperate

2191 3033 2684 3101 superfundcbatur
2715 3033 2867 3089 calor
2893 3033 3178 3100 naturalis,
3208 3035 3448 3102 ejusdem
3479 3031 3780 3102 perniciem

2190 3123 2325 3178 lucri
2371 3139 2498 3188 cor,
2553 3126 2696 3196 quod
2746 3125 2904 3195 panis
2955 3141 3060 3180 non
3107 3125 3496 3188 confirmabat,
3551 3124 3781 3178 internis

2190 3215 2424 3284 quadam
2479 3217 2802 3270 testuatione
2847 3217 3152 3272 concedens
3199 3215 3468 3272 debilitari
3521 3214 3778 3283 cogebat.

2190 3305 2628 3374 Quadragesima’
2655 3317 2896 3360 sanctam
2921 3305 3320 3362 observantiam
3351 3305 3462 3376 (47)
3487 3319 3520 3358 a
3549 3303 3776 3366 sanctis,

2190 3409 2246 3454 et
2275 3399 2544 3469 religiosis
2571 3399 2824 3454 Patribus
2873 3399 3140 3454 catholice
3191 3397 3554 3454 contraditam
3599 3411 3772 3467 angu-

2191 3491 2294 3544 stia
2323 3489 2567 3546 dissolvit
2603 3491 2654 3544 in
2688 3499 2902 3546 tantunt
2933 3499 2994 3545 ut
3019 3505 3128 3546 non
3156 3489 3330 3545 solum
3357 3488 3518 3544 lactis
3554 3486 3644 3542 vel
3688 3501 3780 3540 αις

2191 3580 2292 3642 sci,
2345 3594 2530 3634 verum
2562 3581 2728 3634 etiam
2767 3582 2952 3636 carnis
2986 3581 3323 3636 comestione
3355 3578 3582 3648 reliquis
3635 3585 3776 3631 tem-

2191 3671 2412 3740 poribus
2441 3685 2738 3736 concessae,
2793 3671 2958 3726 etiam
3013 3673 3082 3726 ab
3129 3671 3260 3740 ipsis
3289 3670 3380 3740 qui
3411 3668 3642 3738 alicujus
3685 3667 3778 3722 bo-

2190 3764 2416 3817 nestatis
2450 3772 2610 3816 antea
2638 3762 2959 3816 videbantur
3011 3761 3324 3818 violaretur.
3361 3759 3454 3815 Sic
3481 3759 3772 3814 herbarum

2190 3853 2421 3908 virentia
2448 3853 2619 3920 olera,
2643 3853 2844 3923 quibus
2869 3853 3232 3923 pulmentaria
3259 3851 3376 3906 fieri
3402 3849 3600 3914 solent,
3621 3859 3776 3904 terra“:

2190 3945 2452 4000 sterilitas
2479 3945 2846 4000 subtraxerat.
2885 3945 2984 4000 Ubi
3011 3961 3140 4000 vero
3177 3945 3610 4006 inveniebantur,
3639 3958 3772 4014 qua-

2190 4035 2314 4090 dam
2348 4037 2542 4104 pruina
2571 4036 2744 4090 vitiati
2769 4035 2916 4092 aeris
2961 4036 3182 4092 decocta
3220 4043 3342 4106 post
3381 4034 3578 4088 obesse
3611 4049 3772 4102 quam

2191 4125 2449 4195 prodesse
2501 4125 2784 4194 degustato
2834 4125 3176 4180 videbantur.
3241 4123 3576 4178 Fluvialibus
3625 4137 3776 4178 care-

2191 4215 2316 4280 ctis,
2347 4222 2402 4268 et
2429 4215 2788 4284 quarumdam
2843 4216 3100 4270 arborum
3157 4215 3474 4279 corticibus,
3505 4229 3631 4268 cum
3681 4229 3774 4268 ca-

2191 4305 2397 4360 staneis
2447 4313 2500 4360 et
2555 4305 2856 4376 quercinis,
2917 4307 3034 4362 sive
3081 4305 3276 4361 iliciuis
3329 4305 3590 4369 nucibus,
3640 4319 3772 4375 quas

2189 4392 2412 4462 glandes
2462 4394 2716 4460 dicimus,
2757 4397 2936 4465 porcis
2978 4395 3291 4462 subtractis,
3332 4403 3390 4450 et
3441 4395 3586 4450 mola
3649 4405 3772 4464 post

2187 4481 2609 4538 exsiccationem
2635 4483 2798 4548 tritis,
2828 4499 3000 4554 panes
3027 4485 3206 4539 facere
3255 4485 3467 4538 modico
3493 4483 3632 4537 milii
3679 4483 3770 4537 ad-

2187 4575 2352 4629 misto
2387 4578 2690 4632 tentabant.
2723 4577 2915 4632 Cruda;
2945 4577 3177 4642 radices,
3227 4591 3348 4630 cum
3377 4575 3490 4632 solo
3521 4575 3636 4630 sale
3682 4575 3772 4628 deo

2185 4675 2432 4736 gustuue,
2459 4669 2666 4723 ventris
2728 4677 2996 4724 tumorem
3033 4683 3156 4724 cum
3214 4667 3420 4738 pallore
3449 4667 3631 4722 vultus
3671 4680 3768 4720 ex-

2187 4757 2422 4812 citantes
2443 4759 2624 4813 vitalia
2655 4759 3110 4816 intercludebant.
3141 4759 3344 4815 Matres
3393 4761 3600 4829 pietate
3647 4769 3766 4813 astu

2185 4847 2251 4903 ab
2283 4851 2400 4919 ipso
2433 4851 2726 4905 liberorum
2769 4866 2865 4905 ore
2917 4851 3098 4906 cibum
3155 4865 3350 4920 rapere
3379 4850 3560 4920 potius
3607 4861 3764 4916 quam

2183 4939 2566 4995 administrare
2612 4939 2911 5010 impudenti
2971 4939 3220 4994 violentia
3277 4931 3620 5009 satagebant.
3675 4935 3762 4990 Sic

2187 5029 2329 5084 trino
2377 5029 2590 5102 flagello
2617 5045 2792 5101 usque
2827 5031 2894 5084 ad
2933 5045 3102 5086 novas
3149 5029 3333 5100 fruges
3389 5028 3564 5083 attriti
3597 5034 3756 5090 sunt;

2255 5159 2366 5230 (45)
2411 5159 2643 5217 Ilabenis
2669 5163 2892 5230 fervens.
