4010 5230
285 289 422 344 1117

1409 284 1726 342 HISTORIA
1769 285 2032 342 SICULA.
2073 319 2140 328 -
2175 286 2302 342 LIB.
2342 287 2381 342 1.

3405 289 3542 346 1118

282 406 380 462 sed
412 403 566 459 novis
619 403 864 474 frugibus
907 400 1413 471 supervenientibus
1448 402 1618 455 fames
1643 401 1860 471 quidem
1892 418 1935 475 Α
1968 401 2137 456 fratre
2165 403 2266 456 sibi
2329 399 2717 455 haereditaliter
2769 399 3124 454 deliberatum
3173 398 3399 464 habens,
3455 415 3540 455 re-

283 495 540 566 propulsa
572 505 656 549 est
684 511 699 559 ;
754 493 966 564 gladius
997 507 1127 547 vero
1153 490 1498 546 mortalitatis
1530 491 1740 544 acutior
1779 488 1861 542 fa-

282 598 409 642 ctus
439 597 541 641 est.
584 585 720 639 Nam
777 600 1027 654 corpora,
1080 583 1237 636 famis
1283 582 1506 652 penuria
1552 590 1781 634 vacuata
1809 589 1864 634 et

282 677 406 730 cibo
435 676 671 739 insueta,
705 683 908 746 quanto
941 674 1320 728 abundantiori
1344 674 1466 728 cibo
1487 683 1676 728 contra
1706 687 1861 725 usum

283 768 714 838 intemperanter
755 767 1154 832 reficiebantur,
1203 774 1355 820 tanto
1393 767 1554 820 citius
1585 762 1861 834 periclita-

281 859 499 912 bantur.

825 951 1052 1007 CAPUT
1091 948 1323 1005 XXVIII.

282 1048 499 1104 Calabri
529 1046 836 1102 rebellantes
869 1057 1096 1101 castrum
1128 1045 1498 1099 Leucastrense
1529 1043 1584 1098 in
1613 1042 1733 1097 dolo
1761 1059 1858 1096 ca-

637 1120 809 1186 piunt,
832 1118 1073 1187 pluribus
1107 1117 1175 1168 ibi
1199 1115 1504 1183 interfectis.

355 1207 716 1263 Calabrenses
749 1206 1002 1273 denique,
1029 1220 1200 1274 genus
1249 1203 1690 1272 perlidissimum,
1738 1216 1858 1256 cum

277 1297 524 1350 viderent
556 1295 818 1349 fratribus
862 1295 1004 1348 inter
1041 1309 1099 1347 se
1131 1291 1518 1346 dissidentibus
1555 1303 1674 1344 sese
1711 1303 1741 1342 a
1767 1304 1861 1343 ne-

279 1385 427 1440 mine
454 1385 706 1439 suscitari
764 1383 902 1454 (48),
957 1390 1241 1452 cmperunt
1281 1379 1472 1450 jugqu
1500 1378 1862 1434 Norlmanno-

277 1495 402 1532 rum
438 1494 467 1532 a
501 1493 560 1533 se
588 1487 866 1540 excutere,
901 1485 955 1531 et
1006 1474 1312 1538 servitium,
1345 1473 1487 1540 quod
1518 1473 1857 1540 juravcrant,

276 1571 365 1625 vel
397 1571 659 1624 tributum
704 1569 926 1623 minime
967 1567 1318 1638 persolvere;
1378 1566 1518 1619 unde
1547 1573 1603 1618 et
1641 1563 1860 1619 simula-

275 1666 425 1718 tione
459 1664 736 1718 tldelitatis
767 1662 1056 1716 traditione
1107 1659 1426 1729 composita,
1456 1667 1694 1711 castrum
1721 1657 1860 1711 Leu-

273 1765 557 1809 castrense
604 1755 954 1824 accipientes,
1005 1752 1285 1822 sexaginta
1339 1749 1723 1812 Nortmannos,
1767 1748 1857 1818 qui
1893 1756 1934 1815 Β

273 1846 344 1898 ad
379 1846 634 1899 tuendum
667 1845 739 1900 ibi
763 1853 1001 1899 castrum
1026 1842 1198 1899 relicti
1232 1849 1410 1906 erant,
1453 1855 1558 1894 una
1589 1843 1675 1894 die
1705 1852 1860 1909 pere-

273 1943 513 1989 lﬂCl’lIlIl.

841 2027 1068 2084 CAPUT
1107 2025 1300 2082 XXIX.

271 2121 354 2177 De
389 2139 517 2193 pace
547 2123 692 2193 facta
743 2123 877 2176 inter
912 2122 1192 2176 Robertum
1225 2117 1576 2172 Cuiscardum
1607 2125 1654 2170 et
1684 2115 1854 2186 Roge-

774 2194 911 2246 rium
937 2193 1153 2261 fratrem
1178 2205 1352 2244 suum.

351 2307 504 2376 Quod
532 2323 655 2362 cum
717 2306 1021 2365 Guiscarrlo
1069 2305 1374 2360 nuntiatum
1425 2303 1638 2367 fuisset,
1669 2300 1858 2356 videns

275 2414 338 2455 sc
365 2415 552 2454 versus
580 2399 633 2453 in
682 2398 989 2454 Calabriam
1030 2396 1278 2468 perdere,
1305 2403 1361 2450 et
1393 2393 1638 2463 Apuliam
1689 2400 1857 2446 totam

279 2491 516 2554 turbari,
548 2488 773 2544 fratrem
805 2504 900 2560 per
929 2489 1136 2557 legatos
1157 2486 1487 2550 accersieus,
1517 2499 1704 2555 pacem
1734 2498 1856 2536 cum

270 2597 341 2638 co
373 2582 520 2649 fecit,
546 2582 850 2636 concedens
888 2581 936 2635 ei
965 2580 1312 2635 medietatem
1344 2578 1612 2634 Calabria:
1648 2592 1678 2630 a
1725 2574 1856 2646 jugo

273 2672 483 2726 montis
538 2670 747 2726 Intel'oli
804 2669 949 2740 (49),
1004 2667 1204 2722 montis
1258 2664 1528 2737 Scyllatii,
1577 2662 1721 2733 quod
1773 2678 1860 2716 ac-

274 2765 542 2835 quisitum
586 2771 725 2828 erat,
775 2760 858 2815 vel
887 2775 1060 2829 usque
1109 2757 1374 2829 Rhegium
1404 2762 1589 2811 essent
1625 2752 1858 2824 acquisi-

274 2861 330 2907 ttt
341 2854 406 2908 ri.

851 2938 1080 2996 CAPUT
1112 2937 1286 2994 XXX.

272 3034 528 3090 Robertua
571 3032 898 3088 Cuiscardus
946 3045 1160 3084 uxorem
1209 3026 1526 3080 Alberadam
1578 3022 1856 3090 repudians

1964 489 2400 545 bellesCalabros
2416 490 2840 558 circumquaque
2863 489 3176 558 impugnare
3205 489 3386 558 coepit.
3404 488 3542 556 Qua-

1965 581 2088 634 dam
2121 595 2249 634 vero
2279 581 2366 634 die
2403 595 2526 634 eum
2579 579 2845 648 Oppidum
2900 577 3013 648 (52)
3047 587 3288 632 castrum
3333 577 3544 632 obside-

1967 683 2067 737 ret,
2100 675 2387 742 episcopus
2415 670 2872 734 Cassinianensis,
2908 679 2963 724 et
3011 668 3213 724 Giracii
3241 683 3538 739 prmsopus,

1964 761 2122 834 quem
2172 780 2269 819 nos
2325 764 2671 834 pra-positum
2724 761 2974 824 dicimus,
3030 760 3267 815 maximo
3300 761 3541 815 exercitu

1964 856 2261 919 concitato,
2293 864 2558 919 castrum,
2589 851 2729 921 quod
2759 851 2946 906 Sancti
2973 849 3187 904 Martini
3222 850 3445 914 dicitur,
3486 852 3538 902 in

1964 944 2105 999 valle
2154 943 2466 998 Salinarum
2519 951 2890 1012 Oppugnatum
2940 941 3141 994 vadunt
3190 955 3331 994 anno
3360 939 3543 994 Domi-

1963 1035 2099 1089 nica:
2128 1034 2528 1089 lncarnationis
2564 1032 2722 1086 1059.
2772 1031 2928 1098 Quod
2981 1019 3118 1085 cuin'
3140 1031 3374 1100 llogerio
3407 1047 3542 1084 nun-

1963 1124 2155 1178 tiatum
2202 1122 2410 1188 fuisset,
2461 1125 2530 1177 ab
2569 1123 2792 1176 obsesso
2840 1122 3114 1184 recedens,
3147 1120 3313 1174 citato
3353 1134 3538 1184 cursu,

1963 1214 2052 1269 ubi
2079 1227 2173 1268 eos
2199 1229 2321 1268 esse
2353 1214 2583 1278 audivit,
2613 1211 2847 1267 advolat.
2879 1213 3084 1282 Impetu
3111 1212 3276 1277 facto,
3307 1213 3539 1282 indeque

1962 1306 2116 1375 quasi
2146 1305 2606 1375 circumcingens,
2639 1305 2725 1357 vix
2765 1319 2928 1357 unum
2969 1303 3197 1358 evadere
3244 1303 3489 1373 permisit
3518 1317 3535 1368 ;

1961 1397 2028 1452 de
2048 1411 2281 1466 quorum
2315 1395 2526 1465 spoliis,
2569 1403 2625 1447 et
2659 1393 2814 1464 equis
2873 1405 2927 1447 et
2963 1394 3132 1447 armis
3179 1408 3367 1447 omnes
3411 1408 3541 1448 suos

1962 1487 2304 1541 abundantes
2355 1485 2505 1539 fecit.
2541 1484 2712 1552 Quam
2744 1484 2813 1538 ob
2857 1497 2968 1537 rem
2998 1483 3270 1550 Calabria,
3300 1485 3398 1538 etsi
3431 1499 3538 1538 non

1961 1591 2028 1632 ex
2075 1585 2187 1630 toto
2213 1575 2492 1640 obediens,
2546 1584 2727 1629 tamen
2771 1590 2800 1627 a
2833 1573 3108 1628 vicinitate
3140 1574 3255 1643 ejus
3287 1574 3536 1640 tremula,

1961 1668 2140 1721 minus
2167 1682 2288 1722 eum
2328 1667 2478 1737 prior
2509 1667 2725 1720 irritare
2757 1666 3143 1736 praesumebat.

2526 1755 2752 1812 CAPUT
2792 1756 3031 1812 XXXIII.

1961 1848 2030 1905 In
2057 1850 2386 1921 adjutorium
2417 1848 2677 1921 Gaufredi
2704 1849 2886 1921 fratris
2920 1847 3184 1921 Βοιὼ-ωδ
3215 1847 3538 1902 Guiscarrlus

2469 1930 2516 1974 et
2548 1919 2800 1990 Rogerius
2833 1919 3045 1972 eadunt.

2036 2010 2304 2065 Robertus
2358 2009 2520 2079 igitur
2546 2008 2882 2064 Guiscardus
2911 2018 3135 2080 rogatus
3161 2022 3190 2060 a
3223 2006 3392 2062 fratre
3441 2024 3538 2060 suo

1961 2106 2279 2177 Capitinata:
2309 2106 2510 2160 comite
2550 2104 2849 2169 Gaufredo,
2897 2112 2956 2158 ut
3008 2116 3198 2160 contra
3243 2106 3345 2159 sibi
3398 2106 3539 2160 relu-

1961 2207 2172 2253 ctantes
2199 2198 2458 2252 auxilium
2508 2197 2720 2252 laturus
2750 2196 2804 2251 in
2856 2207 3018 2260 terra,
3053 2212 3172 2265 quae
3217 2197 3419 2252 Citium
3451 2199 3536 2249 di-

1966 2289 2128 2351 citur,
2153 2293 2348 2358 quam,
2373 2295 2431 2341 ut
2472 2302 2600 2342 suos
2629 2285 2764 2341 fines
2816 2286 3090 2353 dilataret,
3120 2286 3393 2342 debellare
3432 2301 3539 2340 coe-

1962 2391 2138 2452 perat,
2169 2383 2402 2446 veniret,
2449 2382 2502 2436 in
2560 2381 2750 2436 fratris
2800 2381 2882 2435 sui
2937 2379 3153 2446 llogerii
3207 2377 3534 2431 strenuitate

1962 2473 2254 2543 plurimum
2280 2472 2470 2536 ﬁdens,
2505 2480 2560 2525 ut
2587 2472 2650 2524 ad
2679 2486 2756 2534 se,
2781 2485 2962 2525 secum
2988 2469 3111 2524 illuc
3136 2469 3326 2534 iturus,
3349 2483 3536 2538 quam-

1961 2565 2219 2622 citissiine
2243 2565 2422 2620 veniat
2449 2563 2660 2619 invitat.
2690 2561 2783 2619 Ille
2820 2573 3024 2628 autent,
3067 2561 3383 2616 invitatione
3411 2575 3535 2614 sus-

1961 2666 2116 2727 cepta
2171 2667 2226 2711 et
2281 2656 2606 2712 necessitate
2635 2656 2820 2710 fratris
2867 2655 2948 2710 sui
2991 2654 3228 2724 cognita,
3281 2651 3532 2722 quamvis

1960 2749 2075 2803 suis
2099 2747 2425 2802 utilitatibus
2451 2747 2800 2816 disponendis
2833 2754 3131 2815 occupatus
3157 2752 3320 2808 esset,
3359 2752 3538 2797 tamen

1960 2840 2086 2910 quia
2121 2839 2223 2894 sibi
2253 2853 2468 2908 semper
2519 2853 2638 2892 mos
2692 2836 2793 2890 fuit
2837 2837 3136 2890 amicorum
3191 2832 3538 2897 utilitatibus,

1962 2931 2040 2984 uti
2103 2931 2238 2996 suis,
2287 2929 2602 2994 subvenire,
2652 2928 3062 2984 accuratissime
3115 2943 3306 2984 versus
3357 2927 3542 2981 fratris

1961 3023 2219 3077 auxilium
2250 3023 2542 3078 subvenire
2571 3023 2842 3078 accelerat
2871 3040 2886 3087 ;
2919 3023 3104 3092 sicque
3125 3021 3370 3077 exercitu
3400 3036 3543 3076 enm-

350 3105 673 3182 δίθε(9.’⁴¹α”⁸
725 3103 891 3167 duc".
943 3111 990 3154 ⁸⁸
1017 3098 1268 3169 Ποθενίω
1324 3107 1370 3150 εί
1411 3093 1734 3148 σαίεεατάυδ
1781 3108 1858 3143 τε·
1887 3101 1932 3162 C
1965 3123 2131 3177 moto,
2171 3114 2388 3182 utrique
2415 3114 2467 3166 in
2495 3113 2756 3167 auxilium
2807 3113 2992 3166 fratris
3019 3113 3190 3166 aciem
3223 3112 3539 3182 dirigentes,

347 3175 625 3229 concilian:
638 3191 719 3226 ur.

348 3265 478 3320 Post
511 3268 628 3320 haec
682 3263 953 3318 Robertus
997 3258 1331 3316 Guiscardus
1375 3267 1600 3310 uxorem
1649 3252 1858 3307 habens

273 3375 387 3413 sum
422 3357 598 3429 gentis
640 3357 925 3410 honestam
967 3361 1022 3407 et
1077 3348 1324 3420 praeclari
1371 3346 1606 3416 generis,
1638 3342 1859 3396 Albera-

277 3453 403 3505 dam
441 3448 682 3510 nomine,
715 3461 779 3499 ex
813 3459 919 3514 qua
957 3440 1196 3496 habebat
1249 3438 1438 3501 lilium,
1472 3434 1690 3490 nomine
1718 3430 1859 3485 Mar-

275 3556 426 3603 cum,
451 3553 611 3608 quem
637 3536 744 3590 alio
772 3534 990 3589 nomine
1019 3529 1274 3586 dicebant
1302 3525 1699 3590 Boamundum,
1731 3537 1862 3576 con-

275 3630 643 3700 sanguinitate
707 3625 1107 3685 adnumerata,
1161 3618 1438 3674 canonicis
1488 3614 1860 3670 sanctionibus

275 3720 585 3775 contrarius
609 3732 726 3772 esse
752 3717 964 3780 nolens,
1020 3711 1329 3782 coniugium
1367 3707 1552 3770 solvit,
1580 3705 1858 3773 ﬁliamque

275 3806 522 3868 Caiiiiari
547 3808 874 3864 Salernitani
903 3804 1184 3876 principis,
1221 3800 1587 3873 Sigelgaytam
1614 3795 1857 3862 nomine,

277 3902 381 3957 sibi
413 3901 467 3955 in
490 3897 896 3954 matrimonium
919 3894 1212 3965 copulavit.

853 4004 1078 4061 CAPUT
1122 4003 1314 4058 XXXI.

281 4104 540 4160 Robertus
568 4099 890 4155 Cuiscardus
908 4115 1062 4167 super
1085 4093 1422 4167 Guilielmum
1448 4094 1664 4167 fratrem
1683 4109 1858 4156 suum,

583 4183 861 4240 antequam
895 4164 1104 4237 nuptias
1134 4166 1369 4228 celebret,
1403 4164 1564 4218 vadit.

297 4279 301 4282 '
350 4267 508 4319 Anno
537 4264 605 4318 ab
631 4253 1035 4316 incarnatione
1071 4256 1298 4317 Domini
1357 4255 1514 4320 1058,
1547 4257 1684 4309 hanc
1715 4255 1858 4323 apud

280 4356 571 4410 Salernum
596 4346 1003 4422 desponsatam,
1029 4347 1335 4415 antequam
1354 4345 1726 4408 convenirent,
1761 4343 1863 4414 llos

1957 3203 2344 3258 Guillamatum
2411 3203 2524 3273 (53)
2572 3211 2810 3256 castrum
2843 3210 3218 3272 oppugnantes
3271 3205 3538 3270 capiunt;

1958 3291 2220 3357 Galterio,
2249 3291 2341 3360 qui
2379 3299 2562 3345 castro
2593 3291 3021 3359 principabatur,
3058 3291 3110 3344 in
3166 3291 3416 3360 Apuliam
3439 3305 3535 3345 ca-

1959 3382 2165 3451 ptivum
2197 3382 2475 3447 ducentes,
2504 3381 2691 3436 oculos
2715 3379 2999 3444 effodiunt,
3041 3396 3110 3436 ne
3155 3382 3203 3435 si
3230 3382 3417 3436 oculos
3445 3383 3542 3436 ha-

1960 3473 2096 3526 bens
2122 3472 2375 3543 captione
2401 3472 2726 3542 quandoque
2759 3471 3101 3534 liberaretur,
3143 3470 3296 3525 fratri
3343 3472 3540 3526 iterum

1961 3555 2219 3616 molestus
2266 3563 2442 3616 ﬁeret.
2495 3562 2593 3618 llic
2646 3577 2887 3618 sororem
2941 3563 3232 3633 quamdam
3286 3563 3539 3626 habebat,

1961 3670 2081 3724 qua:
2101 3670 2224 3710 cum
2259 3655 2374 3724 ipso
2426 3655 2479 3710 in
2515 3654 2764 3724 captione
2817 3655 3045 3709 abducta
3076 3665 3196 3719 est;
3229 3670 3347 3725 quae
3376 3655 3541 3710 etiam

1963 3755 2129 3801 tantae
2152 3744 2576 3816 pulchritudinis
2599 3760 2719 3801 esse
2747 3754 2978 3800 testatur
3000 3755 3058 3800 ut
3083 3745 3126 3800 si
3159 3745 3449 3815 aliquando
3475 3745 3542 3798 ad

1961 3853 2114 3893 mare
2165 3837 2474 3892 balneatum
2523 3839 2782 3903 venisset,
2841 3839 2921 3892 vel
2979 3837 3545 3908 causa-experientiae

1962 3945 2121 3985 crura
2151 3930 2204 3984 in
2230 3929 2412 3999 aliquo
2434 3930 2649 4000 piscoso
2673 3928 2894 3984 flumine
2914 3930 3226 3999 deponeret,
3253 3930 3430 3998 pisces
3465 3928 3545 3982 al-

1961 4021 2157 4076 bedine
2195 4019 2310 4089 ejus
2363 4021 2615 4076 delectati
2667 4021 3018 4087 adnatabant,
3055 4031 3115 4074 ut
3169 4021 3334 4075 etiam
3380 4036 3540 4074 manu

1922 4157 1924 4160 μ
1963 4113 2082 4181 capi
2115 4122 2356 4182 possent.

2495 4201 2721 4256 CAPUT
2762 4199 3006 4254 XXXIV.

1963 4293 2288 4348 Cuillamato
2341 4293 2596 4347 debellato
2628 4293 2832 4414 utrique
2880 4292 3070 4360 fratres
3125 4290 3428 4346 Calabriam
3457 4309 3545 4346 ra-

2729 4373 2838 4414 unt.

2729 4373 2838 4416 unt.

279 4448 430 4517 gerio
460 4445 616 4499 fratri
649 4441 1046 4513 procurandam
1073 4437 1440 4500 committens,
1493 4437 1604 4505 ipse
1652 4446 1710 4489 ut
1743 4434 1856 4506 (50)

2037 4455 2189 4509 Tunc
2215 4470 2397 4509 comes
2426 4451 2730 4508 Gaufrcdus
2751 4452 3133 4509 Guillamatum
3162 4453 3274 4525 (Ei-5)
3306 4462 3542 4509 castrum

279 4535 602 4604 Gisulphum
653 4533 891 4592 fratrem,
925 4545 1081 4583 suum
1126 4527 1381 4583 comitem
1436 4525 1773 4594 principatus
1808 4525 1859 4578 in

279 4625 597 4682 hrereditate
632 4622 774 4676 illius
814 4622 1147 4685 firmaverat,
1190 4617 1386 4687 quibus
1426 4615 1525 4685 ipsi
1571 4615 1860 4684 plurimum

281 4720 394 4790 (51)
429 4716 656 4771 infestus
683 4722 817 4776 erat,
855 4713 1095 4766 dirutum
1144 4709 1331 4772 vadit;
1371 4707 1499 4761 inde
1523 4704 1738 4759 Melfatn
1777 4719 1859 4758 re-

283 4827 519 4888 gressus,
547 4811 820 4866 solemncs
841 4805 1057 4874 nuptias
1085 4800 1400 4857 celebravit.

828 4913 1056 4972 CAPUT
1092 4911 1310 4968 XXXII.

283 5019 487 5074 Bellum
537 5015 680 5086 apud
731 5011 792 5065 S.
843 5008 1134 5145 Martium;
1186 5008 1303 5061 eum
1365 5000 1564 5058 Graecis
1609 5014 1641 5050 a
1695 4997 1866 5067 Roge-

992 5094 1068 5130 I'IO
1138 5089 1178 5134 1.

992 5094 1068 5130 rio
1098 5089 1178 5134 nt.

894 5166 1156 5204 “nune-ina

1223 5167 1512 5204 Cutilialtltn
1557 5159 1710 5204 fratri
1741 5173 1861 5204 01111]

288 5193 292 5197 .
357 5182 396 5200 Α
421 5182 470 5200 μ’.
495 5174 552 5200 Ly-
602 5171 827 5202 ...ιμιιιιῖο

1967 4546 2244 4616 adjutorio
2269 4546 2458 4600 fratris
2488 4546 2737 4614 adeptus,
2785 4553 2951 4598 totam
2998 4545 3290 4600 Tcaeiuam
3327 4545 3546 4616 provin-

1967 4639 2107 4692 ciam
2141 4639 2410 4694 debellare
2447 4637 2665 4691 fortiter
2704 4637 2893 4708 coepit.
2935 4636 3208 4692 Rubertus
3253 4651 3384 4694 vero
3419 4634 3548 4690 Gui-

1969 4730 2196 4785 scardus
2242 4744 2365 4784 cum
2416 4729 2648 4799 Ilogerio
2677 4729 2847 4782 fratre
2881 4728 2933 4782 in
2959 4729 3269 4783 Calabriam
3300 4727 3544 4789 secessit,

1969 4820 2058 4874 ubi
2092 4823 2159 4876 ad
2195 4821 2485 4876 utilitatem
2518 4835 2674 4874 suam
2703 4829 2760 4874 et
2783 4818 2970 4872 fratris
3002 4818 3233 4887 plurima
3257 4820 3548 4888 disponens

1969 4925 2021 4968 et
2055 4932 2224 4986 usque
2266 4914 2529 4994 [lolicgium
2581 4913 2880 4982 przedatum
2929 4913 3157 4976 vadens,
3207 4912 3442 4983 Rogerio
3494 4910 3548 4963 in

1968 5000 2218 5061 Calabria
2267 4991 2603 5068 remanente,
2657 5000 2773 5070 ipse
2825 5000 2880 5053 in
2928 4998 3178 5069 Apuliam
3215 5001 3554 5057 hiematurus

1973 5110 2261 5163 regressus
2288 5103 2388 5152 est.

2537 5182 2608 5206 ﬁt
2631 5180 2765 5206 [\I'l'l"
2803 5177 2998 5206 νγγν
