4010 5230
537 327 674 383 1119

536 445 864 514 adipiscendi
889 447 1106 510 ardens,
1124 453 1427 500 commeatu
1455 455 1510 499 ct
1531 447 1752 517 reliquis
1779 461 1896 516 quae
1923 462 2110 502 neces-
2139 451 2185 506 Α

535 533 678 588 saria
709 548 867 590 erant
897 551 1092 606 magno
1138 536 1318 591 studio
1370 538 1712 607 praiparatis,
1759 537 2102 608 plurimoque

534 627 777 684 exercitu
809 641 952 680 anno
1003 627 1214 680 Domini
1257 626 1652 682 lncarnatiouis
1701 627 1839 682 1060
1865 643 2100 698 congre-

534 727 684 790 gato,
713 717 1016 772 Calabriam
1039 719 1205 782 venit,
1235 718 1566 787 fratremque
1594 733 1777 774 secum
1805 719 2096 788 accipiens,

533 817 774 878 tempore
821 821 926 876 quo
975 821 1178 862 messes
1201 806 1377 876 colligi
1433 807 1782 876 incipiebant,
1839 806 2102 877 Rhegium

530 915 912 972 praeoccupans
947 901 1179 956 obsedit.
1231 901 1403 958 Porro
1453 901 1580 966 illis,
1635 902 1790 972 quasi
1843 917 1942 971 pro
1993 903 2102 956 vita

533 995 730 1049 tuenda
759 1009 880 1050 sese
906 992 1123 1048 fortiter
1162 993 1596 1060 defendentibus,
1644 995 1860 1063 utrique
1905 993 2103 1047 fratres

533 1087 783 1140 certatim
837 1101 964 1142 suos
1001 1085 1375 1152 cohortantes,
1408 1085 1476 1140 ad
1525 1085 1978 1156 Oppugnationem
2012 1099 2102 1138 ca—

527 1174 624 1228 stri
653 1173 940 1238 excitant;
991 1173 1152 1239 unde,
1200 1189 1323 1228 cum
1375 1175 1556 1229 hostes
1605 1175 1876 1238 interdum
1924 1176 2102 1243 prosi-

525 1264 684 1329 liunt,
729 1264 897 1318 multa
945 1265 1259 1319 militariter
1302 1265 1370 1320 ab
1418 1265 1552 1335 ipsis
1591 1273 1899 1335 perpetrata
1950 1275 2097 1320 sunt.

525 1355 659 1410 Nam
692 1355 980 1425 Rogerius,
1010 1371 1078 1411 ne
1103 1356 1238 1412 alios
1289 1357 1357 1411 ad
1411 1355 1658 1410 militiam
1714 1356 1960 1427 arrigens
1987 1356 2100 1426 ipse

523 1447 772 1518 refugere
804 1447 1102 1513 diceretur,
1157 1448 1210 1501 in
1265 1447 1410 1502 omni
1449 1461 1742 1514 congressu
1773 1463 1894 1503 sese
1935 1447 2098 1504 sociis

523 1551 871 1614 prrcponcns,
928 1537 1218 1606 quemdam
1269 1535 1626 1592 fortissimum
1656 1547 1710 1592 et
1739 1537 1946 1593 enormi
1979 1552 2098 1592 cor-

523 1642 654 1696 pore
679 1627 882 1692 virum,
913 1629 1178 1682 exercitui
1207 1627 1664 1684 Nortmannormn
1696 1629 1881 1684 multis
1905 1639 2096 1684 contu-

521 1719 698 1774 meliis
720 1721 1159 1788 exprobrautem,
1189 1735 1349 1790 quem
1402 1735 1589 1774 onmes
1613 1721 1765 1790 quasi
1824 1721 2094 1791 gigantem

518 1809 870 1874 extollebant,
904 1810 1105 1877 impetu
1167 1809 1312 1864 facto
1345 1809 1524 1865 hastili
1586 1813 1778 1865 robore
1834 1811 2094 1880 dejiciens

519 1899 812 1954 interfecit.
843 1898 960 1952 Hoc
985 1899 1166 1968 itaque
1197 1900 1378 1954 taliter
1425 1900 1735 1966 interfecto,
1770 1899 1961 1971 reliqui
1999 1903 2092 1970 qui

519 1990 660 2044 intra
693 1999 930 2046 castrum
956 1999 1129 2056 erant,
1157 1992 1352 2058 territi,
1375 2007 1496 2046 cum
1527 1991 1772 2046 viderent
1813 1992 2092 2046 machina-

519 2091 702 2136 menta
728 2083 794 2137 ad
827 2081 1014 2136 urbem
1052 2083 1370 2152 capiendam
1407 2092 1621 2152 parata,
1659 2095 1889 2151 eamque
1925 2097 2092 2153 usque

517 2173 760 2240 perduci,
795 2173 998 2228 viribus
1049 2173 1161 2228 suis
1194 2171 1512 2237 difiidentes,
1546 2175 1798 2242 pactione
1829 2172 1994 2240 facta,
2031 2183 2090 2228 ut

519 2262 748 2328 duobus,
805 2264 894 2332 qui
953 2264 1168 2319 ca‘teris
1223 2265 1520 2333 principari
1569 2265 1921 2330 videbantur,
1967 2280 2089 2318 cum

517 2354 771 2408 omnibus
823 2354 936 2410 suis
966 2355 1116 2410 abire
1144 2356 1351 2421 liceret,
1380 2355 1560 2410 caeteri
1593 2371 1800 2420 onincs,
1838 2356 1972 2410 urbe
1999 2355 2092 2410 de-

517 2444 647 2508 dita,
679 2444 870 2499 ditioni
912 2444 1368 2500 Nortmauuorum
1420 2462 1539 2502 sese
1571 2447 1945 2501 subdiderunt.
1977 2445 2089 2498 Ab-

515 2547 706 2594 euntes
729 2555 856 2594 vero
877 2555 999 2595 sese
1029 2541 1082 2595 in
1115 2550 1314 2608 castro,
1355 2541 1498 2610 quod
1528 2539 1835 2595 Scillacium
1869 2539 2087 2603 dicitur,

515 2641 853 2698 receperunt.

1049 2723 1278 2778 CAPUT
1321 2723 1560 2778 XXXVI.

516 2807 808 2865 Guiscardo
835 2815 974 2879 apud
1005 2813 1258 2882 Rhegium
1289 2823 1604 2876 remanente,
1635 2812 1884 2882 Ilogerius
1913 2823 2086 2866 castra

1011 2883 1270 2936 Calabria!
1305 2894 1586 2952 expugnat.

585 2972 752 3042 igitur
782 2971 1051 3029 Rolwrtus
1094 2973 1445 3038 Guiscardus,
1503 2983 1722 3044 accepta
1769 2975 1920 3038 urbe,
1965 2976 2085 3028 diu-

516 3065 658 3116 turni
685 3065 921 3120 disiderii
955 3067 1032 3118 sui
1066 3079 1282 3133 compos
1332 3063 1574 3130 effectus,
1619 3080 1739 3118 cum
1774 3063 2081 3134 triumphali

513 3153 682 3224 gloria
713 3155 821 3210 dux
847 3155 1096 3221 efficitur,
1127 3170 1462 3226 magnasque
1507 3155 1708 3226 gratias
1769 3169 1890 3209 cum
1921 3156 2080 3209 meri-
2111 3167 2154 3225 (ζ

517 3253 694 3298 torum
719 3245 1218 3313 recompensatione
1249 3245 1403 3298 fratri
1449 3253 1503 3299 et
1556 3245 1768 3314 reliquo
1797 3245 2083 3308 exercitui,

513 3351 742 3404 quorum
775 3336 976 3390 auxilio
1010 3336 1140 3389 tanti
1173 3335 1383 3390 culmen
1415 3335 1638 3390 honoris
1677 3336 1954 3405 attigerat,
2001 3350 2087 3390 re-

513 3425 719 3491 ferens,
749 3427 972 3480 fratrem
1023 3441 1144 3479 cum
1173 3427 1416 3480 exercitu
1465 3442 1562 3495 per
1597 3426 1758 3480 urbes
1801 3434 1856 3479 et
1905 3435 2084 3479 castra

515 3515 681 3570 totius
711 3515 1024 3585 provincia-3,
1061 3523 1117 3568 ut
1145 3530 1244 3569 suo
1273 3515 1498 3582 imperio
1521 3513 1840 3580 subdantur,
1868 3513 2080 3582 dirigit;

513 3607 628 3673 ipse
659 3607 876 3662 interim
905 3621 933 3660 a
965 3607 1150 3661 labore
1195 3621 1255 3661 se
1304 3607 1444 3676 apud
1485 3605 1750 3674 Rhegium
1803 3619 2082 3661 recreans.

513 3696 778 3765 ltogerius
807 3712 933 3750 vero
968 3697 1128 3766 hujus
1159 3697 1294 3751 artis
1347 3711 1452 3750 non
1507 3697 1752 3766 ignarus,
1807 3695 2084 3766 sapienter

512 3788 811 3840 exercitum
840 3789 1066 3852 ducens,
1093 3790 1244 3843 brevi
1275 3789 1449 3856 spatio
1497 3789 1777 3858 temporis,
1815 3804 1959 3844 nunc
1982 3789 2086 3842 mi-

513 3878 900 3944 nis-terrendo,
939 3895 1081 3934 nunc
1107 3880 1490 3934 blandimentis
1518 3881 1804 3936 mulceudo
1832 3881 2082 3935 undecim

513 3969 872 4023 famosissima
903 3971 1121 4025 castella
1181 3971 1425 4026 lucratus
1454 3980 1537 4025 est
1585 3973 1638 4025 in
1672 3980 1877 4026 tantum
1933 3979 1992 4026 ut
2028 3973 2080 4026 in

514 4069 628 4114 tota
659 4059 910 4115 Calabria
957 4076 1252 4116 necuuum
1284 4070 1522 4116 castrum
1580 4061 1832 4116 relucmri
1880 4077 2082 4131 pra'su-

511 4163 704 4216 meret,
731 4162 960 4222 excepto
982 4153 1097 4208 solo
1123 4152 1338 4208 Xillano
1367 4153 1501 4225 (55),
1527 4153 1670 4223 quod
1705 4152 1780 4207 illi
1805 4153 2076 4220 tenebant,

508 4245 598 4314 qui
622 4260 652 4298 a
675 4244 883 4314 Rhegio
914 4247 1186 4300 exierant.

1030 4337 1259 4393 CAPUT
1297 4337 1556 4398 XXXVII.

826 4429 1066 4494 Qualiter
1087 4430 1402 4502 Scyllacium
1430 4443 1636 4502 captum
1659 4431 1782 4502 fuit.

1357 329 1704 386 GAUFREDI
1735 330 2196 388 'MALATERRAE
2244 335 2540 392 MONACHI
2581 339 2936 396 BENEDICT.

3653 353 3794 409 “’20

2722 454 2946 511 CAPUT
2985 455 3266 516 XXXVIII.

2211 565 2452 629 Qualiter
2481 568 2632 622 Serio
2662 569 2918 626 Tuncredi
2951 574 3094 642 ﬁtius
3123 593 3157 630 a
3189 575 3547 634 Nortmanm’a
3575 583 3632 636 in
3659 582 3788 636 Bri-

2703 643 2935 696 tanniam
2975 657 3155 714 pulsus
3189 647 3277 701 sit.

2280 729 2390 786 Sed
2414 746 2482 787 ne
2505 731 2704 802 aliquis
2733 736 3010 792 existimet
3030 737 3147 795 illos
3171 741 3264 810 qui
3305 742 3359 796 in
3389 741 3638 812 Apuliam
3662 759 3783 799 cum

2205 819 2328 875 aliis
2356 821 2614 878 fratribus
2663 840 2770 879 non
2802 839 3070 884 venerunt
3097 831 3327 888 minoris
3361 835 3610 890 valentize
3645 851 3676 890 a
3703 851 3788 890 re-

2207 909 2364 977 liquis
2387 909 2644 968 fratribus
2665 913 2848 978 fuisse,
2875 925 2930 970 et
2955 917 3073 974 ideo
3105 921 3158 974 in
3189 920 3539 978 Nortmannia
3567 940 3788 980 reman-

2207 1001 2367 1067 sisse,
2399 1003 2467 1057 de
2495 1002 2720 1060 Serloue
2770 1021 2940 1076 pauca
2971 1008 3198 1065 dicenda
3229 1021 3376 1068 sunt.
3410 1013 3510 1069 Hic
3547 1014 3786 1086 denique

2205 1107 2324 1150 cum
2351 1093 2404 1146 in
2451 1093 2804 1150 Nortmannia
2841 1097 2983 1154 inter
3029 1100 3236 1156 militia:
3279 1101 3662 1162 laudabiliores
3692 1121 3788 1176 ap-

2203 1185 2549 1253 pretiaretur,
2607 1202 2637 1241 a
2695 1188 2926 1257 quodam
2979 1201 3200 1260 potente
3253 1193 3506 1262 injuriam
3561 1211 3783 1266 passus,

2201 1275 2328 1330 dum
2361 1278 2626 1334 vindicari
2665 1281 2869 1346 studet,
2907 1283 3060 1338 illum
3111 1285 3388 1342 interficit.
3444 1285 3600 1344 Unde
3643 1289 3784 1342 iram

2205 1366 2422 1422 Roherti
2455 1369 2691 1434 comitis,
2747 1371 2846 1426 filii
2900 1371 3118 1428 Ricardi
3167 1377 3412 1442 secundi,
3445 1379 3622 1446 patris
3653 1393 3788 1433 vero

2203 1456 2548 1514 famosissimi
2579 1461 2724 1530 regis
2747 1463 3038 1532 Anglorum
3074 1465 3345 1522 Guilielmi
3376 1469 3522 1526 ferre
3546 1485 3654 1525 non
3687 1485 3786 1525 va-

2205 1549 2342 1617 lens,
2369 1551 2420 1604 in
2448 1549 2780 1608 Britanniam
2805 1555 3132 1623 declinavit;
3156 1559 3247 1613 ubi
3278 1559 3594 1628 aliquandiu
3625 1577 3782 1615 com-

2203 1649 2470 1704 moratus,
2513 1642 2756 1696 omuium
2783 1645 3013 1714 gratiam
3040 1651 3361 1704 strenuitate
3389 1664 3488 1704 sua
3517 1651 3782 1714 obtinuit,

2187 1722 2404 1800 perque
2451 1731 2656 1802 legatos
2699 1747 2888 1802 pacem
2920 1750 2950 1788 a
3001 1739 3196 1792 comite
3226 1739 3464 1794 Roberto
3492 1750 3782 1809 expetens,

2199 1838 2301 1878 nec
2360 1823 2634 1890 obtinens,
2681 1827 2866 1883 multis
2913 1829 3312 1889 incursionibus
3363 1832 3782 1890 Nortmauuiam

2198 1913 2488 1972 lacessivit.

2725 2031 2954 2091 CAPUT
2993 2035 3238 2092 XXXIX.

2567 2121 2644 2176 De
2675 2123 2864 2178 militia
2888 2125 3116 2194 ejusdem
3147 2127 3400 2184 Serlom's.

2265 2229 2484 2288 Etcum
2524 2235 2758 2305 quodam
2801 2247 3044 2310 tempore
3093 2241 3234 2296 idem
3269 2259 3450 2298 comes
3499 2243 3778 2300 Robertus

2195 2323 2247 2376 in
2276 2325 2476 2380 contini
2523 2325 2766 2384 Francia:
2824 2339 2877 2384 et
2926 2331 3293 2389 Nertmannize
3335 2346 3600 2402 castrum,
3631 2339 3774 2408 quod

2195 2413 2475 2471 Taulerias
2496 2419 2712 2486 dicitur,
2745 2422 3064 2489 obsedisset,
3089 2425 3244 2481 miles
3285 2429 3502 2496 quidam
3551 2429 3774 2484 Franci-

2194 2521 2328 2576 gena
2365 2522 2394 2560 a
2423 2517 2602 2564 castro
2633 2511 2818 2566 diatim
2855 2513 3063 2580 exiens,
3099 2524 3152 2571 et
3183 2517 3458 2588 singulare
3489 2531 3767 2576 certamen

2192 2597 2260 2650 ab
2307 2599 2546 2652 exercitu
2599 2598 3052 2657 Nortmannorum
3085 2615 3366 2675 expetens,
3413 2609 3618 2664 multos
3647 2625 3770 2680 pro-

2193 2685 2488 2741 sternebat.
2537 2687 2731 2744 Comes
2781 2707 2928 2758 vero,
2985 2695 3241 2749 damnum
3282 2713 3502 2751 suorum
3551 2699 3764 2760 timens,

2193 2778 2446 2831 omnibus
2490 2779 2847 2836 interdixerat
2901 2799 2969 2838 ne
3008 2785 3203 2857 aliquis
3249 2787 3322 2844 illi
3365 2790 3654 2858 obviaret;
3691 2792 3766 2847 sic

2193 2869 2306 2922 suis
2334 2871 2739 2926 excusationem
2789 2873 3053 2942 tribuens,
3106 2888 3183 2946 ut,
3209 2895 3332 2934 cum
3377 2883 3522 2950 quod
3551 2885 3762 2953 perieu-

2191 2957 2365 3014 losum
2389 2971 2508 3016 erat
2529 2963 2860 3034 refugerent,
2886 2983 2991 3024 non
3011 2971 3114 3026 hoc
3136 2969 3246 3040 jam
3271 2973 3470 3040 timori,
3495 2975 3592 3028 sed
3623 2975 3763 3043 priu-

2190 3051 2328 3120 cipis
2379 3052 2747 3110 iuterdicticui
2783 3059 3140 3116 ascriberent.
3177 3062 3330 3130 Quod
3379 3079 3500 3119 eum
3553 3065 3760 3119 Serloni

2191 3140 2244 3194 in
2268 3141 2570 3210 Britannia,
2611 3145 2699 3200 ubi
2754 3157 2882 3203 tunc
2942 3153 3200 3222 temporis
3243 3154 3580 3221 morabatur,
3628 3155 3762 3209 rela-

2193 3243 2300 3286 tum
2347 3233 2562 3299 fuisset,
2616 3237 2966 3308 ignominiam
3015 3243 3198 3313 populi
3265 3244 3348 3298 sui
3397 3261 3505 3299 non
3559 3244 3758 3306 ferens,

2189 3327 2395 3384 duobus
2427 3338 2632 3385 tantum
2659 3319 2946 3400 armigeris
2971 3335 3260 3390 comitatus
3287 3335 3569 3390 Taulerias
3595 3337 3758 3396 venit,

2188 3432 2399 3472 summo
2433 3419 2667 3474 diluculo
2718 3430 2844 3476 ante
2893 3431 3102 3491 portam
3163 3424 3435 3494 singulare
3483 3434 3758 3478 certamen

2186 3507 2438 3572 offerens,
2496 3509 2561 3564 de
2587 3499 2933 3580 cquo‘hasta
2989 3512 3203 3568 innixus
3243 3521 3538 3584 exspectat.
3593 3513 3762 3570 Porro

2187 3599 2274 3655 ille
2304 3603 2395 3671 qui
2425 3602 2560 3658 alios
2587 3604 2820 3674 dejicere
2869 3605 3060 3661 solitus
3086 3615 3223 3670 erat,
3257 3607 3588 3676 indignatus,
3639 3623 3758 3662 cum

2187 3690 2424 3745 maximo
2453 3691 2638 3746 furore
2691 3692 3006 3762 splendidus
3057 3695 3109 3748 in
3140 3695 3306 3750 armis
3351 3693 3583 3750 ferventi
3622 3709 3758 3765 equo

2185 3781 2419 3847 advolat,
2459 3783 2582 3852 quis
2603 3785 2674 3837 sit
2703 3785 2967 3853 requirit;
2999 3794 3059 3840 ut
3089 3801 3118 3844 a
3155 3785 3270 3840 loco
3321 3787 3544 3842 recedat
3588 3787 3750 3840 vitam

2187 3872 2384 3926 tuendo
2408 3873 2675 3926 hortatur.
2701 3873 2794 3929 lllo
2841 3889 3036 3930 nomen
3089 3876 3389 3944 revelante,
3441 3877 3590 3930 seda
3635 3876 3750 3930 loco

2185 3964 2441 4018 recedere
2481 3963 2721 4030 nolente,
2771 3965 2898 4020 dum
2945 3967 3164 4021 fortiter
3209 3967 3576 4037 congreditur,
3623 3967 3750 4020 alio-

2183 4068 2300 4106 rum
2358 4061 2661 4122 prostrator
2715 4053 2844 4126 forti
2898 4055 3074 4110 hastili
3122 4057 3510 4127 prosternitur.
3561 4056 3750 4120 Serlo,

2181 4143 2427 4214 pluribus
2459 4145 2740 4215 utriusque
2773 4146 2945 4216 partis
2993 4148 3399 4217 aspicientibus,
3437 4163 3545 4203 non
3571 4159 3746 4202 tamen

2181 4237 2303 4306 quis
2345 4245 2490 4292 esset
2519 4237 2846 4304 scientibus,
2877 4238 3048 4293 victor
3091 4239 3155 4292 ad
3187 4239 3414 4308 gloriam
3463 4241 3748 4294 Nortmau-

2181 4341 2370 4382 norum
2394 4326 2644 4383 efﬁcitur.
2679 4327 2878 4400 Sicque
2897 4337 3058 4400 caput
3085 4330 3382 4386 abscissum
3403 4329 3608 4386 lancem
3629 4345 3749 4398 sup-

2179 4436 2406 4491 ponens,
2467 4435 2564 4490 per
2597 4422 2832 4476 medium
2873 4419 2985 4477 suae
3022 4423 3196 4494 gentis
3251 4430 3584 4488 castrorum,
3623 4421 3747 4476 nulli

580 4522 732 4588 Quod
759 4522 1026 4592 Rogerius
1077 4524 1356 4588 obsidens,
1399 4539 1522 4578 cum
1569 4523 1778 4577 videret
1821 4521 2075 4577 celeriter
2105 4502 2153 4564 θ
2181 4513 2402 4566 verbum
2453 4511 2680 4578 faciens.
2743 4513 2796 4567 in
2850 4511 3187 4569 Brilaﬂniam
3223 4515 3404 4570 redire
3457 4514 3744 4570 θεοθιετει·

507 4627 612 4665 uon
641 4627 796 4679 posse
815 4613 955 4681 capi,
980 4613 1277 4667 exercitum
1308 4627 1438 4666 vero
1475 4627 1628 4666 suum
1670 4611 1874 4666 laboris
1919 4610 2077 4664 tatdio

509 4701 668 4767 allici,
693 4703 967 4758 castellum
1003 4705 1272 4774 quoddam
1310 4712 1434 4757 ante
1458 4714 1666 4772 portam
1698 4702 1952 4766 firmavit,
1979 4701 2077 4754 mi-

509 4793 717 4856 litibus,
753 4795 843 4862 qui
873 4793 1180 4850 Scillacium
1226 4795 1598 4860 sollicitarent,
1628 4801 1682 4847 et
1709 4793 1794 4848 his
1819 4807 1938 4862 qua:
1975 4791 2076 4846 mi—

509 4883 692 4937 litibus
721 4886 1025 4940 necessaria
1049 4895 1224 4951 erant,
1253 4881 1524 4951 munie’ns,
1563 4885 1857 4940 exercitum
1889 4883 1954 4937 ad
1983 4897 2077 4937 ex-

507 4974 830 5042 peditionem
861 4975 1036 5030 solvit.
1095 4976 1262 5032 Porro
1309 4977 1382 5032 illi
1435 4976 1585 5047 quia
1625 4976 1830 5046 Bhegio
1878 4974 2073 5030 Scilla.

507 5067 648 5108 rium
679 5068 904 5108 ingraeci
937 5068 1148 5108 rum-ant
1211 5085 1332 5108 ωιτη
1375 5071 1612 5108 vitim-nni
1648 5084 1706 5108 cn
1749 5068 1974 5108 nimium
2007 5067 2076 5108 ab

2177 4603 2372 4660 Comes
2401 4618 2553 4674 ergo,
2585 4603 2819 4675 legatum
2859 4606 3098 4671 mittens,
3126 4606 3374 4674 quisnam
3406 4605 3478 4659 sit
3502 4618 3746 4675 perscru-

2181 4695 2280 4748 tari
2301 4695 2476 4765 jubet,
2502 4705 2556 4747 et
2578 4704 2639 4749 ut
2664 4695 2732 4750 ad
2759 4711 2820 4750 se
2843 4697 3024 4750 veniat
3049 4697 3310 4766 prmcipit.
3359 4695 3468 4751 Sed
3491 4710 3616 4750 cum
3666 4708 3746 4747 re-

2179 4788 2486 4841 nuntiatum
2537 4785 2730 4842 fuisset
2767 4787 3225 4862 hunc‘Scrlonem
3259 4787 3426 4840 lilium
3483 4783 3740 4839 Taneredi

2177 4892 2322 4942 esse,
2352 4887 2407 4932 et
2429 4893 2456 4930 a
2481 4877 2760 4932 Britannia
2789 4893 2953 4933 causa
2986 4879 3194 4946 imperii
3223 4893 3252 4930 a
3277 4877 3475 4948 populo
3501 4891 3601 4932 suo
3627 4890 3744 4946 pro-

2176 4969 2413 5040 pellendi
2454 4970 2688 5035 venisse,
2719 4985 2776 5024 se
2812 4978 2990 5025 autem
3025 4971 3160 5024 iram
3181 4970 3620 5040 principis,quia
3661 4969 3742 5021 in-

2178 5061 2367 5108 frausus
2390 5069 2528 5108 erat-
2561 5060 2855 5108 declinare.
2905 5071 2960 5108 et
2992 5061 3184 5108 natria-
3217 5061 3469 5108 utramvis
3497 5059 3742 5108 nentlrio-
