4010 5230
249 169 380 224 1121

849 271 1076 329 CAPUT
1117 271 1226 326 XL.

713 365 790 418 De
831 363 1098 418 Tancredo
1137 371 1185 416 et
1214 377 1364 432 apro.

320 459 400 512 De
423 453 708 510 Tancredo
728 467 860 508 vero
886 459 1162 506 tantorum
1191 449 1424 504 filiorum
1451 460 1603 520 patre
1625 449 1828 520 aliquid

247 546 510 603 memoria
529 545 752 618 dignum
775 543 962 599 dicere
983 557 1082 597 nec
1106 543 1400 598 absurdum
1432 551 1535 595 est.
1563 541 1831 610 Tempore

247 642 452 710 quippe
473 637 778 710 juventutis
807 651 920 690 sum
941 633 1269 688 militaribus
1293 632 1568 688 exercitiis
1590 631 1828 698 deditus,

247 742 302 788 et
332 732 674 786 diversarum
706 729 984 799 regionum
1011 736 1066 780 et
1095 724 1400 795 principum
1437 725 1618 779 curias
1648 723 1830 792 perlu.

245 831 450 888 strans,
502 820 669 875 multa
711 827 946 874 strenua;
983 815 1158 870 laudis
1210 815 1402 870 avidus
1430 815 1660 886 agendo,
1703 829 1827 868 eum

247 914 364 981 ipsa
397 911 556 967 laude
591 921 646 966 et
681 911 912 980 plurima
943 909 1184 962 lucratus
1223 916 1326 962 est.
1351 907 1486 962 Cum
1529 917 1710 961 autem
1745 920 1828 960 es-

245 1013 330 1060 set
371 1003 428 1058 in
467 1002 668 1057 familia
717 1001 936 1056 comitis
975 997 1434 1054 Nortmaunorum
1473 997 1694 1052 Ricardi
1740 1011 1830 1050 se-

243 1095 432 1159 cundi,
469 1093 561 1163 qui
591 1103 816 1162 quartus
853 1105 882 1144 a
913 1089 1106 1144 Rbollo
1147 1090 1282 1144 duce
1313 1087 1438 1154 fuit,
1464 1087 1696 1156 quadam
1741 1086 1826 1140 die

245 1183 386 1237 idem
415 1183 666 1252 princeps
689 1189 940 1234 venatum
964 1193 1216 1248 pergens,
1247 1177 1336 1231 tali
1368 1177 1512 1232 enim
1540 1175 1824 1239 exercitio,

249 1284 308 1327 ut
353 1289 472 1330 mos
498 1281 582 1328 cst
621 1273 902 1337 divitibus,
966 1285 1071 1326 non
1113 1271 1396 1324 minimum
1433 1269 1822 1333 delectabatur,

245 1377 434 1432 aprum
488 1361 642 1416 mine
689 1359 1068 1425 enormitatis,
1121 1375 1282 1428 quem
1307 1358 1579 1428 singulare
1613 1359 1820 1422 dicunt,

247 1453 436 1508 movit.
469 1453 602 1508 Erat
629 1461 808 1506 autem
836 1452 940 1506 sibi
971 1467 1111 1518 mos,
1139 1451 1282 1506 sicut
1325 1459 1382 1505 et
1417 1450 1660 1521 pluribus
1705 1449 1823 1504 alis

243 1547 555 1616 potentibus
583 1553 690 1612 est,
725 1554 784 1600 ut
815 1544 1181 1610 venationem,
1209 1559 1370 1614 quam
1405 1544 1518 1614 ipse
1559 1551 1821 1602 moveret,

1383 161 1702 218 HISTORIA
1743 161 2008 218 SICUIA.
2049 191 2116 202 --
2159 163 2280 216 Llll.
2323 161 2380 216 ll.

1860 287 1906 342 Α
1938 273 2140 342 impetu
2170 289 2336 344 super
2367 289 2490 328 eum
2521 273 2698 328 irruit.
2741 274 2848 329 Sed
2881 275 3198 332 'I‘ancredus
3227 293 3348 332 cum
3379 291 3524 335 esset

3387 167 3522 222 H29.

1933 363 2092 418 fortis
2137 365 2363 426 viribus,
2419 365 2616 420 audaci
2665 381 2796 420 ense
2843 365 2992 420 illum
3041 368 3368 438 suscipiens,
3413 385 3519 426 non

1933 455 2150 524 quidem
2181 456 2332 510 illum
2369 457 2477 511 ietu
2501 455 2776 522 feriendo,
2811 458 2905 512 sed
2935 467 3098 513 acuto
3143 475 3404 514 mucrone
3427 475 3522 529 per

1931 546 2280 602 durissimam
2331 547 2568 604 frontem
2617 565 2788 618 usque
2849 551 2914 605 ad
2968 553 3268 622 prmcordia
3322 553 3522 622 impin-

1931 638 2128 708 gendo,
2165 639 2414 710 capulum
2449 639 2608 695 fronti
2640 641 2916 712 adjunxit;
2945 643 3078 696 nihil
3105 659 3170 700 ex
3199 645 3518 716 longissimo

1930 743 2059 785 ense
2087 739 2284 800 printer
2313 730 2564 801 capulum
2595 741 2751 786 extra
2777 747 2975 804 corpus
3015 737 3132 805 apri
3175 748 3510 794 remanente.

1931 817 2130 890 Sicque
2155 819 2366 888 dejecto
2410 837 2596 877 ensem
2637 823 2690 877 in
2723 821 2900 879 fronte
2925 826 3192 896 linquens,
3225 829 3359 897 ipse,
3389 843 3455 883 ne
3483 845 3515 884 a

1929 913 2128 968 comite
2153 911 2254 966 hoc
2273 911 2464 968 fecisse
2491 914 3008 984 deprehenderetur,
3043 917 3254 988 longius
3291 919 3513 974 avulsus

1929 1015 2031 1062 est.
2071 1004 2267 1060 Comes
2299 1022 2430 1061 vero
2469 1008 2696 1060 veniens
2727 1023 2918 1076 aprum
2951 1017 3222 1062 mortuum
3263 1009 3516 1074 miratus,

1929 1105 2112 1150 utrum
2157 1094 2355 1150 vulnus
2385 1095 2602 1166 aliquod
2640 1097 2830 1152 habeat
2861 1098 3039 1152 socios
3079 1097 3315 1154 lustrare
3339 1097 3515 1166 jubet,

1928 1189 2375 1260 deprehensoque
2404 1203 2534 1244 ense
2562 1189 2738 1244 adlme
2769 1190 2821 1244 in
2855 1188 3036 1244 fronte
3071 1189 3272 1256 defixo,
3321 1191 3506 1258 impul-

1927 1295 2047 1334 sum
2084 1279 2334 1344 miratur,
2377 1275 2530 1346 cujus
2567 1279 2718 1334 ensis
2759 1279 2828 1334 sit
2864 1279 3114 1349 requirit,
3149 1294 3218 1334 ne
3257 1294 3316 1334 se
3355 1279 3518 1348 hujus

1927 1367 2058 1423 facti
2110 1377 2264 1422 actor
2305 1367 2446 1422 celet
2491 1373 2562 1422 ita
2609 1369 2970 1422 contionatur.
3014 1369 3084 1422 At
3121 1383 3244 1423 cum
3291 1385 3320 1422 a
3369 1367 3515 1424 Tan-

1926 1459 2090 1514 credo
2139 1457 2340 1512 factum
2395 1459 2794 1527 deprehensum
2845 1457 3066 1522 fuisset,
3123 1473 3152 1511 a
3211 1457 3410 1513 comite
3462 1467 3518 1514 et

1927 1553 2142 1608 czeteris
2191 1552 2444 1606 omnibus
2475 1550 2704 1620 plurima
2753 1551 2910 1604 laude
2941 1549 3241 1614 extollitur,
3291 1559 3348 1606 et
3391 1567 3514 1606 cum

242 1637 418 1693 nullus
447 1639 656 1708 fpraater
703 1641 878 1708 ipsum
919 1637 1168 1692 occidere
1205 1645 1576 1707 pnesunteret.
1627 1635 1820 1702 Porro,
1857 1631 1898 1685 Β
1925 1652 2082 1696 antea
2117 1642 2170 1696 in
2199 1642 2374 1712 pretio
2406 1641 2589 1704 fuerit,
2625 1641 2814 1710 majori
2849 1641 3105 1710 deinceps
3140 1641 3357 1696 habitus
3395 1653 3514 1706 est;

242 1729 470 1784 canibus
497 1744 690 1798 aprum
732 1729 968 1784 velocius
1011 1729 1445 1798 insequentibus,
1486 1744 1608 1782 cum
1639 1743 1824 1784 comes

241 1835 348 1890 pne
375 1835 550 1890 opaca
593 1821 886 1886 densitate,
921 1823 1156 1893 spinosis
1177 1821 1404 1878 saltibus
1433 1822 1644 1878 tardius
1672 1823 1820 1878 inse-

239 1923 521 1980 queretur,
555 1915 784 1970 canibus
823 1915 1206 1984 infestioribus
1249 1929 1382 1984 aper
1423 1916 1618 1970 timens
1648 1931 1678 1968 a
1719 1916 1824 1970 fine

243 1999 488 2065 lacerari,
541 2019 678 2073 rupe
711 2005 946 2073 quadam
997 2007 1238 2070 inventa,
1291 2005 1408 2074 ipsa
1458 2019 1556 2073 pro
1609 2021 1822 2060 muroa

242 2097 410 2150 cauda
451 2095 646 2161 utitur,
697 2107 752 2152 et
798 2097 1086 2153 dentosum
1139 2107 1304 2169 caput
1349 2098 1416 2152 ad
1460 2113 1520 2152 se
1571 2097 1826 2152 tuendum

243 2185 474 2240 canibus
519 2185 698 2242 otl‘ert.
750 2187 968 2258 Sicque,
1022 2189 1250 2244 canibus
1301 2188 1574 2244 venatoris
1621 2188 1824 2244 auxilio

241 2276 536 2344 destitutis,
569 2293 690 2333 cum
730 2277 842 2346 jam
891 2295 1024 2350 aper
1065 2281 1132 2336 de
1164 2282 1296 2351 ipsis
1339 2291 1623 2352 spumante
1659 2281 1820 2334 dente

243 2368 436 2424 multas
461 2379 678 2440 strages
709 2372 936 2437 faceret,
965 2387 1094 2428 casu
1128 2373 1440 2428 Taucredus
1487 2373 1818 2444 supervenit,

243 2455 460 2528 visaque
488 2469 672 2532 strage
697 2461 1078 2528 molossorum,
1112 2464 1360 2532 quamvis
1393 2479 1596 2520 morem
1623 2462 1825 2532 princi-

241 2549 322 2616 pis
359 2565 466 2606 non
529 2552 834 2624 ignoraret,
894 2563 1072 2608 tamen
1125 2556 1555 2610 succurrendum
1597 2554 1823 2608 canibus

241 2639 532 2698 accelerat.
553 2643 698 2714 Aper
725 2657 856 2698 vero
877 2645 994 2713 ipso
1023 2645 1160 2712 viso,
1183 2645 1412 2702 canibus
1438 2646 1639 2716 spretis
1662 2643 1823 2699 firmo

1924 1741 1976 1786 et
2007 1733 2206 1786 dudum
2231 1731 2344 1802 (56)
2369 1740 2555 1800 postea
2587 1730 2638 1783 in
2671 1732 2820 1784 curia
2846 1730 3064 1784 coruitis
3092 1730 3277 1782 decem
3315 1730 3518 1784 milites

1925 1823 2026 1876 sub
2041 1811 2108 1876 se
2137 1822 2344 1876 habens
2375 1821 2620 1876 servivit.
2654 1819 2808 1876 Nunc
2839 1835 2968 1876 vero
3000 1821 3126 1890 quia
3159 1836 3263 1874 non
3292 1822 3514 1891 quidem

1928 1915 2135 1980 omnia,
2175 1930 2297 1986 qua:
2347 1914 2700 1969 memoranda
2753 1913 2954 1978 forent,
3009 1913 3102 1968 sed
3147 1929 3346 1983 pauca,
3396 1929 3517 1982 qua:

1939 2007 2082 2061 fama
2130 2007 2418 2061 didicimus
2459 2007 2528 2060 ab
2571 2007 2704 2076 ipsis
2753 2005 3016 2060 fratribus
3065 2005 3120 2059 in
3165 2005 3380 2074 Apulia,
3431 2007 3516 2060 vel

1933 2105 2082 2152 certe
2105 2095 2356 2152 Calabria
2390 2095 2556 2160 facta,
2589 2097 2836 2165 quamvis
2859 2096 3068 2150 rustico
3107 2094 3246 2164 style
3272 2097 3519 2150 exaravi-

1931 2203 2072 2252 mns,
2114 2187 2180 2240 ad
2213 2201 2300 2251 ea,
2342 2201 2460 2254 qua:
2507 2187 2650 2254 apud
2693 2185 3028 2240 incredulam
3079 2182 3318 2238 Siciliam
3364 2191 3516 2251 gesta

1925 2289 2074 2346 sunt,
2128 2278 2432 2348 qualiterve
2469 2276 2606 2348 (57),
2673 2277 2764 2332 diu
2817 2276 3038 2332 rebellis
3083 2275 3368 2344 subjugata
3421 2274 3512 2338 sit,

1927 2369 2288 2425 intentionem
2319 2377 2616 2434 vertamus,
2659 2367 2732 2421 ita
2769 2376 2946 2420 tamen
2979 2375 3058 2430 ut,
3086 2380 3212 2419 cum
3253 2373 3517 2432 OppOI'lu-

1927 2460 2069 2516 nitas
2092 2459 2402 2530 expetierit,
2447 2459 2536 2514 illa
2571 2473 2693 2530 qua:
2715 2468 2906 2530 postea
2941 2458 2994 2511 in
3031 2457 3226 2528 Apulia
3257 2454 3396 2526 (58),
3429 2455 3510 2508 vel

1927 2553 2120 2616 Roma,
2161 2553 2276 2608 sive
2298 2551 2506 2608 Graecia
2531 2551 2675 2607 facta
2705 2559 2853 2618 sunt,
2885 2565 2984 2606 suo
3017 2550 3072 2606 in
3101 2549 3221 2605 loco
3242 2547 3514 2606 oblivione

1929 2659 2034 2698 non
2062 2651 2457 2713 praetereantur
2479 2641 2614 2712 (59).

1552 2777 1784 2849 Explicit
1809 2777 1940 2831 liber
1967 2777 2190 2847 primus.

1007 2908 1466 2999 INCIPIT
1563 2905 1924 2994 LIBER
1993 2905 2646 2995 SECUNDUS.

305 3078 363 3134 Si
395 3079 660 3150 quaeritur
693 3079 834 3148 quod
883 3077 996 3149 (60)
1041 3075 1318 3142 Calabria,
1359 3076 1442 3130 vel
1475 3075 1666 3146 Apulia
1699 3078 1814 3147 jam
1844 3061 1888 3122 (ἶ
1921 3084 1980 3130 ut
2033 3089 2248 3144 semper
2303 3074 2691 3130 dominationis
2743 3075 2933 3128 avidus
2987 3083 3144 3137 erat,
3207 3075 3506 3132 ambitione

241 3181 302 3223 ex
326 3179 501 3240 parte,
527 3183 632 3222 non
669 3180 848 3223 autem
883 3181 946 3220 cx
983 3175 1115 3231 toto,
1139 3177 1402 3235 quantum
1431 3165 1498 3220 ad
1523 3181 1584 3220 ea
1611 3179 1732 3234 qua:
1763 3165 1816 3218 in

241 3263 316 3319 eis
340 3263 479 3320 facta
523 3271 674 3328 sunt,
703 3263 1014 3332 descriptis,
1045 3261 1188 3332 apud
1220 3259 1462 3316 Siciliam
1497 3260 1815 3316 describen-

243 3363 318 3408 tes
370 3363 710 3410 transeamus
761 3353 898 3423 (6|),
961 3353 1159 3406 iterum
1209 3351 1365 3420 quasi
1424 3350 1816 3420 digressionem

242 3439 494 3499 facientes
532 3443 886 3498 describenda
927 3441 1040 3514 (62)
1079 3455 1239 3496 suum
1298 3439 1496 3504 locum,
1550 3447 1814 3506 quantum

241 3533 304 3588 ad
335 3541 546 3604 tempus
567 3548 676 3603 quo
705 3531 848 3586 facta
874 3541 1002 3586 sunt
1022 3531 1157 3602 (65),
1186 3529 1358 3598 exigit
1389 3529 1620 3585 rationis
1646 3529 1816 3585 series

239 3637 382 3684 recto
414 3629 632 3682 tramite
660 3637 894 3684 testatur
923 3627 1056 3698 (6i),
1089 3635 1149 3680 ut
1173 3641 1294 3696 qua!
1317 3625 1502 3694 priora
1525 3624 1666 3679 facta
1689 3632 1816 3678 sunt

241 3723 538 3790 praecedant
583 3720 718 3791 (63),
751 3735 871 3790 qua:
921 3735 1052 3774 vero
1083 3720 1387 3789 posteriora
1431 3716 1816 3786 subsequendo

241 3814 564 3868 scribantur.
617 3812 812 3867 Comes
865 3810 1010 3866 enim
1063 3809 1350 3881 Rogerius,
1401 3825 1523 3864 cum
1578 3808 1813 3878 primum

241 3900 474 3958 Siciliam
497 3901 870 3958 debellaturus
897 3915 1149 3972 egressus
1178 3909 1284 3967 est,
1311 3917 1433 3971 qua:
1479 3898 1618 3970 apud
1659 3896 1817 3952 Cala-

241 3990 410 4046 briam
444 3993 679 4048 habebat
723 4007 829 4048 non
863 3992 1132 4057 deseruit;
1163 3991 1258 4047 sed
1283 4007 1406 4046 cum
1433 3989 1814 4062 opportunitas

241 4083 502 4155 exigebat,
539 4085 787 4140 exercitu
817 4085 872 4138 in
900 4083 1142 4138 Siciliam
1173 4083 1390 4138 interim
1422 4083 1666 4144 dimisso,
1699 4081 1814 4151 ipse

244 4173 309 4228 ad
343 4189 437 4230 sua
463 4175 680 4246 negotia
709 4173 1046 4244 disponenda
1081 4173 1314 4236 redibat,
1349 4170 1626 4226 multoties
1647 4170 1812 4225 etiam

244 4263 358 4320 duci
383 4266 538 4322 fratri
565 4266 827 4322 auxilium
854 4265 1082 4330 laturus,
1120 4264 1202 4318 vel
1229 4273 1377 4319 certe
1409 4263 1460 4318 in
1491 4261 1810 4334 majoribus,

244 4365 294 4410 ei
318 4355 491 4412 dubiis
525 4357 684 4414 rebus
706 4355 995 4412 consilium
1027 4356 1254 4410 daturus
1289 4363 1348 4410 ut
1375 4363 1628 4410 strenuus
1657 4354 1814 4410 utiles

245 4454 296 4500 et
331 4449 412 4504 vir
449 4451 632 4521 magni
670 4449 908 4514 consilii,
943 4449 997 4502 in
1039 4449 1290 4517 Apuliam
1321 4464 1494 4521 usque
1521 4450 1806 4505 transibat.

735 4540 964 4598 CAPUT
1003 4539 1294 4598 PRIMUM.

419 4629 600 4688 Comes
630 4631 880 4702 Rogerius
906 4631 1132 4700 primum
1165 4629 1398 4686 Siciliam
1429 4632 1612 4686 intrat.

307 4719 747 4792 Elegantissimus
799 4724 965 4793 igitur
1005 4723 1225 4793 juvenis
1269 4740 1456 4780 comes
1496 4723 1804 4790 Calabrim,

245 4825 358 4867 cum
383 4818 518 4885 apud
557 4817 824 4886 Rhegium
857 4831 980 4871 eum
1011 4817 1178 4872 fratre
1218 4819 1355 4876 duce
1400 4824 1511 4874 tota
1553 4817 1802 4873 Calabria

244 4899 516 4969 debellata,
550 4914 874 4968 moraretur,
917 4904 1158 4960 Siciliam
1207 4908 1544 4966 incredulam
1576 4908 1804 4966 audiens

246 5003 294 5046 et
323 4995 632 5054 brevissimo
666 4998 802 5052 mari
831 4997 1150 5069 interposito
1176 5015 1238 5054 ex
1281 5001 1535 5072 proximo
1565 4999 1800 5070 intuens,

307 5177 412 5230 (36)
454 5180 572 5230 Dem
581 5197 664 5230 um

1920 3165 2260 3234 adipiscendi
2293 3179 2416 3220 eam
2440 3173 2632 3234 captus
2660 3173 2768 3227 est,
2801 3164 2908 3219 duo
2936 3163 3038 3218 sibi
3065 3164 3310 3232 prolicua
3339 3166 3512 3235 depu-

1923 3267 2066 3324 tans,
2101 3259 2296 3313 anima:
2341 3258 2553 3313 scilicet
2598 3265 2654 3312 et
2698 3259 2966 3327 corporis,
3019 3257 3066 3311 si
3113 3265 3318 3311 terram
3351 3259 3510 3316 idolis

1921 3351 2157 3407 deditam
2203 3351 2270 3406 ad
2311 3350 2516 3406 cultum
2557 3350 2798 3404 divinum
2841 3359 3162 3415 revocaret,
3196 3359 3252 3404 et
3297 3351 3508 3408 fructus

1921 3439 2004 3496 vel
2033 3440 2276 3496 redditus
2305 3449 2482 3506 terra-3,
2510 3456 2646 3510 quos
2669 3455 2800 3511 gens
2827 3439 2938 3496 Deo
2977 3439 3188 3510 ingrata
3219 3441 3320 3498 sibi
3349 3459 3509 3498 usur-

1917 3542 2165 3604 paverat,
2195 3533 2310 3603 ipse
2337 3533 2392 3588 in
2417 3533 2512 3588 Dei
2539 3533 2762 3588 servitio
2791 3531 3204 3602 dispensaturus
3235 3542 3510 3603 tempora-

1918 3624 2042 3680 liter
2080 3625 2401 3694 possideret.
2456 3623 2582 3679 Haec
2626 3639 2812 3680 secum
2847 3623 3029 3678 animo
3059 3622 3368 3689 revolvens,
3405 3639 3503 3678 eo-

1919 3731 2038 3770 rum
2079 3715 2146 3769 ad
2178 3730 2298 3785 qua:
2331 3715 2574 3770 animum
2621 3713 2936 3770 intendebat
2973 3728 3080 3767 non
3109 3712 3298 3767 tardus
3338 3728 3500 3769 exse-

1917 3816 2094 3872 cutor,
2132 3821 2256 3862 cum
2286 3805 2566 3878 sexaginta
2596 3814 2808 3860 tantum
2835 3804 3123 3868 militibus,
3157 3803 3506 3874 periculosis-

1916 3897 2084 3964 simo,
2111 3897 2360 3968 quamvis
2379 3897 2526 3952 brevi
2555 3896 2744 3968 pelago
2769 3893 3154 3964 interScyllan.
3187 3903 3240 3947 et
3263 3893 3508 3963 Charyb-

1917 3991 2027 4046 dim
2073 3989 2336 4045 navaliter
2381 4004 2501 4046 sese
2541 3989 2909 4052 committens,
2953 3985 3192 4040 Siciliam
3227 3985 3501 4054 explorat;

1917 4093 1970 4138 et
1999 4082 2174 4153 gentis
2207 4097 2318 4137 sua:
2342 4082 2592 4136 militiam
2629 4087 2890 4134 tentatum
2923 4075 3304 4131 transmeando
3331 4075 3498 4129 vadit.

1917 4175 2012 4230 Est
2061 4175 2268 4245 portui,
2335 4189 2442 4243 quo
2495 4172 2911 4242 applicuerunt,
2985 4167 3241 4239 populosa
3311 4167 3502 4221 civitas

1915 4272 2192 4338 proxima;
2221 4281 2341 4336 quae
2371 4281 2402 4319 a
2435 4280 2612 4320 messe
2635 4263 2964 4318 vocabulum
2995 4261 3239 4324 trahens,
3267 4274 3332 4312 eo
3357 4259 3501 4326 quod

1925 4359 2096 4415 totius
2125 4358 2364 4429 regionis
2393 4371 2623 4421 messes,
2653 4363 2916 4425 quantum
2953 4352 3216 4408 finitionis
3247 4352 3300 4404 in
3329 4349 3504 4404 tribu-

1920 4463 2031 4506 tum
2063 4451 2363 4520 antiquitus
2399 4447 2828 4520 persolvebatur,
2862 4444 2984 4500 illuc
3013 4442 3332 4514 congregari
3362 4439 3504 4498 sole-

1917 4547 2034 4610 bat,
2063 4543 2308 4598 Messana
2339 4551 2532 4598 vocata
2565 4549 2669 4594 est.
2699 4540 2868 4609 Hujus
2894 4536 3046 4591 urbis
3074 4535 3240 4598 cives,
3269 4549 3502 4605 quorum

1917 4636 2147 4706 plurima
2173 4635 2460 4690 multitudo
2484 4641 2622 4692 erat,
2657 4632 2841 4686 hostes
2867 4644 2994 4683 suos
3021 4626 3156 4682 fines
3192 4623 3500 4698 pervasisse

1917 4738 2332 4798 cognoscentes,
2384 4726 2680 4796 plurimum
2726 4721 3014 4792 indignati,
3071 4721 3310 4776 maxime
3359 4715 3505 4786 quod

1915 4835 2122 4888 paucos
2185 4823 2432 4875 numero'
2469 4816 2762 4882 videbant,
2821 4813 2972 4870 urbis
3019 4821 3207 4883 portas
3267 4808 3510 4866 maximo

1921 4913 2126 4981 impetu
2155 4913 2521 4984 prosilientes,
2559 4908 2708 4976 ipsos
2732 4918 3052 4976 occupatum
3081 4909 3309 4963 vadunt.
3335 4901 3508 4956 Porro

1920 5020 2128 5074 comes,
2170 5017 2228 5061 ut
2265 5021 2477 5073 semper
2525 5003 2896 5058 astutissintus
2946 5012 2999 5057 et
3029 5001 3226 5057 militia
3277 4995 3507 5058 callens,

1991 5185 2109 5230 (ϐοὶ)
2148 5187 2204 5230 Π.
2241 5188 2300 5230 1)-
2335 5184 2413 5230 Ad
2445 5181 2662 5230 curulem
2693 5183 2886 5230 stu/nm
2914 5183 3198 5230 reducluri.
3237 5171 3510 5230 sciendum
