4010 5230
477 237 616 294 1125

1305 235 1652 286 CAIIFREDI
1697 231 2148 286 hiAl..-\'l'l-JRR.‘PI
2191 233 2500 290 MONACHI
2539 235 2890 292 BENEDICT.

3621 239 3642 292 1
3663 238 3756 292 ιξι

479 353 656 424 primo
691 353 886 406 timore
936 349 1212 412 simulato,
1255 363 1378 400 cum
1426 363 1520 402 eos
1569 346 1780 416 longius
1823 347 1889 400 ab
1933 347 2064 400 urbe
2091 356 2142 412 Α
2171 361 2298 400 vero
2329 347 2596 418 Rogerius
2623 349 2846 402 inermis
2882 358 3110 418 excepto
3135 349 3323 420 clypeo
3351 351 3488 416 sole,
3539 361 3596 406 et
3627 367 3758 407 ense

475 445 796 506 seduxisset,
845 445 1045 513 impetu
1094 439 1256 504 facto,
1307 439 1571 494 acerrime
1623 455 1788 508 super
1832 453 1927 492 eos
1978 437 2063 492 ir-

480 553 666 601 ruens,
705 537 756 591 in
795 536 974 606 fugam
1027 533 1210 588 vertit.
1259 531 1459 600 Sicque
1505 542 1782 586 extremos
1820 544 2065 598 quosque

479 617 758 691 czcdendo,
800 641 973 695 usque
1023 625 1075 679 in
1127 632 1339 694 portam
1383 623 1638 686 civitatis,
1691 621 1852 690 longo
1889 621 2062 674 reditu

481 718 816 788 fugientibus
839 719 984 770 visus
1005 715 1223 770 odibilis
1247 715 1626 776 comminatur,
1659 712 1893 765 reduxit.
1930 709 2066 780 Spo-

481 809 569 864 liis
599 809 777 877 itaque
814 815 867 862 et
899 807 1053 877 equis
1083 806 1298 860 illorum
1332 820 1472 874 quos
1501 801 1774 870 dejecerat
1804 802 2064 870 acceptis,

481 916 647 954 naves
689 915 814 954 suas
861 899 1156 968 ingressus,
1203 895 1468 966 Rhegium
1515 903 1721 952 remeat
1752 893 1818 948 ad
1849 877 2064 964 "ducem

481 991 706 1046 fratrem
737 1007 915 1046 suum.

1108 1081 1336 1137 CAPUT
1375 1081 1440 1136 ll.

485 1172 604 1226 Dux
643 1171 896 1226 Roberlus
937 1171 1188 1238 Rhegium
1239 1181 1284 1223 et
1323 1181 1486 1223 totum
1535 1167 1836 1238 Calabriam
1876 1183 2066 1236 procu-

685 1243 909 1295 randum
947 1237 1180 1310 delegat;
1215 1243 1322 1310 ὅνδε
1345 1243 1396 1292 iu
1431 1237 1674 1308 Apuliam
1708 1237 1864 1290 rudit.

555 1335 670 1388 Dux
704 1333 898 1388 deinde
931 1331 1202 1386 Robertus
1233 1347 1356 1386 cum
1400 1330 1598 1384 comite
1629 1325 1866 1398 Rogerio
1896 1327 2066 1382 fratre

482 1440 582 1478 suo
607 1425 658 1478 iu
691 1423 940 1494 Apuliam
965 1423 1328 1486 hiematurus,
1361 1436 1640 1492 regressus
1671 1431 1782 1484 est;
1820 1420 1906 1474 ubi
1939 1419 2064 1489 quia

475 1517 588 1586 jam
651 1516 1048 1586 aliquantulum
1117 1517 1373 1586 temporis
1440 1515 1770 1579 transierat,
1829 1531 1894 1570 ex
1958 1530 2067 1584 quo

481 1605 676 1658 abinde
727 1615 1048 1670 recesserat,
1097 1622 1186 1662 res
1235 1622 1363 1660 snas
1394 1607 1548 1676 quasi
1583 1606 1649 1662 ab
1697 1605 1947 1660 acumine
1971 1605 2066 1660 ob-

2171 452 2278 506 quo
2326 439 2614 502 accinctus
2644 447 2802 500 erat,
2841 438 3076 508 armiger
3127 455 3362 510 namque
3411 459 3538 496 cum
3587 447 3760 498 armis

2169 530 2617 598 subsequebatur,
2665 531 2840 584 socios
2883 532 3223 598 praecedebat
3273 549 3460 588 ocu.os
3505 545 3762 590 intentis-

2167 621 2306 674 sime
2341 621 2767 690 circumquaque
2805 621 3030 676 ducens.
3081 623 3322 694 Dumque
3361 624 3514 678 illum
3557 627 3762 680 adven-

2170 721 2374 766 tantem
2407 712 2518 782 (72)
2552 711 2652 768 sub
2695 713 2898 782 pallore
2944 715 3104 770 Inlue
3129 717 3598 785 deprehendisset,
3637 735 3760 787 per-

2173 802 2393 873 longum
2449 804 2649 860 ducens
2704 806 2772 858 ab
2821 807 3091 874 armigero
3145 821 3296 860 arma
3357 807 3640 876 recipere,
3693 824 3760 862 ne

2169 894 2331 960 forte,
2383 896 2426 950 si
2460 897 2625 952 etiam
2667 896 2754 950 ille
2793 897 2891 950 sub
2943 898 3130 952 umbra
3176 897 3398 960 viseret,
3446 897 3754 966 aufugeret.

2171 984 2376 1054 impetu
2421 987 2568 1040 facto
2613 985 2728 1039 solo
2759 1000 2888 1039 ense
2925 1000 3087 1054 super
3117 1001 3238 1040 eum
3271 987 3506 1050 irruens,
3537 1001 3758 1055 unoque

2175 1075 2284 1130 ictu
2331 1077 2566 1130 modunn
2593 1076 2918 1144 corripiens,
2963 1076 3209 1140 secavit;
3249 1077 3316 1130 de
3352 1091 3586 1144 corpore
3617 1077 3756 1130 dua-

2171 1167 2269 1222 bus
2309 1167 2554 1236 partibus
2603 1167 2793 1230 factis,
2846 1181 3156 1235 equumque
3195 1175 3252 1220 et
3301 1166 3472 1235 spolia
3533 1167 3756 1220 cuidam

2169 1277 2391 1316 suormn
2427 1263 2596 1317 dedit.
2647 1261 2775 1316 Inde
2819 1260 3122 1324 Melacium,
3151 1270 3208 1315 et
3252 1259 3538 1314 Rametam
3581 1275 3758 1330 usque

2169 1353 2568 1424 pertransiens,
2620 1353 2911 1422 pluritnum
2957 1351 3150 1422 praeda!
3213 1359 3464 1419 accepto,
3515 1349 3590 1406 ad
3647 1359 3758 1404 tres

2169 1443 2329 1498 battis
2360 1442 2496 1513 (73),
2525 1441 2678 1510 juxta
2709 1441 2964 1504 Pharum,
3008 1441 3098 1510 qui
3143 1439 3352 1494 Praroli
3381 1439 3590 1494 dicitur
3619 1439 3760 1508 (73),

2169 1535 2538 1605 hospitaturus
2557 1534 2715 1590 rediit
2739 1535 2791 1588 in
2807 1533 3104 1590 crastinum
3128 1533 3196 1586 ad
3215 1531 3432 1586 ultimas
3455 1532 3758 1601 aquasﬁb’)

2172 1641 2340 1695 usque
2368 1625 2867 1696 pr0tliens,pr:nda,
2917 1639 3080 1694 quam
3127 1633 3432 1694 acceperat,
3487 1623 3758 1693 Rhegium

483 1701 650 1792 tusas-
677 1705 730 1750 et
779 1697 957 1751 t'niuus
1017 1697 1294 1751 ordinatas
1349 1697 1633 1751 inveniens
1659 1739 1672 1762 ,
1729 1707 1838 1750 tota
1889 1695 2066 1750 hieme
2099 1700 2140 1760 Β
2169 1695 2454 1776 ἀρτυνωωθ
2489 1721 2716 1774 navibus
2747 1717 2882 1792 (τίς)⁸

480 1785 708 1842 consilio
737 1789 1036 1856 prudentia:
1065 1805 1176 1842 sum
1199 1788 1488 1844 refortieus
1519 1789 1652 1858 (66),
1680 1791 1746 1843 ad
1791 1791 2061 1858 integrant

481 1879 786 1950 reparavit;
823 1878 1249 1947 Apuliensesque
1275 1879 1547 1949 principes
1578 1879 1644 1932 de
1688 1879 1898 1932 naviter
1935 1880 2066 1933 ade-

479 1977 575 2038 pto
601 1969 812 2036 ,ducatu
861 1969 962 2022 sibi
1007 1969 1412 2038 cengaudentes
1442 1967 1684 2036 pluribus
1724 1969 1954 2031 donans,
1998 1967 2066 2022 de

481 2061 823 2129 expeditione
841 2077 1030 2114 versus
1051 2061 1288 2115 Siciliam
1315 2062 1365 2113 in
1397 2060 1642 2130 proxima
1669 2057 1848 2113 futura
1873 2067 2066 2114 aestate

480 2147 724 2204 facienda
763 2151 1089 2218 permnnuit.

1090 2239 1318 2294 CAPUT
1366 2239 1450 2293 ΙΙΙ.

557 2327 819 2382 Becumcu
855 2328 1176 2382 Almirulrlus
1216 2327 1414 2382 Sicilire
1451 2346 1482 2382 a
1511 2329 1619 2381 suis
1650 2343 1895 2398 e.rpu.sus
1928 2327 1996 2382 nd

871 2399 1125 2468 Rhegium
1158 2401 1392 2452 comitem
1427 2399 1680 2452 convenit.

555 2491 819 2561 Roget-ius
873 2505 1001 2544 vero
1053 2505 1266 2554 comes,
1328 2490 1464 2544 duce
1513 2489 1701 2544 relicto
1746 2489 1797 2542 in
1839 2487 2064 2558 Apulia,

485 2579 754 2650 Rhegium
793 2581 846 2634 in
880 2581 1052 2650 prima
1095 2581 1394 2650 septimana
1423 2588 1548 2633 ante
1585 2579 2067 2647 Quadragesin‘iam

485 2673 748 2728 remeavit
771 2686 784 2724 :
815 2673 880 2725 ad
900 2685 1058 2740 quem
1075 2670 1346 2724 Becumen
1363 2669 1475 2740 (67)
1501 2668 1848 2724 Admiraldns
1872 2667 2070 2722 Sicilia:

493 2776 522 2814 a
555 2759 870 2815 Belcamedo
902 2761 1012 2830 (68)
1048 2761 1280 2828 quodam
1325 2759 1570 2828 principe
1603 2758 1787 2828 praelia
1828 2757 2066 2826 fugatus,

491 2867 558 2906 eo
579 2851 724 2920 quod
747 2853 1003 2905 maritum
1037 2852 1240 2904 sororis
1277 2865 1406 2914 sum,
1435 2851 1717 2904 honestum
1748 2865 1860 2920 stuc
1891 2850 2068 2920 gentis

483 2939 778 3012 juvenem,
839 2939 1102 2994 vocabulo
1165 2940 1554 2994 Benneclerum
1609 2939 1720 3010 (69)
1770 2939 2068 3002 occiderat,

487 3032 626 3100 apud
669 3031 934 3102 Rhegium
981 3029 1241 3102 profugus
1285 3032 1474 3093 venit,
1521 3031 1776 3084 comitem
1833 3043 2022 3084 versus
2055 3068 2069 3092 ,
2099 3047 2140 3102 ρ

490 3122 952 3194 impugnationem
1005 3121 1206 3177 Sicilia:
1252 3121 1434 3178 multis
1476 3119 1948 3174 exhortationibus
1993 3119 2073 3172 in-

482 3215 684 3274 citans.

1093 3329 1322 3385 CAPUT
1365 3329 1452 3382 ιν.

485 3417 715 3478 Consilio
745 3419 1040 3476 Becuminis
1063 3438 1232 3475 comes
1253 3419 1512 3543 fugerim
1544 3421 1730 3472 ilerttm
1757 3421 1808 3472 in
1838 3419 2075 3475 Siciliam

1187 3509 1246 3543 ru
1292 3501 1349 3543 ll.

1187 3501 1349 3544 rudit.

567 3582 644 3637 De
677 3581 829 3650 cujus
867 3583 1101 3636 adventu
1149 3595 1334 3634 comes
1383 3595 1486 3633 non
1539 3579 1821 3634 mininnnn
1858 3579 2076 3648 gavisus

489 3687 613 3726 eum
661 3673 956 3726 honoriticc
990 3671 1248 3739 suscepit,
1290 3671 1516 3740 ejusque
1545 3671 1797 3735 consilio,
1842 3671 2071 3725 necdum

493 3763 669 3816 hieme
699 3771 993 3826 transacta,
1029 3762 1366 3815 hebdomada
1398 3763 1649 3816 videlicet
1677 3763 1920 3830 proxima
1947 3771 2075 3816 ante

493 3853 1008 3922 Quadragcsimam,
1059 3867 1182 3906 cum
1227 3861 1442 3906 centum
1483 3853 1762 3922 sexaginta
1814 3852 2075 3906 militibus

489 3945 674 4014 ipsum
709 3943 974 3997 Becumcn
1021 3959 1206 3997 secum
1245 3943 1449 3997 ducens
1477 3942 1824 4011 Pltarumque
1854 3945 1920 3998 ad
1968 3942 2074 3998 Cli-

486 4033 625 4088 bana
663 4033 774 4106 (70)
824 4035 1120 4104 tegularum
1197 4033 1488 4097 transiens,
1548 4033 1788 4088 Siciliam
1845 4035 2070 4089 invadit.

489 4128 754 4198 Dumque,
785 4127 1088 4184 Bceumene
1119 4127 1209 4198 qui
1251 4127 1318 4181 ad
1345 4141 1404 4182 se
1431 4125 1796 4196 transfugerat
1829 4127 2072 4188 ductore,

487 4237 679 4277 versus
731 4221 1010 4277 Melacium
1064 4222 1240 4275 iturus
1291 4221 1357 4274 de
1411 4231 1592 4285 nocte,
1651 4221 1790 4274 haud
1843 4219 2000 4290 longe
2042 4234 2072 4272 a

483 4315 711 4372 civitate
729 4313 972 4369 Messana
1009 4313 1284 4376 transiret,
1317 4313 1534 4366 obvium
1566 4311 1752 4364 habuit
1783 4309 2070 4378 quemdam

2785 1829 3014 1888 CAPUT
3055 1830 3120 1884 γ.

2239 1921 2422 1976 Comes
2461 1919 2712 1990 Rogerius
2751 1937 2870 1974 cum
2911 1919 3334 1974 Messanensibus
3369 1919 3684 1988 'pra’liulur.

2243 2012 2416 2067 Porro
2449 2011 2826 2066 Messanenses
2858 2019 3107 2081 putantes
3128 2009 3266 2080 jam,
3296 2011 3630 2080 quibusdam
3657 2025 3755 2063 na-

2167 2117 2262 2158 ves
2318 2103 2600 2174 ingressis,
2649 2119 2708 2157 se
2759 2102 2896 2163 illos,
2949 2103 3105 2170 quasi
3153 2103 3552 2170 semipartitos,
3599 2115 3760 2170 posse

2169 2193 2382 2248 facilius
2409 2207 2698 2262 occupare,
2752 2192 2998 2260 equitatu
3035 2201 3088 2245 et
3119 2191 3358 2260 peditatu
3409 2205 3602 2244 omnes
3625 2193 3760 2245 urbe

2169 2284 2398 2354 egressi,
2443 2283 2698 2338 invadere
2743 2283 2969 2337 vadunt.
3007 2279 3204 2336 Verum
3243 2283 3368 2351 quia
3400 2291 3600 2334 ventus
3625 2297 3758 2336 con-

2173 2377 2372 2432 trarius
2415 2387 2555 2440 erat,
2607 2375 2784 2431 mullus
2834 2384 3166 2430 armatorum
3221 2389 3386 2429 naves
3416 2373 3750 2440 intraverat;

2169 2485 2352 2524 centes
2407 2484 2537 2524 VCI'O
2587 2483 2923 2540 cognoscens
2967 2483 3060 2523 COS
3084 2482 3299 2520 versum
3329 2481 3386 2522 SC
3429 2467 3752 2532 adventare,

2173 2561 2454 2618 Serloncm
2505 2572 2754 2632 nepotem
2785 2577 2966 2625 suum,
2999 2559 3248 2614 videlicet
3297 2557 3548 2614 Serlonis
3573 2559 3757 2614 fratris

2171 2653 2252 2708 sui
2285 2653 2450 2707 lilium
2474 2693 2490 2718 ,
2541 2652 2696 2718 cujus
2743 2653 2995 2720 superius
3029 2652 3078 2704 iu
3115 2653 3219 2705 line
3255 2651 3412 2719 primi
3451 2649 3578 2704 libri
3609 2667 3756 2704 men-

2174 2745 2374 2800 tionem
2399 2745 2646 2806 fecimus,
2697 2759 2762 2799 ne
2793 2744 2838 2798 si
2867 2745 3073 2813 fugere,
3101 2743 3242 2796 sicut
3261 2751 3316 2795 et
3347 2739 3628 2804 fecerunt,
3653 2743 3758 2796 vcl-

2173 2839 2309 2904 lent,
2338 2837 2562 2892 liberius
2595 2845 2832 2906 possent,
2865 2837 2944 2890 sic
2979 2835 3334 2904 priemissum,
3370 2835 3488 2901 ipse
3525 2836 3758 2888 velocius

2174 2929 2519 2992 subsecutus,
2575 2927 2702 2979 dum
2739 2925 2926 2996 fugere
2973 2925 3240 2986 nituntur,
3273 2923 3346 2977 ita
3383 2924 3682 2994 intercepit
3705 2935 3758 2976 ut

2175 3021 2264 3074 vix
2289 3035 2354 3074 ex
2388 3027 2536 3073 tanta
2566 3018 2907 3072 multitudine
2931 3017 3188 3072 evaserit.

2786 3127 3013 3184 CAPUT
3053 3127 3140 3182 Vl.

2177 3223 2328 3278 Mare
2386 3224 2651 3278 turbatura
2703 3225 2877 3278 sedari
2929 3241 3100 3306 comes
3160 3222 3415 3294 Roga-ius
3475 3231 3598 3276 voto
3637 3223 3760 3275 ulni-

2900 3306 3029 3347 ηηιι.

2247 3385 2684 3440 illessmiensihus
2713 3399 2932 3439 suorum
2962 3384 3185 3439 vulnera
3217 3383 3332 3454 (77)
3363 3383 3645 3446 ﬂentibus,
3673 3397 3760 3436 co-

2177 3493 2296 3532 mes
2323 3493 2486 3546 pones
2517 3478 2792 3531 civitatem
2821 3477 3114 3541 transiens,
3145 3478 3196 3530 in
3229 3477 3402 3530 insula
3439 3475 3500 3530 S.
3531 3475 3764 3546 lliacyn—

2181 3569 2282 3634 tbi,
2307 3567 2449 3621 hami
2493 3572 2650 3635 longe
2686 3568 2753 3620 ab
2782 3569 2934 3632 urbe,
2963 3566 3294 3636 bOSpitatum
3325 3567 3496 3629 vadit,
3525 3579 3762 3619 summo-

2177 3675 2284 3728 que
2342 3657 2578 3712 diluculo
2627 3657 2950 3720 Messanam,
2983 3658 3136 3726 quasi
3174 3657 3378 3710 viribus
3411 3657 3762 3722 exhaustam,

2177 3769 2488 3824 Oppnguare
2519 3753 2683 3807 vadit.
2719 3752 2823 3806 Sed
2855 3751 3309 3814 Messanensibus,
3340 3749 3600 3818 quamvis
3633 3764 3764 3818 pau-

2177 3843 2278 3906 cis,
2331 3843 2422 3912 qni
2483 3843 2660 3896 adlmc
2701 3849 3042 3909 supererant,
3101 3857 3220 3892 cum
3263 3839 3396 3908 ipsis
3441 3839 3766 3893 mulieribus

2177 3933 2424 3996 armatis,
2457 3941 2632 3986 turres
2679 3939 2732 3985 et
2759 3929 3182 3998 propugnacula,
3227 3942 3456 3997 seseque
3485 3929 3760 3988 certatim,

2180 4034 2238 4077 nt
2269 4039 2366 4094 pro
2415 4023 2547 4088 vita,
2589 4023 3026 4081 delemlentilms,
3071 4035 3278 4084 comes,
3329 4035 3396 4073 ne
3444 4019 3636 4073 Sicilia
3670 4019 3762 4072 tali

2176 4113 2320 4168 facto
2363 4114 2600 4169 excitata
2667 4128 2830 4184 super
2885 4127 3006 4165 eum
3055 4111 3247 4172 irruat,
3294 4111 3360 4163 ad
3409 4109 3648 4163 tentoria
3671 4124 3762 4162 sua

2179 4203 2414 4268 rediens,
2444 4201 2510 4257 de
2537 4201 2766 4256 transitu
2799 4215 2990 4255 versus
3017 4199 3277 4270 Rhegium
3312 4209 3552 4252 tractare
3577 4199 3760 4267 carpit.

2179 4293 2326 4348 Mare
2377 4307 2504 4350 vero
2552 4293 2823 4347 turbatura
2887 4306 3008 4345 cum
3061 4289 3422 4360 periculosum
3467 4291 3758 4343 transitum

489 4407 876 4469 Sarracenum,
935 4403 1124 4457 militia
1179 4404 1320 4456 inter
1361 4419 1488 4456 suos
1542 4401 2062 4466 noniinatissimum,

2177 4393 2499 4450 ostentaret,
2527 4399 2708 4439 comes
2731 4383 2960 4454 sapienti
2989 4397 3117 4436 usus
3144 4381 3388 4446 consilio,
3419 4391 3590 4434 totam
3627 4397 3760 4450 pne-

487 4497 710 4552 l'ratrem
759 4497 969 4550 scilicet
1015 4493 1334 4546 Bennecleri
1379 4491 1514 4560 (71),
1568 4507 1665 4560 pro
1711 4488 1864 4557 cujus
1914 4503 2069 4544 occa-

487 4585 640 4640 sione
683 4585 951 4640 Beeumen
990 4601 1018 4637 a
1055 4583 1240 4638 Sicilia
1283 4581 1491 4650 ejcctus
1527 4581 1720 4635 fuerat.
1753 4581 1852 4634 iiic
1883 4595 2076 4649 nempe

491 4693 609 4730 cum
653 4678 704 4730 in
755 4677 1078 4746 praecedenti
1129 4689 1352 4744 vespere
1399 4673 1760 4743 persensisset
1805 4673 2060 4726 comitem

490 4779 698 4822 armata
752 4785 912 4822 manu
958 4767 1200 4822 Siciliam
1256 4767 1508 4828 intrasse,
1539 4763 1732 4817 militia
1781 4777 1900 4826 sua,
1950 4761 2068 4830 plus

491 4861 804 4915 necessario
845 4875 1177 4930 prmsumens
1201 4899 1214 4923 ,
1257 4873 1286 4910 a
1330 4857 1574 4911 Messana
1613 4869 1934 4925 progressus
1976 4871 2073 4910 no-

2179 4479 2327 4540 dam,
2358 4491 2519 4545 quam
2554 4483 2792 4546 ceperat,
2837 4473 2894 4528 S.
2925 4472 3202 4526 Andronio
3225 4471 3336 4542 (78)
3365 4474 3432 4524 ad
3465 4473 3754 4526 ecclesiam

2180 4585 2335 4624 suam
2371 4566 2801 4622 remdilicandam
2821 4567 2974 4636 juxta
3007 4563 3269 4635 Rhegium
3297 4563 3536 4616 dandam
3565 4579 3760 4632 prapo-

2178 4675 2385 4715 suerat.
2433 4660 2719 4714 Destructa
2776 4659 2973 4728 quippe
3004 4665 3124 4712 erat
3167 4657 3395 4708 noviter.
3425 4655 3632 4722 Sicque
3659 4667 3762 4706 me-

2181 4753 2301 4806 ritis
2361 4752 2602 4822 ejusdem
2661 4752 2854 4814 sancti,
2921 4759 2979 4802 ut
3025 4748 3320 4810 credimus,
3347 4761 3476 4798 aura
3507 4759 3762 4815 prospere

2175 4844 2338 4899 ﬂante
2389 4859 2539 4898 mare
2591 4843 2858 4904 sedatum,
2913 4855 3032 4895 sese
3072 4837 3458 4893 transmeabile
3491 4837 3760 4905 praebens,
