4010 5230
271 263 416 320 1125

870 366 1094 422 CAPUT
1133 364 1244 418 VII.

275 466 432 536 Quod
469 464 648 534 prteda
687 476 840 536 super
873 475 1104 536 paganos
1143 463 1354 536 accepta
1399 453 1504 506 Deo
1542 451 1596 504 in
1632 448 1840 516 ειτηερ-

725 533 862 584 cium
893 531 1098 598 ingrata
1133 541 1236 578 non
1270 531 1358 577 sit.

347 620 424 682 Ne
452 625 698 680 videatur
727 623 830 676 hoc
855 621 1076 680 factum,
1105 617 1246 686 quod
1283 615 1518 685 praedam
1553 613 1660 666 Deo
1685 611 1843 665 obtu-

273 718 472 778 lerunt,
500 711 830 769 contrarium
867 707 1146 764 canonicis
1188 703 1582 768 sanctionibus,
1621 709 1846 770 propter

275 805 406 858 illud
433 803 576 872 quod
609 801 804 856 dicitur
834 797 968 864 :Qui
995 795 1224 848 immolat
1258 794 1516 862 uictimam
1542 806 1605 844 ex
1633 791 1844 858 rapina,

275 897 354 952 rei
401 913 466 950 eat
517 893 808 950 substantia
850 890 1114 960 pauperis,
1137 887 1287 958 quasi
1305 886 1394 956 qui
1421 884 1648 940 victima!
1677 881 1846 950 ﬁlium

271 1004 331 1040 ιη
356 993 630 1054 conspectu
663 983 826 1052 patris
857 979 1046 1050 (Eccli.
1083 975 1302 1044 xxmv);
1341 991 1464 1030 cum
1496 977 1598 1029 hoc
1626 971 1844 1044 potissi-

273 1093 422 1132 mum
451 1074 821 1148 accipiendum
864 1071 934 1126 sit
959 1071 1158 1124 dictum
1185 1069 1252 1122 de
1279 1066 1574 1122 substantia
1596 1064 1849 1134 pauperis

277 1166 394 1236 (79)
441 1165 666 1226 Christi,
721 1163 786 1218 de
831 1162 1025 1232 quibus
1067 1161 1267 1216 etalibi
1309 1160 1510 1214 dictum
1547 1167 1624 1212 est
1659 1157 1848 1210 :Beati

275 1270 530 1322 pauperes
582 1253 787 1322 spiritu,
830 1251 1072 1321 quoniam
1103 1249 1330 1319 ipsorum
1357 1257 1429 1300 est
1460 1263 1673 1316 regnum
1697 1245 1853 1298 coelo-

277 1363 396 1398 rum
431 1345 646 1414 (Matth.
675 1347 728 1398 vl
753 1342 887 1412 (80),
924 1358 1028 1395 non
1051 1356 1170 1396 csse
1193 1340 1414 1402 scimus,
1438 1337 1526 1406 qui
1558 1338 1723 1390 Deum
1751 1349 1850 1390 nec

274 1451 394 1498 ore,
425 1451 524 1490 nec
562 1450 786 1504 corpore
811 1433 1118 1488 confitetur.
1148 1432 1252 1486 Sed
1287 1433 1428 1498 quod
1459 1429 1570 1500 (8|)
1602 1427 1850 1481 aufertur

277 1525 389 1578 Deo
411 1525 606 1578 oll'erre
621 1524 758 1577 haud
778 1525 1066 1578 absurdum
1090 1519 1447 1588 videtur(82),
1467 1533 1592 1572 nam
1617 1515 1852 1584 acceptis

276 1617 474 1686 ingrati
527 1616 637 1684 (83)
685 1623 908 1670 utuntur
946 1629 976 1667 a
1016 1613 1211 1682 quibus
1241 1611 1354 1682 ipse
1374 1609 1597 1678 largitor
1627 1621 1732 1662 non
1765 1621 1852 1660 co-

275 1706 555 1776 gnoscitur
578 1705 688 1778 (84)

877 1791 1102 1848 CAPUT
1125 1789 1250 1846 VIII.

279 1883 666 1946 Panormitani,
700 1893 754 1937 ut
787 1885 974 1936 nostris
993 1883 1214 1934 transire
1231 1879 1510 1935 volentibus
1525 1879 1850 1950 prohibeant.

663 1955 717 2006 in
751 1952 980 2004 Pharum
1004 1953 1206 2019 navigio
1235 1951 1460 2004 veniunt.

349 2045 543 2100 Comes
568 2045 732 2114 igitur
759 2043 1148 2113 Rogeriustoto
1175 2057 1360 2096 mense
1384 2042 1575 2096 Martio
1601 2051 1654 2096 et
1683 2041 1852 2110 Aprili

275 2151 380 2206 per
407 2135 708 2190 Calabriam
743 2134 1000 2188 utilitates
1027 2133 1319 2201 prudenter
1343 2132 1603 2186 ordinans
1627 2131 1854 2185 navibus

279 2235 338 2279 et
395 2225 617 2292 reliquis
653 2225 974 2277 necessariis
1026 2223 1415 2277 commeatibus
1458 2221 1852 2291 expeditionem

281 2317 478 2368 iterum
507 2330 692 2369 versus
719 2313 958 2368 Siciliam
1000 2313 1246 2368 certatim
1289 2321 1464 2382 parat.
1497 2311 1634 2379 Maio
1674 2313 1854 2381 itaque

281 2403 522 2456 intrante
555 2403 660 2456 dux
693 2403 760 2457 ab
783 2401 972 2472 Apulia
1019 2417 1142 2456 cum
1171 2403 1405 2456 maximo
1431 2403 1674 2471 equitatu
1705 2400 1852 2457 Ithe-

283 2491 432 2561 gium
479 2492 719 2556 veniens,
769 2491 930 2544 etiam
975 2491 1218 2544 navalem
1249 2492 1546 2546 exercitum
1580 2507 1676 2560 per
1707 2507 1855 2546 mare

283 2581 472 2635 venire
517 2581 664 2634 fecit.
717 2579 1037 2634 Belcamuer
1084 2595 1215 2634 vero
1262 2579 1588 2635 Almiraldus
1635 2582 1852 2646 Siciliae,

283 2672 512 2726 audiens
567 2673 960 2740 expeditionem
1019 2685 1208 2725 versus
1267 2671 1506 2725 Siciliam
1574 2687 1752 2742 appar.
1778 2673 1854 2734 ri.

285 2777 451 2816 naves
475 2763 803 2832 quasCattos
825 2763 938 2832 (83)
961 2763 1252 2831 appellant,
1281 2777 1400 2831 quae
1420 2763 1654 2817 hostium
1683 2775 1857 2821 trans-

285 2855 424 2910 itum
463 2855 783 2924 impediant,
825 2869 854 2908 a
881 2855 1148 2910 ianormo
1171 2857 1222 2909 in
1247 2855 1480 2908 Pharum
1507 2856 1746 2922 mittens,
1761 2873 1858 2927 per

285 2948 494 3016 aliquot
515 2946 630 3001 dies
646 2949 828 3002 hostes
859 2947 1090 3002 transire
1111 2947 1425 3016 impediunt.
1451 2947 1584 3001 Nam
1611 2950 1858 3017 quamvis

286 3049 476 3094 noster
493 3039 694 3094 navalis
706 3033 1254 3109 exercitus'plurimus
1271 3049 1435 3104 esset,
1459 3055 1644 3094 eorum
1675 3050 1854 3096 tamen
1884 3029 1928 3088 C

289 3131 520 3200 amplior
549 3139 602 3186 et
633 3131 946 3186 fortioribus
973 3133 1200 3186 navibus
1223 3141 1358 3186 erat.
1407 3130 1586 3186 Nostri
1621 3133 1854 3202 denique

289 3223 664 3274 tantummodo
717 3223 833 3291 (86)
881 3221 1240 3276 abundantior
1291 3221 1402 3290 (87)
1439 3221 1774 3277 Germandos
1805 3230 1860 3278 et

287 3311 486 3366 Galeas
515 3326 530 3364 :
560 3311 872 3366 Sicilienses
899 3325 1030 3367 vero
1067 3311 1275 3376 Cattos,
1313 3321 1370 3366 et
1395 3309 1642 3368 Golafros
1665 3312 1774 3382 (88)
1807 3323 1860 3368 ct

291 3403 674 3468 Dormundos,
731 3403 826 3458 sed
879 3413 934 3458 et
983 3403 1208 3458 diversa!
1259 3402 1476 3458 fabrica:
1505 3419 1668 3458 naves
1694 3405 1861 3459 habe-

287 3493 442 3548 bant.

903 3583 1128 3642 CAPUT
1167 3583 1257 3638 IX.

293 3676 480 3732 Nostri
531 3679 810 3733 transitum
837 3679 934 3733 sibi
957 3680 1158 3801 tulrbari
1191 3679 1416 3734 videntes
1441 3677 1734 3747 adjutorem
1765 3679 1862 3732 im-

967 3767 998 3801 υ
1023 3759 1194 3801 orant.

965 3759 1194 3817 plorant.

365 3837 504 3902 Dux,
537 3837 608 3892 ita
637 3838 738 3892 sibi
762 3839 1048 3893 transitum
1076 3841 1282 3894 turbari
1311 3839 1516 3902 videns,
1541 3855 1664 3894 cum
1696 3839 1862 3892 fratre

289 3931 495 3984 comite
525 3939 580 3984 et
607 3931 944 4001 sapientibus
967 3941 1190 4002 accepto
1231 3933 1483 3996 consilio,
1511 3931 1752 3986 divinum
1783 3931 1862 3983 in-

293 4021 428 4072 vitat
443 4021 722 4086 auxilium,
739 4022 1002 4076 exercitui
1032 4032 1090 4076 ut
1103 4024 1476 4077 sacerdotibus
1497 4021 1862 4078 confiteantur

291 4120 352 4166 et
381 4111 694 4179 pmnitentia
726 4123 944 4183 accepta
979 4127 1168 4167 omnes
1211 4115 1608 4168 communicent
1657 4112 1858 4165 indicit.

295 4201 418 4269 Ipse
445 4217 566 4256 cum
607 4202 794 4266 fratre,
846 4205 890 4258 si
920 4213 1062 4258 terra
1095 4203 1274 4258 divino
1300 4203 1500 4256 auxilio
1525 4203 1629 4257 illis
1661 4203 1863 4256 tribua-

299 4303 407 4354 tur.
437 4305 555 4346 sese
583 4294 836 4362 deinceps
887 4293 992 4348 Deo
1019 4293 1324 4350 devotiores
1349 4291 1558 4348 futuros
1589 4301 1709 4350 voto
1739 4307 1860 4361 pro-

301 4383 539 4446 mittunt,
567 4393 714 4438 certa
745 4384 846 4438 fide
869 4385 921 4438 in
949 4393 1124 4439 mente
1149 4385 1590 4454 retiuentesquod
1603 4385 1860 4453 scriptum
1892 4375 1940 4434 D

297 4481 382 4526 est
413 4491 424 4524 :
461 4473 524 4526 In
551 4473 784 4528 omnibus
834 4475 1050 4542 negotiis
1098 4475 1200 4528 tuis
1231 4474 1396 4528 Deum
1439 4476 1731 4543 adjutorem
1771 4475 1864 4528 tibi

299 4579 532 4628 assume,
583 4575 630 4618 et
685 4565 892 4620 habebis
919 4581 1186 4634 prosperos
1231 4564 1476 4634 effectus;
1510 4573 1581 4625 et,
1607 4565 1730 4631 quia
1759 4579 1864 4619 non

299 4663 384 4708 est
405 4653 690 4707 consilium
719 4664 904 4708 contra
935 4654 1244 4716 Dominum;
1274 4661 1350 4716 et,
1375 4654 1516 4722 quod
1539 4651 1678 4706 nulla
1705 4653 1864 4720 profi-

299 4741 478 4796 ciendi
509 4740 790 4798 difﬁcultas
809 4751 910 4806 est,
933 4743 1022 4796 ubi
1046 4741 1281 4812 Spiritus
1305 4749 1524 4796 sanctus
1547 4749 1867 4809 cooperator

301 4833 473 4898 adest,
525 4834 576 4888 in
616 4833 887 4898 omnibus,
939 4849 1056 4903 qua:
1084 4835 1262 4888 facere
1289 4832 1660 4904 disponebant,
1699 4832 1865 4888 Deum

299 4925 691 4986 ordinatorem,
747 4921 1020 4978 fortiorem
1065 4925 1479 4992 gubernatorem
1535 4921 1866 4992 lacryanabiii

297 5016 718 5088 compunctione
747 5013 920 5068 cordis
955 5015 1261 5084 implorant.

1409 247 1726 306 HiSTORIA
1765 245 2032 303 SICULA.
2074 275 2144 284 —
2181 241 2304 298 LIB.
2345 243 2402 296 Il.

3386 243 3522 298 H26

2557 347 2784 406 CAPUT
2825 345 2893 403 Χ.

1947 441 2148 502 Comes,
2177 437 2518 494 nescientibus
2549 439 2800 502 hostibus,
2834 440 2898 520 de
2927 448 3074 494 nocte
3095 441 3354 494 transiens
3377 437 3514 494 Mes-

2545 525 2730 562 sanam
2769 519 2928 578 capit.

2015 601 2212 654 Comes
2253 600 2436 668 itaque
2477 598 2766 667 Rogerius,
2809 599 2998 654 videns
3045 600 3228 654 hostes
3252 614 3318 654 ex
3355 600 3520 654 altera

1949 689 2064 760 ripa
2110 697 2298 744 contra
2351 703 2507 742 suum
2556 689 2854 744 exercitum
2903 690 3153 760 adjacere
3181 698 3236 743 et
3255 703 3523 758 nusquam

1947 777 2274 848 promoveri,
2307 776 2374 830 ad
2405 775 2594 830 callida
2629 786 2964 846 argumenta,
2995 787 3054 832 ut
3083 777 3272 834 solitus
3292 788 3520 846 ωηατ-τω

1947 869 1992 921 si
2027 867 2265 938 legisset,
2309 868 2434 937 quid
2465 867 2622 935 refert
2672 868 2834 922 armis
2884 871 3150 940 contingat
3179 870 3378 937 palma,
3433 873 3524 924 do-

1947 957 2478 1021 tisrefconvertitur,
2503 957 2896 1026 consiliumque
2919 958 3038 1012 duci
3063 959 3302 1025 dcdit,ut
3329 959 3524 1014 ibidem

1949 1063 2072 1104 cum
2131 1049 2372 1104 exercitu
2427 1063 2714 1104 remanens
2754 1063 2872 1102 sese
2920 1049 3160 1103 hostibus
3201 1058 3522 1114 ostentaret,

1951 1139 2066 1206 ipse
2099 1138 2314 1192 interim
2341 1153 2463 1192 cum
2488 1147 2704 1192 centum
2752 1147 2808 1193 et
2841 1139 3230 1210 quinquaginta
3265 1141 3521 1196 militibus

1949 1227 2214 1299 Rhegium
2239 1241 2411 1296 usque
2439 1229 2814 1296 progrediens,
2843 1229 3176 1300 navibusque
3197 1229 3298 1286 sibi
3325 1231 3520 1285 abiude

1951 1321 2054 1376 sub
2077 1329 2338 1374 nocturna
2363 1319 2556 1374 umbra
2579 1321 2967 1385 contraductis,
2984 1337 3134 1378 mare
3157 1321 3524 1378 nescientibus

1950 1411 2194 1466 hostibus
2231 1411 2516 1470 transiens.
2575 1409 2816 1465 Siciliam
2842 1413 3137 1466 invaderet.
3192 1413 3332 1466 Duce
3371 1427 3520 1478 vero,

1957 1503 2153 1558 timore
2205 1502 2484 1556 amittendi
2529 1500 2776 1566 fratrem,
2822 1503 2926 1558 hoc
2965 1512 3216 1574 negante,
3241 1514 3294 1558 et
3313 1505 3524 1558 dicente

1961 1608 2020 1650 se
2049 1593 2120 1646 nil
2153 1607 2248 1662 per
2305 1591 2488 1646 fratris
2537 1600 2766 1646 mortem
2811 1591 3010 1647 lucrari
3041 1592 3198 1656 velle,
3230 1595 3322 1648 sed
3351 1594 3526 1662 potius

1879 1692 1923 1750 Β
1953 1684 2138 1739 fratris
2188 1683 2352 1738 vitam
2375 1683 2520 1737 omni
2567 1683 2716 1738 lucro
2743 1699 3072 1754 praeponere,
3101 1686 3362 1756 Rhegium
3396 1699 3528 1753 pra:-

1955 1775 2136 1830 missis
2187 1773 2412 1828 navibus
2461 1773 2576 1842 ipse
2603 1789 2786 1830 comes
2807 1791 2930 1830 cum
2984 1777 3242 1830 trecentis
3266 1777 3526 1830 militibus

1955 1867 2294 1930 subsecutus,
2353 1877 2412 1920 ut
2463 1881 2676 1934 semper
2729 1867 2920 1922 militia
2965 1875 3440 1936 pricsumptuosus,
3473 1851 3528 1920 et

1955 1969 2276 2026 magnarum
2319 1969 2498 2008 rerum
2558 1963 2872 2020 attentator,
2931 1971 3081 2010 mare
3131 1957 3378 2010 incautus
3415 1956 3528 2026 (89)

1957 2046 2434 2114 hostibusimpuue
2450 2045 2739 2108 transiens,
2769 2046 2836 2098 ad
2855 2045 3030 2098 locum
3053 2045 3142 2113 qui
3167 2031 3530 2100 communiter

1956 2133 2340 2188 Monasterium
2365 2132 2474 2202 (90)
2509 2133 2704 2186 dicitur
2743 2133 3016 2202 appliCuit,
3043 2149 3312 2202 navesque
3341 2134 3528 2188 remit-

1957 2235 2098 2288 tens,
2127 2237 2196 2278 ne
2223 2222 2362 2276 forte
2385 2221 2576 2290 aliquis
2604 2237 2822 2276 suorum
2839 2223 2902 2276 ad
2933 2222 3050 2276 illas
3075 2220 3364 2291 refugeret,
3391 2223 3530 2278 Mes-

1955 2331 2146 2373 sanam
2169 2325 2536 2389 oppugnatum
2559 2317 2725 2372 vadit.
2748 2317 2919 2383 Quam
2949 2316 3208 2370 inermem
3227 2317 3526 2375 inveniens.

1957 2426 2080 2464 nam
2133 2409 2447 2479 jamdudum
2511 2408 2824 2464 defensores
2877 2406 2992 2474 ejus
3031 2417 3354 2478 peremerat,
3395 2409 3530 2464 urbe

1943 2511 2112 2578 capta
2144 2511 2320 2556 turres
2346 2509 2398 2555 et
2419 2498 2818 2570 propugnacula
2841 2499 2957 2568 ejus
2988 2499 3186 2562 diruit;
3215 2513 3349 2567 quos
3381 2499 3530 2554 inve-

1957 2585 2156 2646 nerunt
2184 2589 2504 2653 interfectis,
2522 2590 2842 2659 quibusdam
2868 2603 2996 2643 vero
3023 2588 3088 2642 ad
3119 2587 3525 2643 Panormitanas

1957 2698 2126 2737 naves
2141 2681 2640 2752 transfugientibus,
2657 2685 2802 2736 anno
2823 2682 2890 2736 ab
2918 2680 3292 2736 lat-arnatioue
3314 2681 3528 2736 Domini

1955 2775 2242 2830 millesimo
2271 2777 2631 2847 sexagesimo.

2559 2864 2787 2921 CAPUT
2829 2865 2919 2920 XI.

1961 2952 2286 3010 Sarracenus
2329 2954 2540 3025 quidam
2592 2972 2822 3008 sororem
2876 2955 3160 3024 fuaientem
3211 2954 3530 3022 deﬁcientem

2604 3025 2882 3094 interfecit.

2033 3115 2174 3168 Inter
2203 3131 2338 3184 quos
2366 3125 2418 3169 et
2440 3116 2655 3184 quidam
2684 3116 2898 3184 juvenis
2920 3116 2985 3170 de
3018 3115 3369 3169 nobilioribus
3395 3113 3534 3168 Mes--

1960 3218 2104 3258 same
2127 3205 2278 3258 urbis
2303 3205 2531 3268 civibus,
2568 3219 2806 3258 sororem
2843 3205 3048 3258 habens
3085 3203 3527 3272 pulcherrimam,

1962 3295 2086 3349 dum
2121 3296 2331 3366 fugiens
2361 3311 2545 3350 secum
2579 3295 2846 3348 adducere
2893 3295 3105 3358 nititur,
3135 3293 3328 3362 puclla,
3357 3301 3411 3345 ut
3451 3301 3530 3346 te-

1959 3385 2083 3441 nuis
2139 3387 2478 3456 virguncula,
2515 3395 2568 3441 et
2610 3386 2800 3440 debilis
2833 3395 3056 3448 natura},
3099 3385 3300 3438 laboris
3317 3397 3530 3452 expers.

1961 3476 2156 3529 timore
2196 3483 2249 3529 et
2283 3475 2502 3529 insolito
2532 3489 2692 3528 cursu
2749 3473 2981 3527 deficere
3027 3473 3210 3542 cmpit.
3241 3472 3432 3525 Frater
3465 3473 3532 3525 ad

1964 3567 2142 3639 fugam
2175 3569 2490 3624 dulcissime
2521 3569 2700 3624 verbis
2721 3569 2981 3632 excitans,
3019 3568 3144 3620 dum
3169 3569 3390 3622 minime
3413 3583 3534 3636 pro-

1963 3662 2093 3727 ficit,
2135 3663 2341 3718 viribus
2371 3665 2687 3720 exhaustam
2723 3663 2931 3727 videns,
2968 3677 3032 3716 ne
3078 3662 3218 3716 inter
3243 3661 3519 3716 Nortman-

1961 3770 2063 3810 nos
2129 3771 2418 3810 remanens
2485 3757 2552 3812 ab
2606 3757 2786 3824 aliquo
2833 3771 3020 3809 eorum
3069 3763 3532 3823 corrumperetur.

1963 3849 2138 3918 gladio
2167 3857 2428 3917 appetens
2449 3847 2737 3904 interfecit.
2765 3847 2828 3900 Et
2851 3845 3100 3918 quamvis
3125 3861 3234 3914 pra:
3255 3845 3538 3900 dulcedine

1963 3943 2244 4012 languoris
2285 3943 2490 3996 sororis
2549 3941 2804 4012 lacrymis
2867 3939 3312 4010 perfunderetur,
3373 3939 3532 3992 unica

1964 4033 2106 4086 enim
2135 4043 2274 4096 erat,
2332 4033 2523 4086 maluit
2549 4033 2751 4086 sororis
2803 4033 3154 4100 interemptor
3181 4030 3293 4084 fleri
3319 4039 3539 4084 clmor—

1969 4132 2116 4175 tuam
2171 4121 2300 4176 flere
2359 4137 2522 4192 quam
2584 4135 2739 4175 soror
2783 4121 2916 4190 legis
2965 4133 3076 4173 sua:
3123 4118 3533 4186 prtevaricatrix

1967 4212 2122 4266 fieret
2147 4251 2162 4276 ,
2205 4221 2258 4266 et
2297 4213 2365 4264 ab
2401 4211 2582 4278 aliquo
2613 4211 2728 4280 lege
2771 4225 2867 4263 sua
2901 4223 3008 4263 non
3039 4217 3292 4263 contento
3321 4217 3504 4276 stupra

1965 4310 2136 4353 retur.

2561 4386 2786 4444 CAPUT
2827 4389 2939 4443 XII.

1968 4479 2336 4536 Panormitani
2377 4497 2430 4536 se
2475 4480 2647 4535 elusos
2703 4491 3067 4552 cognoscentes
3113 4483 3379 4538 recedunt.
3423 4482 3542 4537 Dus

2567 4552 2698 4606 fiber
2726 4557 2934 4608 transit.

2037 4665 2208 4720 Porro
2257 4665 2648 4730 Panormitani,
2711 4668 2844 4722 urbe
2892 4677 3070 4738 capta.
3131 4683 3190 4721 se
3233 4667 3448 4722 delusos
3471 4663 3541 4718 ab

1969 4755 2214 4813 hostibus
2260 4766 2668 4827 cognoscentes,
2705 4760 2955 4814 timentes
3001 4775 3066 4814 nc
3091 4758 3230 4813 forte
3255 4769 3366 4813 tum
3395 4769 3547 4810 mare

1972 4849 2268 4913 turbatum,
2298 4851 2341 4905 si
2370 4847 2478 4902 illic
2500 4847 2700 4903 diutius
2723 4861 3089 4916 morarentur,
3129 4863 3223 4906 eos
3247 4849 3313 4902 ad
3339 4856 3543 4901 terram

1971 4951 2209 5010 cogeret,
2240 4953 2292 4996 et
2316 4939 2644 4996 abbostibus
2666 4943 3124 5014 opprimerentur,
3141 4940 3378 5004 confusi,
3407 4935 3550 4998 vela,

1972 5034 2120 5089 unde
2146 5039 2428 5092 venerant,
2475 5029 2815 5090 direxerant.
2849 5035 3021 5105 Ipsius
3049 5049 3175 5090 vero
3206 5033 3358 5088 urbis
3379 5035 3554 5096 capte

1973 5118 2154 5180 claves
2191 5136 2372 5178 comes
2400 5117 2662 5186 liogcrius
2693 5127 2763 5180 ad
2797 5127 2987 5182 ducem
3038 5124 3369 5186 transmisit;
3405 5127 3556 5168 ηιαη·
