4010 5230
405 5053 430 5072 δ

499 233 632 288 1127

1322 231 1668 288 GAUFREDI
1711 227 2163 284 MAL.‘TERRJE
2208 225 2512 285 MONACIII
2551 225 2914 281 BENEDiGT.

3643 226 3776 282 “28

497 348 633 401 dans
663 345 730 408 ei,
763 355 1028 414 quatenus
1056 358 1248 400 secure
1274 344 1583 414 navigando
1615 343 1886 398 acceleret
1917 342 1983 394 ad
2009 354 2087 395 se.
2121 341 2168 396 A
2196 339 2326 393 inibi
2351 339 2451 392 sibi
2477 338 2720 406 praelium
2756 337 3074 405 dispositum
3110 336 3416 394 offerretur.
3449 337 3564 394 Sed
3587 355 3710 394 cum
3747 357 3776 394 a

496 437 696 506 Sicque
727 437 862 490 mari
889 436 1136 491 hostibus
1159 443 1411 506 purgato,
1447 435 1657 504 patenti
1698 435 1906 503 absque
1935 432 2086 501 peri-

497 527 902 594 culotransitu,
931 527 1040 580 dux
1069 541 1192 582 cum
1217 526 1366 581 omni
1412 526 1655 580 exercitu
1688 525 1886 594 placito
1917 538 2082 578 cursu

503 627 865 683 transmeans,
917 617 1222 672 Messanam
1271 617 1458 682 venit,
1513 613 1846 684 fratremque
1892 628 2085 668 sanum

499 706 804 772 inveniens,
833 721 938 762 non
967 705 1250 760 minimum
1272 703 1548 776 congavisi
1581 711 1730 758 sunt.

1088 815 1316 873 CAPUT
1355 816 1489 870 XIII.

504 907 624 964 Dux
643 917 691 962 et
719 925 908 970 comes,
941 924 1036 976 pro
1066 908 1210 960 libita
1258 923 1351 959 suo
1393 905 1692 960 Messanam
1742 905 2077 970 ordinantes,

889 977 1159 1031 Ramelam
1184 977 1449 1030 obsessam
1471 977 1687 1030 vadunt.

575 1053 758 1124 Rebus
801 1069 984 1138 itaque
1021 1067 1133 1123 suis
1177 1083 1274 1137 per
1301 1076 1426 1122 octo
1463 1067 1578 1121 dies
1600 1067 1878 1136 sapienter
1902 1065 2086 1134 dispo-

501 1160 621 1216 sitis
643 1171 698 1214 et
723 1160 853 1215 urbe
877 1175 972 1228 pro
997 1158 1132 1212 velle
1164 1173 1262 1212 suo
1297 1157 1508 1211 ﬁrmata
1565 1155 1880 1212 custodibus
1910 1156 2089 1210 diver-

507 1255 604 1318 sis,
628 1251 868 1321 equestri
898 1250 1140 1304 exercitu
1169 1249 1307 1318 apud
1333 1248 1635 1302 Messanam
1665 1245 1877 1312 relicto,
1898 1261 2088 1300 versus

506 1342 792 1396 Ramctam
851 1340 1064 1408 utrique
1118 1337 1319 1392 fratres
1368 1337 1677 1392 intendunt.
1732 1336 2090 1390 Rametenscs

508 1441 690 1485 autem
745 1429 947 1484 dudum
978 1428 1213 1499 cognito,
1265 1427 1318 1481 in
1349 1442 1515 1496 parva
1545 1441 1706 1480 manu
1733 1425 1968 1480 hostium
1995 1439 2090 1479 eo-

509 1521 793 1585 rumdem,
850 1520 1142 1573 tnaximam
1201 1517 1604 1571 multitudinem
1662 1515 2088 1570 Mcssanensium

511 1609 834 1665 bellatorum
865 1608 1205 1670 occubuisse,
1261 1621 1328 1660 ne
1366 1606 1497 1675 quid
1527 1605 1703 1660 simile
1727 1604 1828 1660 sibi
1855 1606 2088 1670 accidat,

514 1698 928 1752 advenientibus
979 1697 1240 1760 hostibus,
1299 1695 1514 1749 obviam
1561 1695 1736 1750 territi
1767 1695 1971 1766 legatos
1997 1696 2089 1764 qui

512 1805 703 1860 pacem
735 1787 1004 1858 postulent
1035 1789 1277 1852 mittunt,
1321 1789 1620 1857 urbemque
1647 1797 1702 1841 et
1752 1789 1963 1857 seipsos
2014 1788 2094 1842 di-

511 1882 646 1935 tioni
677 1882 895 1944 dantes,
941 1879 1096 1934 libris
1141 1881 1544 1949 superstitionis
1575 1879 1708 1952 legis
1760 1895 1871 1936 sua:
1906 1895 2090 1938 coram

512 1971 726 2043 positis,
747 1971 1062 2040 iuramento
1091 1973 1364 2028 ﬁdelitatis
1394 1973 1631 2027 ﬁrmant.

1099 2081 1326 2138 CAPUT
1361 2083 1498 2140 XIV.

513 2167 802 2228 Christiani
846 2175 908 2228 de
957 2171 1105 2228 Valle
1151 2173 1388 2314 Deﬁninw
1432 2177 1608 2230 comiti
1651 2186 1697 2231 et
1728 2177 1850 2232 duci
1877 2175 2094 2232 munera

1183 2261 1212 2298 ο
1259 2255 1429 2300 erunt.

1183 2255 1429 2300 offerunt.

585 2337 713 2393 Inde
746 2339 811 2392 dc
839 2353 1099 2408 prospero
1130 2347 1325 2394 eventu
1358 2355 1482 2394 cum
1527 2341 1761 2395 maxima
1785 2341 1971 2397 lmtitia
2005 2357 2094 2397 re-

517 2430 803 2491 cedentes,
845 2440 900 2484 et
936 2428 1213 2484 debilitate
1261 2431 1436 2501 gentis
1475 2432 1723 2502 cognita,
1778 2433 2096 2488 audaciores

515 2521 618 2576 sub
647 2520 1008 2590 Scabatripoli
1055 2521 1350 2590 hospitium
1384 2531 1621 2577 sumunt.
1663 2523 1791 2577 Inde
1821 2523 1872 2576 in
1905 2523 2098 2577 crasti-

519 2631 646 2669 nmn
669 2616 734 2668 ad
755 2613 1019 2669 Fraxiuos
1042 2615 1386 2685 perveniunt,
1409 2613 1477 2670 ab
1503 2613 1754 2670 Fraxinis
1775 2617 1841 2670 ad
1866 2614 2096 2670 Maniaci

517 2717 754 2776 pratum.
809 2705 906 2762 llic
953 2705 1248 2762 Christiani
1283 2707 1336 2760 in
1361 2707 1500 2762 valle
1539 2706 1766 2762 Demina
1794 2717 2094 2771 manentes.

521 2799 622 2854 sub
651 2797 972 2854 Sarraceuis
1019 2798 1287 2853 tributarii
1332 2809 1510 2853 erant.
1542 2798 1618 2854 De
1665 2797 2097 2854 Christianorum

446 2935 448 2938 ,
523 2889 756 2943 adventu
805 2888 978 2958 gavisi
1021 2887 1125 2942 illis
1150 2896 1523 2954 occurrerunt,
1567 2890 1842 2960 multaque
1871 2893 2100 2947 enxenia

2187 427 2618 498 Speculatoribus
2654 426 2962 482 Becuminis
2985 425 3293 493 Sarraceni,
3317 429 3410 498 qui
3443 430 3592 498 apud
3629 430 3772 484 Rbe—

2187 518 2333 586 gium
2357 519 2424 572 ad
2448 519 2696 572 comitem
2732 517 3092 588 transfugerat
3115 529 3170 572 et
3191 518 3309 573 illos
3333 519 3472 573 ﬁdus
3497 535 3692 575 coma
3717 531 3776 574 et

2187 608 2380 662 ductor
2433 607 2813 671 comitabatur,
2865 607 3182 664 didicissent
3227 608 3426 663 bellum
3457 611 3697 665 necdum
3721 612 3774 664 in

2186 707 2439 766 promptu
2495 698 2706 761 haberi,
2761 697 2988 752 interius
3033 699 3468 768 progredientes,
3523 700 3675 768 apud
3713 701 3772 756 S.

2187 789 2424 846 Felicem
2458 791 2612 862 juxta
2669 799 2886 862 cryptas
2924 792 3306 846 subterraneus
3333 791 3598 862 hospitati
3621 803 3774 860 sunt,

2189 897 2324 952 quas
2345 895 2716 954 oppugnantes
2769 884 3004 937 maxima
3031 899 3095 937 ex
3133 893 3286 954 parte
3309 894 3618 953 carperent,
3651 886 3768 955 plu-

2190 977 2340 1032 ribus
2373 991 2436 1031 cx
2472 977 2901 1032 inhabitantibus
2949 977 3310 1046 interemptis.
3341 976 3470 1032 Inde
3495 981 3776 1046 progressi

2190 1065 2258 1120 ad
2287 1066 2611 1130 molemlina,
2655 1077 2780 1122 ante
2807 1077 3045 1120 castrum
3097 1063 3326 1120 Joannis
3355 1067 3408 1120 in
3441 1067 3559 1136 ripa
3597 1067 3780 1121 nurui.

2191 1160 2296 1224 nis,
2327 1161 2470 1228 quod
2494 1159 2674 1229 lingua
2707 1175 2892 1215 eorum
2915 1157 3167 1214 Guededa
3185 1159 3399 1224 dicitur,
3416 1161 3562 1228 quod
3581 1159 3776 1212 Latine

2193 1249 2474 1304 resolutum
2494 1252 2726 1321 fluminis
2745 1250 2952 1321 paludis
2969 1249 3376 1321 interpretatur,
3392 1253 3778 1307 castrametati

2191 1349 2337 1394 sunt.

2767 1439 2992 1494 CAPUT
3031 1437 3189 1494 XVII.

2299 1527 2343 1581 Α
2393 1529 2584 1582 nostris
2613 1528 2738 1582 'cum
2789 1529 3094 1585 Sarracenis
3135 1532 3376 1600 prwlium
3423 1535 3670 1604 efficitur.

2265 1615 2558 1672 Bcchamct
2605 1619 2788 1689 igitur,
2831 1635 3123 1675 numerosa
3170 1620 3556 1677 Africanorum
3593 1625 3782 1678 multi-

2197 1709 2384 1764 tudine
2439 1719 2494 1765 (τι
2550 1711 2912 1766 Siciliensium
2971 1714 3310 1778 coadnnata,
3368 1715 3572 1768 bcilum
3635 1718 3786 1785 quad

2197 1802 2286 1855 diu
2323 1803 2668 1872 disposuerat
2713 1805 2958 1859 hostibus
3009 1805 3186 1870 oll'ert,
3229 1822 3373 1860 anno
3409 1809 3478 1862 ab
3519 1809 3784 1862 [acarna-

2199 1893 2342 1948 tione
2395 1895 2606 1950 Domini
2665 1896 2948 1952 millesimo
2995 1901 3330 1970 sexagesimo
3367 1901 3570 1968 primo.
3615 1901 3788 1956 Porro

2197 1986 2303 2040 dux
2352 1987 2654 2044 exercitum
2709 1991 3108 2060 semipartiens,
3147 2001 3300 2046 erant
3347 1993 3492 2046 enim
3549 2003 3786 2047 tantum.

2198 2079 2358 2132 modo
2394 2079 2744 2150 septingenti,
2778 2090 2832 2136 et
2869 2097 2936 2136 ex
2977 2083 3110 2151 ipsis
3145 2085 3281 2138 duas
3321 2085 3468 2139 acies
3499 2086 3784 2148 ordinans,

2198 2186 2360 2224 unam
2400 2171 2575 2238 fratri,
2625 2181 2684 2226 ut
2737 2174 2926 2242 priori,
2978 2175 3136 2228 sicuti
3187 2175 3288 2229 sibi
3333 2176 3504 2231 meris
3555 2187 3698 2238 erat.
3727 2187 3788 2232 ut

2200 2261 2412 2316 hostem
2457 2261 2619 2317 feriat
2663 2263 2907 2334 delegat;
2947 2265 3060 2334 ipse
3093 2281 3216 2320 cum
3267 2267 3434 2320 altera
3485 2281 3618 2320 suos
3669 2267 3786 2320 ala-

2199 2353 2365 2406 criter
2400 2354 2581 2408 verbis
2615 2354 2951 2409 exhortando
2987 2355 3242 2426 subsequi
3289 2371 3396 2410 non
3449 2358 3656 2412 tardat.
3698 2356 3786 2412 Si-

2201 2443 2402 2500 militer
2437 2443 2761 2510 Bechamct,
2799 2461 2921 2500 cum
2961 2447 3268 2516 quindecim
3319 2447 3488 2500 millia
3539 2457 3782 2502 armato-

2199 2551 2320 2590 rum
2377 2535 2639 2600 haberet,
2699 2545 2810 2590 tres
2868 2538 3016 2592 acies
3075 2537 3349 2600 instituit,
3405 2553 3532 2592 cum
3589 2537 3784 2607 quibus

2199 2623 2376 2694 primo
2405 2624 2620 2692 quidem
2649 2625 3010 2680 audacissime
3041 2625 3283 2680 hostibus
3319 2625 3786 2695 occarreucher-

2202 2723 2382 2771 tamen
2413 2717 2552 2770 iniit.
2583 2715 2752 2772 Porro
2790 2719 2958 2773 nostri
2991 2719 3042 2773 in
3084 2718 3278 2788 primo,
3331 2733 3398 2774 ex
3437 2734 3620 2784 more,
3659 2734 3782 2772 enn-

2201 2823 2391 2878 gressu
2417 2807 2634 2864 fortiter
2658 2811 2870 2880 agendo
2896 2811 3158 2880 plurimos
3183 2821 3518 2876 stcrnentes,
3543 2812 3784 2882 reliquos

2203 2899 2259 2953 in
2297 2898 2482 2970 fugam
2531 2909 2776 2964 vertunt;
2817 2917 2950 2972 quos
2989 2901 3268 2966 etcdcndo,
3308 2917 3502 2958 versus
3533 2903 3782 2958 Cas:rum

522 2988 578 3035 et
605 2979 829 3035 donaria
858 2979 1190 3048 obtulerunt,
1236 2981 1337 3036 hoc
1359 2981 1723 3036 excusationis
1748 2990 1936 3037 contra
1973 2983 2102 3036 Sar-

2205 2989 2430 3046 Joannis
2463 3001 2869 3061 persequentes,
2904 3004 3074 3060 usque
3110 2993 3178 3046 ad
3207 2992 3391 3046 decem
3433 2991 3608 3047 millia
3647 2993 3786 3047 Occi-

523 3085 751 3127 racenos
815 3081 1178 3139 assumcntes,
1207 3087 1312 3128 non
1344 3071 1488 3143 quod
1535 3087 1700 3128 causa
1730 3074 1951 3140 amoris,
1981 3077 2100 3142 sed,

522 3172 580 3216 ut
602 3163 810 3230 seipsos
837 3169 891 3216 et
917 3176 1036 3231 quae
1078 3177 1175 3216 sua
1207 3171 1364 3217 erant
1389 3171 1688 3228 tuerentur,
1717 3161 1819 3219 hoc
1841 3163 2099 3220 facerent.

528 3253 867 3310 Fidelitatem
923 3270 1054 3310 vero
1107 3271 1260 3311 suam
1307 3256 1414 3311 illis
1444 3256 1808 3314 inviolabilem
1837 3274 1896 3314 sc
1917 3274 2106 3314 scrva-

527 3356 710 3414 luros;
754 3345 950 3402 fratres
987 3362 1118 3402 vero
1159 3349 1346 3419 utique
1369 3363 1464 3404 eos
1488 3365 1613 3405 cum
1646 3351 1884 3406 maxima
1913 3351 2102 3406 dulce-

521 3439 648 3496 dine
671 3441 1060 3511 suscipientes,
1086 3448 1254 3496 nmtta
1279 3443 1544 3498 beneﬁcia
1579 3457 1636 3497 se
1665 3443 1770 3498 illis
1789 3443 2102 3510 collaturus,

521 3535 566 3590 si
603 3544 746 3589 terra
777 3550 807 3588 a
834 3535 944 3590 Deo
1003 3536 1105 3590 sibi
1142 3537 1494 3602 concedatur,
1539 3538 1881 3607 promittunt.
1918 3538 2011 3594 Sic
2047 3539 2102 3594 in

519 3641 655 3698 pace
677 3628 934 3694 dimissis,
969 3628 1072 3698 ipsi
1101 3628 1456 3684 Centurbinm
1486 3645 1654 3699 usque
1681 3632 2031 3702 pertendunt.

1125 3738 1354 3794 CAPUT
1393 3740 1510 3796 XV.

757 3827 882 3880 Dua:
905 3837 952 3880 et
984 3843 1151 3880 comes
1173 3827 1512 3883 Centurbinm
1541 3842 1860 3900 oppugnant.

601 3916 708 3973 Sed
729 3917 1172 3984 Centurbieuscs,
1226 3920 1475 3988 quamvis
1511 3923 1886 3978 strenuitatem
1915 3939 2104 3980 eorum

527 4024 636 4064 non
675 4007 1010 4079 ignorarent,
1058 4007 1195 4062 mori
1251 4021 1359 4062 non
1395 4007 1776 4076 abhorrentes,
1809 4027 1929 4066 cum
1957 4013 2106 4069 nullo

526 4101 686 4158 modo
712 4100 918 4156 servire
940 4098 1148 4164 volunt,
1181 4098 1236 4153 in
1269 4097 1580 4155 defensione
1602 4101 1750 4158 urbis
1770 4112 1826 4158 et
1851 4119 1946 4160 sua
1978 4121 2106 4176 pro-

527 4191 831 4263 pugnacula
894 4199 1131 4245 armant.
1187 4189 1372 4246 Nostri
1401 4205 1531 4246 vero
1552 4190 1768 4248 fortiter
1793 4207 2108 4264 oppugnan-

529 4293 610 4340 tes
640 4283 942 4350 civitatem,
981 4297 1104 4336 cum
1147 4283 1396 4338 viderent
1425 4299 1554 4338 suos
1582 4299 1612 4336 a
1644 4282 2021 4342 fundibulariis
2049 4295 2104 4342 et

2208 3080 2421 3135 derunt.
2475 3081 2674 3150 Sicque
2731 3081 3014 3136 victoriam
3063 3079 3273 3150 adepti,
3323 3080 3514 3150 spoliis
3569 3083 3781 3152 quidam

2208 3182 2332 3228 sunt
2365 3173 2520 3227 ditati
2559 3174 2611 3226 in
2653 3181 2863 3228 tantum
2893 3182 2950 3227 ut
2985 3173 3076 3242 qui
3119 3187 3316 3242 equum
3349 3189 3518 3227 tntum
3569 3175 3622 3226 in
3657 3189 3786 3241 pra:-

2207 3261 2278 3316 lio
2310 3262 2622 3331 perdiderit,
2666 3278 2764 3332 pro
2808 3277 2917 3316 uno
2949 3263 3138 3317 decem
3172 3261 3462 3331 recipiens,
3513 3259 3784 3316 consimiti

2207 3354 2380 3420 lucro,
2420 3357 2486 3410 ad
2523 3355 2758 3410 similem
2796 3353 3098 3408 exercitum
3139 3353 3396 3408 accedere
3433 3368 3546 3406 non
3579 3353 3790 3407 dubita-

2207 3453 2312 3498 ret.
2350 3443 2406 3498 ln
2462 3445 2702 3499 crastino
2754 3443 2900 3498 enim
2955 3443 3208 3513 proprius
3259 3453 3501 3498 castrum
3561 3457 3782 3514 progre-

2209 3537 2440 3601 dientes,
2471 3537 2538 3591 ad
2576 3535 2776 3602 lacum,
2815 3535 2908 3606 qui
2955 3535 3211 3590 estinter
3255 3543 3494 3588 castrum
3535 3533 3788 3598 Joannis,

2209 3637 2266 3681 et
2299 3627 2588 3682 lrancuum
2622 3627 2736 3698 (9|)
2769 3626 2882 3682 sola
2913 3637 3070 3682 nocte
3110 3625 3388 3696 hospitati,
3419 3625 3510 3680 die
3539 3627 3790 3696 sequenti

2211 3715 2263 3773 in
2306 3729 2509 3778 monte.
2547 3717 2640 3787 qui
2679 3717 3020 3772 Calataxibet
3063 3716 3281 3780 dicitur,
3326 3717 3562 3770 tentoria
3602 3721 3788 3785 ﬁgunt.

2212 3807 2318 3862 Sed
2367 3808 2494 3878 quia
2541 3823 2698 3864 mons
2731 3807 2976 3864 strictior
3021 3815 3164 3872 erat,
3201 3817 3258 3862 et
3289 3808 3467 3862 minus
3501 3807 3570 3862 ad
3611 3809 3792 3878 hostii-

2213 3898 2436 3952 tandum
2476 3899 2740 3953 exercitui
2783 3898 3075 3962 sufﬁciens,
3121 3898 3186 3952 ad
3225 3897 3500 3967 planitiem
3535 3897 3790 3952 Fontium

2209 3991 2564 4046 transierunt.
2595 3991 2790 4046 Comes
2839 4007 2972 4048 vero
3021 3990 3306 4059 Rogerius,
3361 3989 3566 4058 quietis
3621 3991 3792 4060 impa-

2213 4081 2350 4136 tiens
2380 4091 2436 4138 et
2473 4081 2674 4138 laboris
2711 4083 2984 4151 assiduus,
3029 4091 3300 4137 trecentos
3332 4079 3568 4149 juvenes
3607 4095 3788 4136 secum

2209 4177 2413 4232 ducens
2457 4191 2628 4245 usque
2669 4175 2990 4246 Grigentum
3035 4177 3332 4246 prmdatum
3361 4183 3414 4228 et
3451 4182 3658 4228 terram
3707 4174 3788 4227 in-

2209 4277 2456 4339 spectant
2483 4270 2655 4333 vadit,
2705 4277 2874 4323 totam
2911 4269 3254 4324 Provinciam
3287 4267 3538 4322 incendio
3571 4281 3790 4321 concre-

525 4376 823 4448 sagittariis
852 4375 1037 4430 vexari
1089 4383 1146 4428 et
1167 4374 1286 4430 sine
1313 4374 1638 4430 detrimento
1664 4388 1886 4430 suorum
1908 4390 2103 4431 versus

2209 4365 2407 4418 mando
2437 4365 2750 4426 devastatus.
2781 4362 2916 4418 Cum
2971 4363 3110 4417 redit
3158 4361 3342 4430 spoliis
3379 4370 3434 4412 et
3479 4361 3666 4428 prada
3713 4371 3786 4413 to-

526 4468 720 4524 urbcm
763 4466 838 4522 nil
885 4481 944 4522 se
973 4480 1131 4535 posse
1179 4464 1466 4536 proﬁcere,
1491 4467 1558 4520 ab
1585 4467 1986 4536 oppugnatione
2011 4467 2106 4522 de-

525 4557 745 4624 sistunt,
778 4556 1012 4610 maxime
1042 4569 1162 4610 cum
1217 4555 1270 4608 in
1296 4554 1544 4625 proximo
1591 4555 1692 4610 sibi
1723 4571 1753 4610 a
1787 4555 2106 4612 Sarracenis

527 4643 726 4700 bellum
766 4646 1051 4700 imminere
1087 4645 1407 4711 audiebant,
1451 4653 1640 4700 contra
1682 4660 1818 4714 quos
1847 4662 1998 4711 suos,
2036 4663 2106 4702 ne

530 4745 859 4792 vexarentur
915 4739 994 4794 vel
1045 4751 1274 4796 numero
1325 4736 1794 4802 diminuerentur,
1853 4751 2104 4792 reserva-

528 4828 678 4882 bant.

1113 4919 1340 4975 CAPUT
1379 4918 1516 4974 XVI.

532 5009 715 5066 Nostri
738 5028 768 5065 a
791 5011 1006 5074 planitie
1035 5009 1362 5069 Paternionis
1397 5031 1553 5085 super
1575 5016 1796 5083 ﬂuvium
1819 5012 2107 5069 Caede-tam

1063 5088 1414 5137 castrametati
1435 5096 1574 5139 sunt.

602 5169 694 5227 Sic
722 5170 1019 5227 Centurbio
1065 5171 1279 5230 relicto.
1311 5173 1366 5226 in
1389 5173 1608 5230 planitie
1651 5175 1998 5230 Paternionis
2018 5189 2102 5230 ca-

2214 4463 2325 4507 tum
2375 4453 2676 4506 exercitum
2721 4453 3062 4507 abundanter
3099 4450 3344 4519 replevit.
3398 4447 3504 4502 Per
3549 4463 3784 4502 mensem

2211 4545 2395 4614 itaque
2435 4545 2506 4599 ibi
2536 4546 2914 4615 perdurantes,
2959 4551 3124 4598 totam
3167 4542 3511 4595 Provinciam
3555 4542 3788 4596 diversis

2211 4635 2610 4690 incursionibus
2665 4634 2974 4689 lacerantes
3033 4632 3366 4694 afﬂixerunt;
3431 4633 3530 4686 sed
3595 4633 3785 4686 Castro

2209 4728 2432 4784 Joannis
2475 4728 2700 4782 minime
2749 4726 3166 4796 prmvalueruut.
3216 4723 3270 4777 lu
3319 4725 3435 4792 ipSo
3483 4737 3632 4777 atino
3683 4723 3786 4776 dux

2211 4822 2460 4878 Castrum
2493 4822 2660 4876 Marci
2697 4821 2846 4876 fecit.

2769 4931 2996 4986 CAPUT
3047 4928 3224 4982 X'Vlll.

2215 5023 2438 5095 Propter
2465 5025 2706 5095 uicinant
2743 5021 2964 5095 Itienient
2993 5019 3246 5095 expeditio
3281 5015 3522 5082 solvitur,
3559 5027 3605 5069 et
3639 5015 3786 5069 Citri-

2641 5091 2799 5145 stiani
2842 5089 3092 5143 Trainam
3130 5091 3344 5141 dedunt.

2285 5181 2530 5230 lliemem
2582 5185 2766 5230 itamte
2813 5181 3044 5230 vicinam
3085 5179 3442 5230 nrtmidenlcs
3485 5176 3788 5230 cxncditio—
