4010 5230
190 325 332 414 usa

1315 359 1630 418 HISTORIA
1678 335 1944 422 SiCULA.
1979 399 2048 410 .-
2077 371 2206 426 Lm.
2251 373 2313 427 u.

3314 383 3446 442 “30

187 487 310 525 eam
336 471 638 526 custodiant
677 481 732 528 ct
771 473 856 530 his
887 489 1004 544 que
1045 473 1308 530 militibus
1341 477 1646 532 necessaria
1680 479 1761 532 l'o-
1787 485 1838 541 Λ
1869 482 1976 536 tius
2007 483 2274 540 Calabriae
2306 475 2662 556 impertiatar,
2693 493 2924 546 maxime
2954 493 3078 562 quia
3104 493 3450 564 juvcneulam

189 569 314 617 rent
357 563 680 628 munientes,
709 563 884 619 Pharo
912 573 1272 630 transmeato,
1306 567 1410 620 dux
1460 569 1674 637 quidem
1709 571 1760 622 in

187 653 442 724 Apuliam
475 653 746 708 hiemandi
798 655 974 722 gratia
1015 655 1274 718 secessit,
1319 672 1500 712 comes
1533 674 1659 712 vero
1710 659 1761 712 in

187 745 436 800 Calabria
481 756 744 802 remanet.
789 747 958 802 Media
1011 762 1140 802 vero
1181 747 1358 802 hieme
1399 749 1538 802 intra
1583 751 1764 804 natale

189 837 442 902 Domini,
471 855 592 892 cum
633 839 880 892 ducentis
924 839 1312 908 quinquaginta
1361 841 1619 895 militibus
1667 843 1762 896 ite-

187 945 308 982 rum
345 945 496 983 mare
529 932 818 994 transiens,
851 947 1020 999 ιιεεμιθ
1063 931 1127 984 ad
1171 930 1542 1001 Grigentinam
1574 935 1760 987 urbem

187 1031 354 1074 totam
377 1023 608 1090 patriam
632 1023 928 1077 sollicitans
957 1022 1252 1093 prtcdatum
1277 1023 1444 1076 vadit.
1469 1021 1760 1077 Christiani

183 1126 316 1164 vero
367 1113 788 1182 provinciarum,
840 1115 938 1168 sibi
993 1129 1114 1168 cum
1153 1113 1386 1168 niaxima
1445 1114 1626 1169 lzetitia
1672 1133 1762 1170 oc-

183 1213 488 1270 currentes,
539 1205 592 1258 in
645 1205 825 1258 multis
861 1205 1104 1259 obsecuti
1143 1213 1284 1258 sunt.
1337 1204 1465 1259 Inde
1509 1205 1760 1260 Trainam

184 1295 510 1360 adveniens,
561 1310 588 1347 a
629 1295 954 1350 Christianis
999 1295 1206 1350 civibus
1249 1295 1342 1366 qui
1391 1311 1508 1350 eam
1563 1297 1765 1351 incole-

181 1385 312 1437 bant
341 1399 464 1438 cum
493 1385 688 1456 gaudio
707 1395 1009 1454 susceptus,
1029 1385 1214 1439 urbem
1247 1385 1442 1450 intrat;
1477 1400 1575 1454 pro
1603 1387 1764 1442 velle-

181 1493 286 1542 que
343 1494 441 1531 suo
498 1479 782 1542 ordinans,
843 1477 1041 1532 ibidem
1109 1477 1300 1533 Natale
1356 1479 1566 1534 Domini
1621 1479 1760 1535 cele-

181 1569 340 1622 brant
372 1567 510 1639 (99.).
765 1637 992 1696 CAPUT
1033 1639 1174 1694 XIX.

507 1731 692 1786 Comes
724 1731 978 1802 Rogerius
1015 1749 1228 1788 uxorem
1261 1737 1425 1790 ducit.

249 1821 342 1876 Sic
383 1821 590 1890 legatus
619 1823 838 1892 quidam
869 1839 914 1876 a~
947 1824 1194 1878 Calabria
1234 1827 1458 1882 veniens
1489 1829 1760 1883 nuntiavit
1790 1825 1832 1885 Β

179 1913 430 1967 abbatem
482 1913 774 1968 liobertum
823 1913 881 1968 S.
923 1914 1234 1984 Eupliemite
1263 1931 1292 1968 a
1323 1917 1676 1972 Nortmannia
1724 1935 1754 1974 a

181 2003 380 2058 Deiicia
413 2003 548 2073 (95),
587 2017 776 2057 sorore
803 2019 920 2068 sua,
961 2013 1120 2074 nepte
1159 2003 1612 2062 Nortmaunorum
1667 2025 1756 2064 eo-

179 2097 368 2148 mitum
399 2097 466 2148 ad
497 2096 604 2150 uita
633 2095 746 2166 (θλ)
780 2097 1037 2150 mandare
1063 2097 1164 2152 sibi
1189 2107 1248 2151 ut
1275 2099 1539 2154 acceleret
1569 2117 1755 2158 versus

179 2187 393 2253 nuptias
447 2186 816 2242 celebrandas.
867 2186 1020 2254 Quod
1055 2203 1238 2244 comes
1267 2191 1488 2245 audiens
1527 2192 1752 2248 multum

179 2275 513 2331 exhilaratus
557 2285 694 2331 erat.
729 2277 972 2346 Denique
1023 2293 1090 2332 ex
1141 2279 1308 2334 multo
1349 2288 1586 2351 tempore
1631 2297 1752 2336 eam

179 2367 424 2435 cupiens,
455 2369 697 2438 speciosa
732 2369 928 2438 quippe
974 2377 1030 2424 et
1079 2371 1322 2440 prtcclari
1363 2374 1580 2444 generis
1611 2385 1750 2441 erat,

179 2471 378 2526 quanto
417 2459 648 2515 celerius
675 2463 869 2531 potuit,
899 2477 1086 2518 versus
1121 2464 1426 2520 Calabriam
1463 2471 1747 2538 repedans,

181 2549 264 2603 diu
296 2551 533 2619 capitam
579 2553 810 2621 puellam
844 2554 1015 2607 visum
1066 2555 1144 2610 ire
1185 2557 1478 2624 accelerat,
1503 2561 1752 2616 veniens-

181 2657 282 2710 que
329 2643 382 2696 in
437 2643 626 2697 vallem
661 2643 968 2699 Salinarum
1002 2643 1137 2715 (95).
1190 2648 1330 2716 apud
1363 2648 1421 2703 ὃ.
1455 2647 1748 2706 Martinum

179 2735 409 2800 puellam
441 2735 680 2805 legitime
707 2735 1086 2804 desponsatam
1109 2736 1344 2792 Melitam
1369 2753 1490 2794 cum
1515 2741 1752 2796 maximo

181 2826 506 2877 musicorum
547 2835 809 2880 concentu
849 2825 1144 2893 deducens,
1193 2827 1318 2883 illuc
1346 2828 1614 2886 solemnes
1653 2847 1751 2886 nuc

181 2917 314 2990 ptias
335 2917 652 2972 celebravit.

772 3009 997 3066 CAPUT
1033 3011 1151 3066 XX.

237 3112 426 3166 Comes
461 3107 582 3184 ergo
613 3113 811 3182 nuptiis
849 3111 1124 3166 celebratis
1152 3113 1207 3166 iu
1234 3110 1480 3168 Siciliam
1521 3111 1688 3166 vadit.

239 3201 454 3270 Quibus
484 3207 900 3272 consummatis,
935 3205 1252 3276 aliquandiu
1275 3219 1400 3260 cum
1425 3219 1748 3259 uxorecom-

175 3305 440 3362 moratus,
479 3313 590 3366 quo
629 3299 872 3352 animum
906 3297 1214 3353 intenderat
1249 3297 1498 3353 oblivisci
1535 3295 1760 3352 minime

175 3391 375 3460 potuit;
428 3393 522 3446 sed
565 3393 805 3448 exercitu
859 3400 1121 3462 apparato
1173 3390 1468 3461 Rogcrium
1529 3390 1750 3459 armige-

177 3496 292 3536 rum
329 3481 444 3554 (96)
486 3499 670 3540 secum
701 3503 766 3540 ex
797 3493 950 3555 parte
978 3483 1203 3550 ducens,
1234 3483 1622 3548 juvencula_in
1654 3481 1744 3535 Ca-

179 3561 342 3613 labria
377 3563 627 3626 dimissa,
661 3563 853 3619 iterum
895 3567 1132 3624 Siciliam
1173 3575 1394 3638 invadit,
1432 3577 1591 3630 nullis
1617 3595 1741 3646 per-

177 3651 513 3707 suasionibus
544 3653 890 3726 lacrymantis
918 3659 1100 3716 uxoris
1139 3661 1410 3720 detentus.
1453 3665 1497 3720 A
1535 3668 1738 3725 Catana

177 3735 350 3806 itaque
392 3739 686 3799 Becumine
715 3745 1016 3804 Sarraceno
1056 3767 1152 3821 per
1183 3754 1415 3825 legatum
1455 3761 1736 3826 arcessito,

176 3839 349 3883 secum
402 3831 608 3886 ducens
651 3834 1006 3908 Petrelegium
1045 3841 1323 3899 obsessum
1371 3847 1539 3904 vadit.
1570 3847 1739 3904 Porro

174 3917 310 3972 cives
323 3935 386 3974 ex
403 3931 559 3990 parte
575 3923 864 3981 Christiani
877 3938 929 3984 et
945 3945 1008 3984 ex
1023 3942 1178 4001 parte
1189 3932 1474 3991 Sarraceni
1487 3979 1498 4002 ,
1513 3939 1738 3995 consilio

173 4003 393 4065 invicem
417 4013 622 4080 habito,
638 4031 821 4085 pacem
848 4035 968 4075 cum
990 4027 1187 4079 comite
1203 4025 1734 4094 facientes,castrum

170 4107 390 4169 seseque
415 4101 604 4159 ditioni
633 4121 743 4162 suae
770 4107 1050 4166 dederunt.
1079 4111 1272 4169 Comes
1301 4131 1456 4182 vero,
1493 4125 1734 4181 castrum

169 4201 262 4254 pro
289 4191 442 4246 libito
463 4209 562 4249 suo
587 4196 829 4264 firmans,
859 4201 1116 4258 militibus
1137 4217 1192 4259 et
1229 4207 1593 4277 stipendiariis
1618 4229 1738 4268 mu—

169 4278 594 4348 niens,Trainam
609 4289 772 4354 venit,
789 4307 948 4360 quam
972 4293 1222 4351 similiter
1235 4301 1480 4355 muniens
1489 4301 1735 4358 Becutni-

167 4381 302 4434 nem.
335 4373 391 4429 ut
425 4375 695 4446 Siciliam,
729 4381 1036 4440 lacessitum
1066 4397 1120 4441 et
1159 4387 1224 4442 ad
1256 4403 1406 4445 suam
1447 4393 1730 4450 utilitatem

167 4462 480 4528 applicatum
503 4468 684 4535 vadat,
712 4473 1054 4541 exhortatus;
1077 4475 1130 4531 in
1159 4477 1404 4535 Calabria
1435 4497 1494 4538 se
1514 4483 1726 4540 deside-

167 4553 298 4605 ranti
331 4563 386 4608 et
420 4557 486 4610 de
517 4559 688 4615 salute
713 4563 880 4632 ipsius
917 4566 1162 4622 sollicitae
1201 4571 1353 4624 uxori
1385 4587 1504 4626 sese
1533 4589 1730 4644 reptas-

164 4649 396 4710 sentans,
433 4647 498 4703 de
531 4649 761 4706 adventu
798 4669 896 4709 suo
925 4669 1030 4710 non
1065 4658 1344 4714 minimum
1379 4661 1689 4718 laetificavit.

734 4767 959 4823 CAPUT
997 4767 1138 4823 XXI.

435 4852 616 4908 Comes
641 4873 672 4909 α
703 4857 831 4910 duce
857 4859 993 4912 irato
1015 4861 1191 4913 animo
1225 4863 1437 4918 recedit.

225 4935 470 4997 Castrum
493 4945 676 5016 itaque
699 4948 900 5002 nullum
927 4951 979 5005 in
1010 4966 1129 5014 sua,
1155 4967 1182 5005 a
1214 4951 1400 5009 fratris
1428 4963 1696 5027 peltastas};

157 5039 374 5083 ον’ίλῖλεὲ
411 5033 522 5084 solo
554 5035 755 5084 Melilo-
799 5037 1026 5084 habens-
1069 5055 1096 5084 εδ
1131 5040 1300 5084 fratrn
1360 5052 1416 5084 nl
1447 5049 1588 5084 mlml
1617 5029 1726 5084 curn

1869 585 2089 628 uxorem
2138 575 2354 642 exinde,
2408 589 2465 632 ut
2515 589 2641 649 pote
2703 583 2959 652 puellam,
3011 595 3122 642 tam
3169 589 3446 658 praeclaris

1865 671 2038 717 ortam
2079 666 2367 735 natalibus,
2399 671 2661 728 decenter
2691 676 2880 731 dotare
2919 678 3154 746 volebat,
3193 681 3452 750 requirit.

1868 747 1980 806 Dux
2029 767 2233 821 autem,
2287 765 2534 828 quamvis
2579 767 2806 833 pecunia
2851 767 3049 838 largus.
3096 769 3149 824 in
3183 771 3450 826 distribuv

1869 847 2014 900 tione
2042 849 2258 917 quidem
2308 861 2578 906 terrarum
2623 855 3014 926 aliquantulum
3058 861 3272 930 parcior
3300 871 3440 928 erat,

1865 935 2198 1007 fratremque
2246 955 2343 1008 per
2398 943 2656 1014 ambages
2709 945 3006 1004 differendo
3067 951 3450 1022 protrahebat;

1865 1029 2032 1084 Porro
2079 1027 2262 1087 comes
2307 1034 2496 1090 fratris
2549 1035 2898 1094 calliditatem
2949 1043 3189 1096 animum
3243 1046 3436 1099 advero

1866 1129 2006 1182 lens,
2053 1137 2121 1174 nc
2154 1123 2358 1178 diutius
2395 1126 2624 1182 fallaciis
2667 1129 2811 1197 passi
2841 1132 3147 1198 sustinens,
3191 1149 3290 1203 per
3328 1143 3442 1190 me;

1861 1209 2024 1266 liores
2055 1213 2219 1268 totius
2247 1215 2452 1285 apulias
2502 1217 2568 1270 ad
2609 1217 2722 1288 (97)
2765 1221 3028 1276 rationem
3071 1226 3242 1292 ponit,
3292 1229 3434 1294 quol

1862 1303 1962 1358 sibi
2003 1307 2328 1374 promissum
2381 1307 2558 1364 fuerat
2605 1322 2864 1382 expetens
2903 1333 2916 1369 :
2971 1325 3132 1386 atque
3175 1315 3287 1388 (98)
3337 1335 3456 1374 nec-

1863 1393 1936 1445 ita
1977 1393 2210 1462 proficit,
2251 1393 2564 1466 funde-reque
2609 1399 2722 1470 (99)
2769 1403 2908 1456 inter
2952 1419 3009 1458 se
3058 1414 3254 1475 rupto,
3298 1405 3435 1460 iran

1861 1483 2040 1538 animo
2069 1499 2099 1538 a
2123 1483 2290 1540 fratre
2313 1489 2540 1552 recedit,
2569 1489 2914 1562 Mclitumque
2947 1495 3167 1550 veniens
3196 1505 3434 1552 castrum

1860 1577 2090 1633 viriliter
2137 1577 2409 1635 ﬁrinavit‘:
2452 1585 2794 1654 optimosque
2839 1587 2987 1658 (100)
3025 1587 3223 1643 milites
3267 1589 3434 1643 unde-

1861 1685 2071 1740 cunque
2117 1673 2241 1739 sibi,
2288 1673 2340 1728 in
2381 1673 2569 1730 fratris
2607 1676 2862 1732 damnum
2891 1679 3094 1734 ducens
3117 1679 3289 1750 (HM).
3325 1679 3432 1735 Sed

1859 1765 2104 1833 quamvis
2139 1782 2266 1836 erga
2317 1783 2378 1824 se
2433 1768 2657 1824 fratrem
2699 1787 2854 1826 suum
2899 1771 3046 1844 (102)
3083 1787 3240 1844 agere
3269 1784 3430 1844 patu-

1861 1854 1970 1908 lum
2015 1867 2184 1922 esset,
2239 1857 2564 1928 legalitatem
2617 1871 2796 1915 tamen
2847 1878 2999 1916 suam
3046 1877 3292 1928 servans,
3337 1880 3434 1933 per

1857 1946 2210 2016 quadraginta
2253 1949 2370 2004 dies
2404 1967 2433 2004 a
2465 1950 2653 2007 fratris
2699 1951 2894 2022 injuria
2948 1953 3230 2020 abstinuit,
3267 1971 3336 2010 ne
3383 1956 3430 2010 si

1857 2033 1994 2090 forte
2021 2035 2160 2091 infra
2191 2039 2332 2094 hunc
2363 2041 2646 2096 terminum
2677 2058 2802 2112 erga
2846 2059 2904 2097 se
2931 2043 3242 2112 respiceret,
3287 2043 3428 2114 ipse.

1855 2123 1946 2194 qui
1979 2127 2043 2179 de
2092 2125 2288 2193 injuria
2337 2131 2792 2198 conquerebatur,
2837 2133 3016 2202 potius
3065 2132 3293 2200 injurius
3337 2135 3432 2187 ha-

1855 2217 1970 2272 beri
2017 2219 2390 2276 vindicaretur
2423 2221 2591 2294 (103),
2624 2223 2828 2280 malens
2873 2224 3032 2294 hujus
3061 2225 3430 2280 'dissensiouis

1855 2305 2171 2376 iniuriosam
2202 2309 2411 2379 culpam
2445 2311 2496 2365 in
2526 2311 2749 2366 fratrem
2780 2313 2960 2384 potius
2988 2327 3149 2382 quam
3181 2313 3234 2368 in
3265 2329 3324 2370 se
3347 2329 3430 2367 re-

1855 2402 2112 2468 torqueri.

2421 2514 2647 2572 CAPUT
2687 2516 2851 2570 XXII.

2209 2605 2468 2660 Eccumcu
2493 2609 2546 2660 in
2585 2607 2769 2660 Sicilia
2801 2609 3072 2662 occiditur.

1923 2691 2188 2750 Becumen
2238 2711 2362 2750 vero
2405 2711 2502 2766 per
2542 2696 2784 2752 Siciliam
2832 2701 3052 2762 vadens,
3093 2699 3250 2753 sicuti
3279 2715 3306 2751 a
3338 2715 3428 2752 co-

1852 2785 1984 2840 mite
2010 2797 2250 2856 rogatus,
2275 2802 2520 2859 quosque
2549 2797 2762 2856 poterat
2803 2791 2869 2844 ad
2891 2787 3199 2845 fidelitatem
3229 2801 3428 2846 nosu-ze

1852 2880 2028 2949 gentis
2061 2879 2330 2949 applicat;
2377 2881 2575 2950 quibus
2601 2896 2732 2936 vero
2764 2882 2942 2936 minus
2971 2883 3298 2952 persuadere
3325 2899 3424 2952 po-

1854 2979 2014 3034 terat,
2044 2971 2188 3042 ipsos
2217 2971 2709 3042 impugnationibus
2737 2985 2936 3028 vexare
2965 2987 3070 3026 non
3104 2973 3422 3028 desistebat.

1851 3061 1922 3113 At
1977 3075 2102 3116 cum
2165 3075 2354 3116 versus
2411 3071 2652 3116 castrum
2709 3061 2984 3115 Antulium
3039 3061 3210 3134 (104),
3281 3065 3424 3136 quod

1775 3160 1820 3222 ρ
1853 3151 2122 3218 quondam
2173 3166 2328 3206 suum
2388 3150 2602 3213 fuerat,
2649 3149 3026 3205 debellandum
3075 3165 3421 3224 properaret,

1849 3237 2032 3296 Nicbel
2080 3241 2296 3309 quidam
2339 3241 2629 3309 potentior,
2675 3241 2836 3294 castri
2874 3243 3142 3310 quondam
3174 3243 3414 3312 ejusdem

1851 3329 2162 3384 Beeuminis
2189 3330 2364 3396 miles,
2413 3333 2464 3384 iu
2510 3331 2632 3385 dolo
2663 3329 2824 3386 verba
2863 3331 3086 3400 pacifica
3127 3337 3414 3398 mandans.

1847 3429 1904 3476 ut
1933 3435 2052 3476 cum
2084 3420 2268 3491 paucis
2291 3436 2322 3476 a
2361 3422 2475 3476 suis
2513 3431 2752 3476 semotus
2776 3461 2791 3488 ,
2825 3421 3230 3479 Antuliensibus
3263 3429 3418 3496 quasi

1848 3511 2180 3566 reconciliari
2218 3511 2552 3568 volentibus.
2603 3511 2720 3566 loco
2767 3511 3128 3573 deter-minam
3175 3515 3414 3570 locutum

1841 3617 2022 3670 veniat
2069 3614 2299 3670 mandat
2353 3608 2445 3676 ll'le
2479 3625 2630 3682 vero,
2661 3619 2786 3682 quia
2826 3620 2942 3690 jam
2979 3619 3209 3689 plurima
3249 3621 3412 3676 bene-

1842 3707 1962 3761 ticia
1999 3705 2104 3762 illis
2141 3707 2254 3777 jam
2291 3709 2514 3775 dudum,
2544 3723 2666 3764 cum
2697 3723 2880 3764 secum
2907 3709 3046 3766 bene
3071 3720 3250 3776 erant,
3283 3727 3411 3768 eon-

1843 3794 2061 3860 tulerat,
2106 3796 2285 3852 minus
2329 3795 2573 3852 fraudem
2621 3799 2927 3870 suspicatus
2967 3815 3072 3870 quo
3100 3811 3153 3857 et
3179 3803 3416 3872 qualiter

1839 3883 1942 3938 sibi
1985 3885 2365 3952 mandabatur,
2407 3885 2592 3940 venire
2632 3903 2738 3942 ron
2790 3889 3018 3944 distulit.
3066 3891 3414 3948 Antulieuses

1839 3973 2062 4044 itaque,
2121 3975 2408 4030 consilium
2471 3991 2738 4034 venenosa
2803 3980 2964 4035 corde
3013 3981 3148 4037 duce
3195 3982 3418 4040 Nichcle

1837 4075 2156 4137 conceptum
2202 4067 2554 4137 reperientes.
2600 4085 2797 4140 equum
2845 4071 2961 4139 ejus
2993 4073 3248 4143 primitus
3292 4077 3407 4146 spi-

1833 4155 1961 4212 culo
2008 4155 2354 4227 transllgunt,
2393 4171 2462 4212 ne
2515 4172 2715 4220 sessor,
2763 4167 2820 4212 ut
2854 4160 2955 4214 sibi
3002 4161 3175 4230 primo
3219 4162 3412 4219 vulnus

1837 4243 2022 4300 datum
2069 4245 2233 4310 foret,
2277 4245 2465 4300 fraude
2496 4247 2814 4318 intercepta,
2849 4264 2990 4319 equo
3021 4265 3154 4305 sano
3183 4250 3410 4308 liberius

1835 4347 1960 4390 cum
1989 4333 2212 4389 vulnere
2239 4333 2537 4402 aufugeret.
2583 4336 2777 4404 Sicque
2811 4352 2952 4406 equo
2985 4339 3193 4410 dejecto
3230 4341 3406 4411 ipsum

1833 4424 2000 4480 etiam
2038 4424 2090 4478 in
2124 4434 2264 4478 terra
2294 4422 2682 4488 confodientes,
2710 4441 2832 4479 cum
2871 4431 3130 4498 sanguine
3159 4429 3408 4486 ultimum

1759 4507 1959 4568 Dvitte
2017 4513 2200 4568 flatum
2274 4513 2530 4569 exhalare
2587 4515 2850 4570 fecerunt.
2917 4519 3067 4586 Quod
3129 4520 3408 4574 audientes

1833 4602 2184 4667 Nortmauni,
2237 4606 2328 4674 qui
2376 4606 2516 4672 apud
2574 4605 2826 4662 Trainatn
2865 4619 2921 4663 et
2962 4609 3289 4678 Petrelajam
3339 4615 3420 4666 ad'

1733 4745 1752 4751 ..
1830 4703 2008 4750 castra
2055 4712 2082 4750 a
2124 4698 2318 4753 comite
2368 4697 2606 4766 deputati
2660 4709 2836 4765 erant,
2894 4703 3128 4756 maxime
3171 4703 3405 4766 turbati,

1827 4789 1946 4858 ejus
2001 4790 2144 4844 enim
2199 4788 2414 4845 nomine
2468 4791 2716 4859 prtcsidia
2773 4809 2933 4864 quam
2998 4795 3231 4850 maxime
3287 4781 3414 4847 tne:

1829 4879 2046 4946 bantur,
2075 4882 2269 4936 castris
2302 4878 2534 4944 relictis,
2569 4879 2868 4940 Messanam
2908 4885 2974 4940 ad
3023 4885 3278 4942 tuentium
3315 4899 3408 4936 va-

1827 4971 1979 5028 (lunt.

2396 5058 2432 5084 Ρ
2449 5057 2467 5084 ί
2485 5058 2620 5084 ΠΙ”¹⁹Ι¹¹
2658 5064 2698 5084 ιν
2713 5063 2822 5084 \IIII
