4010 5230
569 311 698 368 “3|

1401 308 1746 366 GAUFREDI
1788 301 2235 360 MALATERRA‘Z
2277 299 2584 356 MONACIII
2623 299 2977 358 BENEDICT.

3684 303 3710 358 ι
3727 301 3834 358 1δέ

565 432 920 496 congregato,
973 435 1096 479 eum
1159 421 1298 492 apud
1357 419 1596 476 Melitum
1642 420 1920 475 obsessum
1974 416 2140 480 vadit,
2173 420 2218 476 Α
2248 415 2314 467 ad
2359 415 2575 468 domum
2610 415 2662 468 in
2709 429 2811 484 qua
2842 421 2983 480 erat,
3019 427 3141 468 cum
3176 411 3373 469 furenti
3423 415 3624 484 impetu
3671 417 3823 472 illum

565 533 710 574 anno
762 515 1155 572 incarnationis
1202 514 1412 569 Domini
1472 511 1630 567 1062.
1691 511 1885 565 Comes
1935 520 2141 571 autem,

562 607 812 680 quamvis
861 618 985 662 tunc
1036 604 1295 674 temporis
1348 614 1478 674 typo
1526 602 1756 657 febrium
1798 608 2139 670 gravaretur,

563 699 705 772 apud
754 696 1039 754 Geraeium
1089 696 1233 750 enim
1271 694 1594 763 quibusdam
1635 692 1867 762 negotiis
1913 705 1972 744 se
2015 687 2142 742 illuc

563 787 881 844 vocantibus
929 795 1085 850 erat,
1136 784 1226 839 ubi
1284 783 1502 838 insolito
1553 796 1678 837 aere
1729 790 1984 848 corrupto
2029 777 2141 846 ipse

562 878 916 936 nihilominus
945 875 1275 938 infirmatus,
1309 874 1570 944 quosdam
1611 886 1830 926 suorum
1859 869 2138 931 amiserat,

563 983 742 1027 tamen
793 969 974 1036 fratri,
1021 979 1080 1025 ut
1110 969 1251 1024 hosti
1297 967 1555 1028 venienti,
1609 967 1660 1019 in
1704 973 1906 1028 monte,
1955 961 2047 1030 qui
2078 958 2167 1014 S..

559 1061 748 1132 Angeli
805 1060 1021 1124 dicitur,
1073 1059 1340 1112 acerrime
1391 1055 1664 1119 occurrit;
1719 1052 2010 1119 multisque
2068 1063 2138 1102 ex

558 1151 795 1204 fraterna
828 1149 944 1204 acie
983 1148 1162 1204 hastili
1199 1147 1423 1211 robore,
1461 1144 1680 1200 militari
1722 1155 2020 1212 congressu
2047 1138 2140 1193 de-

551 1243 734 1309 jectis,
767 1256 832 1294 ne
877 1241 929 1293 in
961 1240 1076 1312 ipso
1107 1249 1320 1302 monte,
1348 1237 1433 1291 vel
1465 1245 1611 1291 certe
1640 1234 1692 1288 in
1732 1230 2019 1302 adjacenti,
2047 1227 2136 1299 qui

558 1332 946 1388 Mons-Viridis
993 1330 1210 1391 dicitur,
1253 1336 1528 1390 castrum,
1568 1325 1708 1379 sicut
1739 1324 2134 1391 disposuerant,

556 1424 743 1492 figant,
797 1422 998 1491 impetu
1056 1418 1199 1474 facto
1258 1417 1470 1486 longius
1524 1422 1694 1468 arcet.
1753 1411 1897 1466 Urbe
1957 1410 2140 1476 itaque

555 1514 801 1573 obsessa,
840 1526 906 1566 ex
957 1518 1188 1578 utraque
1227 1516 1378 1577 parte
1429 1503 1655 1558 ambitio
1698 1500 1868 1554 laudis
1897 1507 1951 1552 et
1986 1496 2140 1564 juve~

557 1604 684 1660 nilis
718 1612 852 1658 (etas
879 1603 1062 1673 plures
1109 1600 1174 1654 ad
1221 1597 1467 1652 militiam
1498 1593 1856 1649 exercendam
1893 1588 2137 1660 impelle-

555 1696 678 1760 bat;
729 1695 872 1750 unde
923 1707 1045 1748 cum
1099 1686 1659 1760 plures‘militariter,
1697 1683 2137 1754 progrediuntur,

553 1783 770 1852 juvenis
795 1783 1042 1854 quidam,
1073 1777 1344 1835 Arnaldus
1397 1776 1637 1838 nomine,
1668 1789 1734 1828 ex
1780 1782 1931 1843 parte
1962 1770 2135 1827 comi-
2167 1754 2212 1812 Β

558 1877 648 1940 tis,
692 1890 859 1946 gener
897 1873 1093 1943 quippe
1142 1885 1270 1924 suus
1311 1877 1368 1922 et
1403 1867 1570 1922 frater
1609 1862 1913 1934 juvenculae
1951 1859 2137 1916 uxoris

558 1976 706 2032 erat,
739 1965 822 2020 vir
863 1961 1188 2018 militaribus
1229 1957 1504 2016 exercitiis
1533 1967 1712 2027 aptus,
1739 1957 1871 2010 dum
1898 1954 2137 2024 dejicere

558 2057 1049 2128 tentat,dejectus,
1100 2053 1242 2124 quod
1293 2051 1447 2107 dolor
1499 2058 1578 2104 est
1629 2049 1832 2113 dicere,
1861 2045 2134 2102 occubuit.

559 2147 1105 2220 Uudepermaximus
1137 2143 1287 2198 dolor
1308 2151 1362 2196 et
1391 2140 1660 2212 planctus,
1693 2153 1798 2193 nou
1831 2135 2004 2191 solum
2054 2135 2137 2189 bis

567 2243 764 2314 quibus
809 2237 1022 2308 adjutor
1069 2245 1208 2298 erat,
1250 2243 1618 2288 verumtamen
1658 2230 1743 2284 his
1785 2226 1876 2297 qui
1928 2243 1956 2280 a
2004 2226 2137 2281 foris

563 2330 986 2407 impugnabant,
1019 2327 1278 2382 excrevit.
1311 2327 1390 2379 Ac
1423 2324 1547 2378 dum
1591 2336 1768 2386 soror,
1799 2337 1922 2375 cum
1971 2317 2136 2372 multa

558 2423 950 2480 lamentatione
998 2418 1284 2487 exsequias
1313 2415 1620 2478 celebrans,
1655 2412 1839 2477 funus,
1871 2420 1928 2463 ut
1978 2409 2137 2463 dccc-

553 2518 669 2581 bat,
699 2513 1042 2582 exsequitur,
1077 2523 1284 2573 comes,
1326 2508 1416 2576 qui
1462 2522 1567 2561 non
1616 2505 1796 2560 minus
1825 2516 2014 2564 erore
2044 2503 2138 2555 do-

556 2609 734 2673 lebat,
767 2605 818 2659 iu
861 2603 1155 2658 vindictam
1185 2600 1547 2654 exardescens
1569 2595 1809 2667 juvenis,
1841 2606 2137 2663 congressu

553 2707 608 2760 in
652 2704 864 2758 hostem
912 2698 1058 2753 facto
1095 2695 1293 2751 multos
1329 2691 1639 2746 militariter
1671 2699 1921 2743 sternens
1950 2685 2141 2740 interi-

555 2799 677 2853 mit.
737 2798 852 2852 Dux
907 2795 1114 2862 itaque,
1163 2791 1352 2844 videns
1410 2787 1606 2841 talibus
1666 2781 2138 2854 congressionibus

556 2902 695 2944 suos
721 2884 963 2956 quotidie
1001 2880 1186 2934 vexari
1237 2887 1291 2932 et
1323 2877 1501 2930 minus
1550 2873 1814 2944 proficere
1840 2913 1854 2936 ,
1905 2871 2010 2926 duo
2048 2885 2140 2924 ca-

557 2976 712 3032 stella
755 2982 883 3029 ante
930 2973 1115 3026 urbem
1165 2969 1430 3030 firmavit,
1465 2976 1659 3036 putans
1696 2963 1855 3018 taedio
1896 2970 1952 3015 et
1999 2958 2138 3014 fame

2241 505 2528 559 extrahere
2589 505 2810 560 vadunt.
2869 504 2962 558 llle
3015 518 3144 560 vero
3205 505 3296 574 qui
3363 505 3556 559 ducem
3618 505 3826 559 invita-

2241 604 2434 657 verat,
2490 595 2818 665 impietatem
2872 594 3173 649 concivium
3226 610 3446 649 suorum
3486 611 3829 665 cognoscens

2240 696 2295 739 et
2342 687 2545 740 viribus
2604 691 2670 740 ad
2725 686 3118 742 restituendum
3175 683 3461 750 difIlilens,
3520 689 3651 741 dum
3704 704 3831 742 ver-

2241 789 2333 830 sus
2390 775 2673 829 ecclesiam
2720 775 2977 847 profugus
3040 775 3201 830 vitam
3277 775 3416 831 tueri
3459 778 3689 842 nititur,
3733 794 3828 847 pa-

2242 867 2347 920 trio
2398 883 2529 922 ense
2577 867 2861 922 confossus
2905 869 3179 923 occubuit.
3232 868 3380 925 Uxor
3431 885 3650 942 quoque
3704 871 3830 941 ejus

2242 973 2364 1010 cum
2418 967 2562 1011 tanta
2599 957 2876 1026 impietate
2927 973 2956 1012 a
3003 958 3116 1013 suis
3152 959 3363 1014 civibus
3391 969 3686 1016 attractata
3742 970 3826 1017 est

2242 1057 2300 1101 ut
2325 1049 2525 1118 stipite,
2567 1048 2636 1100 ab
2665 1049 2780 1118 ipso
2811 1063 2974 1115 anno,
3003 1064 3173 1119 usque
3213 1050 3280 1104 ad
3309 1050 3609 1118 praecordia
3643 1059 3829 1106 trans-

2241 1139 2348 1193 fixa
2402 1139 2686 1193 inhonesta
2729 1148 2905 1216 morte
2952 1139 3118 1194 vitam
3156 1141 3478 1208 terminare,
3510 1153 3823 1213 cogeretur.

2240 1231 2357 1300 Quo
2381 1231 2516 1298 viso,
2548 1232 2593 1287 si
2624 1231 2732 1285 dux
2765 1233 2831 1287 de
2861 1231 2970 1287 vita
3001 1232 3336 1302 desperavit,
3365 1233 3678 1289 mirandum
3721 1251 3826 1290 non

2240 1333 2343 1386 est,
2377 1323 2678 1393 praesertim
2717 1339 2840 1380 cum
2870 1323 3083 1378 videbat
3114 1325 3285 1378 civem
3336 1339 3366 1379 a
3416 1325 3650 1390 civibus,
3688 1327 3825 1380 ami-

2241 1433 2362 1472 cum
2394 1417 2460 1472 ab
2481 1417 2690 1481 amicis,
2708 1417 2958 1488 praelatos
2985 1433 3016 1472 a
3049 1417 3306 1482 subditis,
3331 1417 3538 1488 absque
3569 1420 3826 1474 recorda-

2202 1516 2203 1519 ‘
2242 1511 2386 1564 tione
2415 1509 2640 1577 alicujus
2680 1511 3034 1580 praecedentis
3073 1510 3342 1576 beneficii,
3394 1525 3520 1564 cum
3555 1518 3710 1565 tanto
3751 1508 3828 1563 fu-

2241 1617 2365 1657 rore
2415 1601 2617 1656 crudeli
2673 1616 2803 1656 ense
2863 1601 3076 1672 perimi.
3142 1601 3262 1654 Stat
3316 1601 3455 1654 inter
3527 1597 3829 1654 furentium

2241 1695 2476 1750 hostium
2526 1695 2790 1749 minantia
2856 1693 2962 1748 tela
3017 1692 3175 1748 miles
3224 1693 3484 1756 inermis,
3550 1694 3826 1762 quondam

2240 1787 2528 1842 multorum
2580 1787 2811 1842 millium
2870 1787 3116 1842 hostium.
3160 1785 3493 1849 debellator,
3548 1783 3826 1839 leoninam

2241 1879 2618 1943 ferocitatem,
2659 1893 2780 1948 qum
2829 1877 2932 1932 sibi
2982 1876 3136 1946 quasi
3190 1876 3590 1945 quodammodo
3640 1875 3827 1928 innata

2239 1979 2379 2034 erat,
2431 1970 2486 2024 in
2535 1969 2788 2039 agninam
2837 1967 3175 2022 transferens
3214 1965 3714 2020 mansuetudinem.
3756 1965 3827 2017 At

2239 2077 2361 2118 eum
2394 2061 2603 2116 videret
2644 2057 3018 2130 sapientiores
3049 2071 3335 2127 quosque,
3366 2056 3437 2109 ita
3484 2056 3577 2125 qui
3617 2053 3825 2130 exitum

2240 2153 2318 2208 rei
2351 2127 2748 2222 praenotabaui,
2780 2151 2847 2204 ad
2878 2151 2980 2204 hoc
3007 2149 3165 2203 inniti
3192 2161 3250 2202 ut
3277 2147 3648 2206 inordinatum
3681 2127 3817 2200 fure

2239 2259 2354 2300 rem
2392 2243 2710 2298 indectioris
2756 2242 2898 2312 vulgi
2947 2251 3003 2296 et
3051 2241 3234 2296 minus
3271 2239 3654 2311 prospicientis
3692 2239 3819 2309 quid

2240 2335 2420 2390 damni
2465 2333 2660 2404 quidve
2710 2333 2882 2398 lucri,
2931 2332 2978 2387 si
3033 2333 3412 2395 occideretur,
3466 2330 3826 2401 proveniret,

2240 2425 2422 2479 animo
2462 2423 2852 2494 aliquantulum
2898 2430 3209 2492 resumpto,
3255 2421 3450 2477 talibus
3496 2435 3593 2475 eos
3642 2420 3823 2476 verbis

2239 2515 2440 2585 alloqui
2486 2515 2713 2570 adorsus
2749 2522 2832 2569 est
2867 2531 2882 2569 :
2914 2512 3120 2580 Nolite,
3170 2513 3378 2582 inquit,
3418 2512 3590 2568 nolite
3637 2527 3822 2582 super-

2239 2604 2629 2660 abuuilantiori
2652 2603 2836 2658 lzetitia
2874 2602 3142 2658 fallaciter
3168 2601 3374 2666 extolli,
3407 2616 3474 2656 ne
3500 2601 3693 2656 rotatis
3719 2602 3821 2655 for-

2242 2705 2368 2752 tuna
2390 2698 2542 2753 vobis
2561 2698 2625 2752 ad
2653 2713 2890 2768 praesens
2915 2696 3186 2762 arridens,
3210 2694 3340 2750 mihi
3364 2703 3552 2748 autem
3573 2695 3817 2758 adversa,

2240 2790 2506 2844 arrisione
2551 2804 2646 2845 sua
2690 2787 2845 2844 vobis
2889 2788 3148 2844 indicium
3187 2796 3452 2857 praenatet
3498 2787 3552 2839 in
3585 2783 3819 2838 futurum

2239 2881 2503 2935 habendae
2545 2878 2924 2943 adversitatis,
2966 2893 3089 2933 cum
3135 2876 3280 2930 nulla
3326 2883 3568 2944 potestas
3622 2875 3819 2943 absque

2247 2972 2428 3026 divina
2461 2971 2811 3041 dispositione
2860 2969 3066 3026 nemini
3093 2967 3435 3022 attribuatur.
3473 2965 3594 3032 Qua
3621 2964 3820 3034 judicio

557 3070 637 3126 sic
676 3083 770 3128 eos
801 3064 1016 3121 facilius
1063 3075 1222 3132 posse
1270 3057 1429 3112 affici.
1484 3057 1676 3110 Comes
1723 3070 1872 3117 vero,
1906 3053 2018 3122 ipsa
2049 3068 2136 3107 ca.

2245 3063 2295 3118 in
2328 3080 2413 3119 me
2435 3073 2757 3134 potestatem
2789 3061 3034 3118 habeatis
3063 3061 3201 3131 apud
3232 3073 3325 3112 vos
3349 3057 3818 3128 ipsos-reputando

557 3158 711 3214 stella
746 3154 986 3227 quotidie
1017 3152 1312 3214 lacessens,
1354 3163 1476 3202 cum
1519 3145 1707 3200 ducem
1757 3143 1809 3197 in
1859 3158 1966 3196 uno
2016 3156 2138 3195 esse

557 3246 786 3310 sciebat,
818 3243 1046 3298 alterum
1079 3239 1458 3310 oppugnabat;
1494 3249 1615 3290 cum
1649 3247 1779 3288 vero
1818 3231 1882 3286 ad
1928 3231 1980 3285 id
2011 3246 2134 3285 suc-

556 3336 882 3391 currendum
914 3332 1099 3387 venire
1143 3329 1387 3391 videbat,
1424 3324 1514 3379 illo
1544 3323 1732 3378 relicto
1763 3337 1858 3393 per
1901 3321 2136 3376 medium

556 3428 792 3484 civitatis
839 3426 907 3479 ad
949 3423 1094 3478 aliud
1137 3421 1403 3476 transibat
1428 3458 1442 3485 ,
1481 3418 1559 3474 sic
1598 3415 1815 3472 assidue
1855 3411 2134 3469 certamen

557 3517 806 3574 localiter
835 3515 1132 3570 alternans.

1119 3623 1346 3682 CAPUT
1385 3622 1576 3678 XXIV.

633 3721 818 3775 Comes
848 3718 1126 3774 Ceracium
1165 3715 1445 3767 traditione
1483 3713 1644 3782 capit,
1690 3722 1738 3766 et
1776 3711 1886 3766 dux
1925 3711 2065 3781 apud

1086 3783 1356 3838 Giracium
1391 3783 1616 3852 capitur.

634 3878 807 3933 Nocte
837 3889 966 3930 vero
1001 3875 1234 3944 quadam
1272 3872 1511 3926 Melitum
1551 3888 1671 3927 cum
1700 3882 1914 3927 rentum
1956 3871 2137 3926 militi-

565 3972 665 4027 bus
695 3971 880 4026 exiens
904 3965 1190 4022 Geracium
1221 3963 1390 4028 venit,
1427 3961 1722 4033 urbemque
1757 3964 1859 4018 sibi
1891 3964 1958 4017 ah
1989 3963 2139 4018 inco-

562 4064 630 4120 lis
663 4061 911 4117 traditam
945 4060 1239 4129 iugressus,
1289 4056 1343 4109 in
1391 4069 1522 4108 suos
1557 4069 1684 4108 usus
1723 4055 1949 4125 aptavit.
1984 4053 2135 4120 Quod

560 4158 670 4212 dux
715 4137 962 4217 audiens,
1011 4151 1245 4206 maxima
1297 4149 1377 4202 ira
1430 4143 1689 4216 repletus,
1746 4145 1969 4202 castella
2016 4160 2138 4214 quae

559 4259 687 4304 ante
705 4246 942 4306 Melitam
968 4243 1281 4298 firmaverat
1304 4239 1566 4295 militibus
1588 4239 1851 4302 muniens,
1873 4253 1992 4293 cum
2023 4248 2136 4292 toto

559 4340 800 4397 exercitu
859 4351 1050 4392 versus
1101 4333 1390 4388 Geracium
1446 4339 1600 4386 extra
1655 4332 1841 4386 urbem
1904 4329 2136 4384 tentoria

2239 3155 2504 3213 conferte.
2565 3154 2674 3210 Nec
2721 3153 2864 3208 enim
2914 3151 3110 3207 vestris
3153 3149 3358 3204 viribus
3409 3161 3658 3226 przesens
3708 3161 3816 3201 esse

2238 3248 2528 3317 perductus
2573 3261 2727 3310 sum;
2773 3243 2865 3300 sed
2901 3255 3076 3312 neque
3123 3252 3248 3311 ego,
3299 3247 3356 3292 ut
3401 3237 3564 3292 vobis
3621 3234 3817 3306 aliquid

2239 3339 2364 3398 mali
2421 3338 2825 3393 machinaretur
2890 3335 3162 3403 ingressus
3235 3345 3375 3386 sum.
3435 3325 3549 3382 Vos
3603 3329 3816 3397 quidem

2240 3428 2369 3485 mihi
2420 3427 2732 3483 fidelitatem
2779 3425 3014 3489 fecistis;
3059 3437 3159 3493 ego
3208 3435 3337 3475 vero
3397 3419 3542 3488 quod
3603 3426 3814 3487 pactum

2239 3519 2395 3575 vobis
2446 3519 2670 3590 promisi
2711 3519 2762 3573 iu
2813 3517 2959 3570 nullo
2989 3530 3074 3569 me
3120 3512 3348 3567 violasse
3387 3523 3681 3581 cognOSt-o.
3717 3506 3814 3560 Sed

2239 3609 2379 3666 forte
2427 3610 2566 3664 istud
2598 3609 2754 3681 vobis
2797 3609 2863 3662 ad
2895 3606 3184 3662 utilitatem
3231 3612 3466 3658 vestram
3509 3610 3605 3654 aut
3656 3614 3814 3668 expc-

2240 3703 2489 3757 rientiam
2547 3701 2770 3771 contigit
2817 3708 2872 3753 ut
2926 3707 3103 3752 vestra
3134 3693 3385 3757 fidelitas,
3418 3691 3577 3760 cujus
3607 3691 3813 3744 stabili-

2243 3795 2368 3851 tatis
2398 3790 2527 3850 sita
2559 3794 2714 3849 nobis
2743 3791 2990 3862 cognita,
3022 3803 3120 3844 vos
3166 3786 3323 3842 nobis
3366 3783 3724 3856 gratiosiores
3763 3790 3816 3835 et

2236 3885 2461 3956 praemio
2487 3884 2760 3955 digniores
2790 3889 3099 3953 praesentet.
3136 3877 3240 3932 Tot
3273 3875 3509 3930 millibus
3537 3873 3812 3927 hominum

2239 3979 2331 4033 uni
2383 3977 2482 4033 soli
2528 3975 2843 4039 casualiter,
2890 3988 2996 4028 non
3027 3979 3206 4026 autem
3238 3965 3552 4022 militariter
3582 3965 3814 4019 circum-

2238 4069 2538 4134 veniendo,
2588 4068 2890 4136 intercepto
2935 4063 3173 4124 foedere,
3203 4058 3457 4123 mentito,
3504 4064 3560 4111 et
3615 4057 3812 4124 absque

2239 4161 2576 4220 dissensione
2605 4159 2771 4214 vitam
2800 4156 3018 4211 auferre
3045 4154 3186 4209 nulla
3217 4152 3330 4206 laus
3351 4162 3454 4204 est.
3485 4147 3594 4202 Sed
3621 4160 3812 4215 neque,

2238 4265 2298 4310 ut
2345 4268 2485 4317 reor,
2524 4260 2787 4323 quantum
2831 4249 2898 4304 de
2929 4262 3014 4303 me
3059 4244 3210 4300 vobis
3253 4240 3456 4311 aliquid
3490 4238 3811 4310 proficuum.

2238 4347 2383 4404 Mors
2410 4347 2554 4402 enim
2601 4359 2719 4400 mea
2749 4341 2937 4413 jugqu
2983 4339 3160 4411 gentis
3185 4349 3316 4391 mea:
3345 4348 3451 4388 non
3494 4329 3695 4393 aufert,
3725 4329 3812 4383 sed

561 4434 698 4489 flin.
729 4430 1069 4489 Gcracenses
1096 4423 1312 4497 quidem
1348 4425 1450 4480 sibi
1473 4423 1788 4494 jamdudum
1818 4419 2129 4478 fidelitatem

2238 4441 2290 4495 in
2321 4439 2610 4494 vindictam
2660 4449 2836 4490 meam
2879 4433 3034 4487 vobis
3082 4427 3389 4483 infestiores
3439 4421 3806 4478 exardescent.

554 4526 914 4595 iuraverant;
968 4534 1075 4574 non
1116 4527 1293 4573 tamen
1339 4516 1561 4582 urbem‘,
1623 4523 1683 4569 ut
1719 4530 1818 4585 pro
1857 4513 2008 4570 libito
2037 4529 2134 4568 suo

561 4628 827 4685 uteretur,
858 4614 1228 4677 reddiderunt,
1259 4625 1348 4674 ne,
1377 4610 1422 4664 si
1455 4608 1594 4666 forte
1621 4608 1898 4664 castellum
1933 4608 1984 4662 in
2021 4608 2132 4676 ipsa

456 4723 474 4775 ε
557 4710 829 4778 firmaret,
855 4720 976 4774 pro
1004 4704 1142 4760 velle
1173 4716 1271 4758 suo
1315 4715 1505 4755 omnes
1551 4711 1776 4768 prorsus
1823 4695 2135 4767 subjugatos

559 4799 808 4854 haberet.
840 4797 952 4852 Dux
980 4810 1127 4858 vero,
1157 4791 1442 4863 quemdam
1477 4789 1542 4843 de
1568 4789 1963 4858 potentioribus
1985 4788 2133 4842 urbis

559 4881 744 4947 notum
812 4891 1040 4954 habens,
1071 4886 1287 4942 nomine
1326 4882 1607 4944 Basilium,
1631 4881 1698 4935 ab
1728 4881 1844 4949 ipso
1879 4881 1943 4933 ad
1973 4897 2135 4949 pran-

559 4983 706 5036 dium
747 4981 1033 5040 imitatus,
1080 4976 1306 5046 eapucio
1347 4972 1524 5042 capite
1565 4977 1842 5040 cooperto,
1891 4984 1957 5023 ne
1996 4968 2134 5023 forte

559 5075 681 5141 quis
716 5080 861 5125 esset
888 5068 1281 5137 perciperetur,
1314 5063 1501 5117 urbem
1541 5063 1848 5131 ingressus,
1885 5059 1950 5113 ad
1982 5058 2131 5128 pala-

559 5163 693 5220 tium
722 5159 864 5213 illius
890 5155 1034 5210 solus
1057 5163 1352 5228 comestuni
1379 5151 1546 5204 vadit.
1573 5150 1688 5216 Quo
1711 5151 1980 5219 ingresso,
2005 5151 2132 5202 dum

2241 4529 2381 4586 Sunt
2406 4529 2640 4598 denique
2671 4527 2801 4581 mihi
2836 4520 3132 4579 fidelissimi
3173 4518 3404 4582 milites,
3440 4523 3569 4570 sunt
3599 4513 3808 4571 fratres,

2237 4629 2364 4675 sunt
2390 4615 2799 4688 consanguinei,
2830 4613 3048 4683 quibus,
3070 4610 3114 4664 si
3145 4605 3469 4679 perjurando
3503 4618 3602 4658 vos
3626 4613 3810 4657 manus

2239 4721 2442 4767 vestras
2478 4725 2597 4766 meo
2627 4706 2888 4776 sanguine
2917 4701 3241 4774 pollueritis,
3270 4697 3412 4752 nulla
3459 4696 3600 4751 ratio
3631 4708 3804 4750 recon-

2236 4803 2423 4857 ciliare
2467 4800 2697 4871 poterit;
2744 4797 2837 4852 sed
2878 4805 2933 4850 et
2978 4795 3287 4860 ubicunque
3331 4797 3603 4843 terrarum
3654 4785 3751 4839 hoc
3778 4798 3804 4834 a

2235 4894 2390 4949 vobis
2443 4892 2644 4948 factum
2695 4887 3070 4959 personuerit,
3118 4883 3470 4954 opprobrium
3525 4879 3805 4948 sempiter-

2236 4998 2384 5042 num.
2423 4991 2643 5053 propter
2681 4977 2937 5050 perjuria,
2984 4992 3106 5030 cum
3154 4975 3300 5028 omni
3349 4971 3698 5025 successione
3727 4982 3805 5038 εει

2238 5074 2386 5129 neris
2416 5071 2578 5126 vestri
2611 5070 2915 5135 incurretis,
2945 5066 3239 5136 praesertim
3267 5064 3312 5118 si
3338 5064 3456 5117 sine
3478 5060 3804 5115 discussione

2237 5161 2452 5230 aliquod
2484 5157 2850 5230 prmjudicium
2890 5172 3180 5227 perpessus
3223 5153 3376 5208 fuero
3406 5170 3434 5205 a
3470 5153 3648 5205 vobis.
3675 5147 3802 5203 Tali-
