4010 5230
216 298 359 353 H33

792 411 1016 470 CAPUT
1061 411 1194 468 XXV
1211 451 1224 465 .

248 515 291 565 Α
325 509 579 565 militibus
613 507 760 562 ducis
793 524 992 566 comes.
1024 517 1078 559 ut
1109 505 1264 576 fratri
1289 513 1593 570 succurrat,
1626 519 1761 556 mut-

928 586 1090 633 tatur.

284 676 570 734 Exercitus
603 676 784 745 itaque
806 672 981 733 ducus,
1013 673 1104 743 qui
1135 679 1291 729 extra
1321 679 1532 742 portam
1564 670 1793 726 tentoria

208 776 430 839 ﬁxerat,
470 774 654 829 audito
690 773 880 827 ducem
908 769 1058 840 (105⁸)
1109 768 1202 824 tali
1249 767 1548 824 infortunio
1598 767 1652 820 in
1700 781 1794 822 ca-

207 871 452 940 ptionem
482 867 630 940 (t06)
658 866 959 927 detrusum,
1001 863 1240 931 undique
1263 860 1486 924 turbati,
1511 860 1637 915 dum
1665 860 1792 928 quid

210 961 518 1018 faciendum
545 959 616 1014 sit
649 957 958 1012 dubitantes
987 954 1126 1008 inter
1165 967 1224 1007 se
1253 950 1550 1020 disputant,
1574 949 1790 1005 tandem

207 1056 420 1112 meliori
465 1054 698 1110 consilio
751 1061 1006 1120 accepto,
1064 1064 1162 1119 per
1205 1047 1412 1115 legatos
1470 1041 1656 1098 comiti
1714 1040 1789 1096 rei

204 1159 460 1204 eventum
500 1148 752 1202 intimare
781 1145 925 1215 (107)
955 1143 1278 1198 accelerant.
1311 1139 1570 1194 Sciebant
1592 1137 1791 1208 quippe

205 1240 535 1306 legalitatem
588 1237 754 1292 animi
801 1237 948 1305 eius.
991 1244 1042 1290 ct
1092 1232 1338 1303 quamvis
1389 1229 1788 1286 contentionem

174 1348 387 1396 °suam,
420 1329 724 1401 expetendo
773 1342 963 1383 versus
1011 1324 1236 1380 fratrem
1284 1322 1518 1391 aliquam
1565 1328 1788 1376 contro-

203 1425 459 1483 versiam.
507 1422 851 1485 ostenderet,
883 1429 1064 1474 tamen
1099 1417 1152 1472 in
1199 1414 1633 1471 consideratione
1659 1427 1789 1468 con-

202 1516 620 1587 sanguinitatis,
649 1513 871 1573 fratrem
917 1524 1073 1566 suum
1105 1507 1274 1578 (108),
1310 1515 1370 1561 ut
1409 1505 1630 1560 fratrem
1667 1504 1789 1558 dili-

201 1625 353 1677 gere,
393 1617 448 1662 et
479 1607 775 1660 fraternam
821 1604 986 1658 vitam
1019 1601 1072 1655 in
1104 1610 1256 1654 tanto
1285 1597 1601 1652 discrimine
1643 1595 1788 1666 posi-

200 1709 315 1754 tam
372 1707 614 1766 ereptum
654 1698 734 1752 ire
776 1695 928 1750 omni
983 1693 1086 1748 sibi
1135 1691 1280 1745 illata
1334 1691 1526 1759 injuria
1578 1687 1780 1751 oblita,

197 1789 396 1857 quovis
437 1788 590 1844 lucro
618 1797 954 1856 preponcre,
986 1784 1233 1839 invitabit
1257 1781 1405 1853 (109)
1438 1780 1692 1842 fratrem,
1725 1790 1784 1833 ut

196 1880 358 1936 fratri
407 1881 460 1935 in
499 1878 776 1949 angustias
817 1877 961 1946 (110)
1004 1877 1210 1947 posito,
1261 1874 1521 1929 auxilium
1561 1871 1783 1926 ferendo

193 1969 507 2032 subveniat,
551 1969 617 2024 de
659 1967 1052 2030 controversia,
1087 1980 1208 2035 qua:
1256 1964 1398 2018 inter
1450 1963 1594 2031 ipsos
1640 1971 1778 2026 erat,

195 2062 340 2116 duce
374 2069 592 2132 erepto,
631 2059 723 2127 ius
756 2067 1023 2121 teneatur,
1070 2072 1191 2114 sese
1239 2055 1496 2140 auxilium
1537 2053 1782 2110 illaturos

192 2152 286 2224 (11
304 2151 353 2220 Ι)
378 2151 716 2221 promittunt.

759 2260 988 2318 CAPUT
1027 2257 1216 2318 XXVI.

233 2356 421 2412 Comes
449 2357 717 2413 Ciracinm
747 2358 983 2411 obsidens
1011 2358 1192 2411 ducem
1220 2373 1251 2408 a
1277 2355 1513 2422 captione
1533 2353 1739 2406 liberat.

267 2448 464 2502 Comes
492 2449 694 2518 itaque,
728 2449 948 2503 sinistro
981 2463 1198 2503 rumore
1234 2449 1300 2500 de
1337 2445 1521 2504 fratris
1551 2444 1779 2500 infortu—

188 2540 290 2594 nio
321 2540 582 2604 turbatus,
615 2539 840 2596 fraterni
882 2540 1161 2611 sanguinis
1187 2538 1379 2593 affectu
1421 2547 1562 2592 totus
1596 2537 1775 2610 lacry-

191 2632 302 2684 mis
329 2631 605 2700 perfusus,
656 2647 783 2686 suos
833 2632 1057 2702 supplex
1095 2640 1283 2686 exorat
1325 2640 1384 2685 ut
1412 2631 1632 2687 fratrem
1659 2646 1776 2686 ere.

187 2730 346 2792 ptum
384 2722 532 2792 me)
579 2737 761 2778 secum
812 2723 1135 2778 accelerent.
1166 2721 1364 2778 Sicnue
1406 2738 1557 2776 arma
1607 2723 1776 2776 corri-

186 2811 349 2880 piens
377 2811 662 2867 Geracium
709 2813 1004 2868 citissimns
1046 2813 1282 2877 advolat,
1332 2813 1672 2873 nrbicenses,
1717 2821 1775 2867 nt

187 2902 298 2956 sibi
327 2913 476 2958 extra
505 2919 709 2967 muros,
737 2902 938 2959 foedere
963 2904 1298 2974 interposito,
1331 2904 1507 2959 securi
1536 2903 1774 2959 locutum

187 2995 432 3059 veniant,
468 2995 677 3058 invitat,
710 3010 844 3065 quos
879 3007 934 3050 et
969 2996 1042 3050 ita
1073 2995 1364 3064 alloquitur
1394 3013 1407 3048 :
1439 2995 1565 3058 Eia,
1599 2994 1774 3062 inquit

1355 288 1677 348 HISTORIA
1718 283 1986 343 SICCLA.
2019 319 2090 327 -——
2127 285 2253 344 LIB.
2290 287 2352 345 lt.

1827 403 1875 462 Α
1903 401 2099 457 oliveta
2132 413 2308 460 vestra
2339 405 2802 476 exstirpabuntur.
2838 407 2982 462 Urbe
3029 417 3206 463 vcstra
3247 425 3277 464 ει
3327 414 3483 470 nobis

3347 291 3482 356 “3t

1903 494 2148 562 obsessa,
2190 499 2648 556 machinamentis
2671 501 2969 570 apparatis,
2998 501 3140 556 nulla
3167 513 3362 560 contra
3383 523 3485 566 nos

1900 588 2148 656 praesidia
2193 588 2498 645 tuebuntur.
2532 588 2638 646 Vos
2674 590 2720 646 si
2755 591 2909 646 inviti
2948 594 3238 664 capiamini
3263 637 3278 662 ,
3309 613 3483 668 pteuas

1899 693 2019 747 quite
2051 678 2191 734 hosti
2219 680 2672 748 rcpromittuntur
2701 691 2751 736 et
2786 683 2937 737 vobis
2969 684 3020 738 in
3049 685 3166 754 ipso
3195 690 3483 758 repromih

1900 778 2097 824 tentur.
2139 769 2249 827 llac
2297 774 2546 828 oratione
2583 773 2763 830 habita
2806 776 3143 834 Geracenses
3188 783 3388 848 territi,
3417 785 3480 838 lia

1895 861 2074 916 centia
2113 873 2378 934 accepta,
2424 865 2480 920 in
2517 867 2707 922 urbem
2755 869 3071 927 concivibus
3115 873 3229 928 suis
3256 874 3479 934 relatmi

1894 961 1950 1006 et
1986 953 2272 1009 consilium
2317 957 2523 1025 pariter
2549 961 2826 1029 accepturi
2856 961 3076 1018 vadunt.
3110 961 3312 1035 Sicque
3343 982 3478 1021 ρους

1894 1043 2019 1098 silio
2046 1055 2292 1114 accepto,
2320 1046 2467 1102 dubii
2504 1057 2684 1104 utrum
2719 1066 2786 1106 ne
2816 1066 2881 1107 ea
2914 1068 3034 1123 quae
3072 1069 3102 1108 a
3147 1058 3347 1113 comite
3385 1075 3480 1114 an,

1894 1131 2108 1188 dierunt
2137 1149 2205 1189 ex
2239 1135 2524 1205 industria,
2563 1149 2622 1193 ut
2662 1138 2886 1197 fratrem
2933 1144 3160 1216 eripiat,
3191 1156 3287 1202 aut
3329 1159 3479 1204 certe

1891 1242 1956 1282 ex
1989 1241 2116 1283 vero
2159 1228 2284 1283 odio
2309 1229 2639 1297 dicerentur,
2673 1233 3041 1304 juramcntum
3082 1255 3110 1293 a
3149 1241 3286 1300 duce
3313 1256 3479 1312 expc.

1894 1328 2041 1384 tunt,
2084 1334 2184 1384 ne,
2232 1321 2278 1377 si
2329 1322 2398 1376 ab
2451 1324 2584 1393 ipsis
2634 1325 2926 1395 dimissus,
2979 1329 3245 1388 fraternas
3300 1333 3475 1388 minas

1889 1415 2104 1477 evadat,
2135 1415 2262 1469 dum
2313 1416 2413 1471 sibi
2467 1417 2576 1472 vita
2623 1434 2808 1476 comes
2838 1421 3028 1487 fuerit,
3057 1425 3343 1480 castellum
3375 1425 3474 1480 ali-

1888 1506 2033 1574 quod
2088 1506 2226 1562 infra
2279 1507 2556 1563 civitatem
2611 1525 2764 1565 suam
2824 1512 3044 1568 firmare
3102 1515 3286 1570 faciat.
3353 1515 3474 1583 Qun

1888 1606 2233 1654 sacramento
2281 1599 2460 1655 minus
2496 1601 2869 1659 discernentes
2915 1606 3270 1664 calliditatem
3317 1610 3472 1666 ducis

1889 1691 2104 1760 decepti
2147 1700 2302 1757 sunt;
2349 1708 2474 1747 nam
2523 1695 2666 1764 quod
2709 1696 2815 1774 dux
2874 1714 2934 1752 se
2983 1714 3089 1754 non
3132 1709 3470 1760 structorum

1880 1785 2106 1854 juravit,
2135 1800 2322 1842 comes
2352 1802 2458 1842 non
2481 1789 2701 1858 iurans,
2744 1806 2852 1846 non
2882 1793 3050 1848 multo
3079 1805 3202 1863 post
3230 1795 3335 1851 illis
3369 1799 3466 1852 do-

1886 1873 2118 1930 lentibus
2144 1875 2392 1944 perfecit.
2427 1876 2782 1934 Sacramento
2807 1880 2989 1950 itaque
3007 1893 3252 1954 accepto,
3274 1885 3468 1942 ducem

1882 1973 2037 2018 extra
2099 1965 2289 2021 urbem
2339 1967 2710 2037 adducentes,
2768 1971 2954 2027 multis
3004 1971 3468 2043 Nortmannorum

1882 2070 1994 2124 ιιι-ω
2039 2057 2237 2126 gaudio
2267 2056 2520 2113 flentibus
2551 2060 2808 2125 reddunt;
2841 2077 2965 2118 sese
2993 2063 3252 2135 deinceps
3276 2064 3463 2122 ﬁdeles

1883 2161 1913 2196 υ
1947 2146 2097 2214 rique
2126 2146 2338 2202 futuros
2365 2148 2548 2204 multis
2571 2150 2965 2207 assertionibus
2994 2155 3335 2222 promittunt.

2425 2260 2656 2316 CAPUT
2698 2259 2906 2318 XXVII.

1881 2351 2122 2405 Castrum
2149 2353 2296 2425 quod,
2318 2355 2428 2406 dux
2455 2357 2596 2425 apud
2622 2353 2856 2409 Melitam
2884 2357 3186 2425 ﬁrmaverat
3210 2359 3464 2416 militibus

2037 2424 2242 2477 comitis
2268 2423 2517 2492 fractum.
2546 2424 2767 2480 Ducissa
2796 2423 3048 2497 'l'ropeam
3073 2430 3300 2501 aufugit.

1950 2537 2065 2592 Dux
2101 2536 2264 2606 igitur
2290 2546 2344 2592 et
2373 2553 2555 2593 comes
2585 2554 2705 2594 sese
2739 2551 2927 2596 mutuo
2957 2544 3375 2615 conspicientes,
3405 2554 3463 2601 ut

1875 2627 2146 2695 quondam
2172 2628 2369 2699 Ioseph
2408 2630 2686 2701 Beniamin
2720 2633 2915 2700 inviso,
2950 2653 3058 2704 pra:
3092 2634 3378 2691 dulcedine
3405 2638 3460 2690 in

1876 2730 2067 2785 aSpero
2115 2720 2293 2790 (H7),
2341 2720 2392 2775 in
2442 2737 2761 2792 prosperum
2813 2726 3055 2780 cedentis
3097 2726 3352 2791 fortunas,
3406 2729 3461 2782 in

1877 2807 2148 2878 lacrymas
2190 2822 2626 2882 prorumpentes,
2656 2816 2860 2872 mutuis
2901 2817 3236 2887 amplexibus
3269 2818 3462 2872 fruuna

1878 2910 1984 2954 tur.
2035 2900 2153 2956 Dux
2180 2905 2364 2960 comiti
2395 2921 2516 2975 quae
2547 2908 2872 2976 promiserat
2905 2925 2965 2964 se
2993 2909 3188 2964 amodo
3227 2921 3332 2965 neu
3375 2925 3462 2963 rc-

1877 2998 2144 3048 tenturum
2173 2995 2454 3063 promittit.
2486 2996 2703 3062 Comes,
2733 2999 2923 3054 ducem
2969 3015 3139 3070 usque
3174 3000 3460 3058 S.Martic

187 3086 365 3157 (113),
404 3085 560 3141 amici
607 3096 662 3140 et
693 3085 879 3141 ﬁdeles
912 3087 1038 3151 mei,
1071 3085 1337 3141 inimicari
1368 3082 1536 3156 (tu),
1565 3091 1620 3139 et
1649 3097 1771 3155 ger-
1797 3083 1843 3146 C
1875 3098 2002 3137 num
2048 3095 2398 3155 prosecutus,
2446 3087 2569 3143 inde
2599 3089 2837 3144 Melitam
2885 3092 3048 3146 vadit.
3097 3092 3295 3149 Milites
3332 3109 3461 3150 vero

189 3193 414 3233 manum
444 3179 589 3249 (115)
631 3194 718 3234 me
761 3180 1040 3236 obsessum
1087 3177 1397 3233 venientem
1440 3176 1771 3245 cognovistis

187 3279 431 3338 captum,
464 3277 517 3321 et
542 3283 658 3323 mea
688 3267 834 3339 (116)
868 3268 1124 3324 fidelitate
1156 3268 1371 3326 tenetis.
1403 3267 1768 3336 gratissimum

189 3358 387 3412 habeo.
419 3358 482 3412 Et
508 3357 632 3427 quia
664 3373 852 3414 versus
884 3373 968 3413 me
1008 3359 1062 3412 in
1100 3367 1309 3413 tantum
1335 3368 1516 3413 vestra
1543 3358 1780 3414 fidelitas

188 3460 476 3516 progressa
503 3455 609 3513 est,
639 3458 820 3502 vestro
838 3447 1087 3513 consilio,
1119 3463 1224 3502 non
1253 3457 1432 3502 autem
1464 3449 1655 3502 vestris
1686 3449 1778 3503 vel.

187 3537 460 3603 manibus,
501 3538 582 3592 vel
613 3539 779 3593 armis
809 3539 876 3594 de
926 3539 1042 3609 ipso
1068 3538 1255 3594 ulcisci
1296 3538 1436 3593 volo.
1467 3539 1524 3594 In
1557 3548 1768 3596 tantum

185 3627 334 3682 enim
372 3643 459 3682 me
490 3628 556 3682 ad
607 3629 743 3684 iram
787 3630 1105 3700 provocavit
1144 3638 1205 3685 ut
1238 3629 1385 3686 nullo
1435 3631 1594 3686 modo
1633 3631 1765 3687 mihi

187 3717 422 3775 sufﬁciat
449 3721 492 3775 si
526 3721 746 3778 alterius
779 3723 947 3778 armis
978 3738 1136 3792 quam
1165 3723 1301 3779 meis
1331 3723 1592 3789 intereat;
1624 3724 1767 3794 quod

186 3823 258 3862 ne
288 3816 470 3864 vestra
493 3809 747 3876 ﬁdelitas,
775 3812 928 3882 quasi
955 3812 1086 3867 mihi
1117 3820 1329 3882 gratum
1360 3812 1678 3882 obsequium
1707 3827 1766 3868 se

187 3909 446 3969 praestare
472 3902 698 3957 credens
732 3901 918 3967 faciat,
942 3902 1251 3958 omnimodo
1288 3903 1389 3959 sibi
1418 3903 1763 3959 interdictum

185 3991 348 4045 sciat.
384 3991 694 4049 Accelerate
739 3994 904 4064 igitur
946 3994 1225 4050 inimicum
1257 4010 1435 4050 metum
1476 3995 1606 4051 mibi
1645 3997 1765 4051 red-

185 4080 384 4136 dendo.
413 4080 657 4136 Sufﬁciet
699 4091 761 4136 ut
794 4080 860 4138 de
887 4083 1168 4154 suppliciis
1195 4083 1313 4153 eius
1331 4081 1333 4083 ’
1351 4084 1530 4153 primo
1555 4084 1761 4140 sciatis.

183 4171 382 4227 Vestro
407 4173 634 4228 consilio
653 4175 899 4239 satiatus,
925 4173 1119 4231 faciam
1147 4191 1271 4230 cum
1297 4176 1579 4237 tormentis
1596 4178 1763 4232 vitam

183 4263 364 4320 finire.
416 4263 567 4319 Nulla
621 4265 673 4320 in
722 4265 994 4322 reddendo
1047 4266 1234 4321 dilatio
1282 4267 1390 4332 sit;
1437 4283 1562 4322 nam
1619 4267 1762 4323 nulla

183 4353 392 4410 utilitas
419 4370 508 4411 me
544 4355 738 4412 avellet
767 4357 834 4412 ab
857 4357 1171 4412 obsessione
1199 4355 1358 4425 huius
1391 4357 1563 4423 urbis,
1594 4359 1764 4414 donec

1874 3174 2108 3238 comitis,
2143 3176 2233 3245 qui
2283 3179 2424 3246 apud
2471 3178 2710 3235 Melitum
2756 3187 2937 3245 erant,
2967 3182 3153 3235 audito
3181 3183 3372 3237 ducem
3402 3184 3458 3238 in

1871 3267 2126 3335 captione
2152 3266 2406 3332 detineri,
2437 3268 2658 3323 castella
2706 3269 2846 3336 ejus,
2877 3286 2998 3340 quae
3043 3282 3168 3326 ante
3216 3272 3457 3328 Melitam

1875 3353 2205 3419 firmaverat,
2239 3365 2616 3426 oppugnantes
2660 3359 2911 3427 capiunt;
2958 3359 3157 3416 milites
3212 3377 3349 3433 quos
3375 3363 3460 3416 in-

1874 3454 2135 3500 venerant
2195 3446 2248 3500 in
2308 3447 2558 3514 captione
2637 3449 2966 3513 retinentes,
3025 3450 3139 3505 suis
3197 3451 3458 3508 militibus

1871 3533 2196 3600 castellum,
2255 3537 2398 3604 quod
2465 3536 2606 3605 apud
2655 3535 2714 3590 S.
2772 3538 3036 3608 Angelum
3104 3540 3458 3606 firmaverat,

1872 3626 2158 3692 muniunt;
2211 3627 2356 3683 aliud
2409 3643 2570 3694 vero,
2627 3631 2771 3698 quod
2819 3632 2960 3687 forte
3020 3633 3336 3702 videbatur,
3374 3637 3457 3692 di-

1871 3726 2056 3772 ruunt.
2103 3717 2254 3773 Uxor
2294 3733 2423 3774 vero
2469 3719 2834 3776 viduatioueni
2879 3723 3149 3792 suspicata
3187 3724 3454 3796 Tropaim

1869 3807 2095 3878 aufugit.
2909 3827 2912 3830 ί

2409 3900 2634 3958 CAPUT
2674 3901 2906 3961 XXVIII.

2222 3989 2345 4045 Dux
2374 3993 2552 4047 comiti
2579 3991 2878 4049 Calabriam
2912 3999 3093 4067 partit.

1942 4077 2055 4135 Dux
2088 4079 2272 4150 itaque
2314 4081 2415 4138 hoc
2445 4083 2703 4150 audiens,
2735 4085 2984 4142 maleficii
3013 4103 3176 4158 quam
3203 4091 3451 4149 beneficii

1868 4186 2094 4235 memor,
2131 4171 2363 4226 maxima
2406 4171 2776 4244 indignatione
2809 4188 3107 4247 permotus,
3133 4183 3452 4238 conventio-

1869 4277 1992 4316 nem
2036 4277 2198 4333 quam
2241 4261 2397 4318 fratri
2443 4264 2768 4332 promiserat
2819 4269 3038 4338 exsequi
3071 4270 3323 4343 denegat,
3352 4274 3450 4328 do.

1869 4369 1968 4407 nec
2004 4353 2109 4409 sibi
2151 4361 2208 4409 et
2255 4352 2539 4409 castellum
2587 4352 2647 4409 S.
2693 4355 2882 4428 Angeli
2928 4369 2984 4415 et
3027 4352 3229 4419 milites
3262 4364 3354 4436 qui
3394 4365 3452 4420 in

183 4445 424 4502 ulciscar
469 4447 602 4502 mihi
653 4447 721 4501 ab
756 4447 876 4519 ipso
919 4447 1084 4504 illatis
1134 4448 1365 4516 injuriis,
1410 4448 1550 4505 Ecce
1586 4451 1764 4506 omnis
1795 4456 1840 4512 Ῑ)
1867 4443 2117 4510 captione
2146 4443 2466 4498 tenebantur
2490 4446 2874 4513 restituantur,
2904 4459 2958 4506 et
2983 4451 3047 4506 de
3077 4452 3223 4508 illata
3248 4454 3446 4526 injuria

180 4537 456 4592 exercitus
481 4552 635 4602 suus,
673 4537 903 4609 iniurias
931 4539 1048 4608 eius
1091 4539 1232 4595 ultra
1276 4555 1381 4594 non
1413 4539 1614 4604 ferens,
1647 4541 1762 4612 ipso
1861 4531 1950 4602 jus
1979 4542 2240 4590 teneatur.
2277 4535 2444 4592 Porro
2469 4552 2682 4605 comes,
2715 4538 2871 4596 fratri
2899 4543 3020 4600 duci
3043 4536 3259 4603 omnem
3290 4563 3448 4604 occa.

183 4635 387 4694 spreto,
440 4627 492 4682 in
537 4643 712 4684 meam
761 4628 1072 4685 fidelitatem
1121 4631 1388 4686 transiens
1434 4645 1520 4686 me
1567 4631 1760 4686 ducem

181 4715 480 4788 elegerunt.
507 4718 668 4785 Ecce,
701 4718 785 4774 vel
807 4719 1077 4776 modicum
1107 4727 1266 4775 terrae
1291 4721 1391 4776 sub
1419 4721 1536 4791 ipso
1561 4719 1763 4777 habere

184 4806 434 4878 indignus
465 4807 777 4877 judicabar;
824 4823 890 4864 eo
921 4819 1232 4880 perempto,
1258 4811 1440 4867 omnia
1470 4826 1591 4881 qua:
1623 4809 1762 4879 juris

183 4897 266 4952 sui
321 4898 582 4957 hactenus
605 4899 844 4963 fuerunt,
878 4899 1093 4956 fortuna
1149 4901 1384 4968 favente,
1445 4902 1756 4972 suscipiam.

183 4987 297 5044 Non
327 5007 443 5049 sum
473 5009 634 5063 quem
666 5006 763 5062 per
797 4992 1052 5062 ambages
1079 4995 1398 5063 protrahere
1425 4996 1672 5066 possitis;
1713 4997 1757 5052 si

187 5079 381 5139 diutius
426 5084 645 5141 differre
691 5081 932 5145 tentatis,
960 5099 1086 5138 ecce
1132 5084 1198 5140 ad
1237 5101 1474 5154 przcsens
1503 5086 1678 5142 vineta
1705 5099 1758 5144 ei

1865 4627 2072 4682 sionem
2103 4625 2220 4697 ejus
2244 4626 2379 4682 velle
2398 4632 2746 4700 exsequendo
2771 4631 2988 4690 auferre
3018 4634 3222 4704 volens,
3248 4639 3450 4696 milites

1866 4719 2063 4785 reddit,
2101 4719 2382 4776 castellum
2413 4730 2467 4776 et
2488 4735 2610 4791 quze
2653 4725 2706 4780 in
2743 4725 2862 4796 ipso
2887 4736 3094 4784 retenta
3136 4742 3263 4786 sunt
3291 4733 3450 4788 resti-

1867 4811 1988 4868 tuit.
2038 4811 2144 4868 Sed
2171 4827 2307 4872 cum
2337 4827 2440 4868 nec
2464 4813 2545 4869 sic
2586 4817 2828 4872 animum
2878 4818 3064 4874 fratris
3110 4831 3171 4876 ut
3213 4823 3314 4880 sibi
3358 4823 3452 4894 jus

1867 4913 2049 4962 teneat
2091 4905 2286 4961 molliri
2333 4906 2500 4971 videt,
2536 4909 2827 4966 traditione
2880 4912 3335 4981 inhabitantium,
3362 4930 3454 4971 ca-

1864 5005 2035 5054 strum
2082 4995 2408 5052 Messianum
2457 4998 2757 5068 ingressus,
2791 5001 2916 5058 duci
2955 5000 3274 5060 inimicitias
3297 5020 3455 5060 man~

1861 5093 1975 5148 dat.
2009 5089 2128 5144 Dux
2175 5089 2358 5156 itaque
2383 5088 2574 5144 videns
2621 5101 2821 5158 castra,
2868 5109 2992 5164 qua:
3034 5101 3168 5147 ante
3218 5097 3453 5152 Melituin
