4010 5230
559 349 691 404 1155

1392 350 1740 407 GAUFREDI
1778 351 2228 408 MALA'I'EIHUE
2269 355 2574 414 MONACIII
2637 349 2991 416 lil'l'NEDICT.

3683 355 3828 416 ηπ

553 467 606 520 in
641 437 755 537 ipsa
782 464 1062 536 provincia
1109 463 1340 519 habebat
1362 503 1376 529 ,
1414 463 1516 519 sibi
1539 463 1718 518 ablata
1749 464 1920 534 (HS),
1953 465 2130 520 sciens
2159 467 2200 524 Α
2234 469 2423 526 ficiens
2469 473 2830 543 expugnabat.
2889 470 3182 526 Sarracem
3228 469 3466 539 denique
3521 469 3591 524 de
3623 469 3828 522 vicinis

501 615 503 618 ,
555 569 722 612 totam
749 558 1058 612 Calabriam
1107 573 1202 627 per
1241 556 1372 610 illud
1405 556 1564 612 facile
1601 571 1761 626 posse
1803 557 2039 622 turbari,
2071 557 2126 610 in

513 663 516 666 ‘
555 652 694 705 valle
733 651 1018 712 Grateusi,
1055 649 1210 704 fratri
1263 649 1364 704 sibi
1417 651 1830 705 conventionem
1873 657 2130 704 exsecuta

554 744 854 800 Calabriam
885 743 1030 814 (H9)
1063 742 1310 812 partivit;
1355 743 1540 813 sicque
1585 743 1637 796 in
1671 741 1921 812 Apuliam
1961 741 2127 794 vadit.

553 839 744 894 Comes
771 850 898 892 vero
927 837 980 890 in
1018 835 1321 892 Calabriam
1367 835 1669 905 portionem
1697 851 1848 888 suam
1885 845 2132 902 receptu-

555 947 646 986 rus
675 930 829 985 redit.
869 930 938 983 At
963 943 1084 982 cum
1131 928 1338 982 videret
1385 943 1512 982 suos
1559 937 1782 998 propter
1809 925 2128 980 seditionem

553 1039 672 1092 qum
717 1023 857 1076 inter
903 1037 963 1076 se
998 1027 1053 1074 et
1099 1019 1319 1073 fratrem
1373 1019 1630 1073 hactenus
1679 1017 1890 1080 fuerat,
1943 1016 2127 1086 equis,

551 1115 791 1168 vestibus
824 1122 878 1167 et
902 1112 1069 1166 armis
1110 1111 1291 1166 minus
1326 1109 1652 1164 suﬂicieutes
1694 1124 1788 1176 per
1831 1117 1995 1160 totam
2026 1103 2130 1160 Ca-

549 1208 798 1274 labriam,
831 1215 952 1278 post
997 1206 1212 1276 quidem
1250 1206 1330 1260 eis
1377 1205 1574 1259 tributa
1611 1203 1902 1271 expetitum
1947 1201 2127 1265 vadit,

549 1301 878 1369 veniensque
925 1297 1234 1362 Ceracium,
1263 1297 1388 1366 quia
1437 1311 1562 1362 eos,
1595 1297 1746 1365 quasi
1779 1293 2126 1359 inlideliores,

549 1389 762 1443 czetcris
791 1389 1069 1443 exosiores
1110 1388 1374 1450 habebat,
1429 1386 1634 1455 uthus
1665 1388 1732 1439 ab
1772 1385 1902 1454 ipsis
1941 1393 2127 1438 extur-

547 1491 734 1550 queat,
780 1479 1055 1535 castellum
1109 1488 1261 1534 extra
1320 1479 1531 1540 urbem,
1593 1476 1779 1546 procul
1818 1492 1936 1531 sese
1991 1475 2126 1546 figit.

547 1574 942 1630 Geracensibns
991 1587 1122 1628 vero
1153 1571 1521 1640 juramentum
1571 1569 1673 1624 sibi
1701 1585 1732 1623 a
1763 1570 1896 1624 duce
1923 1567 2124 1622 factum

548 1665 949 1735 objicientibus,
1008 1679 1193 1719 comes
1222 1663 1534 1732 respondit:
1560 1661 1692 1716 Cum
1731 1659 1991 1714 medietas
2017 1657 2126 1714 Ce-

549 1757 680 1810 racii
711 1771 829 1810 utea
861 1756 953 1817 sit,
988 1757 1094 1809 dux
1143 1755 1194 1808 in
1237 1769 1332 1807 sua
1361 1760 1514 1824 parte
1544 1750 1838 1820 juramenti
1865 1751 1948 1805 sui
1975 1749 2126 1804 ordi-

549 1863 698 1911 nem,
730 1861 798 1900 ne
842 1847 1094 1910 violetur,
1125 1859 1342 1900 servare
1391 1845 1616 1914 poterit;
1653 1859 1738 1898 me
1773 1857 1920 1904 vero,
1951 1841 2044 1911 qui
2071 1840 2124 1895 in

549 1955 666 1994 mea
701 1947 856 2008 parte
897 1937 1171 2009 quodlibet
1218 1935 1431 1995 faciam.
1487 1951 1589 1990 nec
1629 1943 1838 1996 votum,
1871 1948 1970 1988 nec
1999 1947 2126 2002 pro-

547 2031 739 2085 missio
785 2030 962 2098 aliqua
1005 2028 1301 2097 redarguit.
1355 2027 1690 2082 Geracenses
1729 2039 1879 2094 ergo,
1930 2037 2132 2092 cogno-

549 2131 762 2177 scentes
819 2135 878 2175 se
925 2121 1115 2175 callide
1156 2135 1184 2174 a
1226 2117 1696 2188 ducejuramento
1727 2117 1964 2180 delusus,
1997 2115 2131 2168 iusi-

548 2211 764 2282 pienti'ae
793 2225 904 2264 suae
928 2211 1278 2281 deputat-unt.
1329 2207 1498 2264 Paeto
1527 2223 1648 2262 cum
1678 2207 1874 2261 comite
1904 2206 2068 2268 facto,
2096 2219 2124 2256 a

550 2301 772 2356 castello
798 2301 940 2370 quod
991 2299 1198 2354 foedere
1235 2308 1478 2369 coeperat
1521 2299 1750 2370 pecunia
1782 2297 2127 2367 potiusquam

545 2395 714 2450 armis
735 2394 882 2449 illum
912 2401 1183 2448 avertunt.

1109 2527 1335 2584 CAPUT
1365 2527 1554 2583 XXIX.

587 2640 757 2696 Grarci
781 2639 922 2712 apud
953 2640 1202 2696 Truinam
1227 2643 1404 2696 comiti
1429 2643 1672 2712 fraudem
1697 2644 2087 2699 machinantur.

615 2756 809 2812 Comes
853 2773 1002 2822 vero,
1066 2773 1192 2812 suos
1257 2759 1598 2814 abundanter
1649 2760 1818 2814 armis
1862 2771 1917 2814 et
1971 2761 2126 2830 equis

547 2849 870 2917 caeterisque
919 2864 1040 2917 quae
1089 2849 1402 2904 necessaria
1449 2861 1610 2904 erant
1660 2867 2034 2916 remunerans,
2070 2861 2126 2906 et

547 2951 748 2994 terram
802 2955 924 3008 qum
967 2939 1068 2994 sibi
1107 2938 1248 2994 forte
1299 2949 1538 2994 cesserat
1581 2941 1828 2996 ﬁdelibus
1864 2943 1976 2996 suis
1999 2957 2124 3011 pru-

545 3033 738 3088 denter
759 3033 1038 3094 ordinans,
1069 3032 1265 3086 iterum
1326 3033 1566 3088 Siciliam
1591 3049 1714 3088 cum
1749 3036 2005 3090 trecentis
2028 3036 2122 3090 de-

543 3122 846 3178 bellaturus
873 3123 1204 3193 aggreditur,
1229 3139 1453 3180 uxorem
1474 3123 1845 3192 juveuculam,
1868 3126 2119 3195 quamvis

547 3215 702 3284 (120)
737 3214 992 3270 audiebat
1021 3215 1364 3278 renitentem,
1401 3187 1582 3270 secum
1633 3187 1860 3272 ducens.
1887 3187 2122 3273 “Veniens
2148 3187 2195 3253 ο

543 3307 726 3375 itaque
746 3309 886 3375 apud
919 3306 1195 3372 Trainam,
1221 3323 1251 3360 a
1276 3307 1600 3362 Christianis
1623 3307 1849 3374 Graecis,
1875 3309 1966 3378 qui
1997 3325 2120 3364 eum

536 3397 647 3466 jam
679 3399 852 3454 altera
907 3399 1024 3454 vice
1057 3409 1430 3469 susceperant,
1471 3400 1690 3464 iterum,
1729 3401 1830 3456 etsi
1863 3418 1968 3456 non
1997 3418 2122 3457 cum

545 3499 717 3554 tanta,
780 3496 838 3542 ιη
891 3489 1064 3558 prius,
1105 3490 1622 3546 tamen-alacritate
1674 3492 1990 3562 suscipitur,
2027 3509 2122 3548 ur-

542 3579 796 3651 bemque,
848 3581 1098 3650 quamvis
1154 3592 1348 3635 natura
1401 3582 1621 3645 utentis,
1673 3583 1723 3636 in
1755 3599 1864 3653 quo
1889 3585 1992 3638 sita
2015 3594 2120 3650 est,

541 3677 676 3732 satis
728 3677 1074 3732 defensabilis
1129 3676 1292 3741 foret,
1344 3678 1412 3732 ad
1466 3687 1648 3732 votum
1683 3695 1838 3733 smun
1886 3681 2122 3749 aptanda

543 3767 823 3822 fortiorem
869 3767 1122 3831 reddens,
1177 3782 1344 3844 uxore
1377 3768 1444 3822 ibi
1477 3783 1600 3822 cum
1657 3770 1846 3838 paucis
1877 3769 2118 3833 dimissa,

543 3861 972 3927 circumquaque
1001 3859 1176 3912 vicina
1202 3853 1380 3911 castra
1406 3858 1714 3914 lacessitum
1751 3861 1916 3915 vadit.
1945 3861 2123 3917 (ἓνωοί

543 3968 698 4015 vero,
724 3965 938 4019 semper
965 3965 1133 4018 genus
1168 3949 1609 4019 perfidissimum,
1651 3953 1752 4007 hoc
1787 3953 1902 4007 solo
1932 3953 2119 4010 offensi

544 4044 686 4114 quod
722 4041 916 4096 milites
942 4042 1160 4096 comitis
1187 4041 1239 4094 in
1265 4041 1516 4097 domibus
1545 4043 1657 4098 suis
1683 4043 2119 4114 hospitabantur,

543 4135 610 4188 de
637 4133 900 4187 uxoribus
921 4142 974 4187 et
1006 4131 1216 4186 filiabus
1279 4133 1550 4196 timentes,
1589 4135 1822 4203 quadam
1858 4135 1965 4203 die,
1995 4151 2118 4191 cum

545 4239 732 4282 comes
781 4225 919 4295 apud
949 4213 1260 4279 Nicosinum
1297 4226 1642 4295 oppugnandi
1668 4227 1842 4296 gratia
1877 4241 2122 4282 morare-

543 4329 653 4382 tur,
711 4317 960 4372 videntes
1007 4331 1210 4388 paucos
1251 4331 1376 4371 cum
1427 4317 1705 4373 comitissa
1755 4320 2118 4384 remansisse.

543 4413 801 4482 suspicati
839 4425 898 4466 se
931 4411 983 4465 in
1015 4411 1204 4465 eodem
1257 4410 1415 4466 facile
1473 4413 1788 4480 praevalere,
1845 4421 1905 4467 ut
1937 4427 2031 4468 eos
2053 4413 2120 4467 ab

542 4505 676 4558 urbe
701 4501 1040 4572 expellendo,
1083 4501 1166 4555 vel
1197 4511 1342 4556 certe
1371 4503 1692 4568 occidendo,
1715 4501 1904 4574 jngum
1929 4519 2115 4558 eorum
2146 4529 2198 4590 ι)

544 4611 572 4647 a
609 4609 668 4648 se
697 4595 1000 4656 excutiant,
1051 4607 1366 4662 Oppugnare
1422 4605 1723 4662 coeperunt.
1777 4593 1881 4650 Sed
1921 4597 2116 4662 nostri,

542 4687 788 4752 quamvis
807 4685 985 4752 pauci,
1002 4686 1183 4737 animo
1207 4693 1388 4738 tamen
1433 4691 1486 4738 et
1511 4685 1678 4738 armis
1707 4688 2120 4758 promptissimi,

542 4775 664 4830 dolo
694 4777 930 4846 cognito,
967 4777 1018 4830 in
1047 4791 1198 4830 arma
1230 4775 1394 4831 citius
1425 4785 1614 4842 ruunt,
1637 4777 1912 4832 dominam
1935 4795 2116 4846 suam,

541 4882 768 4937 seseque
809 4881 909 4937 pro
941 4867 1049 4921 vita
1101 4867 1357 4922 alacriter
1400 4865 1781 4934 defendentes,
1821 4873 2122 4928 accerrime

539 4959 819 5021 resistunt,
846 4959 1020 5013 donec
1045 4975 1150 5013 nox
1173 4967 1450 5013 certamen
1484 4957 1722 5014 diremit.
1749 4957 1944 5016 Comes
1965 4973 2118 5026 vero,-

539 5048 684 5118 qnod
709 5047 988 5102 acciderat
1021 5063 1118 5117 per
1169 5047 1407 5116 legatum
1437 5063 1796 5118 cognoscens,
1821 5049 2120 5106 ci-tissimus

2235 561 2432 616 castris
2461 562 2704 631 quinque
2735 561 2903 616 millia
2951 563 3334 632 promptiores,
3357 561 3648 618 audientes
3667 560 3824 616 Cm:-

2233 669 2327 708 cos
2365 670 2396 706 a
2425 657 2624 710 nostris
2647 655 2955 713 dissentire,
2981 669 3090 708 non
3121 656 3404 708 minimum
3437 653 3641 724 gavisi,
3667 653 3826 706 auxi-

2233 745 2362 798 lium
2389 745 2549 800 laturi
2569 761 2626 801 se
2651 745 2763 815 jam
2797 747 2863 800 ad
2887 745 3008 800 illos
3028 745 3398 810 contulerant;
3417 741 3670 814 quorum
3691 759 3824 812 pne-

2233 835 2372 891 sidio
2399 836 2570 892 Grtcei
2607 837 2992 907 perplurimum
3052 838 3360 892 tuebantur.
3405 835 3544 889 Nam
3573 851 3704 888 cum
3731 837 3828 888 diu

2235 925 2420 981 taliter
2433 927 2822 999 impugnanda,
2837 943 2984 982 nunc
3008 937 3186 983 autem
3205 943 3264 982 se
3287 929 3432 997 ipsos
3449 927 3822 988 defendendo,

2230 1016 2342 1087 jugi
2397 1017 2706 1074 incursione
2749 1020 2976 1084 detenti,
2999 1021 3126 1072 dum
3159 1034 3256 1088 per
3281 1019 3502 1072 diversa
3533 1018 3654 1072 loca
3685 1033 3824 1086 prae-

2233 1109 2410 1163 daudo
2439 1110 2636 1164 victum
2671 1125 2940 1179 quwrere,
2969 1120 3026 1163 ut
3055 1109 3200 1164 soliti
3229 1116 3403 1174 erant,
3440 1109 3824 1177 impediuntur

2233 1200 2393 1256 fatuis
2437 1203 2685 1273 angustia
2732 1211 2785 1256 et
2815 1202 3020 1256 assidui
3055 1201 3369 1256 certaminis
3417 1209 3474 1254 et
3499 1198 3822 1269 vigiliarum

2233 1299 2388 1354 aestu,
2423 1306 2546 1360 qua:
2575 1293 2798 1346 minime
2827 1291 2930 1346 sibi
2979 1291 3184 1362 pariter
3215 1289 3574 1355 conveniunt,
3597 1289 3824 1358 perplu-

2232 1384 2428 1438 rimum
2453 1383 2802 1438 deficiebant.
2835 1383 2892 1438 In
2923 1392 3133 1438 tantum
3161 1383 3308 1438 enim
3337 1384 3570 1452 quisque
3595 1383 3824 1437 sibimet

2233 1476 2471 1530 intentus
2493 1485 2611 1530 erat
2633 1485 2691 1530 ut
2719 1476 2884 1530 etiam
2911 1477 3026 1546 ipse
3051 1491 3235 1532 comes
3263 1477 3350 1530 vix
3375 1475 3620 1546 aliquem
3649 1476 3824 1530 hahe-

2231 1578 2337 1632 ret,
2385 1569 2476 1638 qui
2541 1569 2642 1624 sibi
2696 1569 2898 1634 cibum,
2952 1579 3180 1638 excepta
3210 1583 3379 1624 uxore
3407 1578 3464 1623 et
3499 1567 3822 1638 armigeris,

2232 1669 2539 1731 appararet.
2591 1661 2723 1715 Nam
2754 1677 2876 1716 cum
2927 1659 3065 1716 infra
3095 1662 3308 1726 urbem,
3337 1675 3408 1715 ne
3425 1669 3586 1714 extra
3613 1674 3826 1730 praecu-

2231 1765 2344 1808 tmn
2375 1755 2498 1819 iret,
2519 1753 2633 1827 jugi
2665 1753 2978 1811 defensione
3003 1755 3218 1809 interim
3233 1753 3646 1816 detinereutur,
3667 1761 3824 1807 extra

2234 1855 2415 1900 autem
2447 1848 2690 1900 omnium
2729 1846 2870 1902 oculi
2906 1847 2972 1901 ad
3019 1847 3124 1902 hoc
3153 1846 3500 1900 intenderent
3531 1853 3596 1898 ut
3625 1845 3672 1898 si
3695 1859 3822 1898 cum

2231 1937 2422 2006 paucis
2435 1935 2746 1992 latrocinari
2771 1947 3024 2003 tentaret,
3040 1938 3542 2008 deprehenderetur
3558 1955 3572 1991 :
3591 1938 3830 2008 quodvis

2229 2029 2421 2084 horum
2439 2045 2600 2100 agere
2617 2031 3216 2102 immineusperieulum
3233 2029 3653 2084 dehortabatur.
3671 2027 3828 2084 Unde

2230 2129 2285 2176 et
2311 2129 2460 2176 tanta
2477 2121 2698 2192 penuria
2723 2123 2864 2176 inter
2885 2131 2979 2176 eus
3003 2120 3104 2176 fuit
3133 2131 3190 2174 ut
3215 2131 3390 2190 neque
3419 2135 3622 2190 rapere
3647 2133 3828 2188 neque

2231 2213 2403 2282 gratia
2429 2213 2692 2282 largiente
2722 2213 2862 2267 alter
2891 2213 2959 2268 ab
2980 2213 3154 2267 altero
3191 2211 3490 2281 impetrare
3517 2211 3608 2266 vel
3633 2221 3826 2266 mutuo

2231 2305 2432 2376 aliquid
2475 2305 2719 2376 accipere
2749 2314 2992 2375 possent,
3019 2302 3270 2359 omnibus
3314 2317 3452 2372 pene
3489 2303 3562 2357 ab
3587 2304 3708 2372 ipso
3731 2317 3824 2355 cu-

2231 2381 2556 2466 mucusque
2599 2397 2666 2450 ad
2711 2397 2958 2451 ultimum
2983 2396 3233 2450 clientem
3263 2407 3420 2463 atque
3455 2392 3706 2464 pondere
3741 2392 3824 2446 iu-

2227 2467 2552 2556 digentibus.
2589 2487 2831 2542 Vestiam
2863 2488 3028 2542 etiam
3065 2493 3212 2540 tanta
3263 2485 3490 2554 penuria
3541 2484 3652 2538 illis
3701 2491 3819 2538 erat

2229 2588 2286 2633 ut
2313 2581 2456 2634 inter
2479 2581 2730 2634 comitem
2762 2589 2817 2634 et
2845 2578 3194 2638 comitissam,
3225 2593 3332 2634 non
3381 2577 3486 2632 nisi
3523 2593 3696 2631 uuam
3727 2591 3820 2630 ca-

2229 2686 2352 2741 pam
2387 2670 2667 2734 habentes,
2717 2669 3048 2726 alternatim.
3091 2677 3248 2738 prout
3291 2666 3592 2734 unicuique
3641 2666 3818 2734 major

2227 2762 2524 2817 necessitas
2553 2759 2913 2826 incumbebat,
2953 2775 3014 2814 ea
3043 2760 3348 2814 utebantur.
3377 2757 3558 2816 Graeci
3609 2772 3740 2812 vero
3761 2765 3816 2811 et

2229 2853 2540 2920 Sarraceni,
2581 2853 2776 2923 quibus
2815 2853 2993 2908 omnis
3041 2853 3218 2921 patria
3266 2852 3456 2906 favens
3506 2865 3613 2920 pro
3661 2850 3818 2904 libita

2225 2945 2462 3014 patebat,
2526 2945 2754 3014 plurima
2818 2943 3164 3013 replebantur
3219 2943 3579 2998 abundantia.
3631 2941 3814 3010 Neque

2227 3038 2369 3094 enim
2403 3037 2507 3092 illis
2533 3051 2756 3092 necesse
2787 3048 2904 3092 erat
2946 3037 3142 3090 victum
3165 3035 3460 3104 quaerendo
3473 3033 3818 3104 aliquorsum

2224 3129 2409 3200 vagari
2434 3143 2449 3194 ;
2481 3129 2678 3198 quippe
2701 3129 2900 3198 quibus
2921 3129 3100 3183 omnis
3127 3125 3336 3188 Sicilia,
3363 3139 3604 3195 quaeque
3629 3137 3816 3179 neces-

2227 3219 2370 3274 saria
2423 3227 2603 3282 erant,
2653 3218 2900 3272 certatim
2927 3214 3176 3272 deferens
3223 3213 3364 3270 ultro
3401 3213 3814 3283 suppeditabat.

2227 3309 2408 3368 Nostri
2433 3321 2633 3376 autem,
2661 3311 2908 3380 quamvis
2947 3319 3092 3364 tanta
3139 3308 3362 3380 penuria
3389 3305 3606 3364 affecti.
3657 3305 3820 3360 famis

2226 3413 2280 3460 et
2303 3403 2502 3458 laboris
2527 3403 2932 3473 vigiliarumque
2944 3411 3078 3454 testu
3105 3401 3246 3455 inter
3269 3415 3328 3454 se
3355 3397 3820 3468 ipsosiﬂebiliores

2227 3495 2571 3559 anhelarent,
2619 3492 2806 3548 viriles
2859 3491 3040 3547 animo
3085 3491 3220 3545 alter
3267 3490 3426 3544 alteri
3475 3489 3814 3544 debilitati-nt

2228 3601 2419 3647 suam,
2461 3599 2530 3640 ne
2578 3583 2878 3637 adiuvicem
2939 3582 3378 3644 dehortarentur,
3447 3577 3816 3640 occultantes,

2227 3677 2460 3747 quadam
2483 3673 2774 3734 hilaritate,
2811 3672 2956 3726 vultu
3003 3681 3058 3726 et
3095 3669 3274 3725 verbis
3319 3667 3584 3724 simulare
3635 3678 3816 3722 tenta-

2227 3770 2379 3824 bant.
2417 3767 2522 3823 Sed
2568 3765 2852 3835 juveneula
2895 3765 3164 3820 comitissa
3207 3763 3350 3818 sitim
3397 3761 3628 3831 quidem
3675 3776 3814 3829 aqua

2225 3861 2640 3931 exstinguebat;
2663 3859 2856 3915 famem
2885 3872 3014 3914 vero
3039 3873 3146 3912 non
3175 3856 3276 3912 nisi
3299 3855 3560 3926 lacrymis
3581 3863 3642 3909 et
3669 3869 3816 3908 som-

2226 3969 2320 4020 no,
2364 3951 2568 4022 aliquid
2611 3951 2752 4004 unde
2799 3965 2908 4004 non
2960 3947 3184 4011 habens,
3247 3945 3530 4000 refrenare
3581 3945 3812 4000 sciebat.

2225 4045 2514 4101 Certamen
2569 4041 2842 4097 assiduum
2895 4039 3040 4110 quod
3097 4039 3250 4094 cibus
3299 4052 3404 4092 non
3457 4036 3622 4092 cibus
3661 4035 3814 4104 (lit)

2226 4131 2634 4203 suppeditabat,
2666 4128 2882 4184 hostilis
2927 4127 3262 4198 impugnatio
3312 4127 3508 4180 abesse
3547 4125 3812 4195 prohibe~

2224 4221 2338 4276 bat.
2365 4221 2471 4276 Sed
2511 4219 2776 4274 interdum
2813 4233 2879 4272 ne
2931 4219 3000 4272 ab
3049 4218 3294 4272 hostibus
3321 4213 3718 4280 ditﬁterentur,
3765 4214 3812 4268 si

2224 4327 2330 4368 non
2355 4311 2457 4366 nisi
2486 4309 2778 4380 impugnati
2811 4306 2958 4377 (122)
2996 4307 3048 4360 in
3086 4321 3235 4362 arma
3267 4315 3510 4370 ruerent,
3541 4305 3662 4374 ipsa
3695 4305 3814 4357 ani-

2224 4402 2330 4457 mis
2365 4415 2552 4456 eorum
2597 4400 2776 4452 innata
2808 4397 3092 4460 ferocitas,
3121 4396 3390 4466 sagaciter
3413 4395 3588 4450 etiam
3631 4395 3814 4450 volen-

2225 4509 2366 4551 ttuus
2397 4493 2548 4564 (123)
2573 4491 2780 4546 viribus
2809 4489 3246 4559 repraesentabat.

2787 4599 3011 4657 CAPUT
3057 4597 3227 4654 XXX.

2295 4695 2479 4751 Comes
2507 4713 2540 4751 α
2571 4694 2877 4751 Suri-acerris
2908 4703 3087 4763 captus
3107 4707 3161 4744 se
3189 4692 3358 4761 ipsum
3379 4705 3504 4744 eme
3526 4690 3740 4746 liberat.

2295 4789 2536 4855 Quadam
2585 4787 2765 4855 itaque
2795 4785 2880 4839 die
2931 4781 3228 4838 certamine
3255 4781 3414 4844 inito,
3447 4795 3644 4836 comes
3671 4795 3812 4850 equo

2226 4879 2466 4934 insidens
2519 4885 2578 4932 ut
2615 4877 2726 4932 suis
2755 4881 3036 4930 succurrat
3093 4885 3210 4927 sese
3260 4871 3514 4926 hostibus
3567 4875 3804 4928 medium

2223 4975 2388 5030 dedit.
2415 4973 2609 5030 Hostes
2639 4987 2788 5039 vero,
2811 4983 2888 5027 ‘eo
2921 4970 3160 5041 cognito,
3189 4983 3380 5024 versus
3415 4983 3545 5023 eum
3593 4968 3810 5022 fortiori

2224 5069 2421 5138 impetu
2450 5073 2775 5136 grassantes,
2823 5077 3018 5134 equum
3045 5058 3176 5126 eju’s-
3198 5057 3423 5128 spiculis
3459 5057 3806 5122 confodiunt,
