4010 5230
217 265 358 320 1137

221 491 344 528 aut
385 489 562 528 rerum
591 475 732 528 haud
755 474 1040 528 immemor
1063 472 1234 543 (124).
1265 474 1552 530 extrahere
1587 491 1792 540 ensem,

215 582 330 636 quo
359 567 634 620 accinctus
685 576 826 630 erat,
869 575 1126 634 expetens
1163 565 1334 634 (125),
1379 575 1434 620 et
1481 567 1532 620 in
1579 569 1794 620 modum

215 657 380 712 {aleis
407 657 584 711 virens
615 667 824 726 pratum
861 657 1188 718 resecantis,
1234 657 1653 726 circumquaque
1689 660 1794 710 im-

215 748 374 816 piger
409 748 668 802 vibrando
711 748 936 810 ducens,
979 747 1220 814 pluribus
1273 746 1632 815 interemptis,
1682 747 1794 800 sola

217 840 410 892 dextra
439 847 494 892 et
537 839 626 894 Dei
675 838 944 908 adjutorio
985 838 1270 902 liberatur,
1315 847 1462 892 tanta
1509 849 1688 909 strage
1733 841 1800 894 de

221 929 458 984 inimicis
485 927 630 982 facta
657 938 714 982 ut
735 929 876 984 sicut
902 931 954 984 in
995 931 1280 984 condensis
1303 929 1530 986 saltibus
1553 930 1798 998 iacerent

215 1034 252 1074 a
277 1029 440 1074 vento
481 1021 658 1074 diruta
689 1020 862 1088 ligna,
891 1021 970 1076 sic
1005 1021 1424 1090 circumquaque
1453 1021 1554 1076 sibi
1588 1019 1802 1090 adjace-

217 1121 342 1170 rent
367 1114 604 1169 hostium
636 1115 704 1168 ab
731 1115 848 1184 ipso
875 1123 1148 1184 perempta
1175 1115 1462 1170 cadavera.
1489 1114 1684 1172 Hostes
1710 1131 1794 1170 re-

221 1203 356 1274 liqui
384 1219 504 1260 sese
531 1205 586 1258 in
613 1219 762 1260 suam
789 1206 1143 1260 munitionem
1173 1205 1466 1274 recipiunt;
1497 1206 1629 1274 ipse,
1661 1220 1800 1274 equo

231 1295 456 1360 amisso,
487 1295 694 1360 sellam,
723 1311 792 1350 ne
823 1297 978 1365 quasi
1009 1297 1225 1351 timidus
1251 1297 1560 1352 accelerare
1589 1297 1798 1352 videre-

223 1393 332 1447 tur,
365 1393 670 1454 asportans,
693 1399 878 1440 versus
899 1400 1026 1441 suos
1055 1387 1216 1456 pedes
1243 1387 1566 1456 regreditur.
1591 1385 1804 1442 Nostris

217 1472 392 1540 igitur
421 1487 516 1542 per
553 1483 788 1542 quatuor
813 1491 1024 1530 menses
1065 1477 1118 1530 in
1155 1485 1264 1530 tam
1307 1476 1576 1532 laborioso
1606 1477 1800 1532 discri-

217 1561 368 1614 mine
395 1563 603 1630 positis,
637 1564 810 1618 hiems
837 1565 1158 1632 asperrima,
1195 1581 1316 1634 qua:
1341 1565 1458 1634 ipso
1481 1581 1626 1620 anno
1673 1565 1803 1634 ipsis

211 1655 276 1708 in
317 1651 558 1722 partibus
603 1651 728 1716 fuit,
755 1655 974 1710 occasio
1011 1655 1360 1721 liberationis,
1423 1657 1670 1712 hostibus
1700 1673 1798 1710 au-

215 1749 330 1796 tem
356 1742 714 1798 damnationis
748 1747 974 1800 exstitit.
1023 1745 1156 1800 Nam
1199 1757 1256 1802 et
1291 1761 1320 1800 a
1375 1747 1590 1804 civitate
1623 1747 1800 1804 [Etim
1832 1751 1874 1812 Β

213 1847 344 1902 qua:
385 1831 436 1886 in
477 1833 662 1888 eadem
713 1835 984 1904 provincia
1023 1835 1162 1890 haud
1205 1836 1392 1906 procul
1439 1838 1796 1904 exterminat,

215 1921 353 1978 urbs
379 1923 542 1978 certis
563 1925 892 1993 temporibus
921 1926 990 1980 ab
1007 1925 1256 1980 aestuanti
1297 1925 1544 1982 incendio
1573 1926 1798 1998 sulphu-

217 2017 301 2072 rei
333 2018 530 2074 montis
557 2027 718 2074 testas
745 2020 1030 2082 acerrima,
1059 2021 1238 2090 itaque
1265 2023 1430 2077 certis
1459 2023 1788 2092 temporibus

227 2105 512 2162 inundatio
559 2110 914 2178 tempestatis,
952 2110 1328 2180 procellarum,
1373 2111 1514 2166 nivis
1559 2120 1612 2165 et
1641 2128 1800 2182 gran-

215 2195 362 2251 dinis
383 2197 676 2266 asperrima
717 2199 854 2254 solet
881 2201 1018 2255 ﬁeri.
1062 2200 1422 2268 Quamobrem
1457 2201 1658 2268 hostes,
1685 2203 1800 2258 bul-

215 2303 444 2342 nearum
467 2291 874 2346 mstuationibus
895 2293 1110 2346 astuari
1133 2293 1356 2356 assueti,
1385 2291 1646 2364 irigidiori
1669 2310 1798 2350 aura

213 2383 412 2447 ﬂante,
433 2379 558 2438 dum
597 2381 700 2434 vitii
729 2383 1092 2448 putationibus
1121 2383 1422 2438 naturalem
1455 2383 1688 2438 calorem
1715 2386 1800 2440 in-

213 2487 300 2530 tra
329 2493 387 2533 se
424 2479 664 2536 excitare
691 2483 956 2546 nituntur,
1005 2497 1198 2538 sontno
1235 2483 1440 2548 vinum,
1471 2483 1528 2539 ui
1569 2493 1794 2550 ussoiet,

211 2571 602 2639 subsequente,
629 2573 892 2628 tardiores
923 2574 990 2628 ad
1017 2574 1274 2628 excubias
1315 2575 1617 2644 vigiliarum
1651 2576 1802 2631 urbis

211 2678 344 2718 esse
387 2674 685 2734 coeperunt.
713 2667 864 2733 Quod
911 2681 1034 2721 cum
1061 2669 1230 2722 nostri
1263 2668 1664 2737 cognovissent,
1689 2683 1802 2722 cui-

216 2761 418 2822 perunt
443 2763 498 2808 et
545 2756 643 2824 ipsi
689 2771 758 2810 ex
805 2757 1062 2812 industria
1101 2759 1364 2813 tardiores
1412 2773 1709 2827 apparere;
1744 2768 1802 2814 et

217 2843 472 2911 quamvis
519 2847 878 2902 attentissime
913 2847 1217 2918 vigilarent,
1245 2847 1572 2904 clamoribus
1621 2858 1800 2902 tamen

215 2935 496 3000 obmissis,
525 2945 584 2990 ut
617 2937 732 2998 illos
757 2939 938 2994 dolose
955 2940 1257 2994 securiores
1287 2940 1588 3004 redderent,
1629 2939 1800 3011 tinge-

219 3027 358 3081 bant
382 3043 440 3082 se
463 3030 614 3098 quasi
643 3045 750 3084 non
778 3031 965 3100 vigiles
994 3041 1198 3086 essent.
1227 3031 1464 3098 Quadam
1492 3049 1624 3104 ergo
1643 3044 1802 3089 nocte

215 3135 350 3174 cuiu
374 3135 578 3182 eomes.
611 3131 668 3174 ut
697 3138 928 3194 semper,
969 3123 1116 3178 nullo
1157 3123 1342 3178 labore
1385 3123 1660 3190 deﬁciens,
1703 3141 1802 3180 ex-

222 3211 416 3266 cubias
439 3213 612 3268 noctis
649 3229 770 3268 cum
797 3215 912 3270 suis
949 3215 1176 3270 armatis
1197 3217 1298 3270 sub
1343 3215 1540 3286 algenti
1591 3219 1782 3270 bruma

221 3303 340 3355 suis
359 3299 678 3357 utilitatibus
697 3305 1102 3360 accuratissime
1125 3305 1346 3359 intentis
1367 3307 1610 3360 rehraret
1633 3305 1804 3375 (126),

225 3391 416 3445 hostes
431 3405 624 3446 somno
641 3402 890 3462 gravatos
911 3394 1048 3448 intra
1067 3393 1216 3465 (127)
1239 3407 1366 3447 suas
1383 3394 1724 3458 munitiones,
1751 3403 1807 3448 et

225 3482 714 3538 neminemeorum
752 3499 826 3538 ex-
869 3493 1016 3539 tanta
1063 3483 1404 3538 multitudine
1447 3485 1670 3556 vigilare
1715 3486 1808 3540 de-

225 3574 622 3642 prehendisset.
653 3585 830 3630 castra
863 3576 1010 3646 (19.8)
1045 3589 1232 3631 eorum
1267 3576 1491 3631 silenter
1518 3577 1800 3646 irrumpit:

225 3674 546 3734 armataque
574 3666 720 3737 (1‘29)
766 3681 928 3720 manu
958 3667 1206 3722 incautos
1225 3681 1520 3736 occupans,
1563 3668 1806 3735 pluribus

229 3755 552 3819 interfectis.
601 3759 954 3814 munitionem
1003 3759 1230 3830 accipit;
1268 3760 1448 3828 plures
1497 3763 1802 3831 capiuntur,

226 3862 295 3902 ex
327 3848 634 3904 adventttiis
678 3851 868 3920 reliqui
911 3851 1050 3920 fugae
1089 3851 1356 3922 refugium
1397 3862 1608 3922 petunt.
1659 3853 1808 3910 Puri.

229 3951 334 3992 nus
364 3937 531 4006 (150).
563 3939 650 4009 qui
695 3951 858 4010 caput
887 3943 1191 3998 traditionis
1217 3943 1523 4008 exstiterat,
1557 3957 1681 3998 cum
1703 3946 1804 3999 sibi

229 4029 604 4099 principaliter
651 4033 1066 4088 assentientibus
1122 4034 1316 4104 laqueo
1375 4051 1692 4104 suspensus,
1738 4038 1806 4092 ad

227 4121 538 4187 exemptum
581 4121 828 4186 aliorum,
885 4124 992 4178 vita
1037 4125 1304 4192 privatur,
1359 4125 1542 4193 plures
1579 4128 1808 4184 diversis

230 4211 409 4278 penis
439 4211 764 4267 adiciuntur.
821 4213 1018 4284 Spoliis
1064 4215 1246 4283 itaque
1295 4217 1602 4285 triumphali
1656 4233 1808 4274 more

228 4303 492 4370 acceptis,
527 4307 696 4358 nostri
733 4306 992 4360 hactenus
1026 4311 1264 4375 egentes,
1299 4314 1444 4358 tanta
1480 4305 1806 4362 abundantia

231 4391 520 4457 frumenti,
561 4395 670 4448 vini
709 4403 765 4448 et
805 4396 912 4451 olei
947 4405 1380 4465 einterorumque
1407 4413 1527 4466 quae
1551 4398 1618 4452 ad
1651 4413 1806 4454 usum
1839 4433 1884 4493 υ

231 4483 538 4536 necessaria
563 4492 718 4538 erant
739 4495 862 4539 sunt
907 4487 1116 4555 repleti,
1155 4495 1216 4540 ut
1245 4487 1436 4542 merito
1478 4503 1508 4542 a
1539 4489 1808 4544 consimili

232 4583 556 4643 argumento
583 4577 851 4630 recordari
876 4588 1098 4648 possent
1123 4577 1264 4632 illius
1285 4580 1428 4648 quod
1455 4581 1594 4648 apud
1619 4580 1810 4636 Sama-

235 4661 372 4715 riam
417 4663 692 4732 insperato
737 4680 766 4718 a
803 4666 912 4722 Deo
955 4669 1132 4724 subito
1181 4669 1318 4723 datin
1348 4669 1692 4726 abundantiae
1741 4672 1810 4726 ad

233 4757 458 4810 verbum
505 4757 664 4813 Elisei
695 4759 956 4816 dicentis:
989 4763 1120 4817 Cras
1157 4765 1284 4816 liora
1311 4765 1412 4818 ista
1438 4766 1492 4818 in
1513 4773 1666 4831 porta
1709 4765 1812 4820 Sa-

237 4849 422 4902 maria:
449 4850 656 4904 modius
679 4851 868 4905 simin
893 4869 997 4908 uno
1023 4865 1211 4910 statere
1230 4857 1324 4910 erit
1345 4855 1395 4928 (ι
1415 4851 1586 4924 V309.
1609 4871 1704 4923 vn,
1731 4858 1808 4927 1),

235 4953 357 4992 cum
389 4940 442 4994 in
487 4943 806 5010 praecedenti
839 4945 921 5003 dio
961 4947 1106 5002 nullo
1131 4949 1374 5018 quamvis
1404 4961 1600 5018 magno
1636 4950 1811 5021 pretio

235 5043 417 5101 posset
445 5033 699 5088 inveniri.

1353 269 1674 326 HISTORIA
1717 269 1980 326 SICL'LA.
2019 297 2092 311 --—
2117 266 2250 322 LIB.
2285 266 2346 322 ll.

219 385 394 438 Porro
417 397 602 438 comes
643 384 693 436 in
725 389 874 436 tanto
917 381 1230 438 discrimine
1275 385 1500 450 positus,
1545 386 1792 454 pristiua-
1825 405 1872 462 Α

3338 267 3476 324 1138

2432 379 2656 436 CAPUT
2715 379 2907 434 xxxn
3375 351 3382 354 ”

2285 471 2466 526 Cautes
2500 469 2552 524 in
2593 468 2892 525 Calabriam
2929 471 3067 524 vadit

1971 582 2248 640 Ordinatis
2293 581 2478 650 itaque
2523 581 2684 636 rebus
2727 581 2842 636 suis
2891 589 2946 636 et
2981 581 3116 638 urbe
3177 582 3368 638 melius
3408 583 3476 636 ad

1901 669 2294 738 suum-libitum
2327 669 2558 734 ﬁrmata,
2588 678 2647 722 ut
2681 671 2794 724 suis
2821 684 2988 740 equos
3015 685 3154 740 quos
3182 671 3478 724 amiserant

1901 760 2172 824 restituat,
2219 772 2409 814 versus
2453 757 2848 814 Calabriam-et
2881 758 3124 828 Apuliam
3153 761 3474 828 acquisitutn

1899 850 2074 912 vadit;
2111 863 2278 904 uxore
2302 857 2358 904 et
2383 849 2644 904 militibus
2669 849 2782 903 suis
2819 849 2956 918 apud
3009 849 3260 904 Trainam
3291 851 3474 904 dimis-

1900 941 2000 1006 sis,
2024 956 2168 1010 quae,
2199 941 2446 1010 quamvis
2461 939 2776 1009 juveneula,
2799 949 2944 994 tanta
2969 941 3288 995 strenuitate
3313 941 3476 1008 carpit

1899 1047 2020 1090 esse
2037 1031 2264 1088 sollicita
2285 1033 2430 1088 circa
2459 1043 2700 1088 castrum
2750 1031 3006 1086 tuendum
3053 1039 3107 1084 ut
3133 1031 3322 1086 diatim
3369 1029 3477 1084 cir-

1900 1123 2086 1178 cuiens
2113 1122 2204 1177 ubi
2235 1123 2626 1178 meliorandum
2654 1120 2894 1186 videbat,
2925 1121 3166 1178 studeret
3199 1131 3258 1178 ut
3285 1120 3478 1176 deruunt

1901 1211 2126 1284 vigiliae;
2181 1211 2418 1281 reliquos
2465 1227 2678 1277 omnes,
2725 1227 2862 1280 quos
2919 1211 3022 1266 sibi
3070 1212 3322 1268 dominus
3349 1227 3488 1266 suus-

1901 1303 2088 1358 abiens
2111 1301 2412 1368 dimiserat,
2443 1303 2638 1358 blande
2688 1301 2986 1370 alloquens,
3015 1311 3074 1356 ιιι
3095 1303 3322 1360 sollicite
3359 1317 3480 1370 qua:

1902 1393 2168 1448 servanda
2211 1402 2370 1450 erant
2419 1394 2765 1462 providerent
2809 1393 3150 1458 hortabatur,
3209 1394 3376 1449 multa
3425 1395 3478 1447 in

1905 1485 2078 1540 reditu
2119 1485 2324 1540 domini
2373 1486 2458 1540 sui
2488 1485 2892 1554 repromittens;
2939 1485 3030 1540 sed
3057 1494 3114 1540 et
3147 1493 3480 1540 transactum

1905 1575 2222 1644 periculum,
2251 1589 2318 1630 ne
2341 1575 2576 1644 segniter
2596 1573 2804 1644 agendo
2835 1574 2962 1642 quid
3007 1575 3184 1630 simile
3233 1575 3474 1630 incurre-

1907 1673 2044 1730 rent,
2073 1665 2142 1720 ad
2172 1667 2490 1720 memoriam
2519 1665 2749 1720 reducit.

2461 1797 2688 1856 CAPUT
2731 1799 2940 1856 XXX“.

2007 1885 2192 1943 Comes
2213 1904 2330 1942 cum
2355 1889 2591 1944 Arabicis
2624 1889 2798 1945 Castri
2822 1891 3048 1946 Joumtis
3077 1891 3369 1962 prwliatur.

1933 2061 1936 2064 λ
1969 2003 2166 2061 Comes
2193 2019 2320 2060 vero
2353 2021 2384 2060 a
2413 2004 2660 2062 Calabria
2682 2017 2740 2062 et
2779 2008 2994 2078 Apulia,
3039 2018 3094 2062 ut
3117 2022 3250 2077 apes
3277 2008 3454 2062 studio

1901 2095 2136 2160 sissinia,
2192 2097 2278 2152 his
2323 2113 2444 2168 qua:
2486 2097 2744 2154 militibus
2799 2099 2911 2154 suis
2967 2101 3270 2154 neccharia
3321 2109 3482 2154 erant

1900 2194 2128 2240 onustus
2157 2185 2388 2250 rediens,
2417 2202 2605 2242 omnes
2629 2204 2756 2244 suos
2777 2204 2877 2244 suo
2903 2190 3132 2243 adventu
3165 2189 3480 2250 laetiﬁcat-it,

1899 2288 2070 2342 equos
2097 2284 2152 2329 ct
2175 2286 2371 2331 cietera
2405 2279 2600 2346 quibus
2645 2293 2782 2348 opus
2810 2277 3096 2346 habebant
3133 2277 3236 2338 illis
3279 2279 3464 2348 imper

1902 2360 2067 2418 tiens.
2094 2364 2398 2436 Aliquantis
2425 2381 2554 2438 ergo
2585 2367 2774 2423 diebus
2797 2369 2970 2438 equis,
3000 2382 3136 2438 quos
3157 2368 3478 2436 adduxerat,

1897 2472 1930 2512 tt
1975 2455 2162 2512 labore
2195 2455 2408 2512 itineris
2449 2457 2728 2522 recreatis,
2765 2468 3039 2527 comperto
3091 2457 3233 2526 quod
3263 2457 3480 2512 Arabici

1897 2557 1960 2604 et
1984 2544 2250 2612 Aititani,
2303 2547 2394 2616 qui
2445 2545 2642 2600 Arabia
2693 2555 2750 2600 et
2783 2546 2982 2608 Africa,
3021 2547 3176 2616 quasi
3219 2545 3476 2620 auxilium

1901 2645 2058 2700 laturi
2088 2636 2490 2708 Siciliensibus,
2505 2653 2668 2694 causa
2695 2638 2932 2692 lucrandi
2960 2641 3312 2704 advenerant,
3337 2640 3476 2708 apud

1901 2733 2152 2792 Casu-um
2196 2736 2420 2792 Joannis
2449 2753 2619 2808 usque
2660 2735 2726 2786 atl
2757 2727 3085 2798 quingentos
3117 2741 3480 2786 morarentur,

1904 2826 2131 2894 cupiens
2160 2825 2394 2896 experiri
2422 2827 2577 2896 cujus
2607 2825 2852 2881 valentia:
2878 2843 3064 2881 eorum
3095 2825 3287 2882 militia
3311 2834 3476 2898 esset.

1904 2916 2031 2972 illuc
2059 2932 2246 2972 versus
2272 2917 2444 2972 aciem
2471 2917 2674 2987 dirigit,
2703 2917 3037 2986 praemittens
3081 2915 3358 2970 Serlonem
3387 2933 3484 2968 ne-

1905 3015 2083 3074 potem
2108 3023 2261 3062 suum
2299 3021 2422 3062 cum
2453 3008 2670 3078 triginta
2697 3007 2976 3072 militibus,
3013 3008 3102 3076 qui
3147 3023 3205 3062 se
3237 3016 3362 3060 ante
3392 3025 3482 3060 ca-

1830 3099 1881 3164 ο
1909 3105 2080 3152 stium
2117 3099 2483 3162 ostendentes,
2524 3107 2798 3152 extractos
2834 3098 2900 3150 ad
2951 3107 3225 3150 certamen
3275 3097 3480 3150 excita-

1907 3195 2062 3250 rent;
2109 3186 2221 3256 ipse
2266 3201 2388 3240 cum
2435 3187 2642 3241 caeteris
2689 3186 2742 3240 in
2772 3186 3001 3254 quodam
3033 3185 3150 3240 loco
3189 3185 3240 3238 in
3273 3185 3479 3238 insidiis

1906 3275 2080 3328 latens
2107 3273 2430 3336 occultatur,
2462 3283 2518 3326 ut
2543 3273 2667 3328 dum
2693 3289 2817 3330 suos
2843 3289 2907 3328 ex
2933 3274 3192 3328 industria
3225 3273 3479 3327 simulato

1907 3363 2100 3432 timore
2126 3361 2482 3430 l‘ugientesilli
2505 3362 2682 3416 acrius
2721 3372 3196 3432 persequerentur,
3228 3363 3363 3434 ipse,
3400 3363 3482 3416 in-

1903 3463 2118 3524 sperato
2141 3467 2169 3506 a
2207 3451 2324 3506 ioco
2349 3451 2663 3506 insidiarum
2709 3467 3088 3522 prorumpens,
3119 3453 3322 3516 hostes,
3368 3451 3481 3506 lon-

1907 3545 2024 3616 gius
2061 3559 2089 3596 a
2137 3553 2318 3597 castro
2367 3543 2692 3608 subtractos,
2721 3541 2930 3598 facilius
2973 3549 3280 3611 occuparet.
3336 3543 3480 3610 Quos

1905 3633 2137 3696 Arabici,
2168 3633 2258 3702 qui
2299 3633 2350 3686 in
2377 3641 2559 3687 castro
2609 3642 2784 3692 erant.
2817 3633 3029 3688 eminus
3072 3633 3365 3687 adventare
3400 3634 3480 3686 vi-

1907 3727 2116 3791 dentes,
2153 3725 2392 3780 maximo
2435 3725 2633 3794 impetu
2678 3733 3090 3794 prorumpentes
3145 3723 3286 3778 obvii
3335 3731 3478 3785 sunt,

1905 3815 2170 3886 fugientes
2183 3825 2594 3886 persequuntur.
2611 3818 2951 3888 accingentes
2967 3817 3184 3872 diruunt
3206 3817 3256 3870 in
3277 3826 3482 3870 tantum

1907 3918 1965 3962 ut
2001 3909 2066 3962 ad
2113 3907 2288 3964 locum
2341 3907 2658 3963 insidiarum
2707 3924 2812 3964 non
2862 3909 2966 3964 nisi
3008 3909 3114 3962 duo
3147 3905 3224 3962 ex
3281 3908 3508 3978 nosuis

1907 4001 2054 4056 illaesi
2092 3999 2457 4072 pervenitent.
2505 3999 2672 4056 Porro
2699 4015 2902 4062 comes,
2933 4016 3058 4054 suos
3091 4014 3228 4067 quos
3275 3997 3486 4068 praemi-

1907 4101 2053 4148 serat
2100 4108 2168 4145 ex
2216 4099 2369 4162 parte
2413 4100 2621 4160 captos,
2680 4106 2744 4145 ex
2801 4099 2954 4158 parte
2986 4088 3222 4157 deiectos
3274 4087 3506 4160 videns,

1909 4182 2123 4236 leonino
2175 4181 2378 4252 impetu
2433 4181 2502 4236 ab
2565 4179 2776 4234 insidiis
2831 4193 3186 4248 prorumpens
3241 4175 3483 4232 hostibus

1908 4271 2167 4337 occurrit,
2195 4281 2471 4326 certamen
2505 4270 2644 4333 iniit,
2675 4269 2888 4325 fortiter
2916 4270 3168 4338 utrinque
3204 4265 3486 4336 congredi-

1909 4367 2026 4424 tur;
2069 4359 2161 4412 sed
2191 4373 2220 4412 a
2270 4359 2429 4428 longo
2459 4365 2512 4413 et
2548 4357 2658 4412 acri
2688 4357 2984 4412 certamine
3031 4356 3244 4412 tandem
3277 4369 3504 4417 comem,

1914 4450 2021 4502 Deo
2045 4450 2146 4504 sibi
2173 4450 2422 4520 propitio,
2448 4451 2672 4522 paganis
2695 4450 3025 4522 fugientibus
3047 4451 3218 4504 victor
3236 4447 3464 4504 etlicitur

1911 4539 2105 4596 llostes
2152 4551 2425 4598 extremos
2475 4557 2719 4612 quosque
2769 4541 3023 4598 caedendo
3071 4541 3189 4611 plus
3237 4537 3490 4594 milliaria

1910 4633 2231 4706 insequitur.
2267 4634 2466 4706 Spoliis
2493 4643 2741 4698 onustus,
2767 4635 2920 4688 belus
2948 4633 3085 4704 apud
3122 4632 3376 4690 Trainatn
3399 4645 3487 4684 re-

1910 4725 2161 4782 vertitur.
2209 4726 2349 4783 Urbs
2389 4727 2582 4794 gaudio
2631 4726 2888 4796 repletur.
2939 4723 3240 4796 Volensque
3279 4722 3520 4790 Siculos

1912 4815 2148 4885 undique
2175 4819 2464 4878 lacessere,
2488 4813 2779 4869 Calabutor
2808 4812 2956 4883 (151)
2980 4814 3279 4883 praedatum
3309 4810 3492 4864 vadit.

1913 4907 2054 4960 unde
2087 4911 2299 4965 rediens
2323 4919 2512 4959 versus
2539 4903 2744 4959 Roccas
2783 4903 2959 4960 Castri
2997 4902 3250 4964 Joannis.
3282 4903 3324 4958 si
3357 4898 3499 4954 forte
3527 4957 3530 4962 .

1910 4999 2178 5059 Arabicos
2201 5019 2229 5058 a
2255 5007 2435 5058 castro
2462 4998 2748 5050 extrahere
2789 5008 2992 5066 posset,
3021 4981 3301 5057 attentans
3331 4989 3501 5047 maxi-

1915 5104 2058 5145 mam
2084 5097 2318 5160 praedam
2365 5087 2596 5142 reduxit.
2647 5087 3032 5144 Profundiores
3082 5091 3272 5164 itaque
3314 5090 3502 5157 paries
