4010 5230
541 389 600 446 ιἸ
611 392 679 447 39
1392 382 1737 440 CAUFREDI
1778 381 2115 438 MALATERI

2217 381 2224 434 '.
2263 374 2568 435 MONACHI
2620 367 2977 427 BENEDICT.
3669 354 3808 412 μω

541 506 793 575 pecorum
821 507 1060 572 accepta,
1087 501 1326 570 captivos
1345 497 1604 569 plurimos
1619 512 1801 552 secum
1826 497 2112 560 reducens,
2146 501 2188 558 Α
2219 491 2354 564 grati
2394 489 2705 550 existendo,
2759 495 2937 540 tamen
2976 477 3094 550 ejus
3134 482 3379 575 creatura
3409 478 3612 575 leuant.
3664 470 3809 575 Deus

544 596 682 664 apud
709 597 907 650 Avator
935 593 1080 665 (I35)
1125 591 1413 660 hospitium
1443 590 1694 659 sumpsit.
1725 589 1778 642 lu
1818 587 2114 642 crastinum

545 689 743 751 autem,
769 687 892 756 quia
915 701 1014 756 pro
1038 683 1369 756 longitudine
1399 683 1607 737 itineris
1643 690 1696 734 et
1728 680 1908 735 calore
1966 679 2114 733 nimii

542 791 724 845 astus,
749 779 843 836 sed
870 788 924 834 et
953 794 1104 849 aqua:
1142 778 1387 848 penuria,
1421 776 1599 847 plures
1627 789 1797 844 equos
1837 774 2112 833 amiserat,

545 870 682 942 apud
713 869 770 925 S.
797 869 1031 926 Felicem
1063 875 1405 939 pernoctans,
1440 864 1563 919 inde
1590 863 1842 918 Trainam
1875 861 2040 917 venit.

1074 1009 1299 1066 CAPUT
1349 1008 1586 1065 XXXIII.

632 1145 636 1148 '
719 1132 920 1187 Bellum
950 1132 1158 1186 Cerami
1198 1131 1286 1186 ubi
1314 1130 1373 1186 S.
1400 1128 1652 1200 Georgius
1681 1129 1945 1199 apparuit.

565 1235 572 1262 ῖ
617 1220 856 1276 Africani
877 1235 1006 1291 ergo
1025 1231 1079 1275 et
1099 1220 1334 1281 Arabici.
1353 1235 1474 1274 cum
1498 1218 1869 1273 Siciliensibus
1889 1215 2121 1288 plurimo

545 1311 786 1366 exercitu
815 1311 1146 1382 congregati,
1171 1320 1230 1365 ut
1250 1309 1444 1366 bellum
1468 1309 1652 1363 comiti
1679 1307 1934 1372 inferant,
1961 1304 2124 1360 adve—

546 1405 662 1458 nire
679 1403 1012 1467 nuntiantur,
1039 1416 1180 1458 anno
1205 1400 1362 1456 Verbi
1387 1397 1654 1454 lncarnati
1673 1397 1956 1452 millesimo
1967 1411 2123 1451 sexa-

546 1490 750 1556 gesimo
780 1489 966 1553 tertio;
997 1489 1192 1557 quibus
1231 1502 1412 1542 comes
1449 1501 1572 1540 cum
1599 1485 1711 1539 suis
1753 1484 2007 1538 alacriter
2033 1497 2124 1538 oc-

547 1597 773 1637 currens
809 1581 861 1635 in
886 1595 1144 1637 cacumen
1176 1577 1418 1648 ejusdem
1468 1577 1666 1632 montis
1693 1591 1852 1646 super
1902 1573 2123 1628 ﬂuvium

545 1668 781 1732 Ccrami,
815 1676 872 1721 ut
893 1681 986 1722 eos
1011 1667 1219 1736 plenius
1249 1665 1600 1735 prospiceret,
1632 1663 2126 1728 ascendit,videns-

547 1776 653 1832 que
691 1775 782 1814 eos
812 1769 962 1814 trans
988 1758 1185 1814 (lumen
1216 1759 1266 1812 in
1303 1757 1592 1828 supercilio
1631 1755 1852 1810 alterius
1903 1753 2119 1815 montis,

2218 560 2366 646 suus,
2393 582 2630 651 inquam,
2659 579 2780 632 dico
2811 572 3104 630 secundum
3132 567 3260 622 illud
3280 565 3422 636 quod
3455 564 3525 618 ab
3544 560 3808 632 Apostqu

2217 669 2550 729 instruimur,
2581 665 2669 721 ubi
2697 665 2770 718 ait
2796 679 2812 717 :
2848 660 2987 715 Nam
3039 660 3172 713 idem
3211 657 3348 712 Deus
3373 655 3634 716 omnium,
3661 652 3809 704 dim

2217 762 2271 814 in
2301 774 2477 813 omnes
2528 757 2615 828 qui
2660 757 2901 808 invocant
2949 748 3122 804 illum.
3171 746 3323 814 Quod
3351 744 3397 798 si
3431 741 3634 812 aliquis
3664 741 3808 795 hanc

2219 849 2542 907 sententiam
2601 840 2996 900 dialectizando
3057 834 3496 894 commutabilem
3553 838 3811 885 astruere

2221 939 2524 1003 tentaverit,
2556 935 2781 989 dicens:
2825 930 2881 986 Si
2909 931 3059 984 dives
3083 937 3164 984 est
3202 925 3341 979 Deus
3367 924 3543 978 itreos
3578 921 3676 990 qui
3722 920 3807 972 iu-

2219 1043 2412 1087 vocant
2433 1031 2605 1093 illum,
2632 1025 2886 1095 consequi
2913 1029 3125 1094 oportet
3148 1029 3207 1074 ut
3247 1031 3450 1088 pauper
3489 1015 3566 1069 sit
3610 1013 3668 1067 in
3714 1026 3814 1067 eos

2220 1122 2310 1191 qui
2337 1136 2443 1176 non
2465 1119 2714 1174 invocant
2739 1115 2909 1179 illum,
2947 1110 3376 1181 respondendum
3413 1113 3502 1162 est
3532 1105 3662 1174 quia
3691 1102 3815 1158 Dei-

2223 1223 2307 1267 tas
2338 1212 2450 1281 ipsa
2481 1215 2831 1280 augmentum
2861 1205 2945 1259 vel
2992 1203 3371 1258 detrimentum
3415 1211 3525 1251 non
3572 1195 3808 1266 patitur,

2224 1317 2323 1356 nec
2372 1301 2426 1355 in
2474 1309 2666 1354 natura
2707 1311 2803 1352 sua
2847 1293 3042 1364 recipit
3087 1290 3260 1358 magis
3307 1287 3392 1342 vel
3448 1285 3658 1347 minus,
3716 1284 3814 1338 sed

2223 1406 2436 1461 semper
2487 1391 2544 1445 in
2589 1390 2778 1444 eodem
2835 1395 2978 1442 statu
3034 1396 3355 1455 permanens
3411 1379 3495 1433 sui
3555 1388 3816 1446 peraeque

2222 1481 2402 1537 omnia
2424 1486 2623 1550 potest.
2649 1477 2707 1532 Si
2744 1485 2922 1531 autem
2963 1487 3252 1545 pauperem
3298 1470 3480 1525 dicere
3529 1464 3815 1521 concludi-

2225 1586 2364 1633 mur,
2395 1583 2499 1623 non
2544 1576 2724 1622 tamen
2750 1563 3120 1634 quantumlad
3161 1562 3356 1631 ipsum,
3396 1557 3491 1611 sed
3541 1563 3814 1624 quantum

2225 1664 2291 1717 ad
2317 1662 2437 1717 illos
2458 1661 2548 1731 qui
2576 1676 2635 1716 se
2660 1659 2904 1729 indignos
2923 1655 3178 1712 exhibent
3198 1652 3398 1722 quibus
3416 1645 3816 1702 misericordia:

2225 1768 2335 1808 suae
2363 1752 2575 1806 divitias
2617 1751 2757 1805 Deus
2799 1747 3156 1818 impertiatur.
3184 1742 3378 1798 Comes
3421 1740 3613 1808 itaque
3650 1749 3816 1804 nepo-

552 1851 755 1904 diutius
791 1849 1097 1904 alternatim
1145 1849 1342 1914 intuiti,
1375 1864 1472 1904 nec
1500 1848 1583 1902 his
1617 1862 1804 1902 versus
1841 1845 1980 1910 illos,
2025 1858 2123 1898 nec
2152 1839 2197 1900 Β
2228 1855 2331 1901 tem
2359 1845 2695 1910 subsecutus,
2743 1858 2865 1898 cum
2916 1849 3131 1896 centum
3179 1835 3444 1892 militibus
3497 1831 3814 1887 Ceramiuut

550 1939 682 1995 illis-
712 1955 900 1995 versus
954 1939 1055 1993 hos
1106 1939 1528 2002 transeuntibus,
1575 1935 1861 1996 Sarraceni
1913 1934 2121 2005 priores

545 2029 724 2084 locum
773 2039 1063 2091 mutantes,
1121 2030 1186 2084 ad
1237 2045 1331 2084 sua
1373 2038 1570 2093 castra,
1621 2029 1817 2098 quibus
1865 2027 2120 2098 hospitali

546 2127 718 2182 erant,
750 2119 1157 2185 regrediuntur;
1185 2135 1367 2174 comes
1403 2135 1532 2174 vero
1575 2119 1713 2190 apud
1757 2117 2008 2173 Trainam
2036 2132 2120 2172 re-

544 2210 792 2264 vertitur.
822 2207 912 2264 Sic
936 2210 1132 2273 triduo,
1174 2208 1391 2266 ﬂumine
1428 2211 1764 2280 interposito,
1793 2225 1910 2265 sese
1934 2220 2118 2265 mutuo

543 2298 955 2367 conSpicientes,
987 2314 1086 2352 nec
1125 2299 1198 2352 illi
1229 2314 1416 2354 versus
1462 2299 1593 2354 istos
1641 2299 1871 2354 transire
1919 2297 2117 2353 flumen

540 2389 958 2458 praesumebant.
991 2389 1045 2444 in
1081 2400 1274 2460 quarto
1322 2407 1449 2447 vero
1477 2391 1562 2446 die
1605 2390 1890 2447 Sarraceni
1939 2399 2116 2446 castra

541 2489 960 2543 commoventes,
1001 2497 1067 2537 ne
1113 2483 1360 2549 ulterius,
1403 2483 1554 2553 quasi
1591 2483 1658 2538 ad
1687 2493 1896 2552 tergum
1946 2490 2117 2539 retro-

540 2571 689 2641 gradi
718 2571 1048 2638 viderentur,
1087 2573 1138 2628 in
1164 2584 1344 2630 monte
1374 2589 1480 2644 quo
1509 2590 1692 2639 segam
1735 2575 1912 2630 triduo
1932 2583 2114 2630 osten-

541 2671 808 2728 taverant,
860 2665 1227 2722 castrametati
1266 2673 1411 2719 sunt.
1474 2663 1652 2720 Nostri
1698 2679 1828 2720 vero
1867 2663 2116 2719 hostilem

543 2752 852 2812 aliinitatem
885 2755 1083 2811 diutius
1121 2757 1484 2828 impugnatam
1510 2755 1652 2811 ferre
1695 2757 1955 2820 nolentes,
1993 2771 2114 2811 cum

541 2863 732 2918 magna
761 2848 1062 2913 devotione,
1093 2850 1420 2920 presbyteris
1445 2850 1691 2912 testibus.
1723 2848 1832 2905 Deo
1859 2848 2113 2915 confessi,

540 2941 858 3008 paenitentia
883 2949 1122 3009 accepta,
1168 2941 1260 2995 Dei
1294 2942 1630 2996 miserationi
1671 2956 1793 2996 sese
1840 2956 2115 2996 commen-

539 3033 754 3094 dantes,
782 3031 920 3085 etde
965 3032 1080 3101 ejus
1115 3032 1316 3086 auxilio
1355 3033 1564 3096 conﬁsi,
1613 3032 1812 3087 bellum
1870 3029 2116 3088 hostibus

541 3118 741 3182 inferre
764 3119 983 3174 vadunt.
1015 3120 1118 3176 Sed
1157 3121 1328 3176 media
1374 3121 1456 3176 via
1490 3122 1677 3176 nuntio
1715 3129 1934 3190 accepto
1973 3120 2113 3190 quod

543 3211 850 3268 Ceramium
899 3214 967 3268 ab
1015 3213 1258 3269 hostibus
1304 3215 1729 3286 impugnaretur,
1761 3213 1885 3268 illuc
1937 3227 2116 3268 comes

542 3305 712 3360 aciem
745 3305 951 3376 dirigit,
992 3305 1378 3376 Serlonemque
1414 3313 1662 3376 nepotem
1710 3303 1825 3374 ejus
1849 3321 1972 3359 cum
2023 3304 2116 3358 tri-

538 3399 685 3468 ginta
745 3397 1004 3454 militibus
1053 3398 1438 3474 prtetermittit,
1486 3407 1544 3452 ut
1591 3405 1830 3453 castrum
1885 3397 2114 3462 intrans,

536 3485 872 3544 defendendo
895 3488 1065 3542 donec
1087 3488 1201 3557 ipse
1231 3489 1433 3551 veniat,
1475 3487 1758 3547 sustineat.
1813 3486 1946 3541 Cum
1990 3498 2118 3540 ceu-

540 3584 652 3630 tum
683 3576 966 3644 militibus,
992 3593 1097 3632 non
1145 3578 1288 3633 enim
1317 3578 1546 3649 amplius
1577 3578 1825 3644 habebat,
1850 3578 1963 3648 ipse
1987 3578 2116 3633 sub-

538 3669 802 3738 sequitur.
839 3668 993 3724 Serlo
1030 3685 1157 3725 vero
1185 3680 1421 3726 castrum
1467 3672 1776 3741 ingressus,
1825 3670 2115 3725 adventum

539 3759 921 3828 subsequentis
967 3762 1214 3816 avunculi
1271 3763 1492 3818 minime
1548 3764 1824 3829 sustinuit,
1873 3762 1966 3818 sed
2020 3778 2117 3832 per

541 3856 745 3918 portas,
792 3857 848 3903 ut
899 3850 982 3905 lco
1028 3848 1365 3919 furibundus,
1417 3853 1470 3907 in
1517 3854 1700 3908 hostes
1740 3869 2113 3924 prorumpens,

538 3936 736 3992 multas
780 3944 988 4007 strages
1024 3937 1219 4003 dando,
1267 3957 1388 3996 cum
1434 3943 1652 4012 triginta
1701 3943 1861 3997 millia
1909 3951 2112 4011 essent,

537 4024 778 4094 exceptis
798 4027 1088 4095 peditibus,
1136 4043 1364 4096 quorum
1408 4029 1614 4088 infinita
1643 4040 1762 4086 erat
1807 4031 2111 4100 multitudo,

541 4117 681 4185 quod
722 4117 918 4171 mirum
959 4118 1158 4177 dictum
1199 4126 1298 4181 est,
1348 4120 1463 4190 ipse
1519 4121 1735 4191 triginta
1775 4136 1870 4178 sex
1915 4122 2115 4182 milites

536 4205 738 4264 habens
772 4220 962 4264 omnes
998 4207 1049 4261 in
1099 4207 1275 4279 fugam
1318 4211 1499 4265 vertit.
1532 4210 1646 4267 Hoc
1688 4212 1831 4266 facto
1866 4222 2115 4283 patenter

533 4312 861 4369 cognoscere
883 4312 1168 4368 possumus
1195 4299 1361 4356 Deum
1397 4303 1597 4358 nostris
1629 4303 1893 4359 fautorem
1923 4303 2110 4361 fuisse.

538 4384 665 4442 Nam
695 4386 943 4442 humana:
978 4389 1121 4444 vires
1150 4399 1254 4444 tam
1295 4407 1547 4464 magnum
1599 4394 1729 4464 quid
1759 4404 1974 4466 tamque
2019 4412 2112 4452 no-

2222 1940 2444 1993 veniens
2469 1937 2758 2005 hostesque
2780 1949 2809 1988 a
2833 1941 3025 2002 nepote
3039 1929 3276 1985 devictos
3297 1937 3664 1995 cegnoseens,
3686 1921 3814 1974 dum

2223 2027 2496 2097 subsequi,
2531 2034 2587 2080 ut
2617 2024 2826 2095 plenius
2853 2021 3126 2084 devincat,
3159 2017 3447 2078 deliberat,
3479 2011 3816 2082 quibusdam

2221 2133 2285 2172 ex
2316 2117 2508 2171 timore
2531 2111 2940 2170 dehortantibus
2965 2119 3020 2165 et
3047 2107 3296 2164 suﬂicere
3324 2105 3426 2161 sibi
3462 2100 3756 2157 victoriam
3783 2113 3815 2150 a

2223 2208 2333 2262 Deo
2376 2219 2471 2275 per
2506 2212 2754 2274 nepotem
2807 2201 3004 2256 factam
3036 2197 3358 2260 dicentibus,
3390 2209 3461 2248 ne
3491 2191 3639 2246 forte
3669 2189 3811 2243 ultra

2219 2297 2548 2368 insequendo
2585 2295 2962 2367 progrediatur
2998 2294 3210 2348 fortuna
3259 2287 3508 2344 rotabilis
3534 2296 3595 2340 et
3635 2285 3688 2338 in
3719 2284 3810 2336 de-

2222 2390 2390 2444 terius
2445 2389 2620 2452 cedat,
2675 2384 2915 2442 Ursellus
2957 2384 3026 2439 de
3075 2381 3242 2436 Baliol
3287 2377 3606 2449 exploranti
3661 2371 3815 2446 (134)

2219 2480 2398 2535 comiti
2439 2478 2819 2534 interminatus
2841 2483 2925 2529 est
2953 2487 3012 2527 se
3044 2484 3322 2541 nunquam
3349 2467 3432 2522 vel
3459 2468 3535 2521 ibi
3559 2466 3647 2519 vel
3673 2468 3818 2522 alias

2217 2573 2318 2628 sibi
2351 2570 2608 2625 auxilium
2655 2568 2910 2628 laturum,
2943 2563 3044 2618 nisi
3074 2569 3351 2618 certamen
3383 2574 3512 2614 cum
3557 2557 3811 2612 hostibus

2221 2665 2384 2718 ineat.
2427 2661 2578 2729 Quod
2627 2672 2810 2715 comes
2855 2656 3080 2710 audiens
3125 2649 3542 2708 dehortantibus
3591 2649 3810 2717 quidem

2219 2752 2384 2809 multa
2443 2750 2685 2807 convicia
2741 2747 2912 2802 iratus
2960 2743 3163 2807 intulit,
3212 2740 3482 2810 citiusque
3539 2740 3808 2803 hostibus,

2217 2857 2405 2899 versus
2436 2851 2614 2898 castra
2639 2855 2846 2903 eorum,
2871 2838 2999 2893 illuc
3017 2836 3162 2892 enim
3206 2833 3565 2904 aufugerunt,
3607 2831 3807 2886 bellum

2215 2937 2410 2992 oll‘erre
2460 2934 2628 2989 vadit.
2674 2932 2844 2988 Porro
2890 2929 3000 2994 illi,
3056 2927 3261 2982 viribus
3295 2925 3618 2994 resumptis,
3677 2924 3808 2977 duas

2217 3033 2362 3087 acies
2408 3047 2475 3086 ex
2506 3044 2627 3085 sese
2663 3026 2926 3082 facientes
2971 3021 3171 3078 nostris
3220 3021 3483 3074 audacter
3520 3032 3806 3073 occurrere

2168 3183 2185 3204 η
2218 3126 2540 3182 accelerant.
2600 3122 2798 3177 Comes
2852 3117 3015 3174 etiam
3075 3112 3331 3170 similiter
3391 3109 3532 3165 duos
3600 3123 3800 3164 cuneos

2143 3186 2187 3245 Ο
2218 3220 2423 3274 faciens
2473 3231 2541 3271 ex
2593 3213 2729 3276 suis,
2779 3224 2942 3265 unum
2981 3205 3186 3276 nepoti,
3214 3211 3269 3257 et
3311 3199 3555 3263 Ursello,
3600 3210 3658 3254 et
3699 3199 3810 3252 Aris

2217 3320 2373 3381 sgoto
2414 3307 2481 3362 de
2531 3302 2791 3367 Puteolis,
2843 3306 2904 3355 ut
2947 3297 3316 3369 praecedentes
3359 3293 3542 3362 primo
3589 3291 3805 3381 feriant,

2218 3379 2513 3467 delegavit;
2560 3394 2672 3464 ipse
2721 3405 2845 3446 cum
2892 3387 3063 3442 altero
3105 3387 3465 3453 subsequens,
3525 3379 3806 3441 bellatum,

2219 3491 2384 3544 Deum
2421 3485 2523 3539 sibi
2561 3483 2860 3552 adiutorem
2891 3478 3170 3540 invocans,
3197 3473 3364 3529 vadit.
3406 3471 3598 3525 Prima
3628 3481 3807 3523 autem

2217 3581 2361 3636 acies
2392 3591 2579 3633 eorum
2611 3573 2886 3628 Serlonem
2922 3583 3044 3624 cum
3099 3565 3274 3636 prima
3327 3563 3447 3617 acie
3489 3570 3684 3616 nostra
3719 3561 3813 3613 de.

2215 3673 2505 3737 clinando,
2566 3674 2803 3722 montem
2860 3673 3022 3731 super
3074 3665 3288 3713 nostros
3351 3653 3658 3724 praeripere
3711 3667 3808 3705 ro-

2217 3764 2350 3826 lens,
2401 3760 2604 3816 ultimas
2641 3754 2777 3810 aciei
2803 3761 3017 3812 nostrae,
3081 3762 3244 3818 quam
3299 3760 3488 3801 comes
3554 3743 3807 3807 ducebat,
3847 3814 3851 3816 η

2216 3851 2471 3912 occurrit.
2509 3849 2704 3903 Cautes
2745 3857 2904 3913 ergo,
2955 3850 3012 3895 et
3039 3838 3276 3896 Ursellus
3315 3836 3383 3892 de
3429 3832 3606 3888 Baliol
3662 3830 3808 3901 (135)

2216 3961 2344 4002 suos
2397 3942 2558 3999 solito
2625 3934 3080 3993 formidolosiores
3150 3945 3259 4002 pra:
3321 3927 3495 3984 nimia
3565 3925 3807 3980 multitu-

2215 4035 2342 4091 dine
2389 4032 2621 4087 hostium
2686 4042 2845 4098 quam
2886 4023 3232 4080 incurrebant
3297 4017 3463 4090 (156)
3515 4017 3802 4076 videntes.

2217 4125 2410 4179 talibus
2438 4117 2904 4180 exhortationibus
2943 4114 3191 4169 timorem
3238 4109 3306 4164 ab
3349 4108 3487 4179 ipsis
3547 4116 3804 4162 excutere

2215 4212 2528 4269 nitebantur
2553 4225 2565 4263 :
2593 4207 2827 4275 Arngite
2856 4203 3067 4258 animos
3102 4199 3250 4268 (157)
3297 4205 3536 4260 vestros,
3557 4211 3596 4250 ο
3627 4195 3817 4250 ἴοι-ηδτ

2213 4302 2337 4359 simi
2364 4298 2686 4358 Christianae
2705 4293 2911 4350 militia
2931 4293 3152 4348 tirones.
3183 4289 3386 4344 Omnes
3403 4286 3620 4340 Christi
3653 4284 3806 4339 titulo

2215 4389 2457 4462 insigniti
2487 4402 2692 4450 smnus,
2723 4383 2871 4454 (158)
2903 4382 2994 4451 qui
3019 4397 3125 4435 non
3173 4379 3390 4434 deseret
3434 4376 3799 4446 signaculum,

532 4477 660 4533 stris
693 4478 1024 4553 temporibus
1062 4480 1360 4537 inauditum
1397 4499 1495 4538 nec
1517 4499 1843 4554 prazsumere
1868 4487 2109 4558 quidem,
2143 4517 2189 4577 Β
2215 4482 2320 4537 nisi
2353 4479 2500 4550 (159)
2525 4477 2783 4536 offensus.
2816 4473 2957 4527 Deus
2989 4481 3201 4534 noster.
3235 4468 3379 4522 Deus
3409 4467 3644 4529 deorum
3698 4482 3804 4520 0th

623 4570 634 4577 .
882 4571 904 4577 -
1196 4573 1207 4577 -
1417 4575 1432 4577 -
2257 4573 2266 4577 _
2653 4576 2656 4577 ν
2731 4566 2742 4577 .
2787 4566 2797 4576 .
3061 4563 3071 4574 .
3451 4559 3496 4577 .,
3531 4559 3636 4577 ..-η
3679 4554 3774 4577 ,ιω

534 4570 730 4628 nedum
773 4571 1033 4643 perlicere
1061 4573 1381 4644 potuissent.
1411 4575 1466 4631 Si
1495 4587 1675 4633 autem
1697 4596 1818 4634 cum
1850 4581 2110 4652 propheta

531 4661 863 4718 admirantes
903 4665 1227 4733 requirimus
1257 4668 1516 4740 quomodo
1550 4671 1950 4740 persequebatur
1976 4688 2111 4727 unus

530 4749 693 4817 milia,
724 4767 845 4808 nam
874 4754 977 4808 hoc
1006 4755 1145 4820 istis,
1176 4764 1234 4810 ut
1257 4756 1528 4826 quondam
1557 4757 1680 4814 filiis
1716 4758 1878 4815 lsrael
1925 4775 2113 4830 prove-

531 4840 674 4895 nisse
704 4843 1098 4911 cognoscimus,
1129 4843 1368 4916 profecto
1407 4847 1827 4920 nobismetipsis,
1869 4863 1933 4904 ex
1964 4849 2110 4918 ejus-

527 4931 650 4978 clem
691 4933 964 4978 nmnhntm
1003 4936 1191 4978 vnrliic,
1238 4937 1444 4978 nhc.’nn
1475 4938 1753 4978 ηιιιιιιΙρρίη
1786 4941 2108 4978 rncnnnrlora

2215 4573 2464 4641 nipotens
2487 4578 2590 4633 est,
2613 4576 2666 4622 et
2696 4566 2764 4622 ab
2785 4566 2902 4634 ipso
2927 4563 3106 4620 omnis
3130 4561 3222 4631 qui
3250 4559 3397 4630 (140)
3431 4559 3501 4612 de
3531 4559 3644 4612 Deo
3672 4554 3801 4610 ditii-

2215 4665 2372 4726 deus,
2418 4659 2642 4716 conlidit
2686 4656 2835 4728 (Nl)
2887 4655 2942 4710 in
2997 4652 3233 4716 homine,
3263 4660 3321 4704 et
3368 4649 3528 4718 ponit
3581 4662 3800 4704 carnem

2213 4757 2497 4812 brachium
2543 4769 2722 4808 suum.
2777 4750 2969 4806 Omnia
3015 4762 3179 4818 regna
3233 4745 3418 4800 mundi
3473 4743 3575 4798 Dei
3634 4741 3797 4796 nostri

2212 4857 2356 4912 sunt,
2387 4856 2440 4902 et
2481 4846 2676 4916 quibus
2721 4843 2864 4898 volet
2898 4844 3012 4910 ipse
3056 4837 3394 4908 impertietur
3419 4833 3614 4904 (112).Δ
3659 4835 3799 4890 Gens

2213 4943 2314 4978 iam
2349 4942 2458 4978 “nn
2495 4937 2711 4978 ralmllic
2739 4942 2838 4978 ρει-
2868 4941 2920 4978 et
2944 4932 3105 4978 vires-
3129 4943 3252 4978 uua:
3279 4941 3309 4978 τι.
3341 4926 3452 4978 Ξὶπ
3469 4941 3580 4978 non
3605 4941 3795 4978 reamu-
