4010 5230
219 366 354 422 Illi

1357 362 1679 422 HISTORIA
1720 363 1984 423 SlCULA.
2022 394 2093 406 --
2131 364 2257 422 uo.
2294 366 2357 423 ll.

3344 367 3482 430 1143

215 484 542 538 subsistere.
574 482 816 546 Gedeon,
875 481 984 552 [uia
1011 481 1076 536 de
1103 479 1198 534 Dei
1229 482 1429 537 auxilio
1457 498 1562 536 non
1595 483 1804 535 dubita-
1830 506 1878 561 Α
1913 484 2156 542 camelos
2199 494 2452 554 quatuor,
2497 498 2634 550 quos
2675 482 2814 535 inter
2856 479 3058 550 reliqua
3103 478 3293 549 spolia,
3320 479 3480 535 hoste

218 574 320 636 vit,
353 573 407 626 itt
455 574 642 642 paucis
672 572 839 626 multa
887 571 1051 627 millia
1109 571 1344 628 hostium
1391 573 1605 627 stravit.
1656 570 1794 626 Dum

217 672 242 716 t
263 661 352 716 :lia
381 677 570 718 versus
589 670 864 718 certamen
890 663 1229 733 properando
1256 673 1600 733 perorantur,
1629 677 1797 732 appa-

219 755 332 808 tult
381 753 598 822 quidam
628 768 796 823 eques
833 752 1147 821 splendidus
1203 753 1256 808 itt
1289 754 1476 816 armis,
1511 768 1652 823 equo
1680 752 1804 807 albo

221 845 485 909 insidens,
515 844 696 909 album
732 844 984 899 vexillum
1021 844 1076 900 itt
1110 845 1420 899 summitate
1450 845 1660 900 hastilia
1687 844 1804 898 alli-

220 945 407 1005 gatum
468 935 684 1002 ferens,
708 945 763 990 et
810 935 1044 1007 desuper
1083 935 1415 1006 splendidam
1454 950 1704 998 erucem,
1749 946 1804 990 et

225 1027 383 1096 quasi
407 1041 434 1080 a
463 1037 645 1081 nostra
668 1027 783 1082 acie
809 1026 1180 1098 progrediens.
1212 1035 1270 1079 ut
1298 1035 1514 1082 nostros
1537 1028 1602 1081 ad
1629 1034 1804 1081 certa-

223 1130 349 1170 men
377 1117 736 1186 promptiores
763 1115 1027 1179 redderet,
1057 1113 1348 1170 fortissimo
1372 1114 1570 1183 impetu
1597 1115 1802 1179 hostes,

223 1215 289 1260 ut
309 1204 587 1260 densiores
633 1213 808 1269 erant,
833 1205 1163 1275 irrumpens.
1193 1206 1308 1272 Quo
1335 1205 1448 1259 viso
1474 1205 1643 1259 nostri
1671 1203 1803 1259 hila-

221 1297 399 1350 tiores
426 1294 622 1361 eﬂ‘ecti,
652 1295 820 1350 Deum
852 1306 1206 1366 sanctumque
1258 1293 1544 1367 Georgium
1576 1295 1802 1364 ingemi-

223 1389 404 1442 nando
426 1397 483 1443 et
507 1403 616 1459 pra:
645 1389 839 1456 gaudio
863 1395 1026 1442 tanta!
1045 1388 1266 1442 visionis
1293 1387 1600 1457 compuncti
1631 1385 1805 1458 lacry-

222 1495 344 1535 mas
390 1479 695 1542 lundendo,
731 1479 904 1548 ipsum
957 1478 1346 1549 praet-edentem
1403 1477 1803 1548 promptissime

224 1583 352 1628 sunt
377 1571 766 1627 secuti.Visunt
789 1573 952 1626 etiam
976 1588 1004 1625 a
1029 1569 1269 1642 pluribus
1290 1571 1341 1624 in
1355 1571 1666 1626 summitate
1688 1571 1804 1625 Itas-

218 1667 336 1721 tilis
358 1665 572 1721 comitis
603 1663 855 1721 vexillum
882 1665 1212 1735 dependens,
1247 1679 1459 1718 crucem
1498 1664 1801 1727 continens,

216 1774 256 1812 ξι
287 1757 452 1821 nullo,
484 1755 586 1810 nisi
613 1756 886 1818 divinitus,
914 1755 1239 1824 appositum.
1270 1754 1466 1809 Comes
1489 1769 1640 1824 ergo,
1665 1753 1802 1808 aciei

224 1864 338 1901 snze
373 1847 578 1917 primos
604 1845 945 1910 exhortatus,
977 1845 1266 1898 Arcadium
1298 1845 1363 1899 de
1387 1843 1800 1910 Palerna,suant
1835 1844 1878 1902 Β

227 1940 404 1993 aciem
458 1938 659 1992 nostris
711 1935 1106 2006 exprobrando,
1133 1935 1534 2004 promptissime
1587 1945 1806 1991 antece-

225 2032 466 2093 dentem,
496 2039 552 2083 et
573 2027 875 2100 splendenti
902 2027 1166 2082 elamucio
1200 2043 1308 2098 quo
1353 2042 1450 2097 pro
1479 2027 1644 2082 lorica
1691 2030 1808 2082 uti-

225 2139 350 2176 mur
375 2132 667 2186 armatum,
693 2121 986 2175 certamine
1013 2120 1144 2173 inito
1171 2118 1462 2174 fortissimo
1484 2136 1806 2189 congressu,

227 2218 407 2272 hastili
450 2219 641 2270 robore
693 2217 987 2287 deiectum,
1023 2216 1237 2271 caeteris
1284 2227 1484 2271 metum
1538 2217 1809 2277 incutiens

227 2309 523 2364 inlotfet'il.
558 2309 688 2363 Erat.
719 2309 862 2363 enim
887 2308 1181 2384 intergsuos
1212 2308 1405 2362 ntilitia
1457 2308 1809 2378 prmclarissi-

229 2416 378 2464 mus,
410 2401 495 2454 cui
528 2400 689 2454 etiam
722 2401 988 2454 neminem
1017 2400 1183 2452 armis
1236 2400 1488 2459 cesistere
1527 2415 1685 2470 posse
1713 2416 1808 2470 pn-

227 2490 443 2558 tabant,
465 2499 520 2544 et
541 2485 869 2544 iclamncium
897 2487 1070 2560 (144),
1101 2483 1208 2558 quo
1240 2489 1457 2543 indtttns
1485 2501 1619 2554 erat,
1651 2492 1809 2545 nullis

226 2583 399 2637 armis
438 2592 652 2653 poterat
679 2584 892 2648 violari,
918 2583 1018 2636 nisi
1046 2582 1116 2638 ab
1141 2583 1249 2637 imo
1275 2582 1423 2654 (145)
1463 2584 1514 2638 itt
1563 2584 1810 2653 superius

228 2674 575 2746 impingendo
598 2675 737 2730 inter
759 2676 864 2729 duo
899 2674 1096 2739 ferrea,
1119 2690 1237 2744 qua:
1263 2690 1358 2742 per
1381 2673 1664 2744 juncturas
1689 2691 1810 2728 cum

227 2777 480 2822 catenata
509 2766 656 2838 (HG)
699 2776 842 2829 sunt,
871 2767 1084 2836 ingenio
1113 2767 1290 2835 potius
1313 2781 1475 2835 quam
1508 2765 1556 2818 vi
1589 2764 1810 2818 vitiare-

230 2869 324 2912 tur
351 2857 527 2929 (H7).
559 2856 692 2910 Dum
739 2857 920 2925 itaque
976 2858 1226 2926 utrinque
1266 2855 1480 2911 fortiter
1501 2855 1810 2920 dimicatur,

231 2949 403 3004 nostri
435 2948 640 3003 numeri
683 2949 952 3018 paucitate
1009 2946 1339 3002 multitudini
1391 2948 1682 3003 iutermisti
1740 2950 1811 3002 ita

229 3038 692 3095 concludebantur
717 3047 775 3092 ut
806 3038 890 3091 vix
920 3037 1116 3107 aliquis
1153 3047 1458 3092 nostrorum
1510 3037 1613 3091 nisi
1647 3037 1814 3090 armis

232 3127 334 3184 sibi
389 3127 635 3182 faciendo
664 3127 948 3181 tumultum
1006 3127 1400 3195 interrumpere
1457 3136 1660 3198 posset.
1725 3124 1813 3178 Vi-

1909 578 2239 646 triumpltato
2263 615 2282 640 ,
2307 583 2614 643 acceperat,
2646 572 2952 626 Alexandro
3005 587 3173 642 papa,
3203 572 3300 640 qui
3353 579 3479 626 tunc

1909 667 2169 736 temporis
2217 664 2335 720 vice
2387 664 2530 718 beati
2580 662 2727 718 Petri
2778 664 3070 733 prudenter
3112 673 3170 718 et
3212 662 3480 718 catholico

1907 757 2327 827 exsequebatur,
2360 755 2500 825 apud
2537 754 2763 810 Romam
2796 765 3163 826 repraesentat.
3210 753 3479 824 Apostoli-

1905 866 2002 904 cus
2031 863 2181 911 vero,
2205 847 2326 915 plus
2346 847 2411 900 de
2437 845 2667 901 victoria
2694 861 2724 900 a
2752 846 2861 900 Deo
2890 847 2955 900 de
2977 845 3197 914 paganis
3217 859 3475 899 concessa

1910 955 2072 1008 quant
2105 938 2170 992 de
2211 935 2312 991 sibi
2347 935 2682 990 transmissis
2721 935 2960 990 donariis
2983 936 3223 1006 gavisus,
3247 935 3471 990 benedi-

1902 1019 2082 1084 ctione
2113 1025 2409 1095 apostolica
2433 1035 2489 1080 et
2515 1034 2784 1095 potestate
2810 1040 2914 1094 qua
2945 1026 3219 1089 utebatur,
3249 1023 3468 1079 absolu-

1907 1123 2106 1175 tionem
2138 1119 2204 1174 de
2233 1119 2476 1181 olfettsis,
2505 1119 2551 1173 si
2603 1117 2984 1188 resipiscentes
3014 1116 3066 1170 in
3097 1115 3338 1171 futurum
3388 1130 3477 1170 ca-

1905 1219 2087 1275 veant,
2115 1211 2297 1268 comiti
2319 1219 2374 1265 et
2395 1209 2647 1264 omnibus
2669 1208 2758 1278 qui
2786 1209 2837 1262 in
2873 1207 3127 1262 lucranda
3159 1207 3227 1262 de
3253 1209 3474 1278 paganis

1907 1301 2092 1358 Sicilia
2121 1312 2178 1357 et
2218 1302 2481 1356 lucratam
2521 1300 2575 1354 in
2607 1309 2921 1369 perpetuum
2967 1299 3034 1352 ad
3079 1297 3239 1353 ﬁdem
3274 1297 3476 1353 Christi

1910 1395 2196 1449 retinendo
2247 1392 2645 1447 auxiliareutur
2667 1431 2683 1452 .
2717 1393 2966 1454 mandat,
2995 1389 3390 1459 vexillumque,
3444 1407 3476 1443 a

1905 1486 2148 1541 Romana
2198 1485 2348 1546 sede.
2378 1483 2672 1553 apostolica
2705 1483 3026 1537 auctoritate
3075 1483 3477 1553 consignatum,

1904 1595 2014 1650 quo
2054 1579 2298 1648 prmmio,
2321 1579 2388 1632 de
2419 1576 2563 1632 beati
2599 1575 2745 1630 Petri
2777 1575 2857 1630 ﬁsi
2886 1577 3160 1646 praesidio,
3203 1577 3371 1631 tutius
3423 1577 3475 1630 in

1907 1671 2211 1726 Saracenos
2235 1667 2554 1723 debellaturi
2584 1667 2943 1736 insurgerent.

2439 1824 2666 1882 CAPUT
2706 1823 2946 1881 XXXIV.

1911 1937 2097 1992 Pisoni
2119 1940 2380 2002 centium,
2407 1948 2460 1992 ut
2494 1935 2816 1990 Panormnm
2845 1939 3110 1992 obsessum
3141 1938 3317 2002 vadat,
3347 1938 3480 1991 inui-

2631 2017 2765 2062 tam.

1979 2124 2159 2179 Pisaui
2200 2139 2333 2191 ergo
2362 2132 2717 2186 mercatores,
2749 2123 2841 2192 qui
2873 2139 3068 2194 smptus
3112 2123 3288 2177 navali
3327 2139 3484 2178 corn-

1912 2215 2116 2270 tttercio
2162 2213 2491 2269 Panormum
2541 2212 2808 2266 lueratttm
2860 2214 3044 2267 venire
3100 2213 3241 2268 soliti
3305 2225 3481 2272 erant.

1911 2307 2169 2378 quasdam
2198 2305 2424 2374 injurias
2447 2306 2516 2360 ab
2547 2303 2676 2374 ipsis
2720 2303 3123 2359 Panormitanis
3152 2305 3322 2374 passi,
3370 2308 3496 2358 vin-

1911 2399 2078 2455 dicari
2111 2399 2413 2468 cupientes,
2439 2396 2614 2450 navali
2655 2395 2899 2450 exercitu
2949 2395 3191 2465 undique
3229 2394 3483 2456 conflato.

1913 2491 2028 2545 vela
2050 2506 2146 2560 per
2173 2503 2322 2544 mare
2343 2488 2523 2544 ventis
2543 2488 2968 2550 committentes,
2993 2488 3134 2558 apud
3158 2487 3398 2542 Siciliam
3431 2490 3484 2542 in

1912 2593 2067 2656 portu
2099 2582 2253 2637 vallis
2301 2581 2540 2636 Demina:
2579 2580 2978 2651 applicuerunt,
3019 2579 3364 2649 legatumque
3393 2594 3488 2634 eo-

1914 2675 2033 2731 miti
2062 2674 2340 2735 Trainam,
2373 2673 2462 2728 tibi
2491 2682 2615 2727 tunc
2646 2671 2983 2737 morabatur,
3009 2673 3304 2737 mittentes,
3336 2687 3490 2725 man-

1915 2767 2046 2821 dant
2071 2775 2128 2819 ut
2149 2765 2389 2835 equestri
2417 2765 2662 2820 exercitu
2709 2763 2961 2818 Panormi
2993 2762 3098 2818 illis
3123 2774 3396 2822 occurrat.
3431 2780 3501 2819 se

1916 2857 1989 2912 illi
2014 2859 2066 2912 in
2103 2858 2237 2912 urbe
2267 2857 2530 2926 capienda
2561 2856 2818 2910 auxilium
2851 2855 3080 2917 laturos,
3111 2856 3159 2910 vi
3198 2855 3319 2910 talis
3354 2871 3490 2924 pra:-

1916 2951 2008 3005 mii
2035 2960 2312 3020 acceptam
2335 2949 2627 3004 vindictam
2669 2948 2830 3003 illatae
2857 2949 2958 3002 sibi
2987 2948 3202 3017 injuria
3231 2959 3491 3017 expeteno'

1920 3052 1989 3097 te.
2021 3041 2216 3098 Comes
2241 3057 2388 3103 vero,
2413 3040 2738 3111 quihusdam
2763 3040 2993 3106 negotiis
3015 3053 3075 3094 se
3105 3040 3495 3100 detinentibus.

1917 3136 1983 3190 ad
2012 3150 2253 3206 praesens
2289 3134 2371 3187 ire
2415 3131 2643 3195 distulit,
2677 3131 2939 3185 mandans
2971 3131 3076 3185 illis
3115 3140 3176 3184 ut
3221 3131 3491 3186 modicum

233 3219 369 3272 deus
393 3217 540 3285 (“8)
574 3226 751 3270 autem
787 3226 996 3271 nostros
1019 3195 1815 3272 condensitatemrcircumdatt-
1840 3195 1886 3256 ο
1919 3195 2176 3295 [enipnris
2205 3224 2556 3286 sustinerent,
2588 3221 2762 3277 donec
2785 3222 2900 3276 haec
2924 3222 3121 3290 quibus
3151 3222 3218 3276 ad
3245 3217 3488 3290 praesens

234 3309 370 3361 tium
402 3306 550 3376 (H9)
582 3322 640 3361 sc
664 3308 897 3361 hostium
939 3306 1251 3367 sternendo,
1281 3315 1338 3359 ut
1369 3319 1398 3358 a
1428 3304 1624 3360 furenti
1656 3316 1814 3360 vento

235 3395 376 3451 solet
425 3395 773 3450 condensitas
820 3395 1140 3450 nebularum
1205 3396 1508 3465 disrumpi,
1550 3404 1606 3449 et
1654 3395 1812 3449 sicuti

234 3481 561 3541 velocissimi
635 3487 924 3557 accipitres
978 3485 1300 3540 imbecillem
1368 3486 1580 3539 turbant
1636 3486 1814 3540 avium

234 3579 540 3647 disruptum
595 3588 856 3631 sternere.
911 3575 1017 3630 Sed
1083 3591 1206 3630 cum
1275 3575 1434 3644 longo
1511 3577 1810 3630 certamine

1917 3316 2158 3370 intentus
2192 3323 2313 3369 erat
2335 3312 2743 3381 expedirentur.
2770 3310 2940 3365 Porro
2969 3311 3066 3376 illi,
3092 3311 3493 3365 commerei‘ali-

1916 3405 2018 3460 bus
2043 3403 2207 3460 lucris
2237 3403 2520 3474 plusquam
2561 3399 2770 3455 bellicis
2797 3399 3073 3454 exercitiis
3096 3414 3163 3454 ex
3201 3409 3491 3454 consuetm

1921 3500 2047 3555 dine
2097 3499 2308 3564 dediti,
2338 3498 2642 3560 sustinere,
2679 3511 2748 3550 ne
2797 3494 2962 3549 lueris
3016 3494 3244 3548 assuetis
3292 3493 3494 3548 diutius

1925 3594 2295 3664 privarentur,
2327 3588 2594 3654 nolentes,
2625 3586 3059 3654 Panormumqu‘e
3089 3599 3185 3652 per
3228 3597 3286 3637 se
3317 3583 3496 3638 ineas-

235 3661 495 3736 grassati,
525 3659 733 3716 diutius
762 3670 1078 3717 nostrorum
1112 3659 1511 3718 infestationem
1543 3658 1688 3714 ferre
1714 3675 1824 3714 non
1903 3658 2027 3732 s'um
2065 3674 2282 3746 aggredi
2320 3673 2691 3742 ἀίερειιιρηιεε,
2734 3669 2853 3722 veta
2897 3667 2950 3720 in
2998 3676 3215 3736 ροιοιυω
3245 3667 3491 3736 ejusdem

233 3751 612 3823 prtevalentes,
642 3751 768 3824 fuga
792 3751 933 3807 tueri
963 3751 1142 3823 potius
1170 3769 1334 3823 quam
1361 3751 1530 3808 armis
1555 3751 1811 3806 nituntur.

1916 3767 2056 3823 urbis
2081 3766 2343 3836 dirigunt,
2381 3763 2475 3819 sed
2507 3761 2797 3832 plurimam
2820 3756 3226 3812 multitudinem
3252 3755 3492 3810 hostium

233 3844 414 3900 nostri
474 3845 732 3900 audacter
791 3845 1184 3916 insequentes,
1239 3855 1518 3900 extremos
1581 3856 1811 3914 quosqut

1916 3858 2280 3924 exhorrentes,
2311 3864 2367 3912 et
2404 3855 2474 3910 ob
2509 3855 2618 3909 hoc
2648 3868 2680 3908 a
2715 3850 2944 3906 navibus
2981 3847 3232 3918 progredi
3263 3841 3488 3924 minime

229 3937 474 3991 cedendo
497 3937 788 4006 perimunt.
817 3933 1016 4004 Sicque
1049 3936 1288 3990 victares
1323 3935 1524 3999 elfeeti,
1556 3935 1622 3989 ad
1659 3949 1814 4003 qunt-

229 4030 409 4083 decim
439 4030 604 4083 millia
632 4043 696 4082 ex
713 4026 959 4083 hostibus
987 4029 1376 4083 occubuerunt.
1404 4025 1580 4081 Nostri
1609 4025 1813 4093 itaque,

232 4123 655 4192 triumphalibus
676 4121 861 4192 spoliis
883 4121 1080 4182 onusti,
1101 4136 1271 4190 usque
1292 4119 1358 4172 ad
1380 4119 1612 4174 hostium
1637 4127 1814 4172 castra

233 4220 630 4287 regredientes,
663 4219 926 4271 ineorum
963 4215 1209 4268 tentoriis
1243 4214 1606 4282 hospitantur,
1635 4224 1819 4264 came-

233 4309 320 4364 los
374 4317 432 4364 et
485 4308 692 4379 reliqua
718 4309 918 4370 omnia,
944 4323 1064 4377 quae
1104 4307 1448 4368 invenerunt,
1482 4303 1582 4356 sibi
1640 4301 1817 4354 vindi-

231 4411 447 4456 cantes.
477 4399 533 4454 in
562 4399 858 4454 crastinum
891 4413 1017 4452 vero
1045 4397 1252 4465 pedites
1290 4393 1357 4448 ad
1385 4392 1576 4462 viginti
1629 4390 1817 4454 millia,

1917 3951 2330 4016 prarsutttetttes,
2361 3949 2555 3994 catena
2609 3935 3001 3994 tantuttttttodo,
3034 3943 3153 3996 qua:
3175 3937 3392 3995 portum
3421 3923 3494 3976 ab

1918 4053 2024 4091 una
2081 4044 2233 4106 parte
2263 4034 2315 4087 itt
2345 4033 2570 4086 alteram
2618 4026 2767 4097 (150)
2817 4023 3120 4082 claudebat,
3149 4017 3414 4079 abscissa,
3441 4026 3498 4068 et

1920 4129 2024 4183 hoc
2053 4127 2178 4187 sibi,
2203 4140 2354 4179 more
2387 4137 2499 4178 suae
2523 4119 2721 4191 gentis,
2747 4131 2847 4185 pro
2875 4113 3121 4184 proximo
3150 4108 3300 4178 (151)
3336 4121 3496 4174 repu-

1921 4227 2124 4280 tantes,
2155 4215 2337 4270 Pisam
2384 4212 2586 4267 reversi
2632 4216 2780 4262 sunt.
2831 4204 3028 4259 Comes
3079 4201 3260 4268 itaque
3310 4195 3499 4249 videns

1921 4318 2164 4363 aestatem
2195 4307 2520 4375 proximam,
2558 4316 2679 4368 qua:
2703 4312 2813 4368 prae
2839 4295 3008 4349 nimio
3036 4291 3218 4346 calore
3244 4303 3275 4342 a
3315 4287 3501 4341 vicini»

1925 4407 2034 4453 tate
2071 4396 2202 4452 solis
2240 4393 2496 4448 ferventis
2519 4388 2779 4445 canicula:
2809 4385 3074 4456 pluriores
3117 4380 3394 4450 equitatus
3439 4376 3494 4428 itt

234 4493 332 4564 qui
366 4493 631 4564 fugientes
667 4491 919 4560 scopulos
954 4499 1005 4543 et
1031 4496 1298 4559 praerupta
1336 4486 1538 4540 montis
1586 4496 1820 4552 occupa-
1852 4524 1898 4582 ο
1923 4485 2415 4560 prtedaliexereitio
2441 4482 2556 4536 lieri
2586 4479 2918 4550 prohiberet,
2943 4473 3096 4529 fratri
3123 4471 3246 4526 duci
3273 4470 3328 4523 in
3352 4470 3502 4567 Apu-

241 4596 468 4648 verant,
492 4593 872 4655 oppugnantes
895 4623 908 4646 ,
935 4581 1163 4652 plurima
1194 4596 1262 4635 ex
1313 4590 1464 4650 parte
1515 4577 1817 4646 perimunt;

243 4677 487 4746 reliquos
509 4691 638 4730 vero
675 4675 973 4730 debellatos
999 4673 1290 4728 vendentes
1325 4670 1611 4740 pecuniam
1644 4667 1819 4722 infini-

243 4779 355 4822 tam
379 4768 673 4838 accipiunt.
700 4766 807 4821 Sed
832 4781 953 4820 cum
969 4765 1276 4834 aliquandiu
1313 4762 1632 4817 commorati
1650 4760 1822 4815 fetore

243 4859 574 4927 pntrentium
621 4859 944 4912 cadaverum
1000 4856 1304 4911 occisorum
1349 4852 1581 4909 hostium
1634 4865 1828 4924 gravao

245 4957 453 5014 rentur,
480 4946 706 5003 fetorem
743 4947 1097 5000 abhorrentes
1133 4945 1386 4999 Trainam
1415 4943 1619 4997 reversi
1673 4951 1823 4998 sunt.

247 5037 441 5095 Comes
483 5041 592 5096 Deo
640 5049 697 5094 et
729 5038 789 5091 S.
840 5037 1020 5103 Petro,
1051 5037 1203 5108 cujus
1256 5033 1558 5106 patrocinio
1616 5043 1824 5090 tantam

1925 4558 2051 4635 liam
2083 4577 2324 4638 interim,
2349 4573 2476 4627 dum
2501 4573 2807 4639 importuna
2829 4575 2992 4622 testas
3034 4569 3399 4634 pertranseat,
3423 4558 3504 4610 ire

1925 4673 2253 4740 disponens,
2303 4681 2374 4720 ne
2418 4675 2648 4717 uxorem
2680 4674 2831 4715 suam
2883 4667 2936 4712 et
2979 4654 3183 4708 milites
3216 4665 3342 4706 cum
3390 4649 3504 4716 ipsa

1926 4739 2270 4821 rentanetttes
2304 4759 2510 4824 absque
2539 4750 2826 4821 stipendiis
2852 4744 3213 4812 derelinquat,
3241 4739 3502 4798 Gulosatn

1929 4870 2038 4912 una
2059 4853 2169 4916 die,
2193 4848 2429 4908 secunda
2455 4846 2765 4904 Brocatnm,
2792 4841 2952 4895 tertia
2978 4833 3350 4905 Ccphaludum
3375 4841 3510 4898 prat-

1929 4947 2112 5003 datum
2141 4945 2259 5000 acie
2291 4939 2497 5008 dirigit.
2529 4935 2730 5003 Sicque
2757 4932 3013 4988 Trainam
3040 4927 3206 4982 multa
3233 4920 3514 4980 abundan-

1934 5037 2008 5092 tia
2054 5036 2268 5105 replens
2290 5073 2303 5095 ,
2340 5027 2603 5084 militibus
2644 5027 2760 5081 suis
2782 5065 2798 5090 ,
2825 5031 2887 5076 ut
2918 5021 3107 5077 urbem
3151 5008 3518 5071 attentissime

250 5131 530 5184 victoriam
554 5146 612 5187 se
637 5138 894 5197 adeptum
925 5128 1364 5198 recognoscebat,
1394 5128 1462 5181 de
1483 5125 1681 5184 collato
1724 5125 1827 5180 sibi
1933 5126 2341 5201 pervigilantes,
2375 5119 2625 5172 incursus
2654 5117 2890 5173 hostium
2925 5111 3222 5186 prudenter
3255 5108 3514 5201 cavet-till»

2769 5211 2794 5230 ι.
2831 5222 2862 5230 ,α
2872 5209 2926 5230 --ι
2939 5223 2960 5230 ,ι
3017 5203 3194 5230 ...ξι-ιδῃ
