4010 5230
495 249 632 304 1143

1346 258 1695 338 ΩΑΕΡΒΕΟῌ
1735 259 2183 316 ΜΔΕΛΤΕΒιὶιΕ
2223 255 2528 314 MONACIII
2571 253 2925 310 BENEblCT.

3615 247 3760 303 Ηὸὂ

495 368 862 448 commonitis,
892 369 1006 441 ipse
1035 389 1223 428 versus
1259 375 1506 446 Apuliam
1537 391 1658 432 cum
1711 375 1882 430 fratre
1931 375 2058 444 quid
2090 381 2138 435 Α
2167 373 2246 428 lor
2289 374 2468 428 dicere
2498 381 2603 431 est,
2633 367 2930 438 iuventutis
2959 363 3142 418 ﬂorem
3171 364 3238 418 ab
3269 361 3514 418 hostibus
3541 361 3756 416 confos-

493 459 728 516 ulterius
753 463 1021 531 agendum
1049 465 1118 520 sit
1153 475 1484 522 tractaturus
1517 467 1695 530 vadit;
1727 467 2072 537 plurimaque

494 550 564 604 ad
593 549 824 604 invicem
855 551 1220 618 conferentes,
1241 557 1458 610 tandem
1487 556 1838 625 refrigeraute
1866 553 2068 618 calore,

493 646 712 692 centum
747 641 1008 696 militibus
1031 643 1134 698 sibi
1175 644 1245 697 ab
1273 657 1338 698 eo
1387 643 1442 698 in
1491 643 1752 698 auxilium
1812 645 2067 713 acceptis,

497 743 690 783 versus
717 731 1055 798 provinciam
1084 733 1497 804 Agrigentinum
1521 749 1644 790 cum
1673 735 1919 790 ducentis
1967 737 2068 789 mi-

497 819 684 874 litibus
719 821 1016 892 pranlatum
1038 825 1206 878 vadit.

1039 955 1263 1014 CAPUT
1303 955 1518 1014 XXXV.

505 1063 698 1119 Milites
765 1070 998 1140 comi'is,
1049 1071 1280 1126 hostibus
1349 1071 1934 1137 territis,Turroucm,
1983 1071 2070 1140 qui

719 1149 896 1205 postea
930 1139 1178 1195 Buteonis
1208 1143 1378 1196 dictus
1412 1152 1516 1206 est,
1544 1143 1847 1196 ascendunt.

566 1244 724 1308 Unde
760 1263 882 1304 cum
907 1252 1144 1306 maxima
1189 1255 1368 1322 prreda
1415 1254 1540 1310 inde
1585 1255 1809 1321 rediret,
1839 1255 2068 1310 militum

495 1349 716 1392 suorum
765 1340 1004 1410 praedam
1051 1345 1360 1412 praecedere
1410 1345 1762 1414 praecipiens,
1795 1346 1908 1414 ipse
1947 1362 2068 1402 eum

495 1426 720 1498 reliquis
743 1429 887 1486 inter
913 1431 1048 1488 duos
1069 1447 1270 1490 cuneos
1297 1433 1533 1490 minatur
1559 1450 1627 1491 ne
1673 1451 1702 1490 a
1733 1421 1933 1502 ft'oiite,
1985 1437 2068 1494 vel

499 1529 648 1574 certe
683 1536 712 1575 a
755 1532 926 1594 tergo,
979 1525 1162 1596 aliquo
1213 1527 1394 1582 hostili
1427 1528 1646 1584 incursu
1691 1513 2062 1585 excuteretur.

495 1609 668 1666 Porro
711 1615 949 1670 Africam
987 1627 1042 1670 et
1091 1618 1306 1674 Arabici
1335 1659 1348 1684 ,
1393 1633 1516 1674 eum
1561 1629 1744 1676 essent
1789 1623 2068 1692 cupientes

497 1701 682 1756 ulcisci
717 1701 783 1757 de
813 1705 1038 1762 victoria
1069 1707 1121 1760 in
1159 1705 1472 1764 Cerameusi
1521 1709 1706 1780 praelio
1741 1711 1844 1766 sibi
1889 1713 2064 1768 ablata
2101 1711 2142 1771 Β

495 1801 553 1847 et
582 1793 792 1848 laudem
846 1811 1007 1864 quam
1049 1799 1120 1852 ibi
1155 1799 1453 1856 amiserant
1491 1801 1782 1872 aliquando
1831 1805 1932 1860 sibi
1987 1806 2068 1860 fa-

496 1893 658 1938 vente
683 1884 894 1940 fortuna
921 1903 1266 1958 recuperare,
1285 1902 1672 1962 cognoscentes
1695 1909 1792 1962 per
1821 1897 2066 1952 tuintiurn

497 1972 572 2027 ita
605 1989 699 2030 eos
725 1977 1026 2046 praedatum
1075 1980 1182 2034 isse
1213 1997 1336 2036 cum
1369 1983 1727 2053 septingentis
1754 1985 2066 2039 electismi-

495 2061 700 2130 litibus,
731 2065 814 2120 via
845 2081 948 2136 qua
975 2069 1152 2124 redire
1199 2070 1469 2128 habebant
1516 2061 1832 2129 insidiantes
1861 2075 2065 2130 'occul-

497 2162 702 2210 tantur.
729 2154 910 2212 Nostri
935 2169 1114 2214 autem
1141 2161 1232 2230 qui
1284 2164 1662 2231 praecedebant
1691 2165 1756 2218 ad
1779 2165 1956 2222 locum
1987 2183 2068 2222 us-

493 2267 600 2320 que
628 2255 1039 2322 pervenientes,
1067 2257 1174 2312 illis
1206 2273 1272 2314 cx
1303 2258 1594 2328 improviso
1627 2263 2066 2329 exsurgcmibus,

495 2342 735 2400 ntidacia:
761 2360 864 2414 qua
895 2347 1160 2402 hactenus
1183 2349 1384 2404 assueti
1415 2359 1572 2406 erant
1620 2351 1796 2412 obliti.
1843 2355 2065 2406 enervi—

491 2444 576 2488 ter
600 2445 844 2504 agentes,
869 2453 992 2494 cum
1019 2439 1142 2510 fuga
1169 2441 1351 2510 potius
1375 2457 1538 2512 quam
1555 2445 1722 2498 armis
1748 2446 1940 2500 mortis
1973 2459 2064 2516 pe-

495 2528 725 2583 riculum
769 2529 1042 2586 declinare
1093 2543 1398 2602 coeperunt.
1465 2533 1700 2592 Montem
1753 2537 2065 2606 quemdam,

492 2631 656 2686 quem
687 2633 752 2672 ex
789 2621 932 2676 omni
982 2629 1134 2690 parte
1162 2623 1518 2694 praecipitium
1543 2626 1820 2695 cingebat,
1855 2627 1967 2682 solo
2013 2637 2068 2682 et

497 2715 650 2762 arcto
689 2708 836 2764 aditu
879 2719 1126 2779 patente,
1158 2727 1256 2781 pro
1294 2712 1498 2768 auxilio
1517 2722 1836 2782 expetentes
1873 2731 2064 2769 ascen-

492 2798 646 2852 dunt.
695 2798 892 2856 Hostes
921 2817 1050 2856 vero
1101 2811 1252 2871 parte
1305 2803 1656 2872 armigerum,
1687 2806 1776 2874 qui
1831 2807 2065 2875 przedam

491 2890 794 2956 tninabant,
829 2903 1183 2962 peremptam,
1215 2895 1386 2963 ipsam
1425 2897 1588 2950 etiam
1621 2898 1858 2966 praedam
1904 2914 2069 2954 excu-

492 2980 651 3034 tiunt.
683 2981 878 3038 Comes
917 2995 1118 3050 autem,
1149 2987 1240 3054 qui
1289 2987 1742 3057 subsequebatur,
1777 2991 2062 3046 tumultum

495 3069 740 3137 audiens,
771 3072 900 3128 dum
927 3073 1086 3128 citius
1116 3076 1350 3144 advolat,
1383 3093 1504 3147 qua:
1523 3079 2062 3151 accideranteogno-

492 3163 923 3224 scens,maxima
949 3165 1316 3234 indignatione
1339 3178 1396 3224 et
1419 3170 1496 3224 ira
1527 3169 1785 3238 repletus,
1800 3180 1860 3226 ut
1879 3185 2060 3226 secqu

488 3251 556 3304 de
582 3250 828 3310 hostibus
850 3253 1108 3310 ultionem
1157 3267 1435 3328 expetant,
1465 3275 1594 3316 suos
1623 3261 1905 3317 immensis
1951 3263 2064 3318 cla-

485 3345 728 3402 moribus
757 3362 786 3400 a
809 3357 990 3402 monte
1011 3365 1170 3418 quem
1195 3353 1552 3407 ascenderant
1586 3354 1860 3410 incassum
1901 3371 2056 3410 revo-

485 3451 614 3491 care
655 3438 867 3506 nititur,
891 3439 1064 3495 donec
1091 3442 1338 3511 ipsemet,
1371 3453 1618 3500 turonem
1676 3447 1978 3504 ascendens
2005 3457 2060 3502 et

486 3542 617 3584 suos
647 3545 919 3600 quemque
964 3533 1182 3588 nomine
1232 3549 1454 3599 vocans,
1489 3549 1558 3592 ne
1603 3551 1662 3590 se
1709 3537 2058 3605 imposterum

487 3617 657 3676 fuisse
695 3633 1052 3686 excusarent,
1107 3625 1309 3678 talibus
1349 3627 1536 3682 verbis
1578 3641 1870 3698 aggressus
1917 3637 2002 3683 est
2043 3647 2054 3680 :

485 3710 868 3780 ltane,inquit,
895 3731 928 3768 ο
953 3713 1234 3770 fortissimi
1262 3717 1544 3784 hactenus,
1577 3719 1784 3774 viribus
1809 3721 2055 3776 exhausti

486 3802 618 3856 estis
643 3813 726 3866 ut,
755 3804 961 3872 absque
987 3805 1370 3862 recordatione
1399 3807 1626 3874 alicujus
1651 3808 1904 3864 militaris
1937 3809 2060 3864 lau-

487 3891 592 3955 dis,
617 3892 668 3944 in
699 3891 1021 3961 profundum
1041 3893 1382 3962 putributrdte
1411 3895 1733 3955 defectionis
1762 3899 2056 3967 sulnrtersi,

486 3983 714 4038 ulterius
745 3985 1012 4054 respirare
1033 3988 1353 4056 nequeatis?
1381 3989 1766 4046 Recordamiui
1805 4003 2060 4050 anteces-

487 4089 670 4128 sorum
698 4116 710 4140 ,
741 4076 837 4130 sed
866 4086 918 4131 et
943 4081 1118 4147 gentis
1163 4087 1364 4134 nostra:
1387 4121 1402 4146 ,
1443 4089 1752 4150 nostraeque
1800 4084 2058 4140 hactenus

491 4167 688 4221 habitae
738 4169 1080 4224 strenuitatis
1125 4173 1522 4242 prmconizatac,
1555 4173 1858 4230 devitantes
1901 4184 2058 4232 notas

484 4257 649 4312 futuri
683 4259 954 4328 vituperii.
993 4259 1374 4318 Recordamiui
1427 4273 1560 4332 quot
1601 4265 1765 4320 millia
1818 4266 2056 4322 hostium

487 4348 628 4418 apud
655 4349 966 4404 Ceramium
996 4352 1279 4420 pauciores
1309 4369 1470 4422 quam
1501 4369 1644 4409 nunc
1697 4354 2058 4411 debellatores

484 4437 844 4492 exstinxistis.
869 4437 1106 4494 Fortuna
1132 4451 1258 4495 tunc
1285 4443 1438 4498 vobis
1477 4443 1732 4500 arridens
1762 4445 1832 4502 ab
1867 4447 2058 4502 eodem

488 4545 594 4596 quo
623 4539 830 4586 etnune
853 4533 1032 4588 adhuc
1057 4535 1282 4605 regitur.
1311 4536 1592 4592 Resumite
1613 4541 1870 4608 pristinas
1890 4541 2055 4607 vires,

485 4621 708 4676 victoria
735 4633 858 4692 post
883 4623 1062 4694 fugam
1095 4625 1304 4681 fortiter
1329 4629 1614 4696 agentibus
1643 4629 1818 4685 laudis
1843 4647 2060 4700 reparat-

489 4713 564 4766 tio
597 4721 700 4770 est.
729 4713 873 4780 lltec,
901 4725 956 4770 et
975 4715 1078 4771 alia
1105 4719 1496 4788 exprobrando,
1529 4717 1680 4788 plura
1713 4720 1944 4784 locutus,
1967 4722 2056 4776 vix

483 4803 564 4857 eis
584 4803 1050 4862 exhortationibus
1075 4809 1356 4870 recreatis,
1373 4809 1442 4862 ad
1469 4817 1740 4864 certamen
1762 4824 2058 4880 pmperans

485 4907 608 4946 cum
637 4893 792 4948 hoste
831 4899 1194 4965 congreditur.
1247 4898 1484 4952 Fortiter
1511 4902 1718 4967 agendo
1769 4915 1899 4970 gens
1945 4902 2056 4956 Deo

483 4982 699 5038 rebellis
725 4985 1046 5050 debellatur,
1079 4989 1258 5057 praeda
1287 5005 1514 5044 excussa
1541 5001 1908 5058 recuperatur.
1951 4992 2056 5046 No-

486 5077 608 5144 stri,
645 5077 882 5132 victores
907 5077 1108 5142 effecti,
1153 5080 1568 5149 triumphalibus
1587 5083 1770 5152 spoliis
1795 5084 2052 5140 ditantur.

483 5165 738 5224 Trainam
767 5183 888 5222 cum
917 5169 1112 5230 gaudio
1141 5183 1463 5230 remeantes.
1487 5183 1714 5230 excepto
1737 5175 1878 5230 nuod
1906 5175 2053 5230 (159.)

2174 481 2266 520 sus
2292 465 2564 528 amiserat,
2593 461 2884 532 plurimum
2915 457 3286 512 tristabautur.

2711 612 2936 670 CAPUT
2973 610 3212 666 XXXVI.

2555 725 2740 779 Nostri
2761 741 2794 778 α
2821 722 3067 778 Tarantis
3101 733 3371 778 vexantur.

2246 841 2356 894 Dux
2387 853 2512 892 vero
2542 838 2687 908 (l55)
2723 837 2990 894 Robertus
3039 852 3166 892 cum
3216 836 3270 891 in
3323 835 3511 898 Apulia
3586 845 3756 896 esset,

2174 933 2349 986 sciens
2377 929 2595 986 fratrem
2627 945 2782 986 sutnn
2812 931 2949 998 apud
2993 929 3235 985 Siciliam
3269 929 3547 998 multiplici
3580 929 3758 982 incur-

2173 1025 2325 1080 sione
2357 1025 2424 1078 ab
2442 1024 2683 1078 hostibus
2707 1021 2969 1088 lacessiri,
2988 1021 3220 1092 plurimo
3249 1021 3492 1076 exercitu
3517 1021 3587 1074 ab
3615 1021 3756 1090 Apu-

2173 1117 2264 1180 lia,
2286 1125 2340 1171 et
2362 1115 2608 1171 Calabria
2641 1124 2991 1186 congregato,
3018 1112 3206 1168 nolens
3232 1127 3424 1182 expers
3462 1127 3584 1166 esse
3608 1127 3756 1180 quae-

2173 1218 2309 1272 stus,
2349 1207 2551 1262 laboris
2581 1209 2742 1260 etiam
2772 1206 3044 1276 particeps
3097 1205 3236 1270 fieri,
3261 1220 3454 1259 versus
3509 1201 3755 1258 Siciliam

2173 1299 2420 1355 intendit.
2454 1297 2648 1354 Comes
2705 1313 2831 1352 vero
2873 1295 3098 1352 fratrem
3154 1297 3447 1352 adventare
3499 1297 3756 1358 audiens,

2170 1408 2290 1447 cum
2321 1391 2514 1462 gaudio
2551 1405 2746 1461 magno
2775 1389 3001 1444 festinus
3031 1389 3104 1442 illi
3138 1388 3278 1458 apud
3307 1387 3608 1444 Cusentum
3649 1385 3756 1440 Ca-

2170 1483 2353 1538 labriae
2383 1483 2567 1538 urbem
2594 1481 2853 1538 occurrit.
2912 1479 3106 1550 Sicque
3155 1479 3562 1552 progredientes
3615 1493 3760 1532 anno

2171 1573 2463 1630 Dominicre
2515 1572 2904 1628 incarnationis
2933 1571 3069 1625 1064
3102 1587 3226 1626 cum
3277 1570 3591 1640 quingentis
3637 1579 3758 1624 tan-

2171 1665 2446 1720 tummodo
2461 1663 2872 1734 militibusapud
2903 1663 3136 1718 Pharum
3154 1677 3302 1716 mare
3329 1671 3760 1722 trausmeantes.

2175 1766 2288 1810 tota
2325 1757 2532 1820 Sicilia,
2567 1755 2713 1810 nullo
2734 1756 2993 1810 adversus
3018 1769 3111 1810 eos
3139 1751 3338 1822 aliquid
3369 1765 3760 1823 praesumente,

2173 1847 2388 1916 impune
2443 1855 2730 1916 peragrata
2763 1887 2777 1912 ,
2825 1843 3152 1900 Panormum
3193 1859 3362 1915 usque
3404 1845 3756 1916 perveniunt,

2173 1947 2333 2008 atque
2369 1939 2420 1992 in
2453 1950 2656 2004 tuontc,
2681 1938 2770 2008 qui
2803 1945 2987 2008 postea
3011 1934 3444 1998 Tarantinus,ab
3473 1937 3760 1991 abundau-

2173 2031 2244 2086 tia
2277 2029 2661 2096 Tarautarum,
2688 2046 2718 2084 a
2765 2031 2961 2100 quibus
3012 2027 3208 2084 ibidem
3253 2029 3534 2085 exercitus
3569 2045 3758 2084 eorum

2170 2119 2461 2191 plurimum
2491 2129 2716 2174 vexatus
2754 2129 2836 2175 est
2859 2159 2876 2184 ,
2903 2117 3124 2188 iubente
3172 2118 3331 2183 duce,
3360 2133 3524 2189 quem
3569 2128 3756 2188 postea

2171 2214 2440 2283 paruituit,
2476 2213 2706 2268 tentoria
2731 2213 2837 2267 lixa
2865 2221 3010 2268 sunt.
3043 2211 3176 2268 Nam
3209 2229 3366 2268 mons
3391 2221 3540 2269 totus
3563 2213 3754 2268 insitus

2172 2305 2442 2368 'l‘arantis,
2473 2304 2605 2359 viris
2646 2313 2703 2359 et
2746 2303 3063 2359 mulieribus
3107 2304 3478 2372 inhonestum,
3507 2307 3758 2374 quamvis

2171 2397 2237 2452 iis
2256 2395 2547 2461 evaserint,
2563 2393 2910 2450 ridicul’osum
2933 2395 3223 2466 hospitium
3242 2395 3491 2465 pra-buit.
3517 2395 3754 2450 Taranta

2168 2485 2382 2555 quidem
2405 2485 2602 2540 vermis
2631 2493 2733 2550 est,
2761 2499 2975 2541 araneae
3001 2486 3234 2554 speciem
3255 2485 3480 2546 habens,
3513 2487 3608 2540 sed
3633 2501 3751 2540 acu-

2171 2578 2308 2631 leum
2331 2577 2522 2632 veneni
2547 2576 2675 2632 ferre
2699 2575 3029 2646 puuctionis,
3059 2591 3353 2645 omnesque
3373 2591 3512 2648 quos
3533 2592 3744 2647 punie—

2171 2671 2263 2735 rit,
2296 2667 2460 2723 multa
2491 2653 2728 2724 venefica
2761 2667 3085 2724 ventositate
3117 2667 3307 2736 replet,
3333 2667 3386 2720 in
3431 2675 3750 2738 tantumque

2171 2759 2545 2828 augustiantur
2571 2767 2630 2813 ut
2657 2759 2828 2828 ipsam
2872 2759 3266 2818 ventositatem,
3295 2772 3415 2827 quae
3443 2772 3546 2828 per
3577 2775 3739 2812 annm

2171 2851 2452 2904 inhoneste
2483 2850 2796 2920 crcpitando
2808 2851 3054 2920 emergit,
3075 2849 3218 2904 nullo
3241 2851 3397 2906 modo
3411 2851 3750 2921 restinguere

2167 2941 2514 3010 prazvaleant,
2546 2953 2600 2996 et
2627 2942 2728 2996 nisi
2751 2942 3033 3006 clihauica,
3059 2941 3140 2997 vel
3169 2942 3270 2995 alia
3291 2942 3496 3012 quasvis
3533 2942 3740 2998 ferven-

2091 3055 2136 3103 η
2171 3033 2276 3087 tior
2298 3031 2546 3089 mstuatio
2592 3033 2752 3088 citius
2781 3033 3018 3088 adhibita
3065 3032 3246 3096 fuerit,
3277 3036 3402 3088 vita:
3447 3035 3746 3103 periculum

2167 3125 2448 3179 incurrere
2474 3125 2744 3180 dicuntur.
2767 3123 2882 3180 Tali
2909 3125 3245 3180 inhonestate
3273 3124 3516 3180 nonnulli
3539 3136 3740 3180 nostro-

2169 3229 2287 3267 rum
2303 3214 2503 3278 vexati,
2523 3213 2738 3268 tandem
2762 3212 2936 3268 locum
2961 3223 3170 3268 mutare
3191 3223 3478 3283 coguntur,
3505 3215 3742 3269 vicinum

2165 3307 2280 3361 urbi
2315 3307 2488 3362 locum
2521 3307 2792 3372 tutiorem,
2824 3322 2930 3376 quo
2970 3305 3316 3362 tabernacula
3354 3305 3548 3376 figant,
3585 3321 3742 3378 cxpe-

2166 3407 2358 3464 tentes,
2393 3399 2479 3452 ubi
2517 3415 2612 3470 per
2643 3409 2752 3454 tres
2779 3415 2993 3454 menses
3018 3399 3361 3464 commorati,
3397 3399 3746 3454 Panormita-

2163 3489 2247 3544 nis
2301 3489 2516 3545 fortiter
2557 3491 2980 3564 repugnantibus
3003 3532 3018 3556 ,
3051 3507 3237 3546 versus
3273 3493 3464 3546 urbem
3517 3493 3732 3562 quidem

2161 3581 2382 3637 minimc
2419 3582 2786 3652 profecerunt,
2828 3585 2921 3638 sed
2977 3582 3256 3638 vicinioria
3302 3583 3727 3656 circumquaque

2160 3673 2274 3728 loca
2301 3671 2528 3742 plurima
2567 3673 2980 3744 depopulatione
3018 3683 3372 3728 vexaverant.
3397 3673 3470 3727 At
3505 3690 3630 3728 cum
3658 3674 3736 3728 vi-

2161 3764 2292 3818 dent
2327 3780 2384 3818 se
2407 3779 2592 3818 versus
2619 3763 2804 3820 urbem
2833 3763 3054 3817 minime
3082 3773 3206 3818 tunc
3231 3764 3492 3833 temporis
3525 3781 3736 3836 praeva-

2159 3850 2271 3908 lere
2303 3866 2478 3924 posse,
2511 3861 2692 3909 castra
2747 3861 3026 3910 moventes
3069 3851 3363 3924 Bugamum
3425 3870 3740 3926 oppugnare

2159 3943 2385 4010 vadunt,
2420 3943 2740 4013 civibusque
2771 3943 3013 4016 ejusdem
3071 3945 3235 4000 castri
3284 3945 3561 4000 encrvitcr
3607 3943 3744 3998 relu-

2159 4033 2461 4098 ctantibus,
2511 4033 2752 4088 funditus
2802 4033 3064 4100 diruunt,
3113 4033 3319 4089 incolas
3372 4049 3566 4090 omnes
3623 4051 3742 4089 cum

2160 4123 2476 4179 mulieribus
2529 4133 2582 4178 et
2612 4123 2820 4190 liberis,
2846 4124 3103 4194 omnique
3151 4123 3475 4194 supellectili
3507 4140 3606 4178 sua
3649 4139 3738 4179 ca-

2159 4217 2331 4286 ptivos
2352 4217 2643 4282 adducunt,
2674 4217 2859 4286 sicque
2905 4231 3095 4270 versus
3125 4215 3429 4270 Calabriam
3470 4231 3736 4278 remeare,

2161 4309 2402 4364 volentes
2431 4309 2576 4364 haud
2617 4309 2806 4380 procul
2829 4309 2895 4364 ab
2917 4308 3265 4380 Agrigentina
3293 4309 3448 4372 urbe,
3481 4309 3564 4363 sic
3595 4311 3734 4362 cnim

2089 4393 2136 4455 D
2165 4403 2269 4458 illis
2313 4401 2572 4457 dircctior
2598 4399 2882 4470 adjacebat
2923 4399 3030 4465 via,
3069 4399 3298 4454 tentoria
3331 4399 3524 4469 ﬁgunt.
3567 4399 3733 4454 Porro

2162 4492 2311 4547 cives
2358 4489 2599 4558 ejusdem
2649 4491 2821 4554 urbis,
2865 4488 3070 4544 viribus
3099 4487 3210 4542 suis
3257 4487 3374 4557 plus
3425 4487 3736 4543 necessario

2160 4582 2514 4647 contideutes,
2543 4597 2639 4652 per
2669 4589 2851 4652 portas
2881 4577 3281 4650 prorumpendo
3326 4578 3452 4632 forti
3504 4579 3732 4650 strepitu

2161 4689 2321 4742 super
2351 4671 2469 4725 illos
2507 4679 2794 4740 proruunt,
2825 4669 3176 4738 incautosque
3228 4669 3464 4722 hostium
3505 4653 3734 4724 tacendo

2159 4765 2285 4818 dum
2319 4763 2525 4832 fingunt
2566 4761 2732 4832 (I55),
2766 4775 2933 4828 usque
2986 4759 3039 4816 in
3101 4767 3284 4828 portas
3337 4773 3449 4812 suae
3498 4759 3734 4813 civitatis

2158 4863 2573 4924 persequuntur.
2613 4853 2731 4906 Dux
2781 4852 2963 4920 itaque
3002 4851 3297 4918 digressus,
3329 4849 3382 4903 in
3423 4849 3732 4904 Calabriam

2157 4943 2809 5012 veniens,expeditionem
2840 4941 2995 4996 solvit
3021 4955 3036 4994 :
3063 4939 3530 5010 Bugamcnsesque
3561 4941 3732 5011 (155),

2158 5051 2292 5104 quos
2328 5035 2570 5103 captivos
2613 5035 2926 5094 adduxerat,
2973 5031 3262 5094 Scriblam,
3287 5045 3448 5098 quam
3485 5031 3734 5088 deserta-

2159 5137 2306 5183 \crat
2338 5127 2505 5198 (156),
2539 5139 2870 5192 restaurans,
2905 5125 2974 5181 ibi
3003 5125 3265 5194 hospitari
3297 5122 3444 5180 fecit.
