  <div class='ocr_page' id='page_1' title='image "/cluster/home/n/w/nwhite01/storage/ocr_20150623/149/hvd.32044015473770/576.png"; bbox 0 0 4010 5230; ppageno 0'>
   <div class='ocr_carea' id='block_1_1' title="bbox 191 305 333 394">
    <p class='ocr_par' dir='ltr' id='par_1_1' title="bbox 191 305 333 394">
     <span class='ocr_line' id='line_1_1' title="bbox 191 305 333 394; baseline -0.014 -32"><span class='ocrx_word' id='word_1_1' title='bbox 191 305 333 394; x_wconf 62' lang='grc' dir='ltr'>ιω</span> 
     </span>
    </p>
   </div>
   <div class='ocr_carea' id='block_1_2' title="bbox 717 441 1240 497">
    <p class='ocr_par' dir='ltr' id='par_1_2' title="bbox 717 441 1240 497">
     <span class='ocr_line' id='line_1_2' title="bbox 717 441 1240 497; baseline 0.002 -1"><span class='ocrx_word' id='word_1_2' title='bbox 717 441 942 496; x_wconf 70' lang='lat' dir='ltr'><strong>CAPUT</strong></span> <span class='ocrx_word' id='word_1_3' title='bbox 984 441 1240 497; x_wconf 71' lang='lat' dir='ltr'><strong>XXXVII.</strong></span> 
     </span>
    </p>
   </div>
   <div class='ocr_carea' id='block_1_3' title="bbox 576 551 1398 624">
    <p class='ocr_par' dir='ltr' id='par_1_3' title="bbox 576 551 1398 624">
     <span class='ocr_line' id='line_1_3' title="bbox 576 551 1398 624; baseline 0.006 -20"><span class='ocrx_word' id='word_1_4' title='bbox 576 551 814 624; x_wconf 79' lang='lat' dir='ltr'><strong>Agellum</strong></span> <span class='ocrx_word' id='word_1_5' title='bbox 840 569 871 605; x_wconf 81' lang='grc' dir='ltr'><em>α</em></span> <span class='ocrx_word' id='word_1_6' title='bbox 897 551 1025 606; x_wconf 80' lang='lat' dir='ltr'><strong>duce</strong></span> <span class='ocrx_word' id='word_1_7' title='bbox 1053 565 1398 623; x_wconf 78' lang='lat' dir='ltr'><strong>oppugnatur.</strong></span> 
     </span>
    </p>
   </div>
   <div class='ocr_carea' id='block_1_4' title="bbox 263 663 1769 732">
    <p class='ocr_par' dir='ltr' id='par_1_4' title="bbox 263 663 1769 732">
     <span class='ocr_line' id='line_1_4' title="bbox 263 663 1769 732; baseline 0.003 -14"><span class='ocrx_word' id='word_1_8' title='bbox 263 663 421 719; x_wconf 77' lang='lat' dir='ltr'><strong>Anno</strong></span> <span class='ocrx_word' id='word_1_9' title='bbox 440 677 573 718; x_wconf 87' lang='lat' dir='ltr'><strong>vero</strong></span> <span class='ocrx_word' id='word_1_10' title='bbox 603 665 895 718; x_wconf 70' lang='lat' dir='ltr'><strong>Dominieae</strong></span> <span class='ocrx_word' id='word_1_11' title='bbox 924 665 1312 722; x_wconf 88' lang='lat' dir='ltr'><strong>incarnationis</strong></span> <span class='ocrx_word' id='word_1_12' title='bbox 1363 667 1516 732; x_wconf 84' lang='lat' dir='ltr'><strong>I065,</strong></span> <span class='ocrx_word' id='word_1_13' title='bbox 1563 668 1769 723; x_wconf 86' lang='lat' dir='ltr'><strong>Polica-</strong></span> 
     </span>
    </p>
   </div>
   <div class='ocr_carea' id='block_1_5' title="bbox 189 755 1766 827">
    <p class='ocr_par' dir='ltr' id='par_1_5' title="bbox 189 755 1766 827">
     <span class='ocr_line' id='line_1_5' title="bbox 189 755 1766 827; baseline 0.002 -19"><span class='ocrx_word' id='word_1_14' title='bbox 189 765 366 809; x_wconf 77' lang='lat' dir='ltr'><strong>strum</strong></span> <span class='ocrx_word' id='word_1_15' title='bbox 430 765 668 809; x_wconf 83' lang='lat' dir='ltr'><strong>castrum</strong></span> <span class='ocrx_word' id='word_1_16' title='bbox 741 755 1058 818; x_wconf 79' lang='lat' dir='ltr'><strong>destrurns,</strong></span> <span class='ocrx_word' id='word_1_17' title='bbox 1119 756 1322 811; x_wconf 79' lang='lat' dir='ltr'><strong>incolas</strong></span> <span class='ocrx_word' id='word_1_18' title='bbox 1381 774 1572 813; x_wconf 90' lang='lat' dir='ltr'><strong>omnes</strong></span> <span class='ocrx_word' id='word_1_19' title='bbox 1625 760 1766 827; x_wconf 86' lang='lat' dir='ltr'><strong>apud</strong></span> 
     </span>
    </p>
   </div>
   <div class='ocr_carea' id='block_1_6' title="bbox 187 845 1765 915">
    <p class='ocr_par' dir='ltr' id='par_1_6' title="bbox 187 845 1765 915">
     <span class='ocr_line' id='line_1_6' title="bbox 187 845 1765 915; baseline 0.003 -16"><span class='ocrx_word' id='word_1_20' title='bbox 187 846 492 909; x_wconf 78' lang='lat' dir='ltr'><strong>Nicotrum,</strong></span> <span class='ocrx_word' id='word_1_21' title='bbox 547 845 689 915; x_wconf 90' lang='lat' dir='ltr'><strong>quod</strong></span> <span class='ocrx_word' id='word_1_22' title='bbox 735 846 850 914; x_wconf 88' lang='lat' dir='ltr'><strong>ipso</strong></span> <span class='ocrx_word' id='word_1_23' title='bbox 894 860 1036 898; x_wconf 88' lang='lat' dir='ltr'><strong>anno</strong></span> <span class='ocrx_word' id='word_1_24' title='bbox 1084 845 1347 911; x_wconf 76' lang='lat' dir='ltr'><strong>fundavit,</strong></span> <span class='ocrx_word' id='word_1_25' title='bbox 1375 847 1668 911; x_wconf 90' lang='lat' dir='ltr'><strong>adducens,</strong></span> <span class='ocrx_word' id='word_1_26' title='bbox 1693 848 1765 903; x_wconf 73' lang='lat' dir='ltr'><strong>ibi</strong></span> 
     </span>
    </p>
   </div>
   <div class='ocr_carea' id='block_1_7' title="bbox 190 936 1762 1008">
    <p class='ocr_par' dir='ltr' id='par_1_7' title="bbox 190 936 1762 1008">
     <span class='ocr_line' id='line_1_7' title="bbox 190 936 1762 1008; baseline 0.003 -18"><span class='ocrx_word' id='word_1_27' title='bbox 190 938 457 1008; x_wconf 77' lang='lat' dir='ltr'><strong>hospitari</strong></span> <span class='ocrx_word' id='word_1_28' title='bbox 489 937 636 992; x_wconf 91' lang='lat' dir='ltr'><strong>fecit.</strong></span> <span class='ocrx_word' id='word_1_29' title='bbox 688 936 992 1007; x_wconf 83' lang='lat' dir='ltr'><strong>Antequam</strong></span> <span class='ocrx_word' id='word_1_30' title='bbox 1042 937 1145 991; x_wconf 83' lang='lat' dir='ltr'><strong>iret</strong></span> <span class='ocrx_word' id='word_1_31' title='bbox 1196 953 1382 993; x_wconf 78' lang='lat' dir='ltr'><strong>versus</strong></span> <span class='ocrx_word' id='word_1_32' title='bbox 1433 939 1762 995; x_wconf 86' lang='lat' dir='ltr'><strong>Panormum</strong></span> 
     </span>
    </p>
   </div>
   <div class='ocr_carea' id='block_1_8' title="bbox 186 1028 1763 1091">
    <p class='ocr_par' dir='ltr' id='par_1_8' title="bbox 186 1028 1763 1091">
     <span class='ocr_line' id='line_1_8' title="bbox 186 1028 1763 1091; baseline 0.001 -9"><span class='ocrx_word' id='word_1_33' title='bbox 186 1030 299 1083; x_wconf 80' lang='lat' dir='ltr'><strong>dux</strong></span> <span class='ocrx_word' id='word_1_34' title='bbox 347 1029 630 1091; x_wconf 73' lang='lat' dir='ltr'><strong>Ilobertus,</strong></span> <span class='ocrx_word' id='word_1_35' title='bbox 669 1038 722 1082; x_wconf 82' lang='lat' dir='ltr'><strong>et</strong></span> <span class='ocrx_word' id='word_1_36' title='bbox 777 1028 836 1082; x_wconf 87' lang='lat' dir='ltr'><strong>in</strong></span> <span class='ocrx_word' id='word_1_37' title='bbox 883 1038 1067 1083; x_wconf 87' lang='lat' dir='ltr'><strong>monte</strong></span> <span class='ocrx_word' id='word_1_38' title='bbox 1116 1028 1478 1085; x_wconf 85' lang='lat' dir='ltr'><strong>Tarantarum</strong></span> <span class='ocrx_word' id='word_1_39' title='bbox 1534 1033 1763 1086; x_wconf 87' lang='lat' dir='ltr'><strong>tentoria</strong></span> 
     </span>
    </p>
   </div>
   <div class='ocr_carea' id='block_1_9' title="bbox 187 1121 1763 1193">
    <p class='ocr_par' dir='ltr' id='par_1_9' title="bbox 187 1121 1763 1193">
     <span class='ocr_line' id='line_1_9' title="bbox 187 1121 1763 1193; baseline 0.003 -20"><span class='ocrx_word' id='word_1_40' title='bbox 187 1121 418 1186; x_wconf 67' lang='lat' dir='ltr'><strong>fixisset,</strong></span> <span class='ocrx_word' id='word_1_41' title='bbox 446 1122 550 1176; x_wconf 78' lang='lat' dir='ltr'><strong>dux</strong></span> <span class='ocrx_word' id='word_1_42' title='bbox 579 1130 632 1175; x_wconf 92' lang='lat' dir='ltr'><strong>et</strong></span> <span class='ocrx_word' id='word_1_43' title='bbox 659 1135 841 1176; x_wconf 84' lang='lat' dir='ltr'><strong>comes</strong></span> <span class='ocrx_word' id='word_1_44' title='bbox 870 1121 1134 1190; x_wconf 76' lang='lat' dir='ltr'><strong>Ilogerius</strong></span> <span class='ocrx_word' id='word_1_45' title='bbox 1174 1122 1323 1191; x_wconf 86' lang='lat' dir='ltr'><strong>prius</strong></span> <span class='ocrx_word' id='word_1_46' title='bbox 1351 1123 1402 1177; x_wconf 90' lang='lat' dir='ltr'><strong>in</strong></span> <span class='ocrx_word' id='word_1_47' title='bbox 1432 1124 1763 1193; x_wconf 76' lang='lat' dir='ltr'><strong>provinciam</strong></span> 
     </span>
    </p>
   </div>
   <div class='ocr_carea' id='block_1_10' title="bbox 187 1212 1761 1286">
    <p class='ocr_par' dir='ltr' id='par_1_10' title="bbox 187 1212 1761 1286">
     <span class='ocr_line' id='line_1_10' title="bbox 187 1212 1761 1286; baseline 0.001 -18"><span class='ocrx_word' id='word_1_48' title='bbox 187 1212 430 1268; x_wconf 86' lang='lat' dir='ltr'><strong>Cusentii</strong></span> <span class='ocrx_word' id='word_1_49' title='bbox 477 1223 711 1269; x_wconf 90' lang='lat' dir='ltr'><strong>castrum</strong></span> <span class='ocrx_word' id='word_1_50' title='bbox 752 1212 966 1283; x_wconf 82' lang='lat' dir='ltr'><strong>quidem</strong></span> <span class='ocrx_word' id='word_1_51' title='bbox 1017 1214 1214 1284; x_wconf 83' lang='lat' dir='ltr'><strong>Regale</strong></span> <span class='ocrx_word' id='word_1_52' title='bbox 1245 1215 1761 1286; x_wconf 68' lang='lat' dir='ltr'><strong>(I57)eXpugnave~</strong></span> 
     </span>
    </p>
   </div>
   <div class='ocr_carea' id='block_1_11' title="bbox 187 1304 1760 1375">
    <p class='ocr_par' dir='ltr' id='par_1_11' title="bbox 187 1304 1760 1375">
     <span class='ocr_line' id='line_1_11' title="bbox 187 1304 1760 1375; baseline 0 -17"><span class='ocrx_word' id='word_1_53' title='bbox 187 1317 335 1369; x_wconf 88' lang='lat' dir='ltr'><strong>rant,</strong></span> <span class='ocrx_word' id='word_1_54' title='bbox 379 1316 434 1360; x_wconf 91' lang='lat' dir='ltr'><strong>et</strong></span> <span class='ocrx_word' id='word_1_55' title='bbox 484 1320 581 1375; x_wconf 88' lang='lat' dir='ltr'><strong>pro</strong></span> <span class='ocrx_word' id='word_1_56' title='bbox 608 1304 761 1359; x_wconf 81' lang='lat' dir='ltr'><strong>libita</strong></span> <span class='ocrx_word' id='word_1_57' title='bbox 805 1305 1209 1358; x_wconf 78' lang='lat' dir='ltr'><strong>ordinaverunt.</strong></span> <span class='ocrx_word' id='word_1_58' title='bbox 1258 1305 1458 1360; x_wconf 83' lang='lat' dir='ltr'><strong>Eodem</strong></span> <span class='ocrx_word' id='word_1_59' title='bbox 1499 1321 1642 1359; x_wconf 87' lang='lat' dir='ltr'><strong>anno</strong></span> <span class='ocrx_word' id='word_1_60' title='bbox 1665 1320 1760 1359; x_wconf 86' lang='lat' dir='ltr'><strong>ca-</strong></span> 
     </span>
    </p>
   </div>
   <div class='ocr_carea' id='block_1_12' title="bbox 185 1397 1759 1468">
    <p class='ocr_par' dir='ltr' id='par_1_12' title="bbox 185 1397 1759 1468">
     <span class='ocr_line' id='line_1_12' title="bbox 185 1397 1759 1468; baseline -0.001 -16"><span class='ocrx_word' id='word_1_61' title='bbox 185 1408 361 1452; x_wconf 86' lang='lat' dir='ltr'><strong>strum</strong></span> <span class='ocrx_word' id='word_1_62' title='bbox 412 1399 701 1468; x_wconf 82' lang='lat' dir='ltr'><strong>quoddam,</strong></span> <span class='ocrx_word' id='word_1_63' title='bbox 738 1398 879 1467; x_wconf 91' lang='lat' dir='ltr'><strong>quod</strong></span> <span class='ocrx_word' id='word_1_64' title='bbox 926 1397 1057 1463; x_wconf 81' lang='lat' dir='ltr'><strong>Agel</strong></span> <span class='ocrx_word' id='word_1_65' title='bbox 1113 1397 1334 1463; x_wconf 89' lang='lat' dir='ltr'><strong>dicitur,</strong></span> <span class='ocrx_word' id='word_1_66' title='bbox 1368 1398 1423 1451; x_wconf 90' lang='lat' dir='ltr'><strong>in</strong></span> <span class='ocrx_word' id='word_1_67' title='bbox 1483 1397 1759 1466; x_wconf 86' lang='lat' dir='ltr'><strong>provincia</strong></span> 
     </span>
    </p>
   </div>
   <div class='ocr_carea' id='block_1_13' title="bbox 182 1487 1762 1558">
    <p class='ocr_par' dir='ltr' id='par_1_13' title="bbox 182 1487 1762 1558">
     <span class='ocr_line' id='line_1_13' title="bbox 182 1487 1762 1558; baseline -0.001 -16"><span class='ocrx_word' id='word_1_68' title='bbox 182 1489 450 1553; x_wconf 85' lang='lat' dir='ltr'><strong>Cusentii,</strong></span> <span class='ocrx_word' id='word_1_69' title='bbox 469 1489 574 1542; x_wconf 84' lang='lat' dir='ltr'><strong>dux</strong></span> <span class='ocrx_word' id='word_1_70' title='bbox 601 1501 911 1558; x_wconf 88' lang='lat' dir='ltr'><strong>oppugnare</strong></span> <span class='ocrx_word' id='word_1_71' title='bbox 934 1487 1154 1551; x_wconf 87' lang='lat' dir='ltr'><strong>vadens,</strong></span> <span class='ocrx_word' id='word_1_72' title='bbox 1178 1501 1275 1556; x_wconf 87' lang='lat' dir='ltr'><strong>per</strong></span> <span class='ocrx_word' id='word_1_73' title='bbox 1293 1497 1527 1556; x_wconf 88' lang='lat' dir='ltr'><strong>quatuor</strong></span> <span class='ocrx_word' id='word_1_74' title='bbox 1550 1501 1762 1541; x_wconf 82' lang='lat' dir='ltr'><strong>menses</strong></span> 
     </span>
    </p>
   </div>
   <div class='ocr_carea' id='block_1_14' title="bbox 181 1571 1761 1641">
    <p class='ocr_par' dir='ltr' id='par_1_14' title="bbox 181 1571 1761 1641">
     <span class='ocr_line' id='line_1_14' title="bbox 181 1571 1761 1641; baseline -0.001 -14"><span class='ocrx_word' id='word_1_75' title='bbox 181 1572 416 1626; x_wconf 80' lang='lat' dir='ltr'><strong>obsedit.</strong></span> <span class='ocrx_word' id='word_1_76' title='bbox 469 1571 782 1641; x_wconf 86' lang='lat' dir='ltr'><strong>Agellenses</strong></span> <span class='ocrx_word' id='word_1_77' title='bbox 825 1581 1007 1628; x_wconf 85' lang='lat' dir='ltr'><strong>autem</strong></span> <span class='ocrx_word' id='word_1_78' title='bbox 1048 1580 1202 1626; x_wconf 88' lang='lat' dir='ltr'><strong>extra</strong></span> <span class='ocrx_word' id='word_1_79' title='bbox 1257 1581 1494 1626; x_wconf 89' lang='lat' dir='ltr'><strong>castrum</strong></span> <span class='ocrx_word' id='word_1_80' title='bbox 1541 1586 1761 1641; x_wconf 87' lang='lat' dir='ltr'><strong>progre-</strong></span> 
     </span>
    </p>
   </div>
   <div class='ocr_carea' id='block_1_15' title="bbox 182 1662 1760 1736">
    <p class='ocr_par' dir='ltr' id='par_1_15' title="bbox 182 1662 1760 1736">
     <span class='ocr_line' id='line_1_15' title="bbox 182 1662 1760 1736; baseline -0.001 -18"><span class='ocrx_word' id='word_1_81' title='bbox 182 1665 413 1736; x_wconf 87' lang='lat' dir='ltr'><strong>dientes,</strong></span> <span class='ocrx_word' id='word_1_82' title='bbox 443 1679 564 1718; x_wconf 72' lang='grc' dir='ltr'><strong>(τιιιιι</strong></span> <span class='ocrx_word' id='word_1_83' title='bbox 607 1664 836 1718; x_wconf 71' lang='lat' dir='ltr'><strong>vicinius</strong></span> <span class='ocrx_word' id='word_1_84' title='bbox 883 1663 1109 1718; x_wconf 89' lang='lat' dir='ltr'><strong>tentoria</strong></span> <span class='ocrx_word' id='word_1_85' title='bbox 1157 1663 1340 1718; x_wconf 79' lang='lat' dir='ltr'><strong>hostes</strong></span> <span class='ocrx_word' id='word_1_86' title='bbox 1369 1662 1760 1732; x_wconf 78' lang='lat' dir='ltr'><strong>figerent,fun-</strong></span> 
     </span>
    </p>
   </div>
   <div class='ocr_carea' id='block_1_16' title="bbox 180 1753 1758 1824">
    <p class='ocr_par' dir='ltr' id='par_1_16' title="bbox 180 1753 1758 1824">
     <span class='ocr_line' id='line_1_16' title="bbox 180 1753 1758 1824; baseline -0.001 -16"><span class='ocrx_word' id='word_1_87' title='bbox 180 1754 382 1808; x_wconf 88' lang='lat' dir='ltr'><strong>dibulis</strong></span> <span class='ocrx_word' id='word_1_88' title='bbox 405 1762 458 1808; x_wconf 90' lang='lat' dir='ltr'><strong>et</strong></span> <span class='ocrx_word' id='word_1_89' title='bbox 478 1755 690 1824; x_wconf 79' lang='lat' dir='ltr'><strong>sagittis</strong></span> <span class='ocrx_word' id='word_1_90' title='bbox 712 1753 922 1823; x_wconf 88' lang='lat' dir='ltr'><strong>longius</strong></span> <span class='ocrx_word' id='word_1_91' title='bbox 944 1753 1242 1824; x_wconf 83' lang='lat' dir='ltr'><strong>propellere</strong></span> <span class='ocrx_word' id='word_1_92' title='bbox 1263 1754 1542 1819; x_wconf 79' lang='lat' dir='ltr'><strong>nituntur;</strong></span> <span class='ocrx_word' id='word_1_93' title='bbox 1570 1753 1758 1823; x_wconf 82' lang='lat' dir='ltr'><strong>sicque</strong></span> 
     </span>
    </p>
   </div>
   <div class='ocr_carea' id='block_1_17' title="bbox 178 1845 1755 1916">
    <p class='ocr_par' dir='ltr' id='par_1_17' title="bbox 178 1845 1755 1916">
     <span class='ocr_line' id='line_1_17' title="bbox 178 1845 1755 1916; baseline -0.001 -15"><span class='ocrx_word' id='word_1_94' title='bbox 178 1861 250 1901; x_wconf 75' lang='lat' dir='ltr'><strong>ex</strong></span> <span class='ocrx_word' id='word_1_95' title='bbox 283 1857 507 1914; x_wconf 89' lang='lat' dir='ltr'><strong>utraque</strong></span> <span class='ocrx_word' id='word_1_96' title='bbox 541 1855 694 1914; x_wconf 87' lang='lat' dir='ltr'><strong>parte</strong></span> <span class='ocrx_word' id='word_1_97' title='bbox 721 1855 906 1900; x_wconf 86' lang='lat' dir='ltr'><strong>mutua</strong></span> <span class='ocrx_word' id='word_1_98' title='bbox 951 1845 1097 1900; x_wconf 41' lang='lat' dir='ltr'><strong>cardo</strong></span> <span class='ocrx_word' id='word_1_99' title='bbox 1141 1845 1354 1900; x_wconf 84' lang='lat' dir='ltr'><strong>fortiter</strong></span> <span class='ocrx_word' id='word_1_100' title='bbox 1389 1845 1755 1916; x_wconf 86' lang='lat' dir='ltr'><strong>congrediun-</strong></span> 
     </span>
    </p>
   </div>
   <div class='ocr_carea' id='block_1_18' title="bbox 181 1936 1758 2008">
    <p class='ocr_par' dir='ltr' id='par_1_18' title="bbox 181 1936 1758 2008">
     <span class='ocr_line' id='line_1_18' title="bbox 181 1936 1758 2008; baseline 0 -16"><span class='ocrx_word' id='word_1_101' title='bbox 181 1947 290 1992; x_wconf 64' lang='lat' dir='ltr'><strong>tur.</strong></span> <span class='ocrx_word' id='word_1_102' title='bbox 329 1938 398 1991; x_wconf 82' lang='lat' dir='ltr'><strong>At</strong></span> <span class='ocrx_word' id='word_1_103' title='bbox 423 1940 548 1990; x_wconf 87' lang='lat' dir='ltr'><strong>dum</strong></span> <span class='ocrx_word' id='word_1_104' title='bbox 590 1937 756 1990; x_wconf 88' lang='lat' dir='ltr'><strong>nostri</strong></span> <span class='ocrx_word' id='word_1_105' title='bbox 788 1937 1022 1990; x_wconf 89' lang='lat' dir='ltr'><strong>maxima</strong></span> <span class='ocrx_word' id='word_1_106' title='bbox 1069 1936 1435 2008; x_wconf 82' lang='lat' dir='ltr'><strong>indignatione</strong></span> <span class='ocrx_word' id='word_1_107' title='bbox 1481 1939 1758 2003; x_wconf 85' lang='lat' dir='ltr'><strong>commoti,</strong></span> 
     </span>
    </p>
   </div>
   <div class='ocr_carea' id='block_1_19' title="bbox 181 2011 1757 2098">
    <p class='ocr_par' dir='ltr' id='par_1_19' title="bbox 181 2011 1757 2098">
     <span class='ocr_line' id='line_1_19' title="bbox 181 2011 1757 2098; baseline 0.003 -16"><span class='ocrx_word' id='word_1_108' title='bbox 181 2029 444 2097; x_wconf 85' lang='lat' dir='ltr'><strong>impetum</strong></span> <span class='ocrx_word' id='word_1_109' title='bbox 490 2011 541 2083; x_wconf 81' lang='lat' dir='ltr'><strong>in</strong></span> <span class='ocrx_word' id='word_1_110' title='bbox 581 2031 762 2084; x_wconf 82' lang='lat' dir='ltr'><strong>hostes</strong></span> <span class='ocrx_word' id='word_1_111' title='bbox 803 2026 1080 2092; x_wconf 77' lang='lat' dir='ltr'><strong>facientes,</strong></span> <span class='ocrx_word' id='word_1_112' title='bbox 1114 2028 1202 2086; x_wconf 86' lang='lat' dir='ltr'><strong>ubi</strong></span> <span class='ocrx_word' id='word_1_113' title='bbox 1247 2027 1525 2087; x_wconf 75' lang='lat' dir='ltr'><strong>densiores</strong></span> <span class='ocrx_word' id='word_1_114' title='bbox 1579 2038 1757 2098; x_wconf 81' lang='lat' dir='ltr'><strong>eram,</strong></span> 
     </span>
    </p>
   </div>
   <div class='ocr_carea' id='block_1_20' title="bbox 179 2122 1756 2195">
    <p class='ocr_par' dir='ltr' id='par_1_20' title="bbox 179 2122 1756 2195">
     <span class='ocr_line' id='line_1_20' title="bbox 179 2122 1756 2195; baseline 0.003 -20"><span class='ocrx_word' id='word_1_115' title='bbox 179 2138 533 2192; x_wconf 84' lang='lat' dir='ltr'><strong>prorumpere</strong></span> <span class='ocrx_word' id='word_1_116' title='bbox 557 2123 820 2184; x_wconf 86' lang='lat' dir='ltr'><strong>nituntur.</strong></span> <span class='ocrx_word' id='word_1_117' title='bbox 849 2122 1112 2194; x_wconf 79' lang='lat' dir='ltr'><strong>Rogerius</strong></span> <span class='ocrx_word' id='word_1_118' title='bbox 1136 2124 1276 2178; x_wconf 86' lang='lat' dir='ltr'><strong>filius</strong></span> <span class='ocrx_word' id='word_1_119' title='bbox 1300 2123 1584 2179; x_wconf 88' lang='lat' dir='ltr'><strong>Scolcandi</strong></span> <span class='ocrx_word' id='word_1_120' title='bbox 1611 2124 1756 2195; x_wconf 76' lang='lat' dir='ltr'><strong>(l58)</strong></span> 
     </span>
    </p>
   </div>
   <div class='ocr_carea' id='block_1_21' title="bbox 171 2213 1759 2284">
    <p class='ocr_par' dir='ltr' id='par_1_21' title="bbox 171 2213 1759 2284">
     <span class='ocr_line' id='line_1_21' title="bbox 171 2213 1759 2284; baseline 0.003 -21"><span class='ocrx_word' id='word_1_121' title='bbox 171 2213 359 2284; x_wconf 77' lang='lat' dir='ltr'><strong>jaeulo</strong></span> <span class='ocrx_word' id='word_1_122' title='bbox 388 2213 688 2278; x_wconf 77' lang='lat' dir='ltr'><strong>confossus,</strong></span> <span class='ocrx_word' id='word_1_123' title='bbox 719 2228 858 2282; x_wconf 77' lang='lat' dir='ltr'><strong>equo</strong></span> <span class='ocrx_word' id='word_1_124' title='bbox 883 2214 1131 2282; x_wconf 88' lang='lat' dir='ltr'><strong>dejicitur</strong></span> <span class='ocrx_word' id='word_1_125' title='bbox 1158 2232 1172 2268; x_wconf 91' lang='lat'><strong>:</strong></span> <span class='ocrx_word' id='word_1_126' title='bbox 1222 2230 1344 2270; x_wconf 92' lang='lat' dir='ltr'><strong>cum</strong></span> <span class='ocrx_word' id='word_1_127' title='bbox 1395 2216 1557 2270; x_wconf 90' lang='lat' dir='ltr'><strong>etiam</strong></span> <span class='ocrx_word' id='word_1_128' title='bbox 1585 2215 1759 2270; x_wconf 83' lang='lat' dir='ltr'><strong>Gissi-</strong></span> 
     </span>
    </p>
   </div>
   <div class='ocr_carea' id='block_1_22' title="bbox 177 2305 1754 2378">
    <p class='ocr_par' dir='ltr' id='par_1_22' title="bbox 177 2305 1754 2378">
     <span class='ocr_line' id='line_1_22' title="bbox 177 2305 1754 2378; baseline 0.003 -21"><span class='ocrx_word' id='word_1_129' title='bbox 177 2306 369 2358; x_wconf 85' lang='lat' dir='ltr'><strong>bertus</strong></span> <span class='ocrx_word' id='word_1_130' title='bbox 394 2305 542 2373; x_wconf 79' lang='lat'><strong>(159)</strong></span> <span class='ocrx_word' id='word_1_131' title='bbox 571 2320 734 2374; x_wconf 90' lang='lat' dir='ltr'><strong>nepos</strong></span> <span class='ocrx_word' id='word_1_132' title='bbox 781 2307 898 2373; x_wconf 89' lang='lat' dir='ltr'><strong>ejus</strong></span> <span class='ocrx_word' id='word_1_133' title='bbox 937 2321 1059 2361; x_wconf 89' lang='lat' dir='ltr'><strong>eum</strong></span> <span class='ocrx_word' id='word_1_134' title='bbox 1101 2307 1248 2378; x_wconf 86' lang='grc'><strong>(160)</strong></span> <span class='ocrx_word' id='word_1_135' title='bbox 1296 2309 1536 2362; x_wconf 88' lang='lat' dir='ltr'><strong>relevare</strong></span> <span class='ocrx_word' id='word_1_136' title='bbox 1561 2318 1754 2371; x_wconf 88' lang='lat' dir='ltr'><strong>tentat,</strong></span> 
     </span>
    </p>
   </div>
   <div class='ocr_carea' id='block_1_23' title="bbox 180 2399 1755 2469">
    <p class='ocr_par' dir='ltr' id='par_1_23' title="bbox 180 2399 1755 2469">
     <span class='ocr_line' id='line_1_23' title="bbox 180 2399 1755 2469; baseline 0.003 -19"><span class='ocrx_word' id='word_1_137' title='bbox 180 2399 427 2464; x_wconf 82' lang='lat' dir='ltr'><strong>dejectns</strong></span> <span class='ocrx_word' id='word_1_138' title='bbox 455 2400 669 2467; x_wconf 88' lang='lat' dir='ltr'><strong>utrique</strong></span> <span class='ocrx_word' id='word_1_139' title='bbox 715 2400 1070 2454; x_wconf 87' lang='lat' dir='ltr'><strong>occiduntur:</strong></span> <span class='ocrx_word' id='word_1_140' title='bbox 1121 2403 1186 2454; x_wconf 91' lang='lat' dir='ltr'><strong>de</strong></span> <span class='ocrx_word' id='word_1_141' title='bbox 1217 2416 1445 2469; x_wconf 90' lang='lat' dir='ltr'><strong>quorum</strong></span> <span class='ocrx_word' id='word_1_142' title='bbox 1480 2416 1613 2455; x_wconf 90' lang='lat' dir='ltr'><strong>nece</strong></span> <span class='ocrx_word' id='word_1_143' title='bbox 1648 2403 1755 2456; x_wconf 84' lang='lat' dir='ltr'><strong>dux</strong></span> 
     </span>
    </p>
   </div>
   <div class='ocr_carea' id='block_1_24' title="bbox 179 2490 1758 2557">
    <p class='ocr_par' dir='ltr' id='par_1_24' title="bbox 179 2490 1758 2557">
     <span class='ocr_line' id='line_1_24' title="bbox 179 2490 1758 2557; baseline 0.004 -16"><span class='ocrx_word' id='word_1_144' title='bbox 179 2505 308 2542; x_wconf 90' lang='lat' dir='ltr'><strong>cum</strong></span> <span class='ocrx_word' id='word_1_145' title='bbox 354 2490 499 2543; x_wconf 90' lang='lat' dir='ltr'><strong>omni</strong></span> <span class='ocrx_word' id='word_1_146' title='bbox 551 2491 793 2545; x_wconf 89' lang='lat' dir='ltr'><strong>exercitu</strong></span> <span class='ocrx_word' id='word_1_147' title='bbox 853 2507 956 2545; x_wconf 89' lang='lat' dir='ltr'><strong>non</strong></span> <span class='ocrx_word' id='word_1_148' title='bbox 1008 2493 1290 2546; x_wconf 89' lang='lat' dir='ltr'><strong>minimum</strong></span> <span class='ocrx_word' id='word_1_149' title='bbox 1333 2493 1554 2557; x_wconf 88' lang='lat' dir='ltr'><strong>turbati,</strong></span> <span class='ocrx_word' id='word_1_150' title='bbox 1599 2501 1758 2548; x_wconf 89' lang='lat' dir='ltr'><strong>erant</strong></span> 
     </span>
    </p>
   </div>
   <div class='ocr_carea' id='block_1_25' title="bbox 176 2581 1754 2646">
    <p class='ocr_par' dir='ltr' id='par_1_25' title="bbox 176 2581 1754 2646">
     <span class='ocr_line' id='line_1_25' title="bbox 176 2581 1754 2646; baseline 0.002 -12"><span class='ocrx_word' id='word_1_151' title='bbox 176 2581 326 2634; x_wconf 89' lang='lat' dir='ltr'><strong>enim</strong></span> <span class='ocrx_word' id='word_1_152' title='bbox 373 2582 516 2635; x_wconf 90' lang='lat' dir='ltr'><strong>inter</strong></span> <span class='ocrx_word' id='word_1_153' title='bbox 561 2581 856 2637; x_wconf 80' lang='lat' dir='ltr'><strong>familiares</strong></span> <span class='ocrx_word' id='word_1_154' title='bbox 904 2583 1003 2636; x_wconf 87' lang='lat' dir='ltr'><strong>sibi</strong></span> <span class='ocrx_word' id='word_1_155' title='bbox 1037 2584 1367 2646; x_wconf 79' lang='lat' dir='ltr'><strong>cliarissimi,</strong></span> <span class='ocrx_word' id='word_1_156' title='bbox 1402 2599 1588 2637; x_wconf 85' lang='lat' dir='ltr'><strong>eorum</strong></span> <span class='ocrx_word' id='word_1_157' title='bbox 1629 2600 1754 2639; x_wconf 92' lang='lat' dir='ltr'><strong>cor-</strong></span> 
     </span>
    </p>
   </div>
   <div class='ocr_carea' id='block_1_26' title="bbox 176 2671 1750 2744">
    <p class='ocr_par' dir='ltr' id='par_1_26' title="bbox 176 2671 1750 2744">
     <span class='ocr_line' id='line_1_26' title="bbox 176 2671 1750 2744; baseline 0.004 -20"><span class='ocrx_word' id='word_1_158' title='bbox 176 2686 312 2740; x_wconf 87' lang='lat' dir='ltr'><strong>pora</strong></span> <span class='ocrx_word' id='word_1_159' title='bbox 341 2675 478 2741; x_wconf 85' lang='lat' dir='ltr'><strong>apud</strong></span> <span class='ocrx_word' id='word_1_160' title='bbox 507 2671 759 2727; x_wconf 74' lang='lat' dir='ltr'><strong>Sanctam</strong></span> <span class='ocrx_word' id='word_1_161' title='bbox 805 2675 1177 2744; x_wconf 83' lang='lat' dir='ltr'><strong>Euphemiam,</strong></span> <span class='ocrx_word' id='word_1_162' title='bbox 1232 2677 1320 2730; x_wconf 88' lang='lat' dir='ltr'><strong>ubi</strong></span> <span class='ocrx_word' id='word_1_163' title='bbox 1369 2686 1496 2730; x_wconf 90' lang='lat' dir='ltr'><strong>tunc</strong></span> <span class='ocrx_word' id='word_1_164' title='bbox 1536 2677 1750 2731; x_wconf 88' lang='lat' dir='ltr'><strong>abbatia</strong></span> 
     </span>
    </p>
   </div>
   <div class='ocr_carea' id='block_1_27' title="bbox 178 2763 1755 2835">
    <p class='ocr_par' dir='ltr' id='par_1_27' title="bbox 178 2763 1755 2835">
     <span class='ocr_line' id='line_1_27' title="bbox 178 2763 1755 2835; baseline 0.003 -20"><span class='ocrx_word' id='word_1_165' title='bbox 178 2763 236 2816; x_wconf 91' lang='lat' dir='ltr'><strong>in</strong></span> <span class='ocrx_word' id='word_1_166' title='bbox 273 2763 474 2817; x_wconf 85' lang='lat' dir='ltr'><strong>honore</strong></span> <span class='ocrx_word' id='word_1_167' title='bbox 503 2773 704 2818; x_wconf 68' lang='lat' dir='ltr'><strong>sanctae</strong></span> <span class='ocrx_word' id='word_1_168' title='bbox 753 2763 844 2818; x_wconf 90' lang='lat' dir='ltr'><strong>Dei</strong></span> <span class='ocrx_word' id='word_1_169' title='bbox 894 2765 1171 2835; x_wconf 72' lang='lat' dir='ltr'><strong>genitricis</strong></span> <span class='ocrx_word' id='word_1_170' title='bbox 1205 2765 1382 2819; x_wconf 74' lang='lat' dir='ltr'><strong>Maria:</strong></span> <span class='ocrx_word' id='word_1_171' title='bbox 1421 2767 1632 2822; x_wconf 88' lang='lat' dir='ltr'><strong>novilcr</strong></span> <span class='ocrx_word' id='word_1_172' title='bbox 1674 2767 1755 2820; x_wconf 80' lang='lat' dir='ltr'><strong>in-</strong></span> 
     </span>
    </p>
   </div>
   <div class='ocr_carea' id='block_1_28' title="bbox 173 2855 1756 2925">
    <p class='ocr_par' dir='ltr' id='par_1_28' title="bbox 173 2855 1756 2925">
     <span class='ocr_line' id='line_1_28' title="bbox 173 2855 1756 2925; baseline 0.003 -17"><span class='ocrx_word' id='word_1_173' title='bbox 173 2865 356 2924; x_wconf 51' lang='lat' dir='ltr'><strong>co‘pla</strong></span> <span class='ocrx_word' id='word_1_174' title='bbox 386 2855 798 2920; x_wconf 85' lang='lat' dir='ltr'><strong>instituebatur,</strong></span> <span class='ocrx_word' id='word_1_175' title='bbox 831 2856 1100 2910; x_wconf 88' lang='lat' dir='ltr'><strong>humanda</strong></span> <span class='ocrx_word' id='word_1_176' title='bbox 1137 2857 1450 2910; x_wconf 86' lang='lat' dir='ltr'><strong>mandavit:</strong></span> <span class='ocrx_word' id='word_1_177' title='bbox 1479 2872 1665 2925; x_wconf 89' lang='lat' dir='ltr'><strong>equos,</strong></span> <span class='ocrx_word' id='word_1_178' title='bbox 1699 2865 1756 2912; x_wconf 92' lang='lat' dir='ltr'><strong>ct</strong></span> 
     </span>
    </p>
   </div>
   <div class='ocr_carea' id='block_1_29' title="bbox 173 2946 1751 3016">
    <p class='ocr_par' dir='ltr' id='par_1_29' title="bbox 173 2946 1751 3016">
     <span class='ocr_line' id='line_1_29' title="bbox 173 2946 1751 3016; baseline 0 -15"><span class='ocrx_word' id='word_1_179' title='bbox 173 2955 376 3001; x_wconf 72' lang='lat' dir='ltr'><strong>caetera</strong></span> <span class='ocrx_word' id='word_1_180' title='bbox 410 2961 530 3016; x_wconf 67' lang='lat' dir='ltr'><strong>quae</strong></span> <span class='ocrx_word' id='word_1_181' title='bbox 552 2946 844 3012; x_wconf 84' lang='lat' dir='ltr'><strong>habebant,</strong></span> <span class='ocrx_word' id='word_1_182' title='bbox 890 2948 1062 3002; x_wconf 86' lang='lat' dir='ltr'><strong>eidem</strong></span> <span class='ocrx_word' id='word_1_183' title='bbox 1093 2947 1353 3013; x_wconf 53' lang='lat' dir='ltr'><strong>ecclesia,</strong></span> <span class='ocrx_word' id='word_1_184' title='bbox 1385 2962 1483 3016; x_wconf 89' lang='lat' dir='ltr'><strong>pro</strong></span> <span class='ocrx_word' id='word_1_185' title='bbox 1516 2949 1751 3016; x_wconf 90' lang='lat' dir='ltr'><strong>ipsorum</strong></span> 
     </span>
    </p>
   </div>
   <div class='ocr_carea' id='block_1_30' title="bbox 174 3035 1755 3108">
    <p class='ocr_par' dir='ltr' id='par_1_30' title="bbox 174 3035 1755 3108">
     <span class='ocr_line' id='line_1_30' title="bbox 174 3035 1755 3108; baseline 0.001 -18"><span class='ocrx_word' id='word_1_186' title='bbox 174 3035 475 3090; x_wconf 84' lang='lat' dir='ltr'><strong>salvatione</strong></span> <span class='ocrx_word' id='word_1_187' title='bbox 499 3036 743 3090; x_wconf 90' lang='lat' dir='ltr'><strong>contulit.</strong></span> <span class='ocrx_word' id='word_1_188' title='bbox 786 3037 1096 3108; x_wconf 86' lang='lat' dir='ltr'><strong>Agellenses</strong></span> <span class='ocrx_word' id='word_1_189' title='bbox 1138 3038 1320 3106; x_wconf 87' lang='lat' dir='ltr'><strong>itaque</strong></span> <span class='ocrx_word' id='word_1_190' title='bbox 1367 3047 1755 3108; x_wconf 84' lang='lat' dir='ltr'><strong>cognoscentes</strong></span> 
     </span>
    </p>
   </div>
   <div class='ocr_carea' id='block_1_31' title="bbox 171 3126 1754 3198">
    <p class='ocr_par' dir='ltr' id='par_1_31' title="bbox 171 3126 1754 3198">
     <span class='ocr_line' id='line_1_31' title="bbox 171 3126 1754 3198; baseline 0.002 -19"><span class='ocrx_word' id='word_1_191' title='bbox 171 3143 275 3198; x_wconf 87' lang='lat' dir='ltr'><strong>pro</strong></span> <span class='ocrx_word' id='word_1_192' title='bbox 307 3126 398 3181; x_wconf 87' lang='lat' dir='ltr'><strong>tali</strong></span> <span class='ocrx_word' id='word_1_193' title='bbox 458 3135 510 3181; x_wconf 93' lang='lat' dir='ltr'><strong>et</strong></span> <span class='ocrx_word' id='word_1_194' title='bbox 557 3128 821 3183; x_wconf 79' lang='lat' dir='ltr'><strong>similibus</strong></span> <span class='ocrx_word' id='word_1_195' title='bbox 873 3129 1028 3183; x_wconf 87' lang='lat' dir='ltr'><strong>factis</strong></span> <span class='ocrx_word' id='word_1_196' title='bbox 1073 3130 1263 3184; x_wconf 90' lang='lat' dir='ltr'><strong>ducem</strong></span> <span class='ocrx_word' id='word_1_197' title='bbox 1311 3144 1430 3184; x_wconf 90' lang='lat' dir='ltr'><strong>sese</strong></span> <span class='ocrx_word' id='word_1_198' title='bbox 1515 3130 1754 3197; x_wconf 90' lang='lat' dir='ltr'><strong>graviter</strong></span> 
     </span>
    </p>
   </div>
   <div class='ocr_carea' id='block_1_32' title="bbox 170 3214 1749 3288">
    <p class='ocr_par' dir='ltr' id='par_1_32' title="bbox 170 3214 1749 3288">
     <span class='ocr_line' id='line_1_32' title="bbox 170 3214 1749 3288; baseline 0.003 -18"><span class='ocrx_word' id='word_1_199' title='bbox 170 3214 482 3279; x_wconf 77' lang='lat' dir='ltr'><strong>offendisse,</strong></span> <span class='ocrx_word' id='word_1_200' title='bbox 509 3232 694 3286; x_wconf 84' lang='lat' dir='ltr'><strong>pacem</strong></span> <span class='ocrx_word' id='word_1_201' title='bbox 728 3219 794 3272; x_wconf 88' lang='lat' dir='ltr'><strong>ab</strong></span> <span class='ocrx_word' id='word_1_202' title='bbox 825 3219 940 3288; x_wconf 88' lang='lat' dir='ltr'><strong>ipso</strong></span> <span class='ocrx_word' id='word_1_203' title='bbox 987 3226 1268 3287; x_wconf 78' lang='lat' dir='ltr'><strong>expetunt,</strong></span> <span class='ocrx_word' id='word_1_204' title='bbox 1323 3235 1390 3272; x_wconf 91' lang='lat' dir='ltr'><strong>ne</strong></span> <span class='ocrx_word' id='word_1_205' title='bbox 1433 3219 1476 3273; x_wconf 92' lang='lat' dir='ltr'><strong>si</strong></span> <span class='ocrx_word' id='word_1_206' title='bbox 1516 3219 1749 3274; x_wconf 82' lang='lat' dir='ltr'><strong>rebelles</strong></span> 
     </span>
    </p>
   </div>
   <div class='ocr_carea' id='block_1_33' title="bbox 175 3307 1752 3379">
    <p class='ocr_par' dir='ltr' id='par_1_33' title="bbox 175 3307 1752 3379">
     <span class='ocr_line' id='line_1_33' title="bbox 175 3307 1752 3379; baseline 0.002 -17"><span class='ocrx_word' id='word_1_207' title='bbox 175 3307 524 3376; x_wconf 66' lang='lat' dir='ltr'><strong>persistendo</strong></span> <span class='ocrx_word' id='word_1_208' title='bbox 555 3309 605 3362; x_wconf 88' lang='lat' dir='ltr'><strong>vi</strong></span> <span class='ocrx_word' id='word_1_209' title='bbox 638 3320 982 3378; x_wconf 79' lang='lat' dir='ltr'><strong>caperentur,</strong></span> <span class='ocrx_word' id='word_1_210' title='bbox 1010 3309 1078 3363; x_wconf 90' lang='lat' dir='ltr'><strong>ab</strong></span> <span class='ocrx_word' id='word_1_211' title='bbox 1123 3311 1199 3363; x_wconf 88' lang='lat' dir='ltr'><strong>ira</strong></span> <span class='ocrx_word' id='word_1_212' title='bbox 1231 3310 1368 3379; x_wconf 86' lang='lat' dir='ltr'><strong>ejus,</strong></span> <span class='ocrx_word' id='word_1_213' title='bbox 1417 3311 1622 3379; x_wconf 80' lang='lat' dir='ltr'><strong>absque</strong></span> <span class='ocrx_word' id='word_1_214' title='bbox 1669 3325 1752 3365; x_wconf 91' lang='lat' dir='ltr'><strong>re-</strong></span> 
     </span>
    </p>
   </div>
   <div class='ocr_carea' id='block_1_34' title="bbox 172 3400 1752 3472">
    <p class='ocr_par' dir='ltr' id='par_1_34' title="bbox 172 3400 1752 3472">
     <span class='ocr_line' id='line_1_34' title="bbox 172 3400 1752 3472; baseline 0.003 -18"><span class='ocrx_word' id='word_1_215' title='bbox 172 3401 492 3455; x_wconf 71' lang='lat' dir='ltr'><strong>cordatione</strong></span> <span class='ocrx_word' id='word_1_216' title='bbox 522 3400 746 3469; x_wconf 88' lang='lat' dir='ltr'><strong>alicujus</strong></span> <span class='ocrx_word' id='word_1_217' title='bbox 772 3402 1008 3472; x_wconf 89' lang='lat' dir='ltr'><strong>pietatis.</strong></span> <span class='ocrx_word' id='word_1_218' title='bbox 1039 3410 1095 3455; x_wconf 89' lang='lat' dir='ltr'><strong>ut</strong></span> <span class='ocrx_word' id='word_1_219' title='bbox 1144 3402 1321 3456; x_wconf 91' lang='lat' dir='ltr'><strong>meriti</strong></span> <span class='ocrx_word' id='word_1_220' title='bbox 1362 3411 1536 3465; x_wconf 89' lang='lat' dir='ltr'><strong>erant.</strong></span> <span class='ocrx_word' id='word_1_221' title='bbox 1564 3417 1752 3458; x_wconf 89' lang='lat' dir='ltr'><strong>omnes</strong></span> 
     </span>
    </p>
   </div>
   <div class='ocr_carea' id='block_1_35' title="bbox 178 3493 1752 3564">
    <p class='ocr_par' dir='ltr' id='par_1_35' title="bbox 178 3493 1752 3564">
     <span class='ocr_line' id='line_1_35' title="bbox 178 3493 1752 3564; baseline 0.004 -20"><span class='ocrx_word' id='word_1_222' title='bbox 178 3493 390 3561; x_wconf 90' lang='lat' dir='ltr'><strong>pariter</strong></span> <span class='ocrx_word' id='word_1_223' title='bbox 420 3493 835 3562; x_wconf 86' lang='lat' dir='ltr'><strong>perimereutur.</strong></span> <span class='ocrx_word' id='word_1_224' title='bbox 880 3495 995 3548; x_wconf 81' lang='lat' dir='ltr'><strong>Dux</strong></span> <span class='ocrx_word' id='word_1_225' title='bbox 1035 3509 1162 3548; x_wconf 89' lang='lat' dir='ltr'><strong>vero</strong></span> <span class='ocrx_word' id='word_1_226' title='bbox 1201 3495 1449 3564; x_wconf 83' lang='lat' dir='ltr'><strong>quamvis</strong></span> <span class='ocrx_word' id='word_1_227' title='bbox 1493 3495 1752 3550; x_wconf 86' lang='lat' dir='ltr'><strong>anhelans</strong></span> 
     </span>
    </p>
   </div>
   <div class='ocr_carea' id='block_1_36' title="bbox 170 3585 1749 3656">
    <p class='ocr_par' dir='ltr' id='par_1_36' title="bbox 170 3585 1749 3656">
     <span class='ocr_line' id='line_1_36' title="bbox 170 3585 1749 3656; baseline 0.003 -18"><span class='ocrx_word' id='word_1_228' title='bbox 170 3594 319 3640; x_wconf 86' lang='lat' dir='ltr'><strong>esset</strong></span> <span class='ocrx_word' id='word_1_229' title='bbox 346 3601 469 3639; x_wconf 90' lang='lat' dir='ltr'><strong>cum</strong></span> <span class='ocrx_word' id='word_1_230' title='bbox 500 3585 795 3655; x_wconf 88' lang='lat' dir='ltr'><strong>suppliciis,</strong></span> <span class='ocrx_word' id='word_1_231' title='bbox 845 3586 910 3640; x_wconf 89' lang='lat' dir='ltr'><strong>de</strong></span> <span class='ocrx_word' id='word_1_232' title='bbox 955 3586 1124 3655; x_wconf 85' lang='lat' dir='ltr'><strong>ipsius</strong></span> <span class='ocrx_word' id='word_1_233' title='bbox 1171 3586 1426 3642; x_wconf 89' lang='lat' dir='ltr'><strong>ultionem</strong></span> <span class='ocrx_word' id='word_1_234' title='bbox 1473 3597 1749 3656; x_wconf 82' lang='lat' dir='ltr'><strong>expetere,</strong></span> 
     </span>
    </p>
   </div>
   <div class='ocr_carea' id='block_1_37' title="bbox 172 3676 1748 3744">
    <p class='ocr_par' dir='ltr' id='par_1_37' title="bbox 172 3676 1748 3744">
     <span class='ocr_line' id='line_1_37' title="bbox 172 3676 1748 3744; baseline 0.003 -16"><span class='ocrx_word' id='word_1_235' title='bbox 172 3684 357 3730; x_wconf 90' lang='lat' dir='ltr'><strong>tamen</strong></span> <span class='ocrx_word' id='word_1_236' title='bbox 407 3690 474 3730; x_wconf 90' lang='lat' dir='ltr'><strong>ne</strong></span> <span class='ocrx_word' id='word_1_237' title='bbox 523 3676 725 3730; x_wconf 87' lang='lat' dir='ltr'><strong>diutius</strong></span> <span class='ocrx_word' id='word_1_238' title='bbox 773 3677 1195 3744; x_wconf 82' lang='lat' dir='ltr'><strong>perendinaudo,</strong></span> <span class='ocrx_word' id='word_1_239' title='bbox 1255 3677 1390 3732; x_wconf 88' lang='lat' dir='ltr'><strong>alias</strong></span> <span class='ocrx_word' id='word_1_240' title='bbox 1445 3677 1748 3744; x_wconf 84' lang='lat' dir='ltr'><strong>intendens,</strong></span> 
     </span>
    </p>
   </div>
   <div class='ocr_carea' id='block_1_38' title="bbox 169 3766 1750 3839">
    <p class='ocr_par' dir='ltr' id='par_1_38' title="bbox 169 3766 1750 3839">
     <span class='ocr_line' id='line_1_38' title="bbox 169 3766 1750 3839; baseline 0.003 -19"><span class='ocrx_word' id='word_1_241' title='bbox 169 3767 568 3831; x_wconf 80' lang='lat' dir='ltr'><strong>demoraretnr,</strong></span> <span class='ocrx_word' id='word_1_242' title='bbox 598 3782 782 3836; x_wconf 86' lang='lat' dir='ltr'><strong>pacem</strong></span> <span class='ocrx_word' id='word_1_243' title='bbox 809 3783 931 3822; x_wconf 90' lang='lat' dir='ltr'><strong>cum</strong></span> <span class='ocrx_word' id='word_1_244' title='bbox 958 3769 1086 3838; x_wconf 84' lang='lat' dir='ltr'><strong>ipsis</strong></span> <span class='ocrx_word' id='word_1_245' title='bbox 1125 3766 1277 3833; x_wconf 86' lang='lat' dir='ltr'><strong>fecit,</strong></span> <span class='ocrx_word' id='word_1_246' title='bbox 1307 3777 1656 3839; x_wconf 87' lang='lat' dir='ltr'><strong>castrumque</strong></span> <span class='ocrx_word' id='word_1_247' title='bbox 1682 3771 1750 3826; x_wconf 85' lang='lat' dir='ltr'><strong>ab</strong></span> 
     </span>
    </p>
   </div>
   <div class='ocr_carea' id='block_1_39' title="bbox 169 3858 1750 3932">
    <p class='ocr_par' dir='ltr' id='par_1_39' title="bbox 169 3858 1750 3932">
     <span class='ocr_line' id='line_1_39' title="bbox 169 3858 1750 3932; baseline 0.003 -20"><span class='ocrx_word' id='word_1_248' title='bbox 169 3859 250 3913; x_wconf 89' lang='lat' dir='ltr'><strong>eis</strong></span> <span class='ocrx_word' id='word_1_249' title='bbox 277 3858 654 3924; x_wconf 87' lang='lat' dir='ltr'><strong>deliberatum,</strong></span> <span class='ocrx_word' id='word_1_250' title='bbox 684 3859 738 3914; x_wconf 92' lang='lat' dir='ltr'><strong>in</strong></span> <span class='ocrx_word' id='word_1_251' title='bbox 769 3875 864 3914; x_wconf 86' lang='lat' dir='ltr'><strong>sua</strong></span> <span class='ocrx_word' id='word_1_252' title='bbox 893 3860 1090 3915; x_wconf 86' lang='lat' dir='ltr'><strong>virtute</strong></span> <span class='ocrx_word' id='word_1_253' title='bbox 1119 3861 1290 3932; x_wconf 87' lang='lat' dir='ltr'><strong>accipi</strong></span> <span class='ocrx_word' id='word_1_254' title='bbox 1344 3875 1443 3932; x_wconf 90' lang='lat' dir='ltr'><strong>pro</strong></span> <span class='ocrx_word' id='word_1_255' title='bbox 1473 3860 1624 3916; x_wconf 89' lang='lat' dir='ltr'><strong>libitu</strong></span> <span class='ocrx_word' id='word_1_256' title='bbox 1651 3877 1750 3917; x_wconf 91' lang='lat' dir='ltr'><strong>suo</strong></span> 
     </span>
    </p>
   </div>
   <div class='ocr_carea' id='block_1_40' title="bbox 169 3949 453 4021">
    <p class='ocr_par' dir='ltr' id='par_1_40' title="bbox 169 3949 453 4021">
     <span class='ocr_line' id='line_1_40' title="bbox 169 3949 453 4021; baseline 0.004 -17"><span class='ocrx_word' id='word_1_257' title='bbox 169 3949 453 4021; x_wconf 88' lang='lat' dir='ltr'><strong>disposuit.</strong></span> 
     </span>
    </p>
   </div>
   <div class='ocr_carea' id='block_1_41' title="bbox 686 4041 1230 4098">
    <p class='ocr_par' dir='ltr' id='par_1_41' title="bbox 686 4041 1230 4098">
     <span class='ocr_line' id='line_1_41' title="bbox 686 4041 1230 4098; baseline 0 0"><span class='ocrx_word' id='word_1_258' title='bbox 686 4041 911 4098; x_wconf 75' lang='lat' dir='ltr'><strong>CAPUT</strong></span> <span class='ocrx_word' id='word_1_259' title='bbox 950 4041 1230 4098; x_wconf 78' lang='lat' dir='ltr'><strong>XXXVIII.</strong></span> 
     </span>
    </p>
   </div>
   <div class='ocr_carea' id='block_1_42' title="bbox 476 4133 1378 4206">
    <p class='ocr_par' dir='ltr' id='par_1_42' title="bbox 476 4133 1378 4206">
     <span class='ocr_line' id='line_1_42' title="bbox 476 4133 1378 4206; baseline 0.004 -18"><span class='ocrx_word' id='word_1_260' title='bbox 476 4133 722 4188; x_wconf 76' lang='lat' dir='ltr'><strong>Castrum</strong></span> <span class='ocrx_word' id='word_1_261' title='bbox 754 4136 892 4204; x_wconf 82' lang='lat' dir='ltr'><strong>apud</strong></span> <span class='ocrx_word' id='word_1_262' title='bbox 922 4133 1268 4206; x_wconf 79' lang='lat' dir='ltr'><strong>Petrelegium</strong></span> <span class='ocrx_word' id='word_1_263' title='bbox 1296 4137 1378 4205; x_wconf 76' lang='lat' dir='ltr'><strong>ﬁt.</strong></span> 
     </span>
    </p>
   </div>
   <div class='ocr_carea' id='block_1_43' title="bbox 236 4225 1747 4300">
    <p class='ocr_par' dir='ltr' id='par_1_43' title="bbox 236 4225 1747 4300">
     <span class='ocr_line' id='line_1_43' title="bbox 236 4225 1747 4300; baseline 0.003 -20"><span class='ocrx_word' id='word_1_264' title='bbox 236 4225 432 4280; x_wconf 86' lang='lat' dir='ltr'><strong>Comes</strong></span> <span class='ocrx_word' id='word_1_265' title='bbox 461 4240 589 4280; x_wconf 90' lang='lat' dir='ltr'><strong>vero</strong></span> <span class='ocrx_word' id='word_1_266' title='bbox 605 4225 886 4298; x_wconf 81' lang='lat' dir='ltr'><strong>Rogerius,</strong></span> <span class='ocrx_word' id='word_1_267' title='bbox 915 4227 1254 4297; x_wconf 67' lang='lat' dir='ltr'><strong>acquirendae</strong></span> <span class='ocrx_word' id='word_1_268' title='bbox 1277 4227 1747 4300; x_wconf 69' lang='lat' dir='ltr'><strong>Siciliteintentus,</strong></span> 
     </span>
    </p>
   </div>
   <div class='ocr_carea' id='block_1_44' title="bbox 164 4319 1750 4390">
    <p class='ocr_par' dir='ltr' id='par_1_44' title="bbox 164 4319 1750 4390">
     <span class='ocr_line' id='line_1_44' title="bbox 164 4319 1750 4390; baseline 0.007 -21"><span class='ocrx_word' id='word_1_269' title='bbox 164 4319 369 4388; x_wconf 87' lang='lat' dir='ltr'><strong>quietis</strong></span> <span class='ocrx_word' id='word_1_270' title='bbox 425 4319 714 4388; x_wconf 87' lang='lat' dir='ltr'><strong>impatiens</strong></span> <span class='ocrx_word' id='word_1_271' title='bbox 743 4328 893 4382; x_wconf 87' lang='lat' dir='ltr'><strong>erat,</strong></span> <span class='ocrx_word' id='word_1_272' title='bbox 931 4319 1112 4373; x_wconf 90' lang='lat' dir='ltr'><strong>omnia</strong></span> <span class='ocrx_word' id='word_1_273' title='bbox 1159 4320 1501 4390; x_wconf 89' lang='lat' dir='ltr'><strong>perlustrans</strong></span> <span class='ocrx_word' id='word_1_274' title='bbox 1543 4324 1750 4380; x_wconf 89' lang='lat' dir='ltr'><strong>crebris</strong></span> 
     </span>
    </p>
   </div>
   <div class='ocr_carea' id='block_1_45' title="bbox 167 4409 1746 4480">
    <p class='ocr_par' dir='ltr' id='par_1_45' title="bbox 167 4409 1746 4480">
     <span class='ocr_line' id='line_1_45' title="bbox 167 4409 1746 4480; baseline 0.006 -19"><span class='ocrx_word' id='word_1_275' title='bbox 167 4410 570 4463; x_wconf 69' lang='lat' dir='ltr'><strong>incursionibus</strong></span> <span class='ocrx_word' id='word_1_276' title='bbox 593 4409 918 4475; x_wconf 88' lang='lat' dir='ltr'><strong>deterrebat,</strong></span> <span class='ocrx_word' id='word_1_277' title='bbox 959 4412 1332 4480; x_wconf 71' lang='lat' dir='ltr'><strong>intentumque</strong></span> <span class='ocrx_word' id='word_1_278' title='bbox 1361 4429 1427 4468; x_wconf 88' lang='lat' dir='ltr'><strong>ex</strong></span> <span class='ocrx_word' id='word_1_279' title='bbox 1455 4428 1746 4473; x_wconf 89' lang='lat' dir='ltr'><strong>consuetu-</strong></span> 
     </span>
    </p>
   </div>
   <div class='ocr_carea' id='block_1_46' title="bbox 1338 307 2334 372">
    <p class='ocr_par' dir='ltr' id='par_1_46' title="bbox 1338 307 2334 372">
     <span class='ocr_line' id='line_1_46' title="bbox 1338 307 2334 372; baseline 0.012 -12"><span class='ocrx_word' id='word_1_280' title='bbox 1338 307 1655 367; x_wconf 67' lang='lat' dir='ltr'><strong>IIISTORIA</strong></span> <span class='ocrx_word' id='word_1_281' title='bbox 1697 313 1958 370; x_wconf 62' lang='lat' dir='ltr'><strong>SICIT‘IA.</strong></span> <span class='ocrx_word' id='word_1_282' title='bbox 1999 346 2068 357; x_wconf 92' lang='lat'><strong>—</strong></span> <span class='ocrx_word' id='word_1_283' title='bbox 2099 316 2225 371; x_wconf 88' lang='lat' dir='ltr'><strong>LIB.</strong></span> <span class='ocrx_word' id='word_1_284' title='bbox 2268 315 2334 372; x_wconf 88' lang='lat' dir='ltr'><strong>II.</strong></span> 
     </span>
    </p>
   </div>
   <div class='ocr_carea' id='block_1_47' title="bbox 1795 406 3436 501">
    <p class='ocr_par' dir='ltr' id='par_1_47' title="bbox 1795 406 3436 501">
     <span class='ocr_line' id='line_1_47' title="bbox 1795 406 3436 501; baseline 0.004 -22"><span class='ocrx_word' id='word_1_285' title='bbox 1795 434 1838 490; x_wconf 76' lang='grc' dir='ltr'><strong>Α</strong></span> <span class='ocrx_word' id='word_1_286' title='bbox 1872 428 2144 482; x_wconf 77' lang='lat' dir='ltr'><strong>vicinitate</strong></span> <span class='ocrx_word' id='word_1_287' title='bbox 2174 441 2400 497; x_wconf 71' lang='lat' dir='ltr'><strong>qumque</strong></span> <span class='ocrx_word' id='word_1_288' title='bbox 2429 427 2673 496; x_wconf 88' lang='lat' dir='ltr'><strong>proxima</strong></span> <span class='ocrx_word' id='word_1_289' title='bbox 2707 426 2820 482; x_wconf 87' lang='lat' dir='ltr'><strong>loca</strong></span> <span class='ocrx_word' id='word_1_290' title='bbox 2869 434 3128 484; x_wconf 77' lang='lat' dir='ltr'><strong>attentius</strong></span> <span class='ocrx_word' id='word_1_291' title='bbox 3156 406 3436 501; x_wconf 75' lang='lat' dir='ltr'><strong>subjugata</strong></span> 
     </span>
    </p>
   </div>
   <div class='ocr_carea' id='block_1_48' title="bbox 3303 319 3439 374">
    <p class='ocr_par' dir='ltr' id='par_1_48' title="bbox 3303 319 3439 374">
     <span class='ocr_line' id='line_1_48' title="bbox 3303 319 3439 374; baseline 0 0"><span class='ocrx_word' id='word_1_292' title='bbox 3303 319 3439 374; x_wconf 64' lang='grc'><strong>1146</strong></span> 
     </span>
    </p>
   </div>
   <div class='ocr_carea' id='block_1_49' title="bbox 1870 517 3437 590">
    <p class='ocr_par' dir='ltr' id='par_1_49' title="bbox 1870 517 3437 590">
     <span class='ocr_line' id='line_1_49' title="bbox 1870 517 3437 590; baseline 0.003 -19"><span class='ocrx_word' id='word_1_293' title='bbox 1870 519 1972 572; x_wconf 88' lang='lat' dir='ltr'><strong>sibi</strong></span> <span class='ocrx_word' id='word_1_294' title='bbox 2000 519 2210 572; x_wconf 86' lang='lat' dir='ltr'><strong>concite</strong></span> <span class='ocrx_word' id='word_1_295' title='bbox 2239 517 2654 582; x_wconf 66' lang='lat' dir='ltr'><strong>foederaretur&quot;,</strong></span> <span class='ocrx_word' id='word_1_296' title='bbox 2700 518 2839 588; x_wconf 89' lang='lat' dir='ltr'><strong>apud</strong></span> <span class='ocrx_word' id='word_1_297' title='bbox 2869 517 3248 590; x_wconf 85' lang='lat' dir='ltr'><strong>Petrelegium,</strong></span> <span class='ocrx_word' id='word_1_298' title='bbox 3289 535 3437 577; x_wconf 77' lang='lat' dir='ltr'><strong>anno</strong></span> 
     </span>
    </p>
   </div>
   <div class='ocr_carea' id='block_1_50' title="bbox 1869 609 3434 684">
    <p class='ocr_par' dir='ltr' id='par_1_50' title="bbox 1869 609 3434 684">
     <span class='ocr_line' id='line_1_50' title="bbox 1869 609 3434 684; baseline 0.003 -20"><span class='ocrx_word' id='word_1_299' title='bbox 1869 609 2164 665; x_wconf 66' lang='lat' dir='ltr'><strong>Dominica:</strong></span> <span class='ocrx_word' id='word_1_300' title='bbox 2193 611 2582 665; x_wconf 88' lang='lat' dir='ltr'><strong>incarnationis</strong></span> <span class='ocrx_word' id='word_1_301' title='bbox 2606 609 2759 672; x_wconf 85' lang='lat' dir='ltr'><strong>I066,</strong></span> <span class='ocrx_word' id='word_1_302' title='bbox 2786 612 3024 667; x_wconf 82' lang='lat' dir='ltr'><strong>turribus</strong></span> <span class='ocrx_word' id='word_1_303' title='bbox 3053 621 3103 666; x_wconf 88' lang='lat' dir='ltr'><strong>et</strong></span> <span class='ocrx_word' id='word_1_304' title='bbox 3130 628 3434 684; x_wconf 84' lang='lat' dir='ltr'><strong>propugna-</strong></span> 
     </span>
    </p>
   </div>
   <div class='ocr_carea' id='block_1_51' title="bbox 1868 700 3436 774">
    <p class='ocr_par' dir='ltr' id='par_1_51' title="bbox 1868 700 3436 774">
     <span class='ocr_line' id='line_1_51' title="bbox 1868 700 3436 774; baseline 0.004 -19"><span class='ocrx_word' id='word_1_305' title='bbox 1868 700 2003 755; x_wconf 88' lang='lat' dir='ltr'><strong>culis</strong></span> <span class='ocrx_word' id='word_1_306' title='bbox 2029 711 2181 754; x_wconf 81' lang='lat' dir='ltr'><strong>extra</strong></span> <span class='ocrx_word' id='word_1_307' title='bbox 2206 711 2416 769; x_wconf 88' lang='lat' dir='ltr'><strong>portam</strong></span> <span class='ocrx_word' id='word_1_308' title='bbox 2448 703 2855 755; x_wconf 86' lang='lat' dir='ltr'><strong>accuratissime</strong></span> <span class='ocrx_word' id='word_1_309' title='bbox 2886 702 3136 768; x_wconf 83' lang='lat' dir='ltr'><strong>Iinuavit,</strong></span> <span class='ocrx_word' id='word_1_310' title='bbox 3177 719 3273 773; x_wconf 88' lang='lat' dir='ltr'><strong>per</strong></span> <span class='ocrx_word' id='word_1_311' title='bbox 3294 707 3436 774; x_wconf 87' lang='lat' dir='ltr'><strong>quod</strong></span> 
     </span>
    </p>
   </div>
   <div class='ocr_carea' id='block_1_52' title="bbox 1869 790 3436 867">
    <p class='ocr_par' dir='ltr' id='par_1_52' title="bbox 1869 790 3436 867">
     <span class='ocr_line' id='line_1_52' title="bbox 1869 790 3436 867; baseline 0.004 -23"><span class='ocrx_word' id='word_1_312' title='bbox 1869 790 2160 844; x_wconf 79' lang='lat' dir='ltr'><strong>maximam</strong></span> <span class='ocrx_word' id='word_1_313' title='bbox 2184 800 2393 860; x_wconf 86' lang='lat' dir='ltr'><strong>partem</strong></span> <span class='ocrx_word' id='word_1_314' title='bbox 2422 790 2641 854; x_wconf 76' lang='lat' dir='ltr'><strong>Sicilize,</strong></span> <span class='ocrx_word' id='word_1_315' title='bbox 2681 793 2749 846; x_wconf 88' lang='lat' dir='ltr'><strong>ad</strong></span> <span class='ocrx_word' id='word_1_316' title='bbox 2794 808 2905 846; x_wconf 67' lang='lat' dir='ltr'><strong>sua:</strong></span> <span class='ocrx_word' id='word_1_317' title='bbox 2934 795 3320 850; x_wconf 87' lang='lat' dir='ltr'><strong>dominationis</strong></span> <span class='ocrx_word' id='word_1_318' title='bbox 3345 798 3436 867; x_wconf 84' lang='lat' dir='ltr'><strong>ju-</strong></span> 
     </span>
    </p>
   </div>
   <div class='ocr_carea' id='block_1_53' title="bbox 1867 881 3434 956">
    <p class='ocr_par' dir='ltr' id='par_1_53' title="bbox 1867 881 3434 956">
     <span class='ocr_line' id='line_1_53' title="bbox 1867 881 3434 956; baseline 0.006 -22"><span class='ocrx_word' id='word_1_319' title='bbox 1867 899 1990 952; x_wconf 81' lang='lat' dir='ltr'><strong>gum</strong></span> <span class='ocrx_word' id='word_1_320' title='bbox 2027 881 2301 936; x_wconf 90' lang='lat' dir='ltr'><strong>ferendum</strong></span> <span class='ocrx_word' id='word_1_321' title='bbox 2347 883 2672 953; x_wconf 83' lang='lat' dir='ltr'><strong>perdomuit.</strong></span> <span class='ocrx_word' id='word_1_322' title='bbox 2715 882 2866 939; x_wconf 81' lang='lat' dir='ltr'><strong>Filiis</strong></span> <span class='ocrx_word' id='word_1_323' title='bbox 2893 885 3124 956; x_wconf 89' lang='lat' dir='ltr'><strong>denique</strong></span> <span class='ocrx_word' id='word_1_324' title='bbox 3172 886 3434 944; x_wconf 84' lang='lat' dir='ltr'><strong>Tancrcdi</strong></span> 
     </span>
    </p>
   </div>
   <div class='ocr_carea' id='block_1_54' title="bbox 1867 971 3438 1046">
    <p class='ocr_par' dir='ltr' id='par_1_54' title="bbox 1867 971 3438 1046">
     <span class='ocr_line' id='line_1_54' title="bbox 1867 971 3438 1046; baseline 0.006 -22"><span class='ocrx_word' id='word_1_325' title='bbox 1867 971 2188 1026; x_wconf 87' lang='lat' dir='ltr'><strong>naturaliter</strong></span> <span class='ocrx_word' id='word_1_326' title='bbox 2215 972 2301 1027; x_wconf 86' lang='lat' dir='ltr'><strong>hic</strong></span> <span class='ocrx_word' id='word_1_327' title='bbox 2326 989 2442 1026; x_wconf 91' lang='lat' dir='ltr'><strong>mos</strong></span> <span class='ocrx_word' id='word_1_328' title='bbox 2464 973 2682 1028; x_wconf 91' lang='lat' dir='ltr'><strong>inolitus</strong></span> <span class='ocrx_word' id='word_1_329' title='bbox 2729 975 2848 1039; x_wconf 89' lang='lat' dir='ltr'><strong>fuit,</strong></span> <span class='ocrx_word' id='word_1_330' title='bbox 2877 987 2933 1029; x_wconf 92' lang='lat' dir='ltr'><strong>ut</strong></span> <span class='ocrx_word' id='word_1_331' title='bbox 2956 991 3168 1046; x_wconf 87' lang='lat' dir='ltr'><strong>semper</strong></span> <span class='ocrx_word' id='word_1_332' title='bbox 3192 979 3438 1034; x_wconf 87' lang='lat' dir='ltr'><strong>domina-</strong></span> 
     </span>
    </p>
   </div>
   <div class='ocr_carea' id='block_1_55' title="bbox 1867 1060 3434 1134">
    <p class='ocr_par' dir='ltr' id='par_1_55' title="bbox 1867 1060 3434 1134">
     <span class='ocr_line' id='line_1_55' title="bbox 1867 1060 3434 1134; baseline 0.006 -20"><span class='ocrx_word' id='word_1_333' title='bbox 1867 1061 2027 1116; x_wconf 89' lang='lat' dir='ltr'><strong>tionis</strong></span> <span class='ocrx_word' id='word_1_334' title='bbox 2059 1060 2221 1123; x_wconf 88' lang='lat' dir='ltr'><strong>avidi,</strong></span> <span class='ocrx_word' id='word_1_335' title='bbox 2251 1071 2411 1130; x_wconf 91' lang='lat' dir='ltr'><strong>prout</strong></span> <span class='ocrx_word' id='word_1_336' title='bbox 2437 1063 2542 1118; x_wconf 86' lang='lat' dir='ltr'><strong>illis</strong></span> <span class='ocrx_word' id='word_1_337' title='bbox 2571 1064 2715 1118; x_wconf 87' lang='lat' dir='ltr'><strong>vires</strong></span> <span class='ocrx_word' id='word_1_338' title='bbox 2749 1066 3124 1134; x_wconf 78' lang='lat' dir='ltr'><strong>suppetebant,</strong></span> <span class='ocrx_word' id='word_1_339' title='bbox 3167 1069 3434 1123; x_wconf 89' lang='lat' dir='ltr'><strong>neminem</strong></span> 
     </span>
    </p>
   </div>
   <div class='ocr_carea' id='block_1_56' title="bbox 1865 1139 3434 1226">
    <p class='ocr_par' dir='ltr' id='par_1_56' title="bbox 1865 1139 3434 1226">
     <span class='ocr_line' id='line_1_56' title="bbox 1865 1139 3434 1226; baseline 0.004 -21"><span class='ocrx_word' id='word_1_340' title='bbox 1865 1139 2039 1206; x_wconf 83' lang='lat' dir='ltr'><strong>terras</strong></span> <span class='ocrx_word' id='word_1_341' title='bbox 2084 1151 2170 1207; x_wconf 92' lang='lat' dir='ltr'><strong>vel</strong></span> <span class='ocrx_word' id='word_1_342' title='bbox 2221 1153 2590 1221; x_wconf 90' lang='lat' dir='ltr'><strong>possessiones</strong></span> <span class='ocrx_word' id='word_1_343' title='bbox 2639 1153 2898 1208; x_wconf 83' lang='lat' dir='ltr'><strong>habentes</strong></span> <span class='ocrx_word' id='word_1_344' title='bbox 2949 1169 3016 1210; x_wconf 83' lang='lat' dir='ltr'><strong>ex</strong></span> <span class='ocrx_word' id='word_1_345' title='bbox 3047 1157 3294 1226; x_wconf 83' lang='lat' dir='ltr'><strong>proximo</strong></span> <span class='ocrx_word' id='word_1_346' title='bbox 3334 1159 3434 1212; x_wconf 76' lang='lat' dir='ltr'><strong>sibi</strong></span> 
     </span>
    </p>
   </div>
   <div class='ocr_carea' id='block_1_57' title="bbox 1864 1241 3437 1316">
    <p class='ocr_par' dir='ltr' id='par_1_57' title="bbox 1864 1241 3437 1316">
     <span class='ocr_line' id='line_1_57' title="bbox 1864 1241 3437 1316; baseline 0.004 -20"><span class='ocrx_word' id='word_1_347' title='bbox 1864 1243 2068 1314; x_wconf 82' lang='lat' dir='ltr'><strong>absque</strong></span> <span class='ocrx_word' id='word_1_348' title='bbox 2111 1241 2452 1298; x_wconf 65' lang='lat' dir='ltr'><strong>aemulatione</strong></span> <span class='ocrx_word' id='word_1_349' title='bbox 2481 1243 2680 1298; x_wconf 86' lang='lat' dir='ltr'><strong>habere</strong></span> <span class='ocrx_word' id='word_1_350' title='bbox 2727 1253 3058 1314; x_wconf 86' lang='lat' dir='ltr'><strong>paterentur,</strong></span> <span class='ocrx_word' id='word_1_351' title='bbox 3093 1248 3220 1316; x_wconf 87' lang='lat' dir='ltr'><strong>quin</strong></span> <span class='ocrx_word' id='word_1_352' title='bbox 3257 1249 3338 1302; x_wconf 83' lang='lat' dir='ltr'><strong>vel</strong></span> <span class='ocrx_word' id='word_1_353' title='bbox 3369 1251 3437 1304; x_wconf 88' lang='lat' dir='ltr'><strong>ab</strong></span> 
     </span>
    </p>
   </div>
   <div class='ocr_carea' id='block_1_58' title="bbox 1862 1333 3438 1406">
    <p class='ocr_par' dir='ltr' id='par_1_58' title="bbox 1862 1333 3438 1406">
     <span class='ocr_line' id='line_1_58' title="bbox 1862 1333 3438 1406; baseline 0.005 -18"><span class='ocrx_word' id='word_1_354' title='bbox 1862 1333 1995 1404; x_wconf 90' lang='lat' dir='ltr'><strong>ipsis</strong></span> <span class='ocrx_word' id='word_1_355' title='bbox 2051 1334 2337 1390; x_wconf 76' lang='lat' dir='ltr'><strong>confestim</strong></span> <span class='ocrx_word' id='word_1_356' title='bbox 2395 1335 2622 1405; x_wconf 81' lang='lat' dir='ltr'><strong>subjecti</strong></span> <span class='ocrx_word' id='word_1_357' title='bbox 2674 1337 3115 1406; x_wconf 86' lang='lat' dir='ltr'><strong>deservirenlur,</strong></span> <span class='ocrx_word' id='word_1_358' title='bbox 3152 1340 3237 1395; x_wconf 90' lang='lat' dir='ltr'><strong>vel</strong></span> <span class='ocrx_word' id='word_1_359' title='bbox 3291 1351 3438 1397; x_wconf 86' lang='lat' dir='ltr'><strong>certe</strong></span> 
     </span>
    </p>
   </div>
   <div class='ocr_carea' id='block_1_59' title="bbox 1862 1428 2973 1499">
    <p class='ocr_par' dir='ltr' id='par_1_59' title="bbox 1862 1428 2973 1499">
     <span class='ocr_line' id='line_1_59' title="bbox 1862 1428 2973 1499; baseline 0.004 -17"><span class='ocrx_word' id='word_1_360' title='bbox 1862 1428 1962 1498; x_wconf 89' lang='lat' dir='ltr'><strong>ipsi</strong></span> <span class='ocrx_word' id='word_1_361' title='bbox 1987 1429 2170 1484; x_wconf 88' lang='lat' dir='ltr'><strong>omnia</strong></span> <span class='ocrx_word' id='word_1_362' title='bbox 2207 1429 2262 1484; x_wconf 90' lang='lat' dir='ltr'><strong>in</strong></span> <span class='ocrx_word' id='word_1_363' title='bbox 2293 1444 2390 1485; x_wconf 87' lang='lat' dir='ltr'><strong>sua</strong></span> <span class='ocrx_word' id='word_1_364' title='bbox 2417 1429 2622 1485; x_wconf 89' lang='lat' dir='ltr'><strong>virtute</strong></span> <span class='ocrx_word' id='word_1_365' title='bbox 2647 1431 2973 1499; x_wconf 84' lang='lat' dir='ltr'><strong>potirentur.</strong></span> 
     </span>
    </p>
   </div>
   <div class='ocr_carea' id='block_1_60' title="bbox 2394 1541 2898 1599">
    <p class='ocr_par' dir='ltr' id='par_1_60' title="bbox 2394 1541 2898 1599">
     <span class='ocr_line' id='line_1_60' title="bbox 2394 1541 2898 1599; baseline 0.006 -3"><span class='ocrx_word' id='word_1_366' title='bbox 2394 1541 2618 1598; x_wconf 72' lang='lat' dir='ltr'><strong>CAPUT</strong></span> <span class='ocrx_word' id='word_1_367' title='bbox 2658 1542 2898 1599; x_wconf 73' lang='lat' dir='ltr'><strong>XXXIX.</strong></span> 
     </span>
    </p>
   </div>
   <div class='ocr_carea' id='block_1_61' title="bbox 2197 1631 3095 1703">
    <p class='ocr_par' dir='ltr' id='par_1_61' title="bbox 2197 1631 3095 1703">
     <span class='ocr_line' id='line_1_61' title="bbox 2197 1631 3095 1703; baseline 0.004 -17"><span class='ocrx_word' id='word_1_368' title='bbox 2197 1631 2318 1686; x_wconf 72' lang='lat' dir='ltr'><strong>Dux</strong></span> <span class='ocrx_word' id='word_1_369' title='bbox 2377 1631 2832 1703; x_wconf 77' lang='lat' dir='ltr'><strong>Montempilosum</strong></span> <span class='ocrx_word' id='word_1_370' title='bbox 2877 1635 3095 1690; x_wconf 75' lang='lat' dir='ltr'><strong>obsidet.</strong></span> 
     </span>
    </p>
   </div>
   <div class='ocr_carea' id='block_1_62' title="bbox 1933 1743 3431 1816">
    <p class='ocr_par' dir='ltr' id='par_1_62' title="bbox 1933 1743 3431 1816">
     <span class='ocr_line' id='line_1_62' title="bbox 1933 1743 3431 1816; baseline 0.003 -18"><span class='ocrx_word' id='word_1_371' title='bbox 1933 1743 2060 1799; x_wconf 90' lang='lat' dir='ltr'><strong>lude</strong></span> <span class='ocrx_word' id='word_1_372' title='bbox 2089 1753 2144 1799; x_wconf 90' lang='lat' dir='ltr'><strong>et</strong></span> <span class='ocrx_word' id='word_1_373' title='bbox 2173 1743 2442 1799; x_wconf 77' lang='lat' dir='ltr'><strong>Bobertus</strong></span> <span class='ocrx_word' id='word_1_374' title='bbox 2472 1745 2601 1810; x_wconf 86' lang='lat' dir='ltr'><strong>dux,</strong></span> <span class='ocrx_word' id='word_1_375' title='bbox 2633 1745 2725 1816; x_wconf 92' lang='lat' dir='ltr'><strong>qui</strong></span> <span class='ocrx_word' id='word_1_376' title='bbox 2771 1762 2881 1816; x_wconf 85' lang='lat' dir='ltr'><strong>prae</strong></span> <span class='ocrx_word' id='word_1_377' title='bbox 2909 1748 3120 1801; x_wconf 74' lang='lat' dir='ltr'><strong>czeteris</strong></span> <span class='ocrx_word' id='word_1_378' title='bbox 3141 1749 3284 1803; x_wconf 90' lang='lat' dir='ltr'><strong>hunc</strong></span> <span class='ocrx_word' id='word_1_379' title='bbox 3313 1764 3431 1804; x_wconf 85' lang='lat' dir='ltr'><strong>mo-</strong></span> 
     </span>
    </p>
   </div>
   <div class='ocr_carea' id='block_1_63' title="bbox 1865 1833 3434 1906">
    <p class='ocr_par' dir='ltr' id='par_1_63' title="bbox 1865 1833 3434 1906">
     <span class='ocr_line' id='line_1_63' title="bbox 1865 1833 3434 1906; baseline 0.004 -18"><span class='ocrx_word' id='word_1_380' title='bbox 1865 1849 1977 1888; x_wconf 88' lang='lat' dir='ltr'><strong>rem</strong></span> <span class='ocrx_word' id='word_1_381' title='bbox 2026 1833 2128 1889; x_wconf 92' lang='lat' dir='ltr'><strong>sibi</strong></span> <span class='ocrx_word' id='word_1_382' title='bbox 2175 1835 2562 1904; x_wconf 88' lang='lat' dir='ltr'><strong>vindicaverat,</strong></span> <span class='ocrx_word' id='word_1_383' title='bbox 2613 1835 2908 1892; x_wconf 69' lang='lat' dir='ltr'><strong>Gauriclum</strong></span> <span class='ocrx_word' id='word_1_384' title='bbox 2945 1838 3011 1892; x_wconf 91' lang='lat' dir='ltr'><strong>de</strong></span> <span class='ocrx_word' id='word_1_385' title='bbox 3063 1839 3434 1906; x_wconf 81' lang='lat' dir='ltr'><strong>Conversana,</strong></span> 
     </span>
    </p>
   </div>
   <div class='ocr_carea' id='block_1_64' title="bbox 1861 1925 3434 1999">
    <p class='ocr_par' dir='ltr' id='par_1_64' title="bbox 1861 1925 3434 1999">
     <span class='ocr_line' id='line_1_64' title="bbox 1861 1925 3434 1999; baseline 0.005 -21"><span class='ocrx_word' id='word_1_386' title='bbox 1861 1933 2110 1993; x_wconf 80' lang='lat' dir='ltr'><strong>nepotem</strong></span> <span class='ocrx_word' id='word_1_387' title='bbox 2140 1925 2388 1981; x_wconf 84' lang='lat' dir='ltr'><strong>videlicet</strong></span> <span class='ocrx_word' id='word_1_388' title='bbox 2421 1942 2598 1990; x_wconf 90' lang='lat' dir='ltr'><strong>suum,</strong></span> <span class='ocrx_word' id='word_1_389' title='bbox 2647 1926 2788 1982; x_wconf 85' lang='lat' dir='ltr'><strong>filius</strong></span> <span class='ocrx_word' id='word_1_390' title='bbox 2833 1930 3030 1999; x_wconf 86' lang='lat' dir='ltr'><strong>quippe</strong></span> <span class='ocrx_word' id='word_1_391' title='bbox 3073 1933 3278 1986; x_wconf 89' lang='lat' dir='ltr'><strong>sororis</strong></span> <span class='ocrx_word' id='word_1_392' title='bbox 3324 1947 3434 1985; x_wconf 61' lang='lat' dir='ltr'><strong>sua;</strong></span> 
     </span>
    </p>
   </div>
   <div class='ocr_carea' id='block_1_65' title="bbox 1860 2017 3435 2094">
    <p class='ocr_par' dir='ltr' id='par_1_65' title="bbox 1860 2017 3435 2094">
     <span class='ocr_line' id='line_1_65' title="bbox 1860 2017 3435 2094; baseline 0.004 -20"><span class='ocrx_word' id='word_1_393' title='bbox 1860 2024 1996 2083; x_wconf 83' lang='lat' dir='ltr'><strong>erat,</strong></span> <span class='ocrx_word' id='word_1_394' title='bbox 2051 2025 2110 2077; x_wconf 89' lang='lat' dir='ltr'><strong>ut</strong></span> <span class='ocrx_word' id='word_1_395' title='bbox 2151 2018 2218 2078; x_wconf 84' lang='lat' dir='ltr'><strong>dc</strong></span> <span class='ocrx_word' id='word_1_396' title='bbox 2249 2017 2606 2094; x_wconf 78' lang='lat' dir='ltr'><strong>Montepiloso</strong></span> <span class='ocrx_word' id='word_1_397' title='bbox 2644 2021 2745 2074; x_wconf 87' lang='lat' dir='ltr'><strong>sibi</strong></span> <span class='ocrx_word' id='word_1_398' title='bbox 2792 2023 3093 2085; x_wconf 85' lang='lat' dir='ltr'><strong>servitium,</strong></span> <span class='ocrx_word' id='word_1_399' title='bbox 3126 2024 3264 2078; x_wconf 87' lang='lat' dir='ltr'><strong>sicut</strong></span> <span class='ocrx_word' id='word_1_400' title='bbox 3291 2026 3435 2080; x_wconf 84' lang='lat' dir='ltr'><strong>etde</strong></span> 
     </span>
    </p>
   </div>
   <div class='ocr_carea' id='block_1_66' title="bbox 1860 2112 3432 2186">
    <p class='ocr_par' dir='ltr' id='par_1_66' title="bbox 1860 2112 3432 2186">
     <span class='ocr_line' id='line_1_66' title="bbox 1860 2112 3432 2186; baseline 0.002 -20"><span class='ocrx_word' id='word_1_401' title='bbox 1860 2112 2068 2167; x_wconf 79' lang='lat' dir='ltr'><strong>caeteris</strong></span> <span class='ocrx_word' id='word_1_402' title='bbox 2101 2114 2336 2182; x_wconf 67' lang='lat' dir='ltr'><strong>castris,</strong></span> <span class='ocrx_word' id='word_1_403' title='bbox 2385 2130 2506 2185; x_wconf 73' lang='lat' dir='ltr'><strong>qua:</strong></span> <span class='ocrx_word' id='word_1_404' title='bbox 2550 2112 2778 2184; x_wconf 86' lang='lat' dir='ltr'><strong>plurima</strong></span> <span class='ocrx_word' id='word_1_405' title='bbox 2838 2112 2939 2169; x_wconf 79' lang='lat' dir='ltr'><strong>sub</strong></span> <span class='ocrx_word' id='word_1_406' title='bbox 2993 2114 3108 2186; x_wconf 89' lang='lat' dir='ltr'><strong>ipso</strong></span> <span class='ocrx_word' id='word_1_407' title='bbox 3163 2115 3432 2179; x_wconf 82' lang='lat' dir='ltr'><strong>habebat,</strong></span> 
     </span>
    </p>
   </div>
   <div class='ocr_carea' id='block_1_67' title="bbox 1858 2201 3435 2275">
    <p class='ocr_par' dir='ltr' id='par_1_67' title="bbox 1858 2201 3435 2275">
     <span class='ocr_line' id='line_1_67' title="bbox 1858 2201 3435 2275; baseline 0.005 -21"><span class='ocrx_word' id='word_1_408' title='bbox 1858 2201 2159 2267; x_wconf 86' lang='lat' dir='ltr'><strong>exhiberet,</strong></span> <span class='ocrx_word' id='word_1_409' title='bbox 2192 2208 2419 2259; x_wconf 89' lang='lat' dir='ltr'><strong>adorsus</strong></span> <span class='ocrx_word' id='word_1_410' title='bbox 2455 2215 2559 2268; x_wconf 89' lang='lat' dir='ltr'><strong>est,</strong></span> <span class='ocrx_word' id='word_1_411' title='bbox 2602 2205 2852 2275; x_wconf 84' lang='lat' dir='ltr'><strong>quodque</strong></span> <span class='ocrx_word' id='word_1_412' title='bbox 2901 2207 2969 2259; x_wconf 88' lang='lat' dir='ltr'><strong>ab</strong></span> <span class='ocrx_word' id='word_1_413' title='bbox 3018 2207 3152 2275; x_wconf 84' lang='lat' dir='ltr'><strong>ipso,</strong></span> <span class='ocrx_word' id='word_1_414' title='bbox 3203 2205 3343 2262; x_wconf 87' lang='lat' dir='ltr'><strong>sicut</strong></span> <span class='ocrx_word' id='word_1_415' title='bbox 3381 2216 3435 2262; x_wconf 89' lang='lat' dir='ltr'><strong>et</strong></span> 
     </span>
    </p>
   </div>
   <div class='ocr_carea' id='block_1_68' title="bbox 1857 2296 3428 2366">
    <p class='ocr_par' dir='ltr' id='par_1_68' title="bbox 1857 2296 3428 2366">
     <span class='ocr_line' id='line_1_68' title="bbox 1857 2296 3428 2366; baseline 0.006 -19"><span class='ocrx_word' id='word_1_416' title='bbox 1857 2303 2074 2364; x_wconf 62' lang='lat' dir='ltr'><strong>caetera,</strong></span> <span class='ocrx_word' id='word_1_417' title='bbox 2107 2296 2330 2351; x_wconf 90' lang='lat' dir='ltr'><strong>minime</strong></span> <span class='ocrx_word' id='word_1_418' title='bbox 2353 2307 2658 2366; x_wconf 76' lang='lat' dir='ltr'><strong>acceperat,</strong></span> <span class='ocrx_word' id='word_1_419' title='bbox 2685 2298 2778 2353; x_wconf 89' lang='lat' dir='ltr'><strong>sed</strong></span> <span class='ocrx_word' id='word_1_420' title='bbox 2806 2313 2900 2352; x_wconf 89' lang='lat' dir='ltr'><strong>sua</strong></span> <span class='ocrx_word' id='word_1_421' title='bbox 2927 2301 3269 2363; x_wconf 87' lang='lat' dir='ltr'><strong>strennitate,</strong></span> <span class='ocrx_word' id='word_1_422' title='bbox 3291 2305 3428 2362; x_wconf 84' lang='lat' dir='ltr'><strong>duce</strong></span> 
     </span>
    </p>
   </div>
   <div class='ocr_carea' id='block_1_69' title="bbox 1857 2382 3432 2456">
    <p class='ocr_par' dir='ltr' id='par_1_69' title="bbox 1857 2382 3432 2456">
     <span class='ocr_line' id='line_1_69' title="bbox 1857 2382 3432 2456; baseline 0.006 -20"><span class='ocrx_word' id='word_1_423' title='bbox 1857 2382 1959 2438; x_wconf 88' lang='lat' dir='ltr'><strong>sibi</strong></span> <span class='ocrx_word' id='word_1_424' title='bbox 1987 2385 2247 2438; x_wconf 74' lang='lat' dir='ltr'><strong>auxilium</strong></span> <span class='ocrx_word' id='word_1_425' title='bbox 2281 2400 2386 2440; x_wconf 81' lang='lat' dir='ltr'><strong>non</strong></span> <span class='ocrx_word' id='word_1_426' title='bbox 2421 2385 2648 2448; x_wconf 85' lang='lat' dir='ltr'><strong>ferente,</strong></span> <span class='ocrx_word' id='word_1_427' title='bbox 2695 2402 2791 2456; x_wconf 87' lang='lat' dir='ltr'><strong>per</strong></span> <span class='ocrx_word' id='word_1_428' title='bbox 2817 2402 2874 2441; x_wconf 89' lang='lat' dir='ltr'><strong>se</strong></span> <span class='ocrx_word' id='word_1_429' title='bbox 2904 2387 2970 2441; x_wconf 90' lang='lat' dir='ltr'><strong>ab</strong></span> <span class='ocrx_word' id='word_1_430' title='bbox 3002 2388 3155 2444; x_wconf 89' lang='lat' dir='ltr'><strong>hoste</strong></span> <span class='ocrx_word' id='word_1_431' title='bbox 3194 2389 3432 2446; x_wconf 85' lang='lat' dir='ltr'><strong>lucratus</strong></span> 
     </span>
    </p>
   </div>
   <div class='ocr_carea' id='block_1_70' title="bbox 1857 2471 3430 2544">
    <p class='ocr_par' dir='ltr' id='par_1_70' title="bbox 1857 2471 3430 2544">
     <span class='ocr_line' id='line_1_70' title="bbox 1857 2471 3430 2544; baseline 0.002 -19"><span class='ocrx_word' id='word_1_432' title='bbox 1857 2471 2054 2527; x_wconf 90' lang='lat' dir='ltr'><strong>fuerat.</strong></span> <span class='ocrx_word' id='word_1_433' title='bbox 2101 2472 2158 2528; x_wconf 91' lang='lat' dir='ltr'><strong>Id</strong></span> <span class='ocrx_word' id='word_1_434' title='bbox 2205 2473 2387 2529; x_wconf 86' lang='lat' dir='ltr'><strong>facere</strong></span> <span class='ocrx_word' id='word_1_435' title='bbox 2421 2485 2700 2540; x_wconf 90' lang='lat' dir='ltr'><strong>renuente,</strong></span> <span class='ocrx_word' id='word_1_436' title='bbox 2754 2475 2880 2536; x_wconf 82' lang='lat' dir='ltr'><strong>dux,</strong></span> <span class='ocrx_word' id='word_1_437' title='bbox 2917 2476 3136 2530; x_wconf 88' lang='lat' dir='ltr'><strong>admoto</strong></span> <span class='ocrx_word' id='word_1_438' title='bbox 3166 2478 3430 2544; x_wconf 76' lang='lat' dir='ltr'><strong>exercitu,</strong></span> 
     </span>
    </p>
   </div>
   <div class='ocr_carea' id='block_1_71' title="bbox 1857 2560 3433 2630">
    <p class='ocr_par' dir='ltr' id='par_1_71' title="bbox 1857 2560 3433 2630">
     <span class='ocr_line' id='line_1_71' title="bbox 1857 2560 3433 2630; baseline 0.003 -15"><span class='ocrx_word' id='word_1_439' title='bbox 1857 2560 1997 2616; x_wconf 90' lang='lat' dir='ltr'><strong>idem</strong></span> <span class='ocrx_word' id='word_1_440' title='bbox 2026 2571 2265 2617; x_wconf 77' lang='lat' dir='ltr'><strong>castrum</strong></span> <span class='ocrx_word' id='word_1_441' title='bbox 2289 2563 2568 2618; x_wconf 87' lang='lat' dir='ltr'><strong>obsessum</strong></span> <span class='ocrx_word' id='word_1_442' title='bbox 2598 2564 2780 2630; x_wconf 87' lang='lat' dir='ltr'><strong>vadit;</strong></span> <span class='ocrx_word' id='word_1_443' title='bbox 2814 2564 3103 2630; x_wconf 88' lang='lat' dir='ltr'><strong>multisque</strong></span> <span class='ocrx_word' id='word_1_444' title='bbox 3126 2566 3433 2620; x_wconf 83' lang='lat' dir='ltr'><strong>militariter</strong></span> 
     </span>
    </p>
   </div>
   <div class='ocr_carea' id='block_1_72' title="bbox 1854 2654 3431 2723">
    <p class='ocr_par' dir='ltr' id='par_1_72' title="bbox 1854 2654 3431 2723">
     <span class='ocr_line' id='line_1_72' title="bbox 1854 2654 3431 2723; baseline 0.003 -20"><span class='ocrx_word' id='word_1_445' title='bbox 1854 2665 1920 2704; x_wconf 83' lang='lat' dir='ltr'><strong>ex</strong></span> <span class='ocrx_word' id='word_1_446' title='bbox 1948 2661 2175 2721; x_wconf 87' lang='lat' dir='ltr'><strong>utraque</strong></span> <span class='ocrx_word' id='word_1_447' title='bbox 2208 2663 2360 2722; x_wconf 84' lang='lat' dir='ltr'><strong>parte</strong></span> <span class='ocrx_word' id='word_1_448' title='bbox 2405 2654 2750 2723; x_wconf 84' lang='lat' dir='ltr'><strong>perpetratis,</strong></span> <span class='ocrx_word' id='word_1_449' title='bbox 2791 2656 3027 2717; x_wconf 81' lang='lat' dir='ltr'><strong>tondent,</strong></span> <span class='ocrx_word' id='word_1_450' title='bbox 3064 2667 3123 2708; x_wconf 91' lang='lat' dir='ltr'><strong>ut</strong></span> <span class='ocrx_word' id='word_1_451' title='bbox 3145 2656 3210 2710; x_wconf 89' lang='lat' dir='ltr'><strong>de</strong></span> <span class='ocrx_word' id='word_1_452' title='bbox 3239 2656 3431 2710; x_wconf 88' lang='lat' dir='ltr'><strong>eodem</strong></span> 
     </span>
    </p>
   </div>
   <div class='ocr_carea' id='block_1_73' title="bbox 1854 2745 3470 2818">
    <p class='ocr_par' dir='ltr' id='par_1_73' title="bbox 1854 2745 3470 2818">
     <span class='ocr_line' id='line_1_73' title="bbox 1854 2745 3470 2818; baseline 0.006 -24"><span class='ocrx_word' id='word_1_453' title='bbox 1854 2753 2055 2807; x_wconf 84' lang='lat' dir='ltr'><strong>castro,</strong></span> <span class='ocrx_word' id='word_1_454' title='bbox 2094 2745 2234 2799; x_wconf 90' lang='lat' dir='ltr'><strong>sicut</strong></span> <span class='ocrx_word' id='word_1_455' title='bbox 2281 2754 2336 2799; x_wconf 90' lang='lat' dir='ltr'><strong>ct</strong></span> <span class='ocrx_word' id='word_1_456' title='bbox 2377 2745 2444 2800; x_wconf 89' lang='lat' dir='ltr'><strong>de</strong></span> <span class='ocrx_word' id='word_1_457' title='bbox 2495 2745 2705 2800; x_wconf 66' lang='lat' dir='ltr'><strong>ueteris</strong></span> <span class='ocrx_word' id='word_1_458' title='bbox 2750 2745 2852 2801; x_wconf 87' lang='lat' dir='ltr'><strong>sibi</strong></span> <span class='ocrx_word' id='word_1_459' title='bbox 2901 2746 3178 2802; x_wconf 86' lang='lat' dir='ltr'><strong>servitium</strong></span> <span class='ocrx_word' id='word_1_460' title='bbox 3213 2747 3432 2818; x_wconf 67' lang='lat' dir='ltr'><strong>promito</strong></span> <span class='ocrx_word' id='word_1_461' title='bbox 3467 2799 3470 2804; x_wconf 93' lang='lat'><strong>.</strong></span> 
     </span>
    </p>
   </div>
   <div class='ocr_carea' id='block_1_74' title="bbox 1857 2837 2614 2910">
    <p class='ocr_par' dir='ltr' id='par_1_74' title="bbox 1857 2837 2614 2910">
     <span class='ocr_line' id='line_1_74' title="bbox 1857 2837 2614 2910; baseline 0.005 -21"><span class='ocrx_word' id='word_1_462' title='bbox 1857 2843 1976 2891; x_wconf 88' lang='lat' dir='ltr'><strong>lens</strong></span> <span class='ocrx_word' id='word_1_463' title='bbox 2006 2837 2304 2907; x_wconf 81' lang='lat' dir='ltr'><strong>exhiberet,</strong></span> <span class='ocrx_word' id='word_1_464' title='bbox 2332 2839 2614 2910; x_wconf 88' lang='lat' dir='ltr'><strong>compulit.</strong></span> 
     </span>
    </p>
   </div>
   <div class='ocr_carea' id='block_1_75' title="bbox 2444 2946 2838 3004">
    <p class='ocr_par' dir='ltr' id='par_1_75' title="bbox 2444 2946 2838 3004">
     <span class='ocr_line' id='line_1_75' title="bbox 2444 2946 2838 3004; baseline 0 0"><span class='ocrx_word' id='word_1_465' title='bbox 2444 2947 2674 3004; x_wconf 81' lang='lat' dir='ltr'><strong>CAPUT</strong></span> <span class='ocrx_word' id='word_1_466' title='bbox 2725 2946 2838 3004; x_wconf 75' lang='lat' dir='ltr'><strong>XL.</strong></span> 
     </span>
    </p>
   </div>
   <div class='ocr_carea' id='block_1_76' title="bbox 2318 3037 2969 3102">
    <p class='ocr_par' dir='ltr' id='par_1_76' title="bbox 2318 3037 2969 3102">
     <span class='ocr_line' id='line_1_76' title="bbox 2318 3037 2969 3102; baseline 0.002 -8"><span class='ocrx_word' id='word_1_467' title='bbox 2318 3038 2438 3094; x_wconf 75' lang='lat' dir='ltr'><strong>Dux</strong></span> <span class='ocrx_word' id='word_1_468' title='bbox 2476 3037 2676 3095; x_wconf 85' lang='lat' dir='ltr'><strong>Barum</strong></span> <span class='ocrx_word' id='word_1_469' title='bbox 2707 3039 2969 3102; x_wconf 67' lang='lat' dir='ltr'><strong>obsidens.</strong></span> 
     </span>
    </p>
   </div>
   <div class='ocr_carea' id='block_1_77' title="bbox 1926 3125 3432 3203">
    <p class='ocr_par' dir='ltr' id='par_1_77' title="bbox 1926 3125 3432 3203">
     <span class='ocr_line' id='line_1_77' title="bbox 1926 3125 3432 3203; baseline 0.005 -23"><span class='ocrx_word' id='word_1_470' title='bbox 1926 3125 2044 3180; x_wconf 83' lang='lat' dir='ltr'><strong>Dux</strong></span> <span class='ocrx_word' id='word_1_471' title='bbox 2074 3127 2253 3197; x_wconf 82' lang='lat' dir='ltr'><strong>itaque</strong></span> <span class='ocrx_word' id='word_1_472' title='bbox 2285 3128 2472 3184; x_wconf 84' lang='lat' dir='ltr'><strong>\idens</strong></span> <span class='ocrx_word' id='word_1_473' title='bbox 2517 3129 2717 3193; x_wconf 83' lang='lat' dir='ltr'><strong>omnia,</strong></span> <span class='ocrx_word' id='word_1_474' title='bbox 2755 3145 2876 3198; x_wconf 64' lang='lat' dir='ltr'><strong>quae</strong></span> <span class='ocrx_word' id='word_1_475' title='bbox 2923 3129 3036 3185; x_wconf 87' lang='lat' dir='ltr'><strong>solo</strong></span> <span class='ocrx_word' id='word_1_476' title='bbox 3086 3131 3322 3203; x_wconf 60' lang='lat' dir='ltr'><strong>inceptu</strong></span> <span class='ocrx_word' id='word_1_477' title='bbox 3349 3143 3432 3188; x_wconf 89' lang='lat' dir='ltr'><strong>at-</strong></span> 
     </span>
    </p>
   </div>
   <div class='ocr_carea' id='block_1_78' title="bbox 1858 3218 3430 3287">
    <p class='ocr_par' dir='ltr' id='par_1_78' title="bbox 1858 3218 3430 3287">
     <span class='ocr_line' id='line_1_78' title="bbox 1858 3218 3430 3287; baseline 0.006 -18"><span class='ocrx_word' id='word_1_478' title='bbox 1858 3219 2122 3283; x_wconf 86' lang='lat' dir='ltr'><strong>tentabat,</strong></span> <span class='ocrx_word' id='word_1_479' title='bbox 2174 3218 2390 3272; x_wconf 79' lang='lat' dir='ltr'><strong>fortuna</strong></span> <span class='ocrx_word' id='word_1_480' title='bbox 2443 3218 2812 3274; x_wconf 88' lang='lat' dir='ltr'><strong>favorabiliter</strong></span> <span class='ocrx_word' id='word_1_481' title='bbox 2855 3221 3167 3287; x_wconf 87' lang='lat' dir='ltr'><strong>arridente,</strong></span> <span class='ocrx_word' id='word_1_482' title='bbox 3221 3224 3323 3278; x_wconf 85' lang='lat' dir='ltr'><strong>sibi</strong></span> <span class='ocrx_word' id='word_1_483' title='bbox 3375 3225 3430 3279; x_wconf 88' lang='lat' dir='ltr'><strong>in</strong></span> 
     </span>
    </p>
   </div>
   <div class='ocr_carea' id='block_1_79' title="bbox 1855 3308 3430 3381">
    <p class='ocr_par' dir='ltr' id='par_1_79' title="bbox 1855 3308 3430 3381">
     <span class='ocr_line' id='line_1_79' title="bbox 1855 3308 3430 3381; baseline 0.006 -23"><span class='ocrx_word' id='word_1_484' title='bbox 1855 3321 2177 3376; x_wconf 83' lang='lat' dir='ltr'><strong>prosperum</strong></span> <span class='ocrx_word' id='word_1_485' title='bbox 2229 3309 2444 3373; x_wconf 87' lang='lat' dir='ltr'><strong>cedere,</strong></span> <span class='ocrx_word' id='word_1_486' title='bbox 2489 3308 2906 3364; x_wconf 83' lang='lat' dir='ltr'><strong>famosissimam</strong></span> <span class='ocrx_word' id='word_1_487' title='bbox 2952 3310 3162 3376; x_wconf 89' lang='lat' dir='ltr'><strong>urbem,</strong></span> <span class='ocrx_word' id='word_1_488' title='bbox 3186 3327 3306 3381; x_wconf 65' lang='lat' dir='ltr'><strong>quae</strong></span> <span class='ocrx_word' id='word_1_489' title='bbox 3330 3313 3430 3367; x_wconf 86' lang='lat' dir='ltr'><strong>Ba-</strong></span> 
     </span>
    </p>
   </div>
   <div class='ocr_carea' id='block_1_80' title="bbox 1853 3399 3428 3472">
    <p class='ocr_par' dir='ltr' id='par_1_80' title="bbox 1853 3399 3428 3472">
     <span class='ocr_line' id='line_1_80' title="bbox 1853 3399 3428 3472; baseline 0.004 -20"><span class='ocrx_word' id='word_1_490' title='bbox 1853 3417 1971 3453; x_wconf 87' lang='lat' dir='ltr'><strong>rutn</strong></span> <span class='ocrx_word' id='word_1_491' title='bbox 2003 3401 2221 3465; x_wconf 90' lang='lat' dir='ltr'><strong>dicitur,</strong></span> <span class='ocrx_word' id='word_1_492' title='bbox 2253 3401 2431 3454; x_wconf 88' lang='lat' dir='ltr'><strong>adhuc</strong></span> <span class='ocrx_word' id='word_1_493' title='bbox 2474 3399 3074 3470; x_wconf 85' lang='lat' dir='ltr'><strong>Constantinopolitano</strong></span> <span class='ocrx_word' id='word_1_494' title='bbox 3114 3404 3428 3472; x_wconf 86' lang='lat' dir='ltr'><strong>imperatori</strong></span> 
     </span>
    </p>
   </div>
   <div class='ocr_carea' id='block_1_81' title="bbox 1852 3490 3425 3560">
    <p class='ocr_par' dir='ltr' id='par_1_81' title="bbox 1852 3490 3425 3560">
     <span class='ocr_line' id='line_1_81' title="bbox 1852 3490 3425 3560; baseline 0.004 -16"><span class='ocrx_word' id='word_1_495' title='bbox 1852 3505 1918 3546; x_wconf 84' lang='lat' dir='ltr'><strong>ex</strong></span> <span class='ocrx_word' id='word_1_496' title='bbox 1949 3490 2207 3544; x_wconf 68' lang='lat' dir='ltr'><strong>fidelitate</strong></span> <span class='ocrx_word' id='word_1_497' title='bbox 2233 3491 2595 3544; x_wconf 79' lang='lat' dir='ltr'><strong>adluerentcm</strong></span> <span class='ocrx_word' id='word_1_498' title='bbox 2629 3491 2798 3560; x_wconf 81' lang='grc'><strong>(161),</strong></span> <span class='ocrx_word' id='word_1_499' title='bbox 2844 3492 2948 3546; x_wconf 88' lang='lat' dir='ltr'><strong>sibi</strong></span> <span class='ocrx_word' id='word_1_500' title='bbox 2988 3507 3118 3548; x_wconf 89' lang='lat' dir='ltr'><strong>vero</strong></span> <span class='ocrx_word' id='word_1_501' title='bbox 3149 3495 3425 3560; x_wconf 86' lang='lat' dir='ltr'><strong>rebellem,</strong></span> 
     </span>
    </p>
   </div>
   <div class='ocr_carea' id='block_1_82' title="bbox 1851 3580 3425 3656">
    <p class='ocr_par' dir='ltr' id='par_1_82' title="bbox 1851 3580 3425 3656">
     <span class='ocr_line' id='line_1_82' title="bbox 1851 3580 3425 3656; baseline 0.004 -20"><span class='ocrx_word' id='word_1_502' title='bbox 1851 3598 1916 3636; x_wconf 85' lang='lat' dir='ltr'><strong>ex</strong></span> <span class='ocrx_word' id='word_1_503' title='bbox 1950 3584 2196 3650; x_wconf 87' lang='lat' dir='ltr'><strong>proximo</strong></span> <span class='ocrx_word' id='word_1_504' title='bbox 2221 3580 2361 3636; x_wconf 87' lang='lat' dir='ltr'><strong>haud</strong></span> <span class='ocrx_word' id='word_1_505' title='bbox 2386 3582 2543 3654; x_wconf 90' lang='lat' dir='ltr'><strong>longe</strong></span> <span class='ocrx_word' id='word_1_506' title='bbox 2571 3597 2602 3636; x_wconf 91' lang='lat' dir='ltr'><strong>a</strong></span> <span class='ocrx_word' id='word_1_507' title='bbox 2631 3581 2987 3652; x_wconf 82' lang='lat' dir='ltr'><strong>Montepiloso</strong></span> <span class='ocrx_word' id='word_1_508' title='bbox 3018 3584 3228 3641; x_wconf 86' lang='lat' dir='ltr'><strong>habens</strong></span> <span class='ocrx_word' id='word_1_509' title='bbox 3253 3585 3425 3656; x_wconf 65' lang='lat' dir='ltr'><strong>(Idi),</strong></span> 
     </span>
    </p>
   </div>
   <div class='ocr_carea' id='block_1_83' title="bbox 1850 3674 3430 3745">
    <p class='ocr_par' dir='ltr' id='par_1_83' title="bbox 1850 3674 3430 3745">
     <span class='ocr_line' id='line_1_83' title="bbox 1850 3674 3430 3745; baseline 0.006 -20"><span class='ocrx_word' id='word_1_510' title='bbox 1850 3675 2263 3744; x_wconf 88' lang='lat' dir='ltr'><strong>quibuscnnque</strong></span> <span class='ocrx_word' id='word_1_511' title='bbox 2293 3674 2585 3745; x_wconf 89' lang='lat' dir='ltr'><strong>imperator</strong></span> <span class='ocrx_word' id='word_1_512' title='bbox 2616 3685 2847 3744; x_wconf 65' lang='lat' dir='ltr'><strong>praeerat</strong></span> <span class='ocrx_word' id='word_1_513' title='bbox 2891 3676 3228 3745; x_wconf 86' lang='lat' dir='ltr'><strong>pactionibus</strong></span> <span class='ocrx_word' id='word_1_514' title='bbox 3256 3688 3334 3745; x_wconf 86' lang='lat' dir='ltr'><strong>et,</strong></span> <span class='ocrx_word' id='word_1_515' title='bbox 3367 3689 3430 3735; x_wconf 89' lang='lat' dir='ltr'><strong>ut</strong></span> 
     </span>
    </p>
   </div>
   <div class='ocr_carea' id='block_1_84' title="bbox 1851 3766 3426 3839">
    <p class='ocr_par' dir='ltr' id='par_1_84' title="bbox 1851 3766 3426 3839">
     <span class='ocr_line' id='line_1_84' title="bbox 1851 3766 3426 3839; baseline 0.005 -21"><span class='ocrx_word' id='word_1_516' title='bbox 1851 3766 1949 3820; x_wconf 87' lang='lat' dir='ltr'><strong>sibi</strong></span> <span class='ocrx_word' id='word_1_517' title='bbox 1982 3766 2308 3822; x_wconf 88' lang='lat' dir='ltr'><strong>faventiores</strong></span> <span class='ocrx_word' id='word_1_518' title='bbox 2333 3768 2604 3834; x_wconf 81' lang='lat' dir='ltr'><strong>redderet,</strong></span> <span class='ocrx_word' id='word_1_519' title='bbox 2623 3768 2688 3820; x_wconf 91' lang='lat' dir='ltr'><strong>ad</strong></span> <span class='ocrx_word' id='word_1_520' title='bbox 2712 3767 3166 3838; x_wconf 83' lang='lat' dir='ltr'><strong>impugnationem</strong></span> <span class='ocrx_word' id='word_1_521' title='bbox 3188 3769 3426 3839; x_wconf 84' lang='lat' dir='ltr'><strong>ejusdem</strong></span> 
     </span>
    </p>
   </div>
   <div class='ocr_carea' id='block_1_85' title="bbox 1851 3859 3425 3929">
    <p class='ocr_par' dir='ltr' id='par_1_85' title="bbox 1851 3859 3425 3929">
     <span class='ocr_line' id='line_1_85' title="bbox 1851 3859 3425 3929; baseline 0.005 -18"><span class='ocrx_word' id='word_1_522' title='bbox 1851 3859 2001 3913; x_wconf 88' lang='lat' dir='ltr'><strong>urbis</strong></span> <span class='ocrx_word' id='word_1_523' title='bbox 2049 3873 2234 3914; x_wconf 88' lang='lat' dir='ltr'><strong>secum</strong></span> <span class='ocrx_word' id='word_1_524' title='bbox 2285 3859 2494 3914; x_wconf 90' lang='lat' dir='ltr'><strong>instans</strong></span> <span class='ocrx_word' id='word_1_525' title='bbox 2549 3859 2721 3929; x_wconf 81' lang='grc'><strong>(163),</strong></span> <span class='ocrx_word' id='word_1_526' title='bbox 2772 3875 2914 3914; x_wconf 88' lang='lat' dir='ltr'><strong>anno</strong></span> <span class='ocrx_word' id='word_1_527' title='bbox 2947 3861 3106 3916; x_wconf 78' lang='lat' dir='ltr'><strong>Verbi</strong></span> <span class='ocrx_word' id='word_1_528' title='bbox 3154 3861 3425 3919; x_wconf 83' lang='lat' dir='ltr'><strong>Incarnati</strong></span> 
     </span>
    </p>
   </div>
   <div class='ocr_carea' id='block_1_86' title="bbox 1853 3949 3426 4020">
    <p class='ocr_par' dir='ltr' id='par_1_86' title="bbox 1853 3949 3426 4020">
     <span class='ocr_line' id='line_1_86' title="bbox 1853 3949 3426 4020; baseline 0.005 -16"><span class='ocrx_word' id='word_1_529' title='bbox 1853 3949 1989 4004; x_wconf 82' lang='lat' dir='ltr'><strong>I067</strong></span> <span class='ocrx_word' id='word_1_530' title='bbox 2035 3953 2275 4020; x_wconf 89' lang='lat' dir='ltr'><strong>equitatu</strong></span> <span class='ocrx_word' id='word_1_531' title='bbox 2323 3960 2378 4006; x_wconf 90' lang='lat' dir='ltr'><strong>et</strong></span> <span class='ocrx_word' id='word_1_532' title='bbox 2426 3952 2600 4006; x_wconf 86' lang='lat' dir='ltr'><strong>navali</strong></span> <span class='ocrx_word' id='word_1_533' title='bbox 2653 3953 2895 4008; x_wconf 83' lang='lat' dir='ltr'><strong>exercitu</strong></span> <span class='ocrx_word' id='word_1_534' title='bbox 2965 3969 3086 4008; x_wconf 88' lang='lat' dir='ltr'><strong>eam</strong></span> <span class='ocrx_word' id='word_1_535' title='bbox 3145 3956 3426 4013; x_wconf 82' lang='lat' dir='ltr'><strong>obsessum</strong></span> 
     </span>
    </p>
   </div>
   <div class='ocr_carea' id='block_1_87' title="bbox 1853 4043 3419 4118">
    <p class='ocr_par' dir='ltr' id='par_1_87' title="bbox 1853 4043 3419 4118">
     <span class='ocr_line' id='line_1_87' title="bbox 1853 4043 3419 4118; baseline 0.006 -24"><span class='ocrx_word' id='word_1_536' title='bbox 1853 4044 1999 4097; x_wconf 90' lang='lat' dir='ltr'><strong>vadit</strong></span> <span class='ocrx_word' id='word_1_537' title='bbox 2025 4043 2194 4112; x_wconf 66' lang='grc'><strong>(164).</strong></span> <span class='ocrx_word' id='word_1_538' title='bbox 2249 4043 2315 4099; x_wconf 85' lang='lat' dir='ltr'><strong>Et</strong></span> <span class='ocrx_word' id='word_1_539' title='bbox 2354 4047 2479 4115; x_wconf 87' lang='lat' dir='ltr'><strong>quia</strong></span> <span class='ocrx_word' id='word_1_540' title='bbox 2512 4045 2625 4114; x_wconf 83' lang='lat' dir='ltr'><strong>ipsa</strong></span> <span class='ocrx_word' id='word_1_541' title='bbox 2665 4046 2874 4111; x_wconf 77' lang='lat' dir='ltr'><strong>civitas,</strong></span> <span class='ocrx_word' id='word_1_542' title='bbox 2906 4046 3061 4115; x_wconf 87' lang='lat' dir='ltr'><strong>quasi</strong></span> <span class='ocrx_word' id='word_1_543' title='bbox 3099 4047 3151 4101; x_wconf 93' lang='lat' dir='ltr'><strong>in</strong></span> <span class='ocrx_word' id='word_1_544' title='bbox 3184 4050 3419 4118; x_wconf 89' lang='lat' dir='ltr'><strong>quodam</strong></span> 
     </span>
    </p>
   </div>
   <div class='ocr_carea' id='block_1_88' title="bbox 1850 4137 3428 4210">
    <p class='ocr_par' dir='ltr' id='par_1_88' title="bbox 1850 4137 3428 4210">
     <span class='ocr_line' id='line_1_88' title="bbox 1850 4137 3428 4210; baseline 0.004 -21"><span class='ocrx_word' id='word_1_545' title='bbox 1850 4137 2048 4208; x_wconf 83' lang='lat' dir='ltr'><strong>angulo</strong></span> <span class='ocrx_word' id='word_1_546' title='bbox 2078 4138 2181 4191; x_wconf 91' lang='lat' dir='ltr'><strong>sila</strong></span> <span class='ocrx_word' id='word_1_547' title='bbox 2229 4137 2282 4191; x_wconf 86' lang='lat' dir='ltr'><strong>in</strong></span> <span class='ocrx_word' id='word_1_548' title='bbox 2329 4153 2480 4193; x_wconf 86' lang='lat' dir='ltr'><strong>mare</strong></span> <span class='ocrx_word' id='word_1_549' title='bbox 2512 4138 2824 4207; x_wconf 83' lang='lat' dir='ltr'><strong>porrigitur,</strong></span> <span class='ocrx_word' id='word_1_550' title='bbox 2871 4138 2986 4207; x_wconf 87' lang='lat' dir='ltr'><strong>ipse</strong></span> <span class='ocrx_word' id='word_1_551' title='bbox 3016 4153 3138 4194; x_wconf 88' lang='lat' dir='ltr'><strong>cmn</strong></span> <span class='ocrx_word' id='word_1_552' title='bbox 3183 4145 3428 4210; x_wconf 87' lang='lat' dir='ltr'><strong>equestri</strong></span> 
     </span>
    </p>
   </div>
   <div class='ocr_carea' id='block_1_89' title="bbox 1850 4228 3416 4297">
    <p class='ocr_par' dir='ltr' id='par_1_89' title="bbox 1850 4228 3416 4297">
     <span class='ocr_line' id='line_1_89' title="bbox 1850 4228 3416 4297; baseline 0.002 -15"><span class='ocrx_word' id='word_1_553' title='bbox 1850 4229 2090 4284; x_wconf 87' lang='lat' dir='ltr'><strong>exercitu</strong></span> <span class='ocrx_word' id='word_1_554' title='bbox 2131 4229 2300 4297; x_wconf 89' lang='lat' dir='ltr'><strong>ipsam</strong></span> <span class='ocrx_word' id='word_1_555' title='bbox 2343 4238 2550 4297; x_wconf 89' lang='lat' dir='ltr'><strong>partem</strong></span> <span class='ocrx_word' id='word_1_556' title='bbox 2594 4243 2698 4296; x_wconf 88' lang='lat' dir='ltr'><strong>qua</strong></span> <span class='ocrx_word' id='word_1_557' title='bbox 2728 4228 2922 4282; x_wconf 89' lang='lat' dir='ltr'><strong>civitas</strong></span> <span class='ocrx_word' id='word_1_558' title='bbox 2968 4243 3157 4283; x_wconf 87' lang='lat' dir='ltr'><strong>versus</strong></span> <span class='ocrx_word' id='word_1_559' title='bbox 3213 4240 3416 4286; x_wconf 87' lang='lat' dir='ltr'><strong>terram</strong></span> 
     </span>
    </p>
   </div>
   <div class='ocr_carea' id='block_1_90' title="bbox 1853 4319 3427 4390">
    <p class='ocr_par' dir='ltr' id='par_1_90' title="bbox 1853 4319 3427 4390">
     <span class='ocr_line' id='line_1_90' title="bbox 1853 4319 3427 4390; baseline 0 -15"><span class='ocrx_word' id='word_1_560' title='bbox 1853 4319 2090 4388; x_wconf 85' lang='lat' dir='ltr'><strong>patebat,</strong></span> <span class='ocrx_word' id='word_1_561' title='bbox 2121 4320 2272 4390; x_wconf 88' lang='lat' dir='ltr'><strong>quasi</strong></span> <span class='ocrx_word' id='word_1_562' title='bbox 2295 4320 2364 4373; x_wconf 89' lang='lat' dir='ltr'><strong>ab</strong></span> <span class='ocrx_word' id='word_1_563' title='bbox 2387 4335 2493 4372; x_wconf 91' lang='lat' dir='ltr'><strong>uno</strong></span> <span class='ocrx_word' id='word_1_564' title='bbox 2521 4320 2657 4373; x_wconf 89' lang='lat' dir='ltr'><strong>mari</strong></span> <span class='ocrx_word' id='word_1_565' title='bbox 2695 4320 2746 4373; x_wconf 91' lang='lat' dir='ltr'><strong>in</strong></span> <span class='ocrx_word' id='word_1_566' title='bbox 2794 4319 2938 4374; x_wconf 89' lang='lat' dir='ltr'><strong>aliud</strong></span> <span class='ocrx_word' id='word_1_567' title='bbox 2968 4319 3246 4386; x_wconf 84' lang='lat' dir='ltr'><strong>claudens,</strong></span> <span class='ocrx_word' id='word_1_568' title='bbox 3280 4324 3427 4376; x_wconf 85' lang='lat' dir='ltr'><strong>navi-</strong></span> 
     </span>
    </p>
   </div>
   <div class='ocr_carea' id='block_1_91' title="bbox 1851 4411 3429 4483">
    <p class='ocr_par' dir='ltr' id='par_1_91' title="bbox 1851 4411 3429 4483">
     <span class='ocr_line' id='line_1_91' title="bbox 1851 4411 3429 4483; baseline 0 -16"><span class='ocrx_word' id='word_1_569' title='bbox 1851 4414 1954 4468; x_wconf 85' lang='lat' dir='ltr'><strong>bus</strong></span> <span class='ocrx_word' id='word_1_570' title='bbox 1980 4427 2076 4483; x_wconf 91' lang='lat' dir='ltr'><strong>per</strong></span> <span class='ocrx_word' id='word_1_571' title='bbox 2107 4428 2258 4467; x_wconf 90' lang='lat' dir='ltr'><strong>mare</strong></span> <span class='ocrx_word' id='word_1_572' title='bbox 2285 4411 2546 4476; x_wconf 80' lang='lat' dir='ltr'><strong>extensis,</strong></span> <span class='ocrx_word' id='word_1_573' title='bbox 2587 4426 2692 4464; x_wconf 74' lang='lat' dir='ltr'><strong>Lua</strong></span> <span class='ocrx_word' id='word_1_574' title='bbox 2723 4411 2789 4466; x_wconf 90' lang='lat' dir='ltr'><strong>ad</strong></span> <span class='ocrx_word' id='word_1_575' title='bbox 2815 4413 3039 4468; x_wconf 87' lang='lat' dir='ltr'><strong>alteram</strong></span> <span class='ocrx_word' id='word_1_576' title='bbox 3068 4413 3294 4468; x_wconf 85' lang='lat' dir='ltr'><strong>firmiter</strong></span> <span class='ocrx_word' id='word_1_577' title='bbox 3321 4413 3429 4467; x_wconf 88' lang='lat' dir='ltr'><strong>fer-</strong></span> 
     </span>
    </p>
   </div>
   <div class='ocr_carea' id='block_1_92' title="bbox 164 4499 3424 4572">
    <p class='ocr_par' dir='ltr' id='par_1_92' title="bbox 164 4499 3424 4572">
     <span class='ocr_line' id='line_1_92' title="bbox 164 4499 3424 4572; baseline 0.001 -20"><span class='ocrx_word' id='word_1_578' title='bbox 164 4499 290 4554; x_wconf 85' lang='lat' dir='ltr'><strong>dine</strong></span> <span class='ocrx_word' id='word_1_579' title='bbox 314 4499 484 4554; x_wconf 88' lang='lat' dir='ltr'><strong>labori</strong></span> <span class='ocrx_word' id='word_1_580' title='bbox 507 4501 796 4556; x_wconf 79' lang='lat' dir='ltr'><strong>continuus</strong></span> <span class='ocrx_word' id='word_1_581' title='bbox 817 4510 1028 4566; x_wconf 80' lang='lat' dir='ltr'><strong>erat,ut.</strong></span> <span class='ocrx_word' id='word_1_582' title='bbox 1053 4502 1273 4566; x_wconf 71' lang='lat' dir='ltr'><strong>hincue,</strong></span> <span class='ocrx_word' id='word_1_583' title='bbox 1291 4504 1482 4560; x_wconf 86' lang='lat' dir='ltr'><strong>hiucve</strong></span> <span class='ocrx_word' id='word_1_584' title='bbox 1503 4505 1749 4561; x_wconf 86' lang='lat' dir='ltr'><strong>infestior</strong></span> <span class='ocrx_word' id='word_1_585' title='bbox 1779 4502 1825 4564; x_wconf 92' lang='lat' dir='ltr'><strong>D</strong></span> <span class='ocrx_word' id='word_1_586' title='bbox 1854 4503 1960 4558; x_wconf 87' lang='lat' dir='ltr'><strong>reis</strong></span> <span class='ocrx_word' id='word_1_587' title='bbox 2001 4502 2228 4566; x_wconf 85' lang='lat' dir='ltr'><strong>catenis,</strong></span> <span class='ocrx_word' id='word_1_588' title='bbox 2268 4515 2334 4556; x_wconf 87' lang='lat' dir='ltr'><strong>ac</strong></span> <span class='ocrx_word' id='word_1_589' title='bbox 2376 4501 2421 4555; x_wconf 88' lang='lat' dir='ltr'><strong>si</strong></span> <span class='ocrx_word' id='word_1_590' title='bbox 2452 4515 2634 4570; x_wconf 87' lang='lat' dir='ltr'><strong>sepem</strong></span> <span class='ocrx_word' id='word_1_591' title='bbox 2689 4501 2960 4565; x_wconf 90' lang='lat' dir='ltr'><strong>faciendo,</strong></span> <span class='ocrx_word' id='word_1_592' title='bbox 3013 4503 3424 4572; x_wconf 85' lang='lat' dir='ltr'><strong>compaginatis,</strong></span> 
     </span>
    </p>
   </div>
   <div class='ocr_carea' id='block_1_93' title="bbox 166 4593 1743 4668">
    <p class='ocr_par' dir='ltr' id='par_1_93' title="bbox 166 4593 1743 4668">
     <span class='ocr_line' id='line_1_93' title="bbox 166 4593 1743 4668; baseline 0.004 -22"><span class='ocrx_word' id='word_1_593' title='bbox 166 4603 335 4651; x_wconf 84' lang='lat' dir='ltr'><strong>esset.</strong></span> <span class='ocrx_word' id='word_1_594' title='bbox 364 4608 467 4648; x_wconf 88' lang='lat' dir='ltr'><strong>nec</strong></span> <span class='ocrx_word' id='word_1_595' title='bbox 497 4593 714 4648; x_wconf 67' lang='lat' dir='ltr'><strong>caecitas</strong></span> <span class='ocrx_word' id='word_1_596' title='bbox 748 4595 995 4650; x_wconf 59' lang='lat' dir='ltr'><strong>obscura</strong></span> <span class='ocrx_word' id='word_1_597' title='bbox 1025 4595 1199 4650; x_wconf 90' lang='lat' dir='ltr'><strong>noctis</strong></span> <span class='ocrx_word' id='word_1_598' title='bbox 1226 4596 1498 4652; x_wconf 88' lang='lat' dir='ltr'><strong>dehortari</strong></span> <span class='ocrx_word' id='word_1_599' title='bbox 1543 4606 1743 4668; x_wconf 89' lang='lat' dir='ltr'><strong>posset,</strong></span> 
     </span>
    </p>
   </div>
   <div class='ocr_carea' id='block_1_94' title="bbox 165 4685 1747 4759">
    <p class='ocr_par' dir='ltr' id='par_1_94' title="bbox 165 4685 1747 4759">
     <span class='ocr_line' id='line_1_94' title="bbox 165 4685 1747 4759; baseline 0.004 -21"><span class='ocrx_word' id='word_1_600' title='bbox 165 4687 292 4753; x_wconf 85' lang='lat' dir='ltr'><strong>quin</strong></span> <span class='ocrx_word' id='word_1_601' title='bbox 323 4685 541 4740; x_wconf 88' lang='lat' dir='ltr'><strong>deloco</strong></span> <span class='ocrx_word' id='word_1_602' title='bbox 571 4687 638 4741; x_wconf 89' lang='lat' dir='ltr'><strong>ad</strong></span> <span class='ocrx_word' id='word_1_603' title='bbox 703 4686 880 4741; x_wconf 91' lang='lat' dir='ltr'><strong>locum</strong></span> <span class='ocrx_word' id='word_1_604' title='bbox 938 4688 1268 4753; x_wconf 87' lang='lat' dir='ltr'><strong>transiliens,</strong></span> <span class='ocrx_word' id='word_1_605' title='bbox 1322 4705 1418 4759; x_wconf 92' lang='lat' dir='ltr'><strong>per</strong></span> <span class='ocrx_word' id='word_1_606' title='bbox 1464 4704 1523 4745; x_wconf 90' lang='lat' dir='ltr'><strong>se</strong></span> <span class='ocrx_word' id='word_1_607' title='bbox 1573 4691 1747 4759; x_wconf 86' lang='lat' dir='ltr'><strong>ipsum</strong></span> 
     </span>
    </p>
   </div>
   <div class='ocr_carea' id='block_1_95' title="bbox 163 4779 1744 4852">
    <p class='ocr_par' dir='ltr' id='par_1_95' title="bbox 163 4779 1744 4852">
     <span class='ocr_line' id='line_1_95' title="bbox 163 4779 1744 4852; baseline 0.003 -21"><span class='ocrx_word' id='word_1_608' title='bbox 163 4779 344 4832; x_wconf 66' lang='lat' dir='ltr'><strong>(nantia</strong></span> <span class='ocrx_word' id='word_1_609' title='bbox 401 4787 734 4843; x_wconf 85' lang='lat' dir='ltr'><strong>attentaret,</strong></span> <span class='ocrx_word' id='word_1_610' title='bbox 792 4779 1016 4850; x_wconf 83' lang='lat' dir='ltr'><strong>ejusque</strong></span> <span class='ocrx_word' id='word_1_611' title='bbox 1067 4781 1409 4850; x_wconf 71' lang='lat' dir='ltr'><strong>przescnliam</strong></span> <span class='ocrx_word' id='word_1_612' title='bbox 1463 4781 1744 4852; x_wconf 88' lang='lat' dir='ltr'><strong>plusquam</strong></span> 
     </span>
    </p>
   </div>
   <div class='ocr_carea' id='block_1_96' title="bbox 163 4869 1744 4940">
    <p class='ocr_par' dir='ltr' id='par_1_96' title="bbox 163 4869 1744 4940">
     <span class='ocr_line' id='line_1_96' title="bbox 163 4869 1744 4940; baseline 0.004 -20"><span class='ocrx_word' id='word_1_613' title='bbox 163 4869 342 4921; x_wconf 88' lang='lat' dir='ltr'><strong>omnia</strong></span> <span class='ocrx_word' id='word_1_614' title='bbox 378 4869 564 4923; x_wconf 85' lang='lat' dir='ltr'><strong>hostes</strong></span> <span class='ocrx_word' id='word_1_615' title='bbox 593 4869 981 4933; x_wconf 85' lang='lat' dir='ltr'><strong>exhorrebant,</strong></span> <span class='ocrx_word' id='word_1_616' title='bbox 1034 4869 1407 4940; x_wconf 88' lang='lat' dir='ltr'><strong>intantumque</strong></span> <span class='ocrx_word' id='word_1_617' title='bbox 1429 4869 1545 4937; x_wconf 88' lang='lat' dir='ltr'><strong>ejus</strong></span> <span class='ocrx_word' id='word_1_618' title='bbox 1573 4872 1744 4927; x_wconf 90' lang='lat' dir='ltr'><strong>veloci</strong></span> 
     </span>
    </p>
   </div>
   <div class='ocr_carea' id='block_1_97' title="bbox 165 4957 1744 5032">
    <p class='ocr_par' dir='ltr' id='par_1_97' title="bbox 165 4957 1744 5032">
     <span class='ocr_line' id='line_1_97' title="bbox 165 4957 1744 5032; baseline 0.003 -19"><span class='ocrx_word' id='word_1_619' title='bbox 165 4957 469 5028; x_wconf 87' lang='lat' dir='ltr'><strong>frequentia</strong></span> <span class='ocrx_word' id='word_1_620' title='bbox 510 4961 928 5016; x_wconf 89' lang='lat' dir='ltr'><strong>deterrebantur</strong></span> <span class='ocrx_word' id='word_1_621' title='bbox 968 4969 1027 5015; x_wconf 91' lang='lat' dir='ltr'><strong>ut</strong></span> <span class='ocrx_word' id='word_1_622' title='bbox 1068 4976 1332 5029; x_wconf 89' lang='lat' dir='ltr'><strong>nusquam</strong></span> <span class='ocrx_word' id='word_1_623' title='bbox 1361 4963 1560 5017; x_wconf 86' lang='lat' dir='ltr'><strong>absens</strong></span> <span class='ocrx_word' id='word_1_624' title='bbox 1589 4972 1744 5032; x_wconf 88' lang='lat' dir='ltr'><strong>puta-</strong></span> 
     </span>
    </p>
   </div>
   <div class='ocr_carea' id='block_1_98' title="bbox 166 5050 1742 5124">
    <p class='ocr_par' dir='ltr' id='par_1_98' title="bbox 166 5050 1742 5124">
     <span class='ocr_line' id='line_1_98' title="bbox 166 5050 1742 5124; baseline 0.006 -22"><span class='ocrx_word' id='word_1_625' title='bbox 166 5059 326 5105; x_wconf 87' lang='lat' dir='ltr'><strong>retur.</strong></span> <span class='ocrx_word' id='word_1_626' title='bbox 364 5051 470 5107; x_wconf 90' lang='lat' dir='ltr'><strong>Sed</strong></span> <span class='ocrx_word' id='word_1_627' title='bbox 498 5054 624 5124; x_wconf 88' lang='lat' dir='ltr'><strong>quia</strong></span> <span class='ocrx_word' id='word_1_628' title='bbox 678 5053 766 5108; x_wconf 85' lang='lat' dir='ltr'><strong>ubi</strong></span> <span class='ocrx_word' id='word_1_629' title='bbox 818 5050 931 5106; x_wconf 91' lang='lat' dir='ltr'><strong>suis</strong></span> <span class='ocrx_word' id='word_1_630' title='bbox 979 5054 1354 5124; x_wconf 75' lang='lat' dir='ltr'><strong>prcesentibus,</strong></span> <span class='ocrx_word' id='word_1_631' title='bbox 1405 5055 1519 5124; x_wconf 87' lang='lat' dir='ltr'><strong>ipse</strong></span> <span class='ocrx_word' id='word_1_632' title='bbox 1547 5057 1742 5111; x_wconf 88' lang='lat' dir='ltr'><strong>absens</strong></span> 
     </span>
    </p>
   </div>
   <div class='ocr_carea' id='block_1_99' title="bbox 167 5141 585 5174">
    <p class='ocr_par' dir='ltr' id='par_1_99' title="bbox 167 5141 585 5174">
     <span class='ocr_line' id='line_1_99' title="bbox 167 5141 585 5174; baseline 0 0"><span class='ocrx_word' id='word_1_633' title='bbox 167 5143 229 5174; x_wconf 70' lang='lat' dir='ltr'><strong>ah</strong></span> <span class='ocrx_word' id='word_1_634' title='bbox 250 5141 494 5174; x_wconf 68' lang='lat' dir='ltr'><strong>&#39;Ino!:|\un</strong></span> <span class='ocrx_word' id='word_1_635' title='bbox 524 5146 585 5174; x_wconf 71' lang='grc' dir='ltr'><strong>ΑΛ</strong></span> 
     </span>
    </p>
   </div>
   <div class='ocr_carea' id='block_1_100' title="bbox 592 5144 1386 5174">
    <p class='ocr_par' dir='ltr' id='par_1_100' title="bbox 592 5144 1386 5174">
     <span class='ocr_line' id='line_1_100' title="bbox 592 5144 1386 5174; baseline 0 0"><span class='ocrx_word' id='word_1_636' title='bbox 592 5144 1027 5174; x_wconf 48' lang='grc' dir='ltr'><strong>..-Λιιηηιθηιιαιιιυι</strong></span> <span class='ocrx_word' id='word_1_637' title='bbox 1096 5145 1176 5174; x_wconf 63' lang='grc' dir='ltr'><strong>ιι·ιῖ</strong></span> <span class='ocrx_word' id='word_1_638' title='bbox 1203 5147 1386 5174; x_wconf 61' lang='grc' dir='ltr'><strong>Ιι.η.ιειε</strong></span> 
     </span>
    </p>
   </div>
   <div class='ocr_carea' id='block_1_101' title="bbox 1431 5163 1738 5174">
    <p class='ocr_par' dir='ltr' id='par_1_101' title="bbox 1431 5163 1738 5174">
     <span class='ocr_line' id='line_1_101' title="bbox 1431 5163 1738 5174; baseline 0 0"><span class='ocrx_word' id='word_1_639' title='bbox 1431 5163 1738 5174; x_wconf 53' lang='grc' dir='ltr'><strong>..ιη-.-Λοααλ</strong></span> 
     </span>
    </p>
   </div>
   <div class='ocr_carea' id='block_1_102' title="bbox 1851 4591 3427 4649">
    <p class='ocr_par' dir='ltr' id='par_1_102' title="bbox 1851 4591 3427 4649">
     <span class='ocr_line' id='line_1_102' title="bbox 1851 4591 3427 4649; baseline -0.001 0"><span class='ocrx_word' id='word_1_640' title='bbox 1851 4595 1924 4649; x_wconf 89' lang='lat' dir='ltr'><strong>ita</strong></span> <span class='ocrx_word' id='word_1_641' title='bbox 1951 4601 2116 4649; x_wconf 90' lang='lat' dir='ltr'><strong>totam</strong></span> <span class='ocrx_word' id='word_1_642' title='bbox 2145 4593 2330 4647; x_wconf 89' lang='lat' dir='ltr'><strong>urbem</strong></span> <span class='ocrx_word' id='word_1_643' title='bbox 2389 4591 2560 4647; x_wconf 78' lang='lat' dir='ltr'><strong>cinxit</strong></span> <span class='ocrx_word' id='word_1_644' title='bbox 2611 4601 2672 4646; x_wconf 73' lang='lat' dir='ltr'><strong>ut</strong></span> <span class='ocrx_word' id='word_1_645' title='bbox 2724 4591 2870 4646; x_wconf 90' lang='lat' dir='ltr'><strong>nullo</strong></span> <span class='ocrx_word' id='word_1_646' title='bbox 2923 4592 3090 4646; x_wconf 89' lang='lat' dir='ltr'><strong>latere</strong></span> <span class='ocrx_word' id='word_1_647' title='bbox 3137 4595 3319 4648; x_wconf 80' lang='lat' dir='ltr'><strong>exitus</strong></span> <span class='ocrx_word' id='word_1_648' title='bbox 3359 4595 3427 4647; x_wconf 88' lang='lat' dir='ltr'><strong>ab</strong></span> 
     </span>
    </p>
   </div>
   <div class='ocr_carea' id='block_1_103' title="bbox 1849 4681 3426 4752">
    <p class='ocr_par' dir='ltr' id='par_1_103' title="bbox 1849 4681 3426 4752">
     <span class='ocr_line' id='line_1_103' title="bbox 1849 4681 3426 4752; baseline -0.002 -15"><span class='ocrx_word' id='word_1_649' title='bbox 1849 4684 1984 4738; x_wconf 90' lang='lat' dir='ltr'><strong>urbe</strong></span> <span class='ocrx_word' id='word_1_650' title='bbox 2041 4681 2421 4752; x_wconf 82' lang='lat' dir='ltr'><strong>progrediendi</strong></span> <span class='ocrx_word' id='word_1_651' title='bbox 2473 4689 2704 4752; x_wconf 90' lang='lat' dir='ltr'><strong>pateret.</strong></span> <span class='ocrx_word' id='word_1_652' title='bbox 2761 4683 2918 4738; x_wconf 73' lang='lat' dir='ltr'><strong>Duos</strong></span> <span class='ocrx_word' id='word_1_653' title='bbox 2953 4697 3167 4751; x_wconf 88' lang='lat' dir='ltr'><strong>quoque</strong></span> <span class='ocrx_word' id='word_1_654' title='bbox 3213 4692 3426 4752; x_wconf 86' lang='lat' dir='ltr'><strong>pontes,</strong></span> 
     </span>
    </p>
   </div>
   <div class='ocr_carea' id='block_1_104' title="bbox 1848 4773 3429 4843">
    <p class='ocr_par' dir='ltr' id='par_1_104' title="bbox 1848 4773 3429 4843">
     <span class='ocr_line' id='line_1_104' title="bbox 1848 4773 3429 4843; baseline -0.002 -13"><span class='ocrx_word' id='word_1_655' title='bbox 1848 4791 2014 4832; x_wconf 90' lang='lat' dir='ltr'><strong>unum</strong></span> <span class='ocrx_word' id='word_1_656' title='bbox 2046 4775 2293 4830; x_wconf 86' lang='lat' dir='ltr'><strong>videlicet</strong></span> <span class='ocrx_word' id='word_1_657' title='bbox 2321 4774 2388 4828; x_wconf 91' lang='lat' dir='ltr'><strong>ab</strong></span> <span class='ocrx_word' id='word_1_658' title='bbox 2420 4789 2746 4843; x_wconf 88' lang='lat' dir='ltr'><strong>unaquaque</strong></span> <span class='ocrx_word' id='word_1_659' title='bbox 2790 4773 2908 4842; x_wconf 86' lang='lat' dir='ltr'><strong>ripa</strong></span> <span class='ocrx_word' id='word_1_660' title='bbox 2948 4773 3302 4836; x_wconf 86' lang='lat' dir='ltr'><strong>constituens,</strong></span> <span class='ocrx_word' id='word_1_661' title='bbox 3335 4773 3429 4842; x_wconf 87' lang='lat' dir='ltr'><strong>qui</strong></span> 
     </span>
    </p>
   </div>
   <div class='ocr_carea' id='block_1_105' title="bbox 1849 4865 3472 4939">
    <p class='ocr_par' dir='ltr' id='par_1_105' title="bbox 1849 4865 3472 4939">
     <span class='ocr_line' id='line_1_105' title="bbox 1849 4865 3472 4939; baseline -0.004 -15"><span class='ocrx_word' id='word_1_662' title='bbox 1849 4869 2060 4939; x_wconf 83' lang='lat' dir='ltr'><strong>longius</strong></span> <span class='ocrx_word' id='word_1_663' title='bbox 2097 4868 2150 4922; x_wconf 91' lang='lat' dir='ltr'><strong>in</strong></span> <span class='ocrx_word' id='word_1_664' title='bbox 2179 4883 2330 4923; x_wconf 86' lang='lat' dir='ltr'><strong>mare</strong></span> <span class='ocrx_word' id='word_1_665' title='bbox 2376 4881 2549 4936; x_wconf 90' lang='lat' dir='ltr'><strong>usque</strong></span> <span class='ocrx_word' id='word_1_666' title='bbox 2601 4867 2816 4922; x_wconf 89' lang='lat' dir='ltr'><strong>navium</strong></span> <span class='ocrx_word' id='word_1_667' title='bbox 2867 4865 3043 4928; x_wconf 83' lang='lat' dir='ltr'><strong>funes,</strong></span> <span class='ocrx_word' id='word_1_668' title='bbox 3091 4865 3161 4920; x_wconf 90' lang='lat' dir='ltr'><strong>ab</strong></span> <span class='ocrx_word' id='word_1_669' title='bbox 3202 4875 3432 4932; x_wconf 85' lang='lat' dir='ltr'><strong>utraque</strong></span> <span class='ocrx_word' id='word_1_670' title='bbox 3470 4896 3472 4898; x_wconf 61' lang='grc' dir='ltr'><strong><em>τ</em></strong></span> 
     </span>
    </p>
   </div>
   <div class='ocr_carea' id='block_1_106' title="bbox 1846 4960 3429 5036">
    <p class='ocr_par' dir='ltr' id='par_1_106' title="bbox 1846 4960 3429 5036">
     <span class='ocr_line' id='line_1_106' title="bbox 1846 4960 3429 5036; baseline -0.003 -19"><span class='ocrx_word' id='word_1_671' title='bbox 1846 4973 2000 5036; x_wconf 86' lang='lat' dir='ltr'><strong>parte</strong></span> <span class='ocrx_word' id='word_1_672' title='bbox 2029 4962 2390 5031; x_wconf 79' lang='lat' dir='ltr'><strong>attingebant,</strong></span> <span class='ocrx_word' id='word_1_673' title='bbox 2427 4961 2708 5029; x_wconf 82' lang='lat' dir='ltr'><strong>porrexit:</strong></span> <span class='ocrx_word' id='word_1_674' title='bbox 2760 4969 2820 5014; x_wconf 85' lang='lat' dir='ltr'><strong>ut.</strong></span> <span class='ocrx_word' id='word_1_675' title='bbox 2877 4962 2921 5017; x_wconf 89' lang='lat' dir='ltr'><strong>si</strong></span> <span class='ocrx_word' id='word_1_676' title='bbox 2969 4960 3106 5016; x_wconf 90' lang='lat' dir='ltr'><strong>forte</strong></span> <span class='ocrx_word' id='word_1_677' title='bbox 3162 4961 3429 5015; x_wconf 83' lang='lat' dir='ltr'><strong>Barenses</strong></span> 
     </span>
    </p>
   </div>
   <div class='ocr_carea' id='block_1_107' title="bbox 1845 5053 3434 5125">
    <p class='ocr_par' dir='ltr' id='par_1_107' title="bbox 1845 5053 3434 5125">
     <span class='ocr_line' id='line_1_107' title="bbox 1845 5053 3434 5125; baseline -0.003 -14"><span class='ocrx_word' id='word_1_678' title='bbox 1845 5055 2078 5125; x_wconf 89' lang='lat' dir='ltr'><strong>aliquem</strong></span> <span class='ocrx_word' id='word_1_679' title='bbox 2112 5055 2387 5108; x_wconf 78' lang='lat' dir='ltr'><strong>incursum</strong></span> <span class='ocrx_word' id='word_1_680' title='bbox 2421 5066 2612 5107; x_wconf 90' lang='lat' dir='ltr'><strong>versus</strong></span> <span class='ocrx_word' id='word_1_681' title='bbox 2635 5068 2803 5110; x_wconf 83' lang='lat' dir='ltr'><strong>naves</strong></span> <span class='ocrx_word' id='word_1_682' title='bbox 2826 5061 3191 5119; x_wconf 86' lang='lat' dir='ltr'><strong>atlentarent,</strong></span> <span class='ocrx_word' id='word_1_683' title='bbox 3222 5053 3434 5108; x_wconf 69' lang='lat' dir='ltr'><strong>dimoto</strong></span> 
     </span>
    </p>
   </div>
   <div class='ocr_carea' id='block_1_108' title="bbox 1849 5142 3414 5174">
    <p class='ocr_par' dir='ltr' id='par_1_108' title="bbox 1849 5142 3414 5174">
     <span class='ocr_line' id='line_1_108' title="bbox 1849 5142 3414 5174; baseline 0 0"><span class='ocrx_word' id='word_1_684' title='bbox 1849 5163 2007 5174; x_wconf 59' lang='grc' dir='ltr'><strong>-..ειη-ι</strong></span> <span class='ocrx_word' id='word_1_685' title='bbox 2055 5163 2080 5174; x_wconf 73' lang='lat' dir='ltr'><strong>n</strong></span> <span class='ocrx_word' id='word_1_686' title='bbox 2134 5145 2392 5174; x_wconf 65' lang='grc' dir='ltr'><strong>υκῖιῖιῖιηιο</strong></span> <span class='ocrx_word' id='word_1_687' title='bbox 2427 5142 2654 5174; x_wconf 60' lang='grc' dir='ltr'><strong>Ιιηινῖιὶιιι-</strong></span> <span class='ocrx_word' id='word_1_688' title='bbox 2691 5146 2994 5174; x_wconf 53' lang='grc' dir='ltr'><strong>Λιοκηιιέιξαιη</strong></span> <span class='ocrx_word' id='word_1_689' title='bbox 3032 5145 3414 5174; x_wconf 62' lang='grc' dir='ltr'><strong>οιιθι-ιηιιῖυιιίιιι·</strong></span> 
     </span>
    </p>
   </div>
  </div>
