4010 5230
462 344 467 353 λ
532 378 663 433 tm

1370 368 1718 425 GAUFREDI
1774 364 2223 423 MALATERRE.
2264 362 2568 421 MONACIII
2606 360 2955 418 BENEDICT.

3637 346 3778 403 ΗΜ

528 506 639 560 que
681 491 913 561 pretiosa
974 488 1330 557 dependentia
1395 496 1672 542 ostentare
1709 524 1726 550 ,
1798 482 2102 539 Guiscardo
2128 490 2174 545 Α
2203 490 2326 544 tur,
2386 479 2592 534 crebris
2636 476 3033 533 incursionibus
3092 472 3270 527 omnia
3320 468 3775 561 hostiliter‘pero

530 580 683 652 plura
710 580 943 639 convitia
973 579 1173 635 inferre
1192 619 1206 645 ,
1254 578 1493 634 turribus
1517 578 1631 647 suis
1658 576 1891 637 fidentes.
1915 590 2095 631 rerum

529 674 708 726 exitus
752 672 929 726 minus
970 669 1148 725 metiri
1195 677 1496 739 cmperunt.
1547 668 1677 733 Quae
1712 681 1797 721 res
1840 664 2096 721 Guiscar-

532 764 655 815 dum
683 762 750 815 ab
783 761 1017 828 inccepto
1045 758 1264 829 quidem
1315 774 1423 813 non
1464 756 1796 820 deterrebat,
1834 754 1929 810 sed
1979 753 2098 808 ani-

532 865 650 904 mus
692 849 1001 904 ambitionis
1040 848 1290 918 cupidine
1343 848 1558 903 fervens
1584 888 1598 914 ,
1647 854 1851 916 quanto
1897 845 2099 910 pretio—

531 943 672 995 siora
703 939 842 996 infra
870 955 1054 995 muros
1102 940 1368 995 contineri
1416 939 1688 1003 dicebant,
1732 945 1881 991 tanto
1905 937 2099 991 arden-

532 1032 636 1086 tius
665 1046 760 1101 spe
784 1046 847 1085 ea
876 1030 1144 1096 lucrandi,
1166 1031 1234 1085 ad
1259 1030 1399 1099 quod
1420 1037 1662 1099 coeperat
1680 1026 2098 1098 persistendum,

532 1123 734 1177 mentis
766 1122 1076 1177 instantiam
1121 1122 1337 1192 tigebat,
1372 1120 1701 1176 subridendo
1732 1119 1835 1174 illis
1873 1133 2098 1187 respon-

528 1211 703 1269 dens:
744 1213 896 1281 Quae,
948 1213 1141 1282 inquit,
1188 1213 1473 1267 ostentatis
1502 1225 1621 1265 nica
1652 1218 1797 1276 sunt,
1831 1217 1888 1264 et.
1915 1224 2038 1278 quia
2069 1223 2102 1262 a

532 1305 684 1360 vobis
727 1304 1028 1361 voluntarie
1071 1304 1201 1360 mihi
1248 1311 1644 1377 praesentantur
1667 1303 1839 1357 habeo
1865 1310 2098 1370 gratum.

531 1395 719 1450 Estote
770 1394 953 1450 fideles
1008 1394 1075 1448 ad
1130 1403 1341 1464 tempus
1391 1393 1445 1448 in
1504 1390 1891 1447 conservando.
1937 1388 2102 1443 Vobis

532 1486 731 1556 quippe
773 1486 841 1539 de
888 1484 1180 1539 amissione
1239 1481 1541 1538 dolentibus
1601 1481 1723 1535 fiam
1779 1479 2103 1551 quandoque

532 1574 713 1644 largus
735 1575 786 1629 in
826 1573 1216 1629 distribuendo.
1253 1573 1449 1642 Sicque
1475 1586 1600 1627 suos
1625 1572 1690 1624 ad
1716 1568 1901 1625 urbem
1922 1568 2103 1625 debel-

532 1666 742 1720 landum
789 1660 1261 1721 exhortationibus
1306 1674 1359 1718 et
1405 1663 1689 1735 promissis
1738 1661 2100 1739 inflammatis,

533 1752 732 1813 laboris
755 1757 835 1812 sui
869 1756 1387 1826 renuntiationisque
1422 1755 1701 1822 praemium
1726 1753 1864 1808 infra
1889 1768 2103 1807 murum

2203 571 2463 635 lustrans,
2496 571 2563 623 ad
2588 570 2687 623 sibi
2717 567 3050 623 subdendum
3084 577 3229 618 nunc
3257 561 3492 632 pmmiis
3528 555 3770 627 pulsans.

2200 662 2361 716 modo
2392 660 2552 715 minis
2582 668 2814 724 terrens,
2855 657 2968 728 jugi
3012 653 3405 712 exercitatione
3453 649 3803 719 plerumque.

2202 751 2334 805 alios
2370 749 2584 804 damnis
2620 747 2879 811 alliciens,
2928 747 3301 813 intantumque
3346 739 3543 810 quietis
3595 737 3774 804 impr

2203 841 2340 895 tiens
2369 840 2551 895 hostes
2576 837 2889 893 lacessendo
2912 835 3254 897 deterrebat,
3299 842 3356 885 ut
3401 830 3489 883 vix
3541 828 3599 882 in
3644 825 3776 896 ipsis

2203 931 2607 992 munitionibus.
2645 943 2907 1000 nusquam
2952 938 3134 981 autem
3179 924 3313 978 alias
3353 919 3530 978 securi
3561 924 3773 972 essent.

2202 1024 2313 1079 Nox
2344 1024 2428 1079 vel
2458 1025 2592 1087 dies,
2619 1037 2816 1092 vesper
2852 1028 2906 1076 et
2931 1032 3147 1082 aurora,
3175 1031 3305 1069 aura
3337 1014 3470 1067 lenis
3499 1020 3550 1066 et
3580 1023 3777 1079 aspera

2202 1132 2356 1188 mquo
2408 1116 2647 1187 pondere
2697 1112 2888 1169 infesta
2936 1110 3116 1165 timori
3165 1115 3337 1164 erant.
3376 1103 3529 1160 Unde
3550 1112 3608 1156 et
3638 1099 3778 1154 Sici-

2203 1209 2423 1274 lienses,
2448 1207 2672 1262 consilio
2702 1207 2838 1260 intra
2884 1218 2942 1259 se
2972 1202 3175 1264 habito,
3223 1198 3359 1253 mori
3389 1196 3567 1266 potius
3612 1208 3781 1262 quam

2203 1315 2324 1356 cum
2376 1306 2524 1353 tanta
2586 1296 2958 1366 inquietudine
3007 1291 3276 1347 infelicem
3331 1288 3501 1342 vitam
3566 1284 3782 1338 diutius

2203 1390 2471 1461 protelare
2498 1389 2883 1451 deliberantes,
2912 1385 3037 1440 belli
3082 1383 3351 1437 fortunam
3380 1388 3573 1434 contra
3606 1377 3784 1431 comi-

2207 1489 2311 1534 tem
2339 1489 2549 1533 tentare
2571 1488 2781 1547 parant.
2808 1477 3047 1545 Denique
3068 1489 3256 1530 versus
3285 1472 3617 1527 Panornmm
3644 1484 3782 1537 pra:-

2204 1571 2387 1625 datum
2415 1570 2800 1640 proﬁciscenti,
2831 1567 3070 1623 exercitu
3098 1563 3496 1622 innumerabili,
3531 1561 3778 1628 undique

2205 1663 2454 1726 conﬂato,
2500 1676 2565 1713 ex
2598 1660 2887 1729 improviso
2938 1658 3078 1728 apud
3130 1654 3432 1710 Micbelmir
3475 1661 3787 1708 occurrunt

2207 1768 2348 1807 anno
2374 1753 2637 1807 Incarnati
2669 1751 2824 1805 Verbi
2859 1749 3014 1806 I068.
3065 1750 3230 1804 Porro
3270 1760 3363 1800 eos
3403 1745 3623 1799 eminus
3651 1757 3786 1797 con-

533 1856 764 1902 testatur
790 1863 929 1902 esse.
964 1848 1081 1919 Ipse
1110 1848 1308 1902 mmnia
1339 1848 1645 1909 circumire,
1690 1860 1913 1916 aggeres
1956 1859 2102 1899 com-
2137 1834 2181 1893 Β
2209 1844 2444 1914 spiciens
2481 1852 2624 1896 totus
2662 1841 2958 1904 infremuit,
3010 1853 3305 1906 omnesque
3352 1852 3482 1891 suos
3523 1836 3575 1889 in
3610 1849 3784 1887 unum

533 1950 769 2010 portare,
803 1939 988 1995 urbem
1024 1940 1242 2004 vallare,
1303 1941 1503 1994 arietes
1547 1937 1748 2001 facere,
1799 1947 2102 2003 czeteraque

535 2029 985 2091 machinamenta,
1015 2046 1132 2100 qua:
1157 2031 1273 2085 usui
1312 2028 1586 2099 capienda:
1616 2029 1764 2084 urbis
1797 2028 2098 2083 necesSaria

534 2130 710 2185 erant,
742 2137 1080 2193 componere,
1121 2138 1247 2177 suos
1279 2122 1585 2186 instruere,
1612 2122 1794 2176 hostes
1821 2120 2098 2183 infestare,

535 2220 733 2265 metum
771 2211 883 2281 jugi
930 2211 1182 2266 instantia
1232 2211 1481 2266 studebat
1534 2212 1797 2265 incutere.
1838 2210 2103 2264 Barenses

531 2315 663 2371 ergo
710 2301 952 2355 videntes
998 2303 1360 2357 constantiam
1412 2301 1563 2356 ducis
1615 2301 1753 2356 ultra
1794 2315 1955 2371 quam
1999 2300 2100 2355 rati

530 2397 707 2457 er‘ant,
748 2392 1067 2447 indivulsam
1118 2394 1427 2463 persistere,
1474 2392 1783 2459 victumque
1830 2392 1967 2445 infra
2012 2405 2103 2444 ur-

530 2481 676 2547 bem,
709 2481 853 2537 nullo
878 2481 943 2535 ad
976 2483 1422 2538 introducendum
1451 2482 1697 2538 hostibus
1742 2482 2101 2546 circumsetis,

531 2574 676 2629 aditu
701 2582 942 2644 patente,
983 2589 1013 2628 a
1048 2575 1393 2631 multitudine
1441 2576 1666 2631 inermis
1709 2576 1873 2646 vulgi,
1916 2575 2105 2632 mulie-

532 2678 650 2719 rum
679 2665 887 2721 scilicet
912 2675 965 2720 et
1000 2680 1292 2734 puerorum
1340 2666 1603 2720 inutiliter
1634 2665 1904 2721 devastari
1957 2665 2101 2735 quod

534 2756 586 2810 vi
641 2757 939 2827 nequibant
991 2758 1112 2814 dolo
1168 2759 1288 2813 vine
1329 2758 1484 2814 ducis
1534 2759 1828 2827 periculum
1888 2768 2100 2829 parant.

536 2848 818 2918 pretioque
868 2851 1191 2918 composito,
1241 2865 1272 2903 a
1320 2852 1553 2920 quodam
1606 2852 1841 2907 levitatis
1872 2853 2015 2918 viro,
2048 2859 2106 2905 ut

535 2938 667 2994 urbe
693 2939 838 3010 (l65)
870 2941 1176 3011 digrediens
1204 2942 1352 2996 illum
1382 2943 1592 3012 spiculo
1631 2945 1905 3013 corripere
1931 2953 2107 2999 atten-

536 3037 614 3084 tct
643 3031 813 3102 (l66),
858 3042 1183 3087 mercantur.
1224 3034 1514 3090 Amerinus
1559 3050 1689 3105 ergo
1740 3037 1965 3090 avaritia
2013 3051 2106 3091 ca-

535 3120 735 3191 ptionis
763 3124 1012 3193 cupidine
1055 3132 1248 3195 captus
1294 3125 1659 3196 appetendum
1701 3125 1848 3196 (167)
1879 3134 1985 3181 tam
2011 3142 2106 3181 no-

534 3214 656 3277 bile,
683 3224 740 3269 ut
766 3216 866 3270 sibi
905 3216 1211 3282 videbatur,
1241 3217 1453 3273 facinus
1480 3217 1768 3281 accelerat,
1793 3217 2107 3287 spiculoque

535 3306 759 3361 venenis
811 3305 1009 3361 infecto
1047 3307 1115 3361 ab
1150 3307 1501 3363 edocentibus
1543 3323 1603 3363 se
1651 3317 1813 3362 tanta:
1857 3308 2107 3362 versutia:

534 3396 776 3453 fimtdem
833 3410 1073 3470 accepto,
1125 3400 1262 3455 urbe
1310 3401 1607 3470 digressus,
1655 3401 1810 3470 quasi
1867 3416 2005 3455 unus
2036 3415 2103 3455 ex

533 3491 758 3554 nostris,
794 3490 999 3560 lapides
1037 3492 1199 3547 funda
1251 3507 1442 3547 versus
1489 3493 1672 3546 hostes
1715 3508 1875 3562 supra
1924 3507 2109 3548 muros

528 3579 795 3648 iaciendo,
828 3584 1085 3639 adversus
1113 3592 1291 3639 castra
1321 3590 1627 3637 nostrorum
1654 3583 1837 3639 dolose
1862 3582 2108 3652 specula-

534 3684 647 3728 tum
697 3675 1073 3731 circumvenit.
1120 3675 1339 3745 Sicque,
1395 3684 1803 3743 vesperascente
1842 3675 1952 3739 die,
2001 3688 2106 3728 nox

534 3766 889 3821 intercludere
933 3768 1064 3822 solis
1103 3768 1283 3822 radios
1320 3774 1592 3837 properat,
1646 3782 1878 3836 cumque
1927 3782 2097 3822 coena:

536 3856 667 3910 liora
697 3857 931 3910 instante
967 3858 1074 3910 dux
1107 3857 1160 3911 in
1211 3857 1562 3911 tabernaculo
1616 3871 1736 3919 suo,
1784 3872 1850 3910 ex
1903 3856 2106 3910 foliosis

535 3944 789 3997 arborum
850 3945 1017 3998 ramis
1069 3944 1645 4013 composito,sedisscl
1674 3986 1687 4009 ,
1736 3946 1826 3999 ille
1876 3960 1904 3998 a
1959 3955 2106 4016 tergo

533 4036 777 4102 veniens,
806 4052 1018 4093 ramoso
1041 4039 1249 4108 pariete
1280 4038 1626 4107 interposito,
1674 4039 1861 4093 ducem
1905 4040 2107 4107 praevio

532 4124 706 4187 oculo,
740 4125 930 4181 deinde
960 4141 1091 4180 aure
1119 4142 1215 4197 per
1257 4140 1439 4181 vocem
1474 4126 1609 4181 bene
1652 4126 1822 4181 visum
1855 4128 2102 4192 credens,

533 4217 797 4288 spiculum
822 4258 837 4283 ,
877 4220 1018 4290 quod
1068 4219 1135 4273 ad
1187 4220 1289 4275 hoc
1325 4227 1629 4288 acceperat,
1671 4218 1881 4273 fortiter
1911 4219 2106 4288 impin-

531 4309 724 4379 gendo,
758 4319 909 4379 parte
938 4311 1168 4365 vestium
1196 4320 1469 4381 correpta,
1497 4311 1592 4365 sed
1623 4310 1733 4364 Deo
1762 4319 2099 4381 protegente,

530 4404 646 4471 ipso
702 4404 865 4460 illmso
914 4415 1286 4475 permanente,
1320 4406 1370 4459 in
1402 4415 1600 4461 terram
1631 4405 1854 4461 defixit:
1896 4408 2101 4474 sicque,

529 4496 717 4549 ducem
780 4496 963 4550 hes-um
1030 4497 1257 4551 credens
1321 4499 1530 4552 iucasso
1601 4499 1823 4553 vulnere
1894 4498 2098 4568 spicqu
2130 4516 2177 4575 D

529 4588 746 4652 amisso,
778 4588 907 4643 nihil
941 4589 1039 4642 sibi
1068 4589 1188 4659 fuga
1214 4590 1398 4645 utilius
1424 4592 1651 4645 credens
1672 4607 1833 4661 quam
1862 4593 2101 4648 velocius

526 4678 703 4744 potuit
744 4694 905 4734 cursu
937 4695 1057 4735 sese
1087 4682 1229 4735 infra
1278 4681 1465 4735 urbem
1516 4684 1737 4751 recepit.
1784 4682 1944 4738 Ducis
1972 4699 2099 4737 vero

436 4771 447 4803 ε
526 4765 760 4821 ministri
818 4768 910 4823 tali
956 4769 1098 4825 facto
1135 4770 1472 4840 expavefacti
1524 4781 1676 4824 extra
1732 4773 2097 4841 prosilientes,

526 4855 650 4910 dolo
685 4860 924 4927 cognito,
951 4862 1126 4915 noctis
1155 4863 1412 4916 excubias
1452 4862 1611 4916 solito
1652 4864 1935 4926 attentius,
1966 4864 2103 4932 vigi-

528 4946 712 5015 lesque
740 4949 884 5004 circa
926 4951 1115 5006 ducem
1146 4952 1439 5023 deputant,
1489 4954 1865 5007 carmentarios
1891 4969 1956 5007 ex
1985 4952 2101 5021 ejus

525 5038 704 5072 nilinln
725 5042 1085 5072 nnnn'I-nhnlnn
1116 5059 1328 5072 αιιηιιιιΑ
1356 5043 1589 5072 ΑἶΙιιΑιοθΑ
1619 5044 1851 5072 ..-ξω-ειη
1885 5045 2097 5072 ’,ΑΜ-ουν.

2203 1948 2463 1987 coercens
2493 1930 2821 1987 subridendo
2852 1931 2925 1984 ait
2968 1929 3080 1984 suis
3110 1947 3123 1982 :
3182 1946 3201 1979 ι
3236 1926 3351 1990 Eia,
3395 1933 3596 2001 inquit,
3628 1923 3783 1976 nobi-

2203 2022 2331 2076 lium
2358 2022 2814 2093 pnedecessorum
2845 2018 3115 2082 nobilitas,
3158 2016 3374 2070 fortuna
3398 2014 3555 2069 vobis
3592 2011 3788 2066 favens

2202 2112 2460 2182 praedam,
2482 2125 2647 2181 quam
2678 2109 2889 2179 longius
2907 2105 3297 2175 disposueratis
3317 2117 3585 2173 quaerere,
3612 2100 3784 2154 labori

2203 2211 2383 2255 vestro
2410 2214 2656 2270 parcens,
2685 2198 2826 2252 ultro
2859 2196 3011 2250 vobis
3052 2194 3289 2258 obviam,
3322 2207 3389 2246 ne
3417 2191 3539 2260 plus
3570 2192 3623 2244 in
3657 2204 3785 2244 cou-

2208 2290 2437 2345 ficiendo
2488 2289 2683 2343 itinere
2733 2284 3053 2355 latigemini.
3108 2283 3341 2337 adducit.
3373 2281 3515 2335 Ecce
3548 2280 3729 2348 praeda
3756 2296 3787 2331 a

2206 2380 2315 2435 Deo
2344 2378 2494 2433 vobis
2520 2391 2797 2432 concessa.
2828 2375 3052 2429 Auferte
3084 2373 3171 2435 iis,
3196 2372 3284 2442 qui
3314 2386 3377 2426 ea
3402 2370 3609 2441 indigni
3637 2378 3785 2423 sunt.

2208 2468 2435 2523 Utamur
2460 2481 2523 2521 ea
2542 2465 2843 2525 dividentes
2873 2461 3167 2533 apostolico
3190 2474 3368 2522 more,
3399 2458 3788 2527 prout'cuique

2204 2576 2337 2630 opus
2364 2568 2466 2614 est.
2493 2557 2570 2613 Ne
2608 2555 3008 2612 exhorrescatis
3029 2552 3372 2623 jamdudum,
3398 2550 3789 2618 multotiesque

2206 2668 2235 2704 a
2273 2651 2426 2705 vobis
2452 2648 2715 2703 devictos.
2742 2645 2801 2702 Si
2846 2646 3035 2700 ducem
3070 2650 3408 2698 mutaverunt
3444 2642 3658 2703 animo,
3686 2656 3786 2694 non

2206 2760 2313 2813 quo
2336 2745 2471 2799 duce
2494 2744 2544 2798 id
2572 2749 2927 2814 przesumunt,
2951 2738 3194 2809 ejusdem
3215 2736 3479 2799 nationis,
3504 2735 3788 2804 qualitatis

2208 2834 2376 2904 (l68),
2403 2835 2497 2889 sed
2518 2843 2573 2888 et
2605 2834 2840 2904 regionis
2862 2842 2945 2887 est
2973 2830 3142 2901 (I69),
3165 2827 3320 2896 cujus
3345 2837 3400 2882 et
3426 2830 3620 2882 cmteri
3643 2836 3782 2881 sunt.

2210 2924 2351 2977 Deus
2378 2932 2558 2977 autem
2600 2933 2785 2977 noster
2826 2919 3175 2976 imumtabilis
3215 2926 3317 2971 est.
3351 2917 3408 2971 Si
3440 2932 3471 2970 a
3500 2916 3661 2970 vobis
3686 2933 3785 2971 non

2210 3022 2448 3067 mutatur
2484 3013 2813 3084 integritatis
2843 3012 3016 3066 fidelis
3057 3010 3201 3080 spei,
3232 3024 3328 3062 nec
3352 3009 3420 3061 ab
3461 3008 3587 3077 ipso
3618 3018 3787 3063 muta-

2210 3102 2354 3157 bitur
2404 3103 2670 3158 sententia
2733 3100 3074 3169 triumphalis
3130 3098 3365 3152 auxiliiu
3430 3096 3531 3152 llis
3594 3099 3784 3159 dictis.

2133 3178 2178 3241 (ἶ
2211 3194 2435 3264 acieque
2486 3210 2709 3249 suorum
2770 3192 3062 3263 prudenter
3118 3191 3397 3246 ordinata.
3456 3206 3587 3243 cum
3641 3190 3789 3244 hoste

2208 3284 2574 3353 congreditur.
2604 3282 2840 3338 Fortiter
2868 3280 3071 3336 nostris
3100 3279 3379 3350 agentibus
3408 3292 3550 3349 gens
3576 3280 3787 3331 inimica

2212 3374 2264 3428 in
2289 3384 2494 3428 tantum
2523 3374 2845 3438 debellatur,
2897 3381 2954 3426 ut
2997 3371 3082 3426 vix
3129 3386 3197 3425 ex
3247 3377 3396 3423 tanta
3442 3368 3789 3423 multitudine

2210 3477 2519 3537 superesset
2575 3483 2669 3538 per
2716 3481 2875 3535 quem
2926 3464 3001 3519 rei
3042 3471 3268 3519 eventus
3294 3461 3556 3517 Panormi
3590 3477 3788 3515 renuu-

2210 3560 2457 3614 tiaretur.
2495 3559 2677 3616 Nostri
2706 3573 2833 3613 vero
2864 3554 3277 3627 triumphalibus
3323 3551 3517 3624 spoliis
3553 3554 3784 3608 multum

2208 3651 2465 3706 ditantur.

2773 3781 2999 3839 CAPUT
3058 3780 3212 3835 XLII.

2426 3897 2688 3953 Columaw
2702 3894 2951 3950 Panormi
2974 3911 3094 3949 suos
3122 3895 3277 3948 uictos
3302 3892 3575 3947 nuntiant.

2280 4012 2443 4067 Moris
2470 4027 2596 4065 vero
2621 4009 2911 4065 Saracenis
2960 4016 3044 4063 est
3091 4014 3151 4060 ut
3200 4002 3478 4061 columbas
3507 4004 3782 4057 frumento

2208 4114 2264 4160 et
2306 4104 2463 4158 molle
2514 4101 2695 4157 infuso
2723 4101 2869 4156 domi
2909 4099 3232 4163 nutrientes,
3276 4112 3399 4151 cum
3446 4096 3783 4165 aliquorsum

2207 4196 2419 4266 longius
2473 4194 2866 4264 digrediuntur,
2920 4190 3189 4246 masculos
3234 4186 3494 4259 sportulis
3546 4188 3785 4240 inclusos

2209 4304 2393 4345 secum
2444 4285 2665 4341 ferant:
2718 4293 2779 4339 ut
2816 4300 2937 4339 cmn
2994 4282 3194 4352 aliquid
3249 4279 3371 4335 novi
3421 4279 3643 4333 fortuna
3686 4278 3785 4331 illis

2208 4376 2691 4440 administraverit,
2721 4374 2861 4443 quod
2893 4374 3034 4429 domi
3081 4373 3275 4426 scitum
3308 4369 3496 4433 velint,
3524 4368 3785 4423 chartulis

2206 4482 2441 4527 eventus
2476 4485 2604 4525 suos
2650 4477 2925 4530 notantes,
2969 4476 3023 4521 et
3058 4465 3196 4520 collo
3238 4464 3355 4518 avis
3390 4462 3473 4517 vel
3515 4473 3666 4517 certe
3691 4460 3785 4515 sub

2205 4567 2289 4620 ala
2319 4563 2733 4635 suspendentes,
2766 4562 2955 4615 avibus
2980 4558 3215 4614 dimissis
3242 4573 3338 4627 per
3375 4572 3529 4623 aera,
3573 4557 3783 4611 familiae

2204 4662 2347 4718 domi
2399 4659 2682 4723 sollicitae,
2747 4666 2932 4711 utrum
2988 4667 3242 4723 prospere
3288 4668 3416 4722 erga
3470 4652 3783 4721 peregrinos

2204 4756 2408 4810 amicos
2436 4753 2618 4808 omnia
2672 4761 2926 4821 agantur,
2971 4748 3248 4801 notilicare
3297 4744 3634 4799 accelerant.
3664 4743 3782 4796 Avi-

2203 4847 2320 4904 cula
2351 4847 2495 4901 enim
2545 4843 2826 4899 dulcedine
2871 4840 3019 4910 grani
3070 4836 3279 4901 melliti,
3325 4851 3493 4905 quam
3520 4836 3785 4903 domigu~

2203 4950 2349 4995 stare
2378 4937 2573 5006 smpius
2599 4942 2931 4997 assueverat,
2978 4932 3173 4991 illecta,
3214 4928 3448 4983 reditum
3492 4926 3781 4989 accelerat,

2202 5029 2477 5072 nimi-Illis“:
2552 5040 2754 5072 morem
2834 5040 2988 5072 suum
3052 5020 3345 5072 scientibus
3402 5027 3775 5072 repraesentat.
