  <div class='ocr_page' id='page_1' title='image "/cluster/home/n/w/nwhite01/storage/ocr_20150623/149/hvd.32044015473770/578.png"; bbox 0 0 4010 5230; ppageno 0'>
   <div class='ocr_carea' id='block_1_1' title="bbox 200 348 339 405">
    <p class='ocr_par' dir='ltr' id='par_1_1' title="bbox 200 348 339 405">
     <span class='ocr_line' id='line_1_1' title="bbox 200 348 339 405; baseline -0.029 0"><span class='ocrx_word' id='word_1_1' title='bbox 200 348 339 405; x_wconf 65' lang='lat' dir='ltr'><strong>1M9</strong></span> 
     </span>
    </p>
   </div>
   <div class='ocr_carea' id='block_1_2' title="bbox 1355 326 2350 388">
    <p class='ocr_par' dir='ltr' id='par_1_2' title="bbox 1355 326 2350 388">
     <span class='ocr_line' id='line_1_2' title="bbox 1355 326 2350 388; baseline -0.007 0"><span class='ocrx_word' id='word_1_2' title='bbox 1355 332 1676 388; x_wconf 68' lang='lat' dir='ltr'><strong>HISTORIA</strong></span> <span class='ocrx_word' id='word_1_3' title='bbox 1715 328 1981 386; x_wconf 59' lang='lat' dir='ltr'><strong>SICUIA.</strong></span> <span class='ocrx_word' id='word_1_4' title='bbox 2019 358 2090 369; x_wconf 87' lang='lat'><strong>--</strong></span> <span class='ocrx_word' id='word_1_5' title='bbox 2128 326 2254 384; x_wconf 82' lang='lat' dir='ltr'><strong>LIB.</strong></span> <span class='ocrx_word' id='word_1_6' title='bbox 2285 327 2350 382; x_wconf 84' lang='lat' dir='ltr'><strong>ﬂ.</strong></span> 
     </span>
    </p>
   </div>
   <div class='ocr_carea' id='block_1_3' title="bbox 3320 316 3459 373">
    <p class='ocr_par' dir='ltr' id='par_1_3' title="bbox 3320 316 3459 373">
     <span class='ocr_line' id='line_1_3' title="bbox 3320 316 3459 373; baseline 0 -1"><span class='ocrx_word' id='word_1_7' title='bbox 3320 316 3459 373; x_wconf 72' lang='lat'><strong>“30</strong></span> 
     </span>
    </p>
   </div>
   <div class='ocr_carea' id='block_1_4' title="bbox 197 432 3459 519">
    <p class='ocr_par' dir='ltr' id='par_1_4' title="bbox 197 432 3459 519">
     <span class='ocr_line' id='line_1_4' title="bbox 197 432 3459 519; baseline -0.012 0"><span class='ocrx_word' id='word_1_8' title='bbox 197 464 539 519; x_wconf 84' lang='lat' dir='ltr'><strong>attolluntur.</strong></span> <span class='ocrx_word' id='word_1_9' title='bbox 598 455 863 512; x_wconf 80' lang='lat' dir='ltr'><strong>Caudium</strong></span> <span class='ocrx_word' id='word_1_10' title='bbox 919 450 1159 513; x_wconf 98' lang='lat' dir='ltr'><strong>nostris,</strong></span> <span class='ocrx_word' id='word_1_11' title='bbox 1222 446 1326 501; x_wconf 82' lang='lat' dir='ltr'><strong>illis</strong></span> <span class='ocrx_word' id='word_1_12' title='bbox 1374 445 1592 500; x_wconf 85' lang='lat' dir='ltr'><strong>tristitia</strong></span> <span class='ocrx_word' id='word_1_13' title='bbox 1647 458 1771 513; x_wconf 83' lang='lat' dir='ltr'><strong>par—</strong></span> <span class='ocrx_word' id='word_1_14' title='bbox 1804 445 1850 499; x_wconf 73' lang='grc' dir='ltr'>Α</span> <span class='ocrx_word' id='word_1_15' title='bbox 1877 441 2029 506; x_wconf 88' lang='lat' dir='ltr'><strong>Quod</strong></span> <span class='ocrx_word' id='word_1_16' title='bbox 2060 456 2181 494; x_wconf 90' lang='lat' dir='ltr'><strong>cum</strong></span> <span class='ocrx_word' id='word_1_17' title='bbox 2228 455 2255 493; x_wconf 86' lang='lat' dir='ltr'><strong>a</strong></span> <span class='ocrx_word' id='word_1_18' title='bbox 2299 439 2498 494; x_wconf 85' lang='lat' dir='ltr'><strong>comite</strong></span> <span class='ocrx_word' id='word_1_19' title='bbox 2536 444 2868 507; x_wconf 80' lang='lat' dir='ltr'><strong>compertum</strong></span> <span class='ocrx_word' id='word_1_20' title='bbox 2907 433 3095 488; x_wconf 88' lang='lat' dir='ltr'><strong>fuisset</strong></span> <span class='ocrx_word' id='word_1_21' title='bbox 3146 432 3459 486; x_wconf 80' lang='lat' dir='ltr'><strong>accelerau-</strong></span> 
     </span>
    </p>
   </div>
   <div class='ocr_carea' id='block_1_5' title="bbox 202 554 423 609">
    <p class='ocr_par' dir='ltr' id='par_1_5' title="bbox 202 554 423 609">
     <span class='ocr_line' id='line_1_5' title="bbox 202 554 423 609; baseline -0.014 0"><span class='ocrx_word' id='word_1_22' title='bbox 202 554 423 609; x_wconf 87' lang='lat' dir='ltr'><strong>turitur.</strong></span> 
     </span>
    </p>
   </div>
   <div class='ocr_carea' id='block_1_6' title="bbox 768 650 1214 713">
    <p class='ocr_par' dir='ltr' id='par_1_6' title="bbox 768 650 1214 713">
     <span class='ocr_line' id='line_1_6' title="bbox 768 650 1214 713; baseline -0.02 0"><span class='ocrx_word' id='word_1_23' title='bbox 768 654 999 713; x_wconf 65' lang='lat' dir='ltr'><strong>CAPUT</strong></span> <span class='ocrx_word' id='word_1_24' title='bbox 1037 650 1214 707; x_wconf 77' lang='lat' dir='ltr'><strong>XLIII.</strong></span> 
     </span>
    </p>
   </div>
   <div class='ocr_carea' id='block_1_7' title="bbox 379 763 1604 841">
    <p class='ocr_par' dir='ltr' id='par_1_7' title="bbox 379 763 1604 841">
     <span class='ocr_line' id='line_1_7' title="bbox 379 763 1604 841; baseline -0.017 -5"><span class='ocrx_word' id='word_1_25' title='bbox 379 780 498 835; x_wconf 73' lang='lat' dir='ltr'><strong>Dux</strong></span> <span class='ocrx_word' id='word_1_26' title='bbox 524 779 724 834; x_wconf 76' lang='lat' dir='ltr'><strong>auxilio</strong></span> <span class='ocrx_word' id='word_1_27' title='bbox 754 776 957 831; x_wconf 79' lang='lat' dir='ltr'><strong>comitis</strong></span> <span class='ocrx_word' id='word_1_28' title='bbox 990 769 1198 841; x_wconf 66' lang='grc' dir='ltr'><strong>ΠοθεινᾸί</strong></span> <span class='ocrx_word' id='word_1_29' title='bbox 1227 766 1425 821; x_wconf 86' lang='lat' dir='ltr'><strong>Barum</strong></span> <span class='ocrx_word' id='word_1_30' title='bbox 1448 763 1604 833; x_wconf 77' lang='lat' dir='ltr'><strong>capit.</strong></span> 
     </span>
    </p>
   </div>
   <div class='ocr_carea' id='block_1_8' title="bbox 284 873 1784 961">
    <p class='ocr_par' dir='ltr' id='par_1_8' title="bbox 284 873 1784 961">
     <span class='ocr_line' id='line_1_8' title="bbox 284 873 1784 961; baseline -0.015 -12"><span class='ocrx_word' id='word_1_31' title='bbox 284 891 701 961; x_wconf 82' lang='lat' dir='ltr'><strong>Principabatur</strong></span> <span class='ocrx_word' id='word_1_32' title='bbox 722 900 851 941; x_wconf 85' lang='lat' dir='ltr'><strong>tunc</strong></span> <span class='ocrx_word' id='word_1_33' title='bbox 881 883 1138 953; x_wconf 86' lang='lat' dir='ltr'><strong>temporis</strong></span> <span class='ocrx_word' id='word_1_34' title='bbox 1166 876 1529 934; x_wconf 74' lang='lat' dir='ltr'><strong>urbi-Barcaei</strong></span> <span class='ocrx_word' id='word_1_35' title='bbox 1553 875 1653 929; x_wconf 98' lang='lat' dir='ltr'><strong>sub</strong></span> <span class='ocrx_word' id='word_1_36' title='bbox 1680 873 1784 926; x_wconf 81' lang='lat' dir='ltr'><strong>ini-</strong></span> 
     </span>
    </p>
   </div>
   <div class='ocr_carea' id='block_1_9' title="bbox 208 964 1785 1053">
    <p class='ocr_par' dir='ltr' id='par_1_9' title="bbox 208 964 1785 1053">
     <span class='ocr_line' id='line_1_9' title="bbox 208 964 1785 1053; baseline -0.016 -13"><span class='ocrx_word' id='word_1_37' title='bbox 208 992 464 1053; x_wconf 88' lang='lat' dir='ltr'><strong>peratore</strong></span> <span class='ocrx_word' id='word_1_38' title='bbox 503 981 723 1036; x_wconf 61' lang='lat' dir='ltr'><strong>Graecus</strong></span> <span class='ocrx_word' id='word_1_39' title='bbox 764 978 986 1045; x_wconf 87' lang='lat' dir='ltr'><strong>quidam</strong></span> <span class='ocrx_word' id='word_1_40' title='bbox 1037 971 1297 1041; x_wconf 83' lang='lat' dir='ltr'><strong>Argerius</strong></span> <span class='ocrx_word' id='word_1_41' title='bbox 1346 966 1494 1037; x_wconf 81' lang='lat' dir='ltr'><strong>(I70)</strong></span> <span class='ocrx_word' id='word_1_42' title='bbox 1547 964 1785 1026; x_wconf 83' lang='lat' dir='ltr'><strong>nomine,</strong></span> 
     </span>
    </p>
   </div>
   <div class='ocr_carea' id='block_1_10' title="bbox 207 1056 1786 1141">
    <p class='ocr_par' dir='ltr' id='par_1_10' title="bbox 207 1056 1786 1141">
     <span class='ocr_line' id='line_1_10' title="bbox 207 1056 1786 1141; baseline -0.015 -13"><span class='ocrx_word' id='word_1_43' title='bbox 207 1072 457 1141; x_wconf 75' lang='lat' dir='ltr'><strong>quicum</strong></span> <span class='ocrx_word' id='word_1_44' title='bbox 486 1067 696 1122; x_wconf 58' lang='lat' dir='ltr'><strong>caeteris</strong></span> <span class='ocrx_word' id='word_1_45' title='bbox 717 1065 925 1120; x_wconf 80' lang='lat' dir='ltr'><strong>civibus</strong></span> <span class='ocrx_word' id='word_1_46' title='bbox 969 1077 1067 1130; x_wconf 90' lang='lat' dir='ltr'><strong>pro</strong></span> <span class='ocrx_word' id='word_1_47' title='bbox 1098 1069 1337 1128; x_wconf 90' lang='lat' dir='ltr'><strong>tempore</strong></span> <span class='ocrx_word' id='word_1_48' title='bbox 1391 1066 1447 1111; x_wconf 90' lang='lat' dir='ltr'><strong>et</strong></span> <span class='ocrx_word' id='word_1_49' title='bbox 1494 1056 1610 1110; x_wconf 87' lang='lat' dir='ltr'><strong>loco</strong></span> <span class='ocrx_word' id='word_1_50' title='bbox 1653 1069 1786 1107; x_wconf 83' lang='lat' dir='ltr'><strong>con-</strong></span> 
     </span>
    </p>
   </div>
   <div class='ocr_carea' id='block_1_11' title="bbox 213 1145 1786 1229">
    <p class='ocr_par' dir='ltr' id='par_1_11' title="bbox 213 1145 1786 1229">
     <span class='ocr_line' id='line_1_11' title="bbox 213 1145 1786 1229; baseline -0.016 -9"><span class='ocrx_word' id='word_1_51' title='bbox 213 1166 339 1221; x_wconf 85' lang='lat' dir='ltr'><strong>silio</strong></span> <span class='ocrx_word' id='word_1_52' title='bbox 368 1160 550 1218; x_wconf 85' lang='lat' dir='ltr'><strong>baoito</strong></span> <span class='ocrx_word' id='word_1_53' title='bbox 576 1158 742 1229; x_wconf 78' lang='lat' dir='ltr'><strong>(l7l).</strong></span> <span class='ocrx_word' id='word_1_54' title='bbox 773 1154 1038 1211; x_wconf 82' lang='lat' dir='ltr'><strong>chartulis</strong></span> <span class='ocrx_word' id='word_1_55' title='bbox 1080 1165 1353 1208; x_wconf 63' lang='lat' dir='ltr'><strong>aerumnas</strong></span> <span class='ocrx_word' id='word_1_56' title='bbox 1382 1147 1534 1209; x_wconf 84' lang='lat' dir='ltr'><strong>urbis</strong></span> <span class='ocrx_word' id='word_1_57' title='bbox 1557 1145 1786 1201; x_wconf 86' lang='lat' dir='ltr'><strong>civium-</strong></span> 
     </span>
    </p>
   </div>
   <div class='ocr_carea' id='block_1_12' title="bbox 216 1235 1790 1329">
    <p class='ocr_par' dir='ltr' id='par_1_12' title="bbox 216 1235 1790 1329">
     <span class='ocr_line' id='line_1_12' title="bbox 216 1235 1790 1329; baseline -0.016 -17"><span class='ocrx_word' id='word_1_58' title='bbox 216 1274 344 1329; x_wconf 88' lang='lat' dir='ltr'><strong>que,</strong></span> <span class='ocrx_word' id='word_1_59' title='bbox 393 1254 483 1311; x_wconf 86' lang='lat' dir='ltr'><strong>sed</strong></span> <span class='ocrx_word' id='word_1_60' title='bbox 525 1264 581 1308; x_wconf 91' lang='lat' dir='ltr'><strong>et</strong></span> <span class='ocrx_word' id='word_1_61' title='bbox 610 1251 845 1306; x_wconf 86' lang='lat' dir='ltr'><strong>hostium</strong></span> <span class='ocrx_word' id='word_1_62' title='bbox 888 1246 1288 1302; x_wconf 78' lang='lat' dir='ltr'><strong>infestationem</strong></span> <span class='ocrx_word' id='word_1_63' title='bbox 1332 1242 1617 1301; x_wconf 86' lang='lat' dir='ltr'><strong>adnotans,</strong></span> <span class='ocrx_word' id='word_1_64' title='bbox 1651 1235 1790 1290; x_wconf 86' lang='lat' dir='ltr'><strong>clam</strong></span> 
     </span>
    </p>
   </div>
   <div class='ocr_carea' id='block_1_13' title="bbox 217 1326 1793 1415">
    <p class='ocr_par' dir='ltr' id='par_1_13' title="bbox 217 1326 1793 1415">
     <span class='ocr_line' id='line_1_13' title="bbox 217 1326 1793 1415; baseline -0.016 -11"><span class='ocrx_word' id='word_1_65' title='bbox 217 1326 286 1405; x_wconf 85' lang='lat' dir='ltr'><strong>de</strong></span> <span class='ocrx_word' id='word_1_66' title='bbox 312 1357 469 1403; x_wconf 86' lang='lat' dir='ltr'><strong>nocte</strong></span> <span class='ocrx_word' id='word_1_67' title='bbox 496 1359 593 1415; x_wconf 85' lang='lat' dir='ltr'><strong>per</strong></span> <span class='ocrx_word' id='word_1_68' title='bbox 619 1341 904 1412; x_wconf 80' lang='lat' dir='ltr'><strong>quemdam</strong></span> <span class='ocrx_word' id='word_1_69' title='bbox 954 1338 1021 1392; x_wconf 87' lang='lat' dir='ltr'><strong>ab</strong></span> <span class='ocrx_word' id='word_1_70' title='bbox 1064 1335 1197 1391; x_wconf 85' lang='lat' dir='ltr'><strong>urbe</strong></span> <span class='ocrx_word' id='word_1_71' title='bbox 1245 1331 1633 1402; x_wconf 77' lang='lat' dir='ltr'><strong>digredientem</strong></span> <span class='ocrx_word' id='word_1_72' title='bbox 1669 1326 1793 1380; x_wconf 87' lang='lat' dir='ltr'><strong>Dio-</strong></span> 
     </span>
    </p>
   </div>
   <div class='ocr_carea' id='block_1_14' title="bbox 218 1415 1790 1510">
    <p class='ocr_par' dir='ltr' id='par_1_14' title="bbox 218 1415 1790 1510">
     <span class='ocr_line' id='line_1_14' title="bbox 218 1415 1790 1510; baseline -0.017 -15"><span class='ocrx_word' id='word_1_73' title='bbox 218 1454 360 1510; x_wconf 80' lang='lat' dir='ltr'><strong>geuo</strong></span> <span class='ocrx_word' id='word_1_74' title='bbox 388 1436 534 1507; x_wconf 64' lang='lat' dir='ltr'><strong>(I72)</strong></span> <span class='ocrx_word' id='word_1_75' title='bbox 582 1426 1187 1497; x_wconf 81' lang='lat' dir='ltr'><strong>Constantinopolitano</strong></span> <span class='ocrx_word' id='word_1_76' title='bbox 1228 1419 1539 1490; x_wconf 82' lang='lat' dir='ltr'><strong>imperatori</strong></span> <span class='ocrx_word' id='word_1_77' title='bbox 1568 1415 1790 1483; x_wconf 87' lang='lat' dir='ltr'><strong>dirigit:</strong></span> 
     </span>
    </p>
   </div>
   <div class='ocr_carea' id='block_1_15' title="bbox 221 1509 1797 1594">
    <p class='ocr_par' dir='ltr' id='par_1_15' title="bbox 221 1509 1797 1594">
     <span class='ocr_line' id='line_1_15' title="bbox 221 1509 1797 1594; baseline -0.017 -8"><span class='ocrx_word' id='word_1_78' title='bbox 221 1509 456 1592; x_wconf 79' lang='lat' dir='ltr'><strong>urbem,</strong></span> <span class='ocrx_word' id='word_1_79' title='bbox 531 1541 650 1594; x_wconf 67' lang='lat' dir='ltr'><strong>qua:</strong></span> <span class='ocrx_word' id='word_1_80' title='bbox 712 1522 823 1577; x_wconf 88' lang='lat' dir='ltr'><strong>sola</strong></span> <span class='ocrx_word' id='word_1_81' title='bbox 884 1521 936 1575; x_wconf 89' lang='lat' dir='ltr'><strong>in</strong></span> <span class='ocrx_word' id='word_1_82' title='bbox 1001 1516 1119 1585; x_wconf 75' lang='lat' dir='ltr'><strong>eius</strong></span> <span class='ocrx_word' id='word_1_83' title='bbox 1162 1514 1421 1569; x_wconf 90' lang='lat' dir='ltr'><strong>fidelitate</strong></span> <span class='ocrx_word' id='word_1_84' title='bbox 1488 1509 1797 1579; x_wconf 74' lang='lat' dir='ltr'><strong>persistens</strong></span> 
     </span>
    </p>
   </div>
   <div class='ocr_carea' id='block_1_16' title="bbox 221 1598 1796 1689">
    <p class='ocr_par' dir='ltr' id='par_1_16' title="bbox 221 1598 1796 1689">
     <span class='ocr_line' id='line_1_16' title="bbox 221 1598 1796 1689; baseline -0.015 -15"><span class='ocrx_word' id='word_1_85' title='bbox 221 1623 459 1689; x_wconf 85' lang='lat' dir='ltr'><strong>undique</strong></span> <span class='ocrx_word' id='word_1_86' title='bbox 500 1616 675 1675; x_wconf 83' lang='lat' dir='ltr'><strong>hostili</strong></span> <span class='ocrx_word' id='word_1_87' title='bbox 725 1612 1037 1668; x_wconf 80' lang='lat' dir='ltr'><strong>incursione</strong></span> <span class='ocrx_word' id='word_1_88' title='bbox 1079 1606 1443 1675; x_wconf 85' lang='lat' dir='ltr'><strong>quatiebatur,</strong></span> <span class='ocrx_word' id='word_1_89' title='bbox 1485 1600 1585 1656; x_wconf 82' lang='lat' dir='ltr'><strong>nisi</strong></span> <span class='ocrx_word' id='word_1_90' title='bbox 1634 1598 1796 1653; x_wconf 66' lang='lat' dir='ltr'><strong>citius</strong></span> 
     </span>
    </p>
   </div>
   <div class='ocr_carea' id='block_1_17' title="bbox 220 1686 1796 1769">
    <p class='ocr_par' dir='ltr' id='par_1_17' title="bbox 220 1686 1796 1769">
     <span class='ocr_line' id='line_1_17' title="bbox 220 1686 1796 1769; baseline -0.015 -6"><span class='ocrx_word' id='word_1_91' title='bbox 220 1686 535 1769; x_wconf 72' lang='lat' dir='ltr'><strong>subveniat,</strong></span> <span class='ocrx_word' id='word_1_92' title='bbox 577 1719 637 1760; x_wconf 89' lang='lat' dir='ltr'><strong>se</strong></span> <span class='ocrx_word' id='word_1_93' title='bbox 682 1704 979 1757; x_wconf 86' lang='lat' dir='ltr'><strong>amissuros</strong></span> <span class='ocrx_word' id='word_1_94' title='bbox 1018 1697 1194 1752; x_wconf 88' lang='lat' dir='ltr'><strong>victus</strong></span> <span class='ocrx_word' id='word_1_95' title='bbox 1241 1693 1485 1764; x_wconf 85' lang='lat' dir='ltr'><strong>penuria.</strong></span> <span class='ocrx_word' id='word_1_96' title='bbox 1535 1689 1639 1751; x_wconf 88' lang='lat' dir='ltr'><strong>Se,</strong></span> <span class='ocrx_word' id='word_1_97' title='bbox 1683 1686 1796 1755; x_wconf 84' lang='lat' dir='ltr'><strong>jam</strong></span> 
     </span>
    </p>
   </div>
   <div class='ocr_carea' id='block_1_18' title="bbox 1885 521 3448 598">
    <p class='ocr_par' dir='ltr' id='par_1_18' title="bbox 1885 521 3448 598">
     <span class='ocr_line' id='line_1_18' title="bbox 1885 521 3448 598; baseline -0.009 -12"><span class='ocrx_word' id='word_1_98' title='bbox 1885 534 2092 587; x_wconf 79' lang='lat' dir='ltr'><strong>tissime</strong></span> <span class='ocrx_word' id='word_1_99' title='bbox 2119 540 2328 586; x_wconf 88' lang='lat' dir='ltr'><strong>armata</strong></span> <span class='ocrx_word' id='word_1_100' title='bbox 2360 546 2543 596; x_wconf 90' lang='lat' dir='ltr'><strong>manu,</strong></span> <span class='ocrx_word' id='word_1_101' title='bbox 2566 528 2798 598; x_wconf 90' lang='lat' dir='ltr'><strong>plurimo</strong></span> <span class='ocrx_word' id='word_1_102' title='bbox 2828 540 2947 581; x_wconf 86' lang='lat' dir='ltr'><strong>sese</strong></span> <span class='ocrx_word' id='word_1_103' title='bbox 2978 523 3165 593; x_wconf 86' lang='lat' dir='ltr'><strong>remigi</strong></span> <span class='ocrx_word' id='word_1_104' title='bbox 3194 521 3448 580; x_wconf 81' lang='lat' dir='ltr'><strong>credens.</strong></span> 
     </span>
    </p>
   </div>
   <div class='ocr_carea' id='block_1_19' title="bbox 1880 612 3455 687">
    <p class='ocr_par' dir='ltr' id='par_1_19' title="bbox 1880 612 3455 687">
     <span class='ocr_line' id='line_1_19' title="bbox 1880 612 3455 687; baseline -0.011 -8"><span class='ocrx_word' id='word_1_105' title='bbox 1880 625 2091 679; x_wconf 81' lang='lat' dir='ltr'><strong>obviam</strong></span> <span class='ocrx_word' id='word_1_106' title='bbox 2125 623 2373 678; x_wconf 79' lang='lat' dir='ltr'><strong>hostibus</strong></span> <span class='ocrx_word' id='word_1_107' title='bbox 2402 622 2482 675; x_wconf 90' lang='lat' dir='ltr'><strong>ire</strong></span> <span class='ocrx_word' id='word_1_108' title='bbox 2518 620 2804 681; x_wconf 76' lang='lat' dir='ltr'><strong>accelerat,</strong></span> <span class='ocrx_word' id='word_1_109' title='bbox 2842 631 2977 687; x_wconf 92' lang='lat' dir='ltr'><strong>quos</strong></span> <span class='ocrx_word' id='word_1_110' title='bbox 3013 614 3196 669; x_wconf 78' lang='lat' dir='ltr'><strong>hostes</strong></span> <span class='ocrx_word' id='word_1_111' title='bbox 3244 612 3455 665; x_wconf 89' lang='lat' dir='ltr'><strong>eminus</strong></span> 
     </span>
    </p>
   </div>
   <div class='ocr_carea' id='block_1_20' title="bbox 1883 703 3449 785">
    <p class='ocr_par' dir='ltr' id='par_1_20' title="bbox 1883 703 3449 785">
     <span class='ocr_line' id='line_1_20' title="bbox 1883 703 3449 785; baseline -0.011 -15"><span class='ocrx_word' id='word_1_112' title='bbox 1883 717 2225 785; x_wconf 85' lang='lat' dir='ltr'><strong>aspicientes,</strong></span> <span class='ocrx_word' id='word_1_113' title='bbox 2263 715 2527 768; x_wconf 86' lang='lat' dir='ltr'><strong>Barenses</strong></span> <span class='ocrx_word' id='word_1_114' title='bbox 2572 712 2664 781; x_wconf 91' lang='lat' dir='ltr'><strong>qui</strong></span> <span class='ocrx_word' id='word_1_115' title='bbox 2692 723 2850 779; x_wconf 84' lang='lat' dir='ltr'><strong>supra</strong></span> <span class='ocrx_word' id='word_1_116' title='bbox 2879 722 2987 777; x_wconf 71' lang='lat' dir='ltr'><strong>pra:</strong></span> <span class='ocrx_word' id='word_1_117' title='bbox 3019 703 3212 775; x_wconf 84' lang='lat' dir='ltr'><strong>gaudio</strong></span> <span class='ocrx_word' id='word_1_118' title='bbox 3258 716 3449 755; x_wconf 80' lang='lat' dir='ltr'><strong>occur-</strong></span> 
     </span>
    </p>
   </div>
   <div class='ocr_carea' id='block_1_21' title="bbox 1887 797 3449 870">
    <p class='ocr_par' dir='ltr' id='par_1_21' title="bbox 1887 797 3449 870">
     <span class='ocr_line' id='line_1_21' title="bbox 1887 797 3449 870; baseline -0.013 -9"><span class='ocrx_word' id='word_1_119' title='bbox 1887 812 2067 861; x_wconf 83' lang='lat' dir='ltr'><strong>rerent</strong></span> <span class='ocrx_word' id='word_1_120' title='bbox 2115 806 2253 870; x_wconf 88' lang='lat' dir='ltr'><strong>rati,</strong></span> <span class='ocrx_word' id='word_1_121' title='bbox 2304 806 2484 859; x_wconf 90' lang='lat' dir='ltr'><strong>minus</strong></span> <span class='ocrx_word' id='word_1_122' title='bbox 2544 817 2663 857; x_wconf 88' lang='lat' dir='ltr'><strong>sese</strong></span> <span class='ocrx_word' id='word_1_123' title='bbox 2711 800 2778 853; x_wconf 90' lang='lat' dir='ltr'><strong>ad</strong></span> <span class='ocrx_word' id='word_1_124' title='bbox 2826 797 3189 853; x_wconf 89' lang='lat' dir='ltr'><strong>defensionem</strong></span> <span class='ocrx_word' id='word_1_125' title='bbox 3243 799 3449 861; x_wconf 88' lang='lat' dir='ltr'><strong>aptant.</strong></span> 
     </span>
    </p>
   </div>
   <div class='ocr_carea' id='block_1_22' title="bbox 1888 885 3481 958">
    <p class='ocr_par' dir='ltr' id='par_1_22' title="bbox 1888 885 3481 958">
     <span class='ocr_line' id='line_1_22' title="bbox 1888 885 3481 958; baseline -0.013 -6"><span class='ocrx_word' id='word_1_126' title='bbox 1888 898 2082 952; x_wconf 86' lang='lat' dir='ltr'><strong>Comes</strong></span> <span class='ocrx_word' id='word_1_127' title='bbox 2111 910 2242 949; x_wconf 86' lang='lat' dir='ltr'><strong>vero</strong></span> <span class='ocrx_word' id='word_1_128' title='bbox 2272 910 2462 949; x_wconf 87' lang='lat' dir='ltr'><strong>navctu</strong></span> <span class='ocrx_word' id='word_1_129' title='bbox 2498 890 2764 953; x_wconf 83' lang='lat' dir='ltr'><strong>Gocelini,</strong></span> <span class='ocrx_word' id='word_1_130' title='bbox 2795 888 2885 958; x_wconf 86' lang='lat' dir='ltr'><strong>qui</strong></span> <span class='ocrx_word' id='word_1_131' title='bbox 2918 888 3023 941; x_wconf 79' lang='lat' dir='ltr'><strong>dux</strong></span> <span class='ocrx_word' id='word_1_132' title='bbox 3050 885 3283 938; x_wconf 83' lang='lat' dir='ltr'><strong>hostium</strong></span> <span class='ocrx_word' id='word_1_133' title='bbox 3312 889 3452 941; x_wconf 88' lang='lat' dir='ltr'><strong>erat,</strong></span> <span class='ocrx_word' id='word_1_134' title='bbox 3478 898 3481 901; x_wconf 44' lang='grc' dir='ltr'><strong>η</strong></span> 
     </span>
    </p>
   </div>
   <div class='ocr_carea' id='block_1_23' title="bbox 1888 972 3457 1042">
    <p class='ocr_par' dir='ltr' id='par_1_23' title="bbox 1888 972 3457 1042">
     <span class='ocr_line' id='line_1_23' title="bbox 1888 972 3457 1042; baseline -0.012 0"><span class='ocrx_word' id='word_1_135' title='bbox 1888 988 2095 1042; x_wconf 87' lang='lat' dir='ltr'><strong>duabus</strong></span> <span class='ocrx_word' id='word_1_136' title='bbox 2160 986 2424 1039; x_wconf 88' lang='lat' dir='ltr'><strong>lautcruis</strong></span> <span class='ocrx_word' id='word_1_137' title='bbox 2488 998 2518 1036; x_wconf 88' lang='lat' dir='ltr'><strong>a</strong></span> <span class='ocrx_word' id='word_1_138' title='bbox 2593 980 2807 1035; x_wconf 65' lang='lat' dir='ltr'><strong>caeteris</strong></span> <span class='ocrx_word' id='word_1_139' title='bbox 2869 977 3179 1032; x_wconf 87' lang='lat' dir='ltr'><strong>distinctam</strong></span> <span class='ocrx_word' id='word_1_140' title='bbox 3245 972 3457 1026; x_wconf 87' lang='lat' dir='ltr'><strong>eminus</strong></span> 
     </span>
    </p>
   </div>
   <div class='ocr_carea' id='block_1_24' title="bbox 1889 1063 3456 1146">
    <p class='ocr_par' dir='ltr' id='par_1_24' title="bbox 1889 1063 3456 1146">
     <span class='ocr_line' id='line_1_24' title="bbox 1889 1063 3456 1146; baseline -0.01 -15"><span class='ocrx_word' id='word_1_141' title='bbox 1889 1092 2240 1146; x_wconf 87' lang='lat' dir='ltr'><strong>cognoscens,</strong></span> <span class='ocrx_word' id='word_1_142' title='bbox 2279 1076 2424 1129; x_wconf 86' lang='lat' dir='ltr'><strong>illam</strong></span> <span class='ocrx_word' id='word_1_143' title='bbox 2461 1088 2650 1127; x_wconf 89' lang='lat' dir='ltr'><strong>versus</strong></span> <span class='ocrx_word' id='word_1_144' title='bbox 2680 1071 2881 1139; x_wconf 86' lang='lat' dir='ltr'><strong>impetu</strong></span> <span class='ocrx_word' id='word_1_145' title='bbox 2913 1082 3131 1124; x_wconf 85' lang='lat' dir='ltr'><strong>suorum</strong></span> <span class='ocrx_word' id='word_1_146' title='bbox 3174 1063 3456 1119; x_wconf 83' lang='lat' dir='ltr'><strong>intendere</strong></span> 
     </span>
    </p>
   </div>
   <div class='ocr_carea' id='block_1_25' title="bbox 1884 1155 3460 1240">
    <p class='ocr_par' dir='ltr' id='par_1_25' title="bbox 1884 1155 3460 1240">
     <span class='ocr_line' id='line_1_25' title="bbox 1884 1155 3460 1240; baseline -0.011 -16"><span class='ocrx_word' id='word_1_147' title='bbox 1884 1171 2056 1240; x_wconf 81' lang='lat' dir='ltr'><strong>jubet.</strong></span> <span class='ocrx_word' id='word_1_148' title='bbox 2087 1169 2327 1235; x_wconf 79' lang='lat' dir='ltr'><strong>Dumque</strong></span> <span class='ocrx_word' id='word_1_149' title='bbox 2354 1164 2571 1218; x_wconf 76' lang='lat' dir='ltr'><strong>fortiter</strong></span> <span class='ocrx_word' id='word_1_150' title='bbox 2599 1160 3038 1232; x_wconf 82' lang='lat' dir='ltr'><strong>congrediuntur,</strong></span> <span class='ocrx_word' id='word_1_151' title='bbox 3059 1164 3205 1211; x_wconf 87' lang='lat' dir='ltr'><strong>tanta</strong></span> <span class='ocrx_word' id='word_1_152' title='bbox 3237 1155 3287 1208; x_wconf 93' lang='lat' dir='ltr'><strong>vi</strong></span> <span class='ocrx_word' id='word_1_153' title='bbox 3314 1168 3460 1222; x_wconf 67' lang='lat' dir='ltr'><strong>qua:-</strong></span> 
     </span>
    </p>
   </div>
   <div class='ocr_carea' id='block_1_26' title="bbox 1891 1251 3455 1326">
    <p class='ocr_par' dir='ltr' id='par_1_26' title="bbox 1891 1251 3455 1326">
     <span class='ocr_line' id='line_1_26' title="bbox 1891 1251 3455 1326; baseline -0.011 -11"><span class='ocrx_word' id='word_1_154' title='bbox 1891 1263 2010 1315; x_wconf 86' lang='lat' dir='ltr'><strong>dam</strong></span> <span class='ocrx_word' id='word_1_155' title='bbox 2040 1276 2105 1313; x_wconf 85' lang='lat' dir='ltr'><strong>ex</strong></span> <span class='ocrx_word' id='word_1_156' title='bbox 2139 1258 2339 1313; x_wconf 85' lang='lat' dir='ltr'><strong>nostris</strong></span> <span class='ocrx_word' id='word_1_157' title='bbox 2369 1270 2531 1326; x_wconf 86' lang='lat' dir='ltr'><strong>super</strong></span> <span class='ocrx_word' id='word_1_158' title='bbox 2561 1268 2751 1308; x_wconf 88' lang='lat' dir='ltr'><strong>navem</strong></span> <span class='ocrx_word' id='word_1_159' title='bbox 2798 1251 3009 1305; x_wconf 92' lang='lat' dir='ltr'><strong>illorum</strong></span> <span class='ocrx_word' id='word_1_160' title='bbox 3056 1254 3300 1319; x_wconf 72' lang='lat' dir='ltr'><strong>grassata</strong></span> <span class='ocrx_word' id='word_1_161' title='bbox 3342 1252 3455 1307; x_wconf 88' lang='lat' dir='ltr'><strong>est,</strong></span> 
     </span>
    </p>
   </div>
   <div class='ocr_carea' id='block_1_27' title="bbox 1892 1336 3462 1412">
    <p class='ocr_par' dir='ltr' id='par_1_27' title="bbox 1892 1336 3462 1412">
     <span class='ocr_line' id='line_1_27' title="bbox 1892 1336 3462 1412; baseline -0.01 -9"><span class='ocrx_word' id='word_1_162' title='bbox 1892 1358 1951 1403; x_wconf 92' lang='lat' dir='ltr'><strong>ut</strong></span> <span class='ocrx_word' id='word_1_163' title='bbox 1996 1364 2061 1402; x_wconf 85' lang='lat' dir='ltr'><strong>ex</strong></span> <span class='ocrx_word' id='word_1_164' title='bbox 2112 1361 2218 1400; x_wconf 89' lang='lat' dir='ltr'><strong>uno</strong></span> <span class='ocrx_word' id='word_1_165' title='bbox 2264 1346 2433 1399; x_wconf 86' lang='lat' dir='ltr'><strong>latere</strong></span> <span class='ocrx_word' id='word_1_166' title='bbox 2479 1357 2601 1398; x_wconf 91' lang='lat' dir='ltr'><strong>cum</strong></span> <span class='ocrx_word' id='word_1_167' title='bbox 2656 1341 2891 1412; x_wconf 88' lang='lat' dir='ltr'><strong>pondere</strong></span> <span class='ocrx_word' id='word_1_168' title='bbox 2941 1350 3215 1391; x_wconf 88' lang='lat' dir='ltr'><strong>armorum</strong></span> <span class='ocrx_word' id='word_1_169' title='bbox 3244 1336 3462 1389; x_wconf 80' lang='lat' dir='ltr'><strong>incaute</strong></span> 
     </span>
    </p>
   </div>
   <div class='ocr_carea' id='block_1_28' title="bbox 1893 1424 3460 1501">
    <p class='ocr_par' dir='ltr' id='par_1_28' title="bbox 1893 1424 3460 1501">
     <span class='ocr_line' id='line_1_28' title="bbox 1893 1424 3460 1501; baseline -0.01 -8"><span class='ocrx_word' id='word_1_170' title='bbox 1893 1440 2231 1500; x_wconf 89' lang='lat' dir='ltr'><strong>decurrente,</strong></span> <span class='ocrx_word' id='word_1_171' title='bbox 2264 1442 2481 1490; x_wconf 90' lang='lat' dir='ltr'><strong>centum</strong></span> <span class='ocrx_word' id='word_1_172' title='bbox 2513 1430 2901 1501; x_wconf 87' lang='lat' dir='ltr'><strong>quinquaginta</strong></span> <span class='ocrx_word' id='word_1_173' title='bbox 2932 1425 3140 1481; x_wconf 89' lang='lat' dir='ltr'><strong>loricati</strong></span> <span class='ocrx_word' id='word_1_174' title='bbox 3166 1439 3234 1480; x_wconf 80' lang='lat' dir='ltr'><strong>ex</strong></span> <span class='ocrx_word' id='word_1_175' title='bbox 3258 1424 3460 1478; x_wconf 87' lang='lat' dir='ltr'><strong>nostris</strong></span> 
     </span>
    </p>
   </div>
   <div class='ocr_carea' id='block_1_29' title="bbox 1894 1518 3459 1597">
    <p class='ocr_par' dir='ltr' id='par_1_29' title="bbox 1894 1518 3459 1597">
     <span class='ocr_line' id='line_1_29' title="bbox 1894 1518 3459 1597; baseline -0.01 -14"><span class='ocrx_word' id='word_1_176' title='bbox 1894 1531 2390 1597; x_wconf 86' lang='lat' dir='ltr'><strong>submergereutur.</strong></span> <span class='ocrx_word' id='word_1_177' title='bbox 2431 1525 2626 1577; x_wconf 80' lang='lat' dir='ltr'><strong>Comes</strong></span> <span class='ocrx_word' id='word_1_178' title='bbox 2651 1534 2780 1573; x_wconf 88' lang='lat' dir='ltr'><strong>vero</strong></span> <span class='ocrx_word' id='word_1_179' title='bbox 2805 1518 3117 1573; x_wconf 73' lang='lat' dir='ltr'><strong>Gocelinum</strong></span> <span class='ocrx_word' id='word_1_180' title='bbox 3140 1528 3459 1586; x_wconf 78' lang='lat' dir='ltr'><strong>oppugnaris</strong></span> 
     </span>
    </p>
   </div>
   <div class='ocr_carea' id='block_1_30' title="bbox 1895 1606 3455 1690">
    <p class='ocr_par' dir='ltr' id='par_1_30' title="bbox 1895 1606 3455 1690">
     <span class='ocr_line' id='line_1_30' title="bbox 1895 1606 3455 1690; baseline -0.012 -16"><span class='ocrx_word' id='word_1_181' title='bbox 1895 1627 2141 1690; x_wconf 88' lang='lat' dir='ltr'><strong>supcrat:</strong></span> <span class='ocrx_word' id='word_1_182' title='bbox 2166 1631 2325 1687; x_wconf 88' lang='lat' dir='ltr'><strong>quem</strong></span> <span class='ocrx_word' id='word_1_183' title='bbox 2344 1616 2395 1669; x_wconf 92' lang='lat' dir='ltr'><strong>iu</strong></span> <span class='ocrx_word' id='word_1_184' title='bbox 2421 1628 2571 1669; x_wconf 87' lang='lat' dir='ltr'><strong>suam</strong></span> <span class='ocrx_word' id='word_1_185' title='bbox 2594 1626 2785 1667; x_wconf 88' lang='lat' dir='ltr'><strong>navem</strong></span> <span class='ocrx_word' id='word_1_186' title='bbox 2809 1619 3141 1665; x_wconf 74' lang='lat' dir='ltr'><strong>exarmatam</strong></span> <span class='ocrx_word' id='word_1_187' title='bbox 3170 1606 3455 1674; x_wconf 87' lang='lat' dir='ltr'><strong>recipiens,</strong></span> 
     </span>
    </p>
   </div>
   <div class='ocr_carea' id='block_1_31' title="bbox 1897 1696 3459 1779">
    <p class='ocr_par' dir='ltr' id='par_1_31' title="bbox 1897 1696 3459 1779">
     <span class='ocr_line' id='line_1_31' title="bbox 1897 1696 3459 1779; baseline -0.012 -12"><span class='ocrx_word' id='word_1_188' title='bbox 1897 1728 2018 1767; x_wconf 91' lang='lat' dir='ltr'><strong>cum</strong></span> <span class='ocrx_word' id='word_1_189' title='bbox 2052 1710 2325 1779; x_wconf 89' lang='lat' dir='ltr'><strong>triumpho</strong></span> <span class='ocrx_word' id='word_1_190' title='bbox 2366 1707 2630 1776; x_wconf 86' lang='lat' dir='ltr'><strong>gloriosus</strong></span> <span class='ocrx_word' id='word_1_191' title='bbox 2682 1705 2749 1758; x_wconf 88' lang='lat' dir='ltr'><strong>ad</strong></span> <span class='ocrx_word' id='word_1_192' title='bbox 2796 1696 3017 1757; x_wconf 83' lang='lat' dir='ltr'><strong>fratrem</strong></span> <span class='ocrx_word' id='word_1_193' title='bbox 3066 1704 3289 1753; x_wconf 78' lang='lat' dir='ltr'><strong>remeat.</strong></span> <span class='ocrx_word' id='word_1_194' title='bbox 3343 1696 3459 1750; x_wconf 83' lang='lat' dir='ltr'><strong>Dux</strong></span> 
     </span>
    </p>
   </div>
   <div class='ocr_carea' id='block_1_32' title="bbox 222 1784 1808 1861">
    <p class='ocr_par' dir='ltr' id='par_1_32' title="bbox 222 1784 1793 1861">
     <span class='ocr_line' id='line_1_32' title="bbox 222 1784 1793 1861; baseline -0.015 -6"><span class='ocrx_word' id='word_1_195' title='bbox 222 1802 407 1856; x_wconf 40' lang='lat' dir='ltr'><strong>tertio:</strong></span> <span class='ocrx_word' id='word_1_196' title='bbox 438 1814 580 1852; x_wconf 89' lang='lat' dir='ltr'><strong>anno</strong></span> <span class='ocrx_word' id='word_1_197' title='bbox 605 1796 838 1850; x_wconf 89' lang='lat' dir='ltr'><strong>instante</strong></span> <span class='ocrx_word' id='word_1_198' title='bbox 867 1790 1037 1861; x_wconf 72' lang='lat' dir='ltr'><strong>(ns).</strong></span> <span class='ocrx_word' id='word_1_199' title='bbox 1086 1786 1333 1842; x_wconf 78' lang='lat' dir='ltr'><strong>hostibus</strong></span> <span class='ocrx_word' id='word_1_200' title='bbox 1380 1784 1793 1847; x_wconf 88' lang='lat' dir='ltr'><strong>circumseptos,</strong></span> 
     </span>
    </p>
   </div>
   <div class='ocr_carea' id='block_1_33' title="bbox 1905 1784 3463 1861">
    <p class='ocr_par' dir='ltr' id='par_1_33' title="bbox 1905 1786 3463 1858">
     <span class='ocr_line' id='line_1_33' title="bbox 1905 1786 3463 1858; baseline -0.008 -5"><span class='ocrx_word' id='word_1_201' title='bbox 1905 1816 2027 1856; x_wconf 86' lang='lat' dir='ltr'><strong>vero</strong></span> <span class='ocrx_word' id='word_1_202' title='bbox 2054 1798 2333 1854; x_wconf 89' lang='lat' dir='ltr'><strong>amittendi</strong></span> <span class='ocrx_word' id='word_1_203' title='bbox 2370 1798 2562 1851; x_wconf 89' lang='lat' dir='ltr'><strong>timore</strong></span> <span class='ocrx_word' id='word_1_204' title='bbox 2599 1795 2652 1849; x_wconf 90' lang='lat' dir='ltr'><strong>in</strong></span> <span class='ocrx_word' id='word_1_205' title='bbox 2681 1793 2979 1849; x_wconf 87' lang='lat' dir='ltr'><strong>certamine</strong></span> <span class='ocrx_word' id='word_1_206' title='bbox 3026 1789 3239 1852; x_wconf 87' lang='lat' dir='ltr'><strong>fratris,</strong></span> <span class='ocrx_word' id='word_1_207' title='bbox 3292 1786 3463 1858; x_wconf 82' lang='lat' dir='ltr'><strong>pluri-</strong></span> 
     </span>
    </p>
   </div>
   <div class='ocr_carea' id='block_1_34' title="bbox 221 1870 1793 1958">
    <p class='ocr_par' dir='ltr' id='par_1_34' title="bbox 221 1870 1793 1958">
     <span class='ocr_line' id='line_1_34' title="bbox 221 1870 1793 1958; baseline -0.017 -12"><span class='ocrx_word' id='word_1_208' title='bbox 221 1890 377 1958; x_wconf 78' lang='lat' dir='ltr'><strong>cuius</strong></span> <span class='ocrx_word' id='word_1_209' title='bbox 433 1889 685 1943; x_wconf 88' lang='lat' dir='ltr'><strong>diuturno</strong></span> <span class='ocrx_word' id='word_1_210' title='bbox 741 1882 1037 1937; x_wconf 87' lang='lat' dir='ltr'><strong>certamine</strong></span> <span class='ocrx_word' id='word_1_211' title='bbox 1091 1875 1401 1931; x_wconf 81' lang='lat' dir='ltr'><strong>deficientes</strong></span> <span class='ocrx_word' id='word_1_212' title='bbox 1462 1870 1793 1927; x_wconf 85' lang='lat' dir='ltr'><strong>deditionem</strong></span> 
     </span>
    </p>
   </div>
   <div class='ocr_carea' id='block_1_35' title="bbox 222 1956 1794 2050">
    <p class='ocr_par' dir='ltr' id='par_1_35' title="bbox 222 1956 1794 2050">
     <span class='ocr_line' id='line_1_35' title="bbox 222 1956 1794 2050; baseline -0.015 -17"><span class='ocrx_word' id='word_1_213' title='bbox 222 1956 418 2050; x_wconf 80' lang='lat' dir='ltr'><strong>parare</strong></span> <span class='ocrx_word' id='word_1_214' title='bbox 441 1977 610 2048; x_wconf 69' lang='lat' dir='ltr'><strong>(lit).</strong></span> <span class='ocrx_word' id='word_1_215' title='bbox 642 1974 754 2029; x_wconf 76' lang='lat' dir='ltr'><strong>Nisi</strong></span> <span class='ocrx_word' id='word_1_216' title='bbox 779 1973 948 2041; x_wconf 88' lang='lat' dir='ltr'><strong>ipsam</strong></span> <span class='ocrx_word' id='word_1_217' title='bbox 981 1968 1231 2027; x_wconf 85' lang='lat' dir='ltr'><strong>retineat.</strong></span> <span class='ocrx_word' id='word_1_218' title='bbox 1258 1979 1407 2035; x_wconf 87' lang='lat' dir='ltr'><strong>spem</strong></span> <span class='ocrx_word' id='word_1_219' title='bbox 1433 1956 1794 2028; x_wconf 67' lang='lat' dir='ltr'><strong>nullamU&#39;lS)</strong></span> 
     </span>
    </p>
   </div>
   <div class='ocr_carea' id='block_1_36' title="bbox 222 2048 1798 2139">
    <p class='ocr_par' dir='ltr' id='par_1_36' title="bbox 222 2048 1798 2139">
     <span class='ocr_line' id='line_1_36' title="bbox 222 2048 1798 2139; baseline -0.014 -14"><span class='ocrx_word' id='word_1_220' title='bbox 222 2048 292 2126; x_wconf 79' lang='lat' dir='ltr'><strong>de</strong></span> <span class='ocrx_word' id='word_1_221' title='bbox 330 2069 734 2139; x_wconf 88' lang='lat' dir='ltr'><strong>recuperatione</strong></span> <span class='ocrx_word' id='word_1_222' title='bbox 765 2062 913 2133; x_wconf 72' lang='lat'><strong>(:76)</strong></span> <span class='ocrx_word' id='word_1_223' title='bbox 938 2073 1178 2129; x_wconf 60' lang='lat' dir='ltr'><strong>pervasa</strong></span> <span class='ocrx_word' id='word_1_224' title='bbox 1204 2056 1272 2111; x_wconf 87' lang='lat' dir='ltr'><strong>ab</strong></span> <span class='ocrx_word' id='word_1_225' title='bbox 1319 2053 1563 2109; x_wconf 83' lang='lat' dir='ltr'><strong>hostibus</strong></span> <span class='ocrx_word' id='word_1_226' title='bbox 1606 2048 1798 2120; x_wconf 66' lang='lat' dir='ltr'><strong>patriae</strong></span> 
     </span>
    </p>
   </div>
   <div class='ocr_carea' id='block_1_37' title="bbox 225 2146 1799 2221">
    <p class='ocr_par' dir='ltr' id='par_1_37' title="bbox 225 2146 1799 2221">
     <span class='ocr_line' id='line_1_37' title="bbox 225 2146 1799 2221; baseline -0.015 -5"><span class='ocrx_word' id='word_1_227' title='bbox 225 2162 455 2217; x_wconf 87' lang='lat' dir='ltr'><strong>ulterius</strong></span> <span class='ocrx_word' id='word_1_228' title='bbox 506 2156 787 2212; x_wconf 82' lang='lat' dir='ltr'><strong>reservari.</strong></span> <span class='ocrx_word' id='word_1_229' title='bbox 844 2152 1075 2221; x_wconf 78' lang='lat' dir='ltr'><strong>Legatus</strong></span> <span class='ocrx_word' id='word_1_230' title='bbox 1125 2149 1269 2218; x_wconf 89' lang='lat' dir='ltr'><strong>quod</strong></span> <span class='ocrx_word' id='word_1_231' title='bbox 1319 2146 1615 2199; x_wconf 86' lang='lat' dir='ltr'><strong>instructus</strong></span> <span class='ocrx_word' id='word_1_232' title='bbox 1679 2146 1799 2194; x_wconf 88' lang='lat' dir='ltr'><strong>erat</strong></span> 
     </span>
    </p>
   </div>
   <div class='ocr_carea' id='block_1_38' title="bbox 228 2229 1800 2316">
    <p class='ocr_par' dir='ltr' id='par_1_38' title="bbox 228 2229 1800 2316">
     <span class='ocr_line' id='line_1_38' title="bbox 228 2229 1800 2316; baseline -0.015 -9"><span class='ocrx_word' id='word_1_233' title='bbox 228 2255 260 2307; x_wconf 86' lang='lat' dir='ltr'><strong>li</strong></span> <span class='ocrx_word' id='word_1_234' title='bbox 290 2252 459 2306; x_wconf 54' lang='lat' dir='ltr'><strong>.‘eliter</strong></span> <span class='ocrx_word' id='word_1_235' title='bbox 506 2247 797 2316; x_wconf 81' lang='lat' dir='ltr'><strong>adimplere</strong></span> <span class='ocrx_word' id='word_1_236' title='bbox 824 2252 1106 2313; x_wconf 80' lang='lat' dir='ltr'><strong>satagens,</strong></span> <span class='ocrx_word' id='word_1_237' title='bbox 1147 2237 1297 2297; x_wconf 82' lang='lat' dir='ltr'><strong>brevi</strong></span> <span class='ocrx_word' id='word_1_238' title='bbox 1340 2249 1588 2302; x_wconf 86' lang='lat' dir='ltr'><strong>maguum</strong></span> <span class='ocrx_word' id='word_1_239' title='bbox 1631 2229 1800 2287; x_wconf 84' lang='lat' dir='ltr'><strong>conli-</strong></span> 
     </span>
    </p>
   </div>
   <div class='ocr_carea' id='block_1_39' title="bbox 225 2326 1799 2407">
    <p class='ocr_par' dir='ltr' id='par_1_39' title="bbox 225 2326 1799 2407">
     <span class='ocr_line' id='line_1_39' title="bbox 225 2326 1799 2407; baseline -0.014 -9"><span class='ocrx_word' id='word_1_240' title='bbox 225 2344 381 2398; x_wconf 87' lang='lat' dir='ltr'><strong>ciens</strong></span> <span class='ocrx_word' id='word_1_241' title='bbox 411 2340 513 2395; x_wconf 85' lang='lat' dir='ltr'><strong>iter</strong></span> <span class='ocrx_word' id='word_1_242' title='bbox 543 2336 854 2407; x_wconf 82' lang='lat' dir='ltr'><strong>Byzantium</strong></span> <span class='ocrx_word' id='word_1_243' title='bbox 901 2332 1066 2387; x_wconf 67' lang='lat' dir='ltr'><strong>mut.</strong></span> <span class='ocrx_word' id='word_1_244' title='bbox 1102 2330 1363 2399; x_wconf 76' lang='lat' dir='ltr'><strong>Acceptas</strong></span> <span class='ocrx_word' id='word_1_245' title='bbox 1392 2327 1648 2395; x_wconf 83' lang='lat' dir='ltr'><strong>epistolas</strong></span> <span class='ocrx_word' id='word_1_246' title='bbox 1700 2326 1799 2377; x_wconf 88' lang='lat' dir='ltr'><strong>im-</strong></span> 
     </span>
    </p>
   </div>
   <div class='ocr_carea' id='block_1_40' title="bbox 226 2418 1801 2504">
    <p class='ocr_par' dir='ltr' id='par_1_40' title="bbox 226 2418 1801 2504">
     <span class='ocr_line' id='line_1_40' title="bbox 226 2418 1801 2504; baseline -0.011 -17"><span class='ocrx_word' id='word_1_247' title='bbox 226 2430 466 2504; x_wconf 85' lang='lat' dir='ltr'><strong>peratori</strong></span> <span class='ocrx_word' id='word_1_248' title='bbox 538 2439 923 2499; x_wconf 67' lang='lat' dir='ltr'><strong>reprmsentare</strong></span> <span class='ocrx_word' id='word_1_249' title='bbox 971 2426 1146 2490; x_wconf 77' lang='lat' dir='ltr'><strong>vadit;</strong></span> <span class='ocrx_word' id='word_1_250' title='bbox 1206 2420 1450 2491; x_wconf 85' lang='lat' dir='ltr'><strong>epistolis</strong></span> <span class='ocrx_word' id='word_1_251' title='bbox 1504 2418 1801 2473; x_wconf 81' lang='lat' dir='ltr'><strong>orationem</strong></span> 
     </span>
    </p>
   </div>
   <div class='ocr_carea' id='block_1_41' title="bbox 229 2510 1801 2584">
    <p class='ocr_par' dir='ltr' id='par_1_41' title="bbox 229 2510 1801 2584">
     <span class='ocr_line' id='line_1_41' title="bbox 229 2510 1801 2584; baseline -0.014 -3"><span class='ocrx_word' id='word_1_252' title='bbox 229 2522 681 2584; x_wconf 83' lang='lat' dir='ltr'><strong>exhortatoriam,</strong></span> <span class='ocrx_word' id='word_1_253' title='bbox 709 2529 767 2572; x_wconf 92' lang='lat' dir='ltr'><strong>ut</strong></span> <span class='ocrx_word' id='word_1_254' title='bbox 796 2516 1100 2579; x_wconf 76' lang='lat' dir='ltr'><strong>subveniat,</strong></span> <span class='ocrx_word' id='word_1_255' title='bbox 1133 2513 1302 2567; x_wconf 89' lang='lat' dir='ltr'><strong>addit.</strong></span> <span class='ocrx_word' id='word_1_256' title='bbox 1333 2510 1632 2579; x_wconf 82' lang='lat' dir='ltr'><strong>Imperator</strong></span> <span class='ocrx_word' id='word_1_257' title='bbox 1653 2521 1801 2571; x_wconf 87' lang='lat' dir='ltr'><strong>vero,</strong></span> 
     </span>
    </p>
   </div>
   <div class='ocr_carea' id='block_1_42' title="bbox 228 2596 1802 2682">
    <p class='ocr_par' dir='ltr' id='par_1_42' title="bbox 228 2596 1802 2682">
     <span class='ocr_line' id='line_1_42' title="bbox 228 2596 1802 2682; baseline -0.014 -13"><span class='ocrx_word' id='word_1_258' title='bbox 228 2614 501 2682; x_wconf 84' lang='lat' dir='ltr'><strong>susceptis</strong></span> <span class='ocrx_word' id='word_1_259' title='bbox 532 2609 773 2679; x_wconf 87' lang='lat' dir='ltr'><strong>epistolis</strong></span> <span class='ocrx_word' id='word_1_260' title='bbox 803 2623 867 2662; x_wconf 91' lang='lat' dir='ltr'><strong>ac</strong></span> <span class='ocrx_word' id='word_1_261' title='bbox 896 2605 1169 2676; x_wconf 80' lang='lat' dir='ltr'><strong>perleCtis,</strong></span> <span class='ocrx_word' id='word_1_262' title='bbox 1221 2600 1511 2657; x_wconf 89' lang='lat' dir='ltr'><strong>Duracium</strong></span> <span class='ocrx_word' id='word_1_263' title='bbox 1563 2596 1802 2658; x_wconf 89' lang='lat' dir='ltr'><strong>mittens,</strong></span> 
     </span>
    </p>
   </div>
   <div class='ocr_carea' id='block_1_43' title="bbox 233 2684 1803 2771">
    <p class='ocr_par' dir='ltr' id='par_1_43' title="bbox 233 2684 1803 2771">
     <span class='ocr_line' id='line_1_43' title="bbox 233 2684 1803 2771; baseline -0.013 -14"><span class='ocrx_word' id='word_1_264' title='bbox 233 2705 461 2757; x_wconf 77' lang='lat' dir='ltr'><strong>classem</strong></span> <span class='ocrx_word' id='word_1_265' title='bbox 481 2715 671 2771; x_wconf 87' lang='lat' dir='ltr'><strong>parare</strong></span> <span class='ocrx_word' id='word_1_266' title='bbox 692 2699 842 2760; x_wconf 78' lang='lat' dir='ltr'><strong>facit,</strong></span> <span class='ocrx_word' id='word_1_267' title='bbox 860 2696 944 2751; x_wconf 91' lang='lat' dir='ltr'><strong>cui</strong></span> <span class='ocrx_word' id='word_1_268' title='bbox 964 2693 1277 2751; x_wconf 85' lang='lat' dir='ltr'><strong>Gocelinum</strong></span> <span class='ocrx_word' id='word_1_269' title='bbox 1300 2692 1367 2745; x_wconf 90' lang='lat' dir='ltr'><strong>de</strong></span> <span class='ocrx_word' id='word_1_270' title='bbox 1390 2688 1639 2744; x_wconf 89' lang='lat' dir='ltr'><strong>Oreucbo</strong></span> <span class='ocrx_word' id='word_1_271' title='bbox 1655 2684 1803 2757; x_wconf 80' lang='grc'>(177)</span> 
     </span>
    </p>
   </div>
   <div class='ocr_carea' id='block_1_44' title="bbox 232 2779 1806 2866">
    <p class='ocr_par' dir='ltr' id='par_1_44' title="bbox 232 2779 1806 2866">
     <span class='ocr_line' id='line_1_44' title="bbox 232 2779 1806 2866; baseline -0.011 -17"><span class='ocrx_word' id='word_1_272' title='bbox 232 2791 522 2866; x_wconf 85' lang='lat' dir='ltr'><strong>quemdam</strong></span> <span class='ocrx_word' id='word_1_273' title='bbox 576 2791 793 2847; x_wconf 88' lang='lat' dir='ltr'><strong>natione</strong></span> <span class='ocrx_word' id='word_1_274' title='bbox 840 2784 1332 2849; x_wconf 84' lang='lat' dir='ltr'><strong>Nortmanuum,et</strong></span> <span class='ocrx_word' id='word_1_275' title='bbox 1359 2782 1411 2836; x_wconf 92' lang='lat' dir='ltr'><strong>in</strong></span> <span class='ocrx_word' id='word_1_276' title='bbox 1449 2779 1648 2849; x_wconf 86' lang='lat' dir='ltr'><strong>palatio</strong></span> <span class='ocrx_word' id='word_1_277' title='bbox 1686 2784 1806 2846; x_wconf 89' lang='lat' dir='ltr'><strong>post</strong></span> 
     </span>
    </p>
   </div>
   <div class='ocr_carea' id='block_1_45' title="bbox 232 2869 1807 2956">
    <p class='ocr_par' dir='ltr' id='par_1_45' title="bbox 232 2869 1807 2956">
     <span class='ocr_line' id='line_1_45' title="bbox 232 2869 1807 2956; baseline -0.011 -14"><span class='ocrx_word' id='word_1_278' title='bbox 232 2890 617 2956; x_wconf 83' lang='lat' dir='ltr'><strong>imperatorem</strong></span> <span class='ocrx_word' id='word_1_279' title='bbox 648 2879 963 2942; x_wconf 86' lang='lat' dir='ltr'><strong>secundum,</strong></span> <span class='ocrx_word' id='word_1_280' title='bbox 995 2876 1181 2948; x_wconf 85' lang='lat' dir='ltr'><strong>paucis</strong></span> <span class='ocrx_word' id='word_1_281' title='bbox 1210 2874 1334 2944; x_wconf 83' lang='lat' dir='ltr'><strong>quia</strong></span> <span class='ocrx_word' id='word_1_282' title='bbox 1368 2883 1619 2927; x_wconf 88' lang='lat' dir='ltr'><strong>strenuus</strong></span> <span class='ocrx_word' id='word_1_283' title='bbox 1642 2869 1807 2925; x_wconf 77' lang='lat' dir='ltr'><strong>armis</strong></span> 
     </span>
    </p>
   </div>
   <div class='ocr_carea' id='block_1_46' title="bbox 231 2966 1807 3035">
    <p class='ocr_par' dir='ltr' id='par_1_46' title="bbox 231 2966 1807 3035">
     <span class='ocr_line' id='line_1_46' title="bbox 231 2966 1807 3035; baseline -0.01 -6"><span class='ocrx_word' id='word_1_284' title='bbox 231 2984 287 3029; x_wconf 85' lang='lat' dir='ltr'><strong>et</strong></span> <span class='ocrx_word' id='word_1_285' title='bbox 330 2972 556 3027; x_wconf 90' lang='lat' dir='ltr'><strong>consilio</strong></span> <span class='ocrx_word' id='word_1_286' title='bbox 602 2968 802 3025; x_wconf 88' lang='lat' dir='ltr'><strong>callens</strong></span> <span class='ocrx_word' id='word_1_287' title='bbox 849 2978 995 3034; x_wconf 83' lang='lat' dir='ltr'><strong>erat,</strong></span> <span class='ocrx_word' id='word_1_288' title='bbox 1057 2966 1245 3022; x_wconf 89' lang='lat' dir='ltr'><strong>ducem</strong></span> <span class='ocrx_word' id='word_1_289' title='bbox 1295 2976 1636 3035; x_wconf 66' lang='lat' dir='ltr'><strong>praeponens,</strong></span> <span class='ocrx_word' id='word_1_290' title='bbox 1683 2974 1807 3014; x_wconf 90' lang='lat' dir='ltr'><strong>cum</strong></span> 
     </span>
    </p>
   </div>
   <div class='ocr_carea' id='block_1_47' title="bbox 236 3054 1803 3134">
    <p class='ocr_par' dir='ltr' id='par_1_47' title="bbox 236 3054 1803 3134">
     <span class='ocr_line' id='line_1_47' title="bbox 236 3054 1803 3134; baseline -0.009 -13"><span class='ocrx_word' id='word_1_291' title='bbox 236 3064 424 3121; x_wconf 90' lang='lat' dir='ltr'><strong>multis</strong></span> <span class='ocrx_word' id='word_1_292' title='bbox 480 3063 648 3134; x_wconf 81' lang='lat' dir='ltr'><strong>copiis</strong></span> <span class='ocrx_word' id='word_1_293' title='bbox 704 3061 1026 3115; x_wconf 84' lang='lat' dir='ltr'><strong>Barensibus</strong></span> <span class='ocrx_word' id='word_1_294' title='bbox 1083 3055 1506 3112; x_wconf 86' lang='lat' dir='ltr'><strong>succurrendum</strong></span> <span class='ocrx_word' id='word_1_295' title='bbox 1549 3054 1803 3122; x_wconf 89' lang='lat' dir='ltr'><strong>disponit.</strong></span> 
     </span>
    </p>
   </div>
   <div class='ocr_carea' id='block_1_48' title="bbox 237 3143 1878 3226">
    <p class='ocr_par' dir='ltr' id='par_1_48' title="bbox 237 3143 1878 3226">
     <span class='ocr_line' id='line_1_48' title="bbox 237 3143 1878 3226; baseline -0.005 -13"><span class='ocrx_word' id='word_1_296' title='bbox 237 3158 406 3213; x_wconf 81' lang='lat' dir='ltr'><strong>Porro</strong></span> <span class='ocrx_word' id='word_1_297' title='bbox 429 3156 519 3226; x_wconf 85' lang='lat' dir='ltr'><strong>qui</strong></span> <span class='ocrx_word' id='word_1_298' title='bbox 541 3155 735 3209; x_wconf 84' lang='lat' dir='ltr'><strong>missus</strong></span> <span class='ocrx_word' id='word_1_299' title='bbox 759 3154 954 3214; x_wconf 88' lang='lat' dir='ltr'><strong>fuerat,</strong></span> <span class='ocrx_word' id='word_1_300' title='bbox 970 3151 1154 3220; x_wconf 85' lang='lat' dir='ltr'><strong>jussus</strong></span> <span class='ocrx_word' id='word_1_301' title='bbox 1176 3150 1244 3204; x_wconf 89' lang='lat' dir='ltr'><strong>ab</strong></span> <span class='ocrx_word' id='word_1_302' title='bbox 1260 3150 1583 3219; x_wconf 89' lang='lat' dir='ltr'><strong>imperatore</strong></span> <span class='ocrx_word' id='word_1_303' title='bbox 1608 3148 1804 3202; x_wconf 88' lang='lat' dir='ltr'><strong>Barum</strong></span> <span class='ocrx_word' id='word_1_304' title='bbox 1834 3143 1878 3204; x_wconf 90' lang='lat' dir='ltr'><strong>C</strong></span> 
     </span>
    </p>
   </div>
   <div class='ocr_carea' id='block_1_49' title="bbox 241 3243 1803 3321">
    <p class='ocr_par' dir='ltr' id='par_1_49' title="bbox 241 3243 1803 3321">
     <span class='ocr_line' id='line_1_49' title="bbox 241 3243 1803 3321; baseline -0.008 -15"><span class='ocrx_word' id='word_1_305' title='bbox 241 3253 576 3321; x_wconf 74' lang='lat' dir='ltr'><strong>regrediens,</strong></span> <span class='ocrx_word' id='word_1_306' title='bbox 611 3250 752 3304; x_wconf 88' lang='lat' dir='ltr'><strong>clam</strong></span> <span class='ocrx_word' id='word_1_307' title='bbox 783 3250 964 3304; x_wconf 85' lang='lat' dir='ltr'><strong>hostes</strong></span> <span class='ocrx_word' id='word_1_308' title='bbox 992 3247 1204 3310; x_wconf 87' lang='lat' dir='ltr'><strong>urbem,</strong></span> <span class='ocrx_word' id='word_1_309' title='bbox 1236 3254 1294 3299; x_wconf 93' lang='lat' dir='ltr'><strong>ut</strong></span> <span class='ocrx_word' id='word_1_310' title='bbox 1341 3244 1571 3307; x_wconf 89' lang='lat' dir='ltr'><strong>exierat,</strong></span> <span class='ocrx_word' id='word_1_311' title='bbox 1617 3243 1803 3297; x_wconf 89' lang='lat' dir='ltr'><strong>intrat.</strong></span> 
     </span>
    </p>
   </div>
   <div class='ocr_carea' id='block_1_50' title="bbox 239 3330 1809 3409">
    <p class='ocr_par' dir='ltr' id='par_1_50' title="bbox 239 3330 1809 3409">
     <span class='ocr_line' id='line_1_50' title="bbox 239 3330 1809 3409; baseline -0.008 -11"><span class='ocrx_word' id='word_1_312' title='bbox 239 3345 377 3399; x_wconf 76' lang='lat' dir='ltr'><strong>Acta</strong></span> <span class='ocrx_word' id='word_1_313' title='bbox 410 3338 593 3403; x_wconf 79' lang='lat' dir='ltr'><strong>refert,</strong></span> <span class='ocrx_word' id='word_1_314' title='bbox 625 3339 962 3409; x_wconf 83' lang='lat' dir='ltr'><strong>signumque,</strong></span> <span class='ocrx_word' id='word_1_315' title='bbox 991 3352 1098 3407; x_wconf 91' lang='lat' dir='ltr'><strong>quo</strong></span> <span class='ocrx_word' id='word_1_316' title='bbox 1126 3335 1385 3389; x_wconf 84' lang='lat' dir='ltr'><strong>auxilium</strong></span> <span class='ocrx_word' id='word_1_317' title='bbox 1413 3333 1653 3394; x_wconf 89' lang='lat' dir='ltr'><strong>veniens,</strong></span> <span class='ocrx_word' id='word_1_318' title='bbox 1675 3330 1809 3387; x_wconf 86' lang='lat' dir='ltr'><strong>emi-</strong></span> 
     </span>
    </p>
   </div>
   <div class='ocr_carea' id='block_1_51' title="bbox 240 3423 1810 3501">
    <p class='ocr_par' dir='ltr' id='par_1_51' title="bbox 240 3423 1810 3501">
     <span class='ocr_line' id='line_1_51' title="bbox 240 3423 1810 3501; baseline -0.009 -13"><span class='ocrx_word' id='word_1_319' title='bbox 240 3446 346 3489; x_wconf 87' lang='lat' dir='ltr'><strong>nus</strong></span> <span class='ocrx_word' id='word_1_320' title='bbox 375 3437 733 3501; x_wconf 87' lang='lat' dir='ltr'><strong>cognoscant,</strong></span> <span class='ocrx_word' id='word_1_321' title='bbox 762 3429 988 3482; x_wconf 85' lang='lat' dir='ltr'><strong>edocet:</strong></span> <span class='ocrx_word' id='word_1_322' title='bbox 1027 3434 1085 3479; x_wconf 91' lang='lat' dir='ltr'><strong>ut</strong></span> <span class='ocrx_word' id='word_1_323' title='bbox 1108 3424 1284 3479; x_wconf 88' lang='lat' dir='ltr'><strong>simile</strong></span> <span class='ocrx_word' id='word_1_324' title='bbox 1311 3423 1519 3493; x_wconf 80' lang='lat' dir='ltr'><strong>signum</strong></span> <span class='ocrx_word' id='word_1_325' title='bbox 1559 3423 1624 3474; x_wconf 89' lang='lat' dir='ltr'><strong>de</strong></span> <span class='ocrx_word' id='word_1_326' title='bbox 1672 3435 1810 3474; x_wconf 79' lang='lat' dir='ltr'><strong>uno-</strong></span> 
     </span>
    </p>
   </div>
   <div class='ocr_carea' id='block_1_52' title="bbox 240 3509 1806 3594">
    <p class='ocr_par' dir='ltr' id='par_1_52' title="bbox 240 3509 1806 3594">
     <span class='ocr_line' id='line_1_52' title="bbox 240 3509 1806 3594; baseline -0.008 -19"><span class='ocrx_word' id='word_1_327' title='bbox 240 3536 460 3594; x_wconf 88' lang='lat' dir='ltr'><strong>quoque</strong></span> <span class='ocrx_word' id='word_1_328' title='bbox 504 3516 904 3590; x_wconf 81' lang='lat' dir='ltr'><strong>prepuguaculo</strong></span> <span class='ocrx_word' id='word_1_329' title='bbox 946 3525 1134 3570; x_wconf 89' lang='lat' dir='ltr'><strong>contra</strong></span> <span class='ocrx_word' id='word_1_330' title='bbox 1175 3512 1529 3567; x_wconf 82' lang='lat' dir='ltr'><strong>advenientes</strong></span> <span class='ocrx_word' id='word_1_331' title='bbox 1576 3509 1806 3571; x_wconf 88' lang='lat' dir='ltr'><strong>faciant,</strong></span> 
     </span>
    </p>
   </div>
   <div class='ocr_carea' id='block_1_53' title="bbox 244 3602 1813 3673">
    <p class='ocr_par' dir='ltr' id='par_1_53' title="bbox 244 3602 1813 3673">
     <span class='ocr_line' id='line_1_53' title="bbox 244 3602 1813 3673; baseline -0.01 -1"><span class='ocrx_word' id='word_1_332' title='bbox 244 3619 423 3672; x_wconf 86' lang='lat' dir='ltr'><strong>fasces</strong></span> <span class='ocrx_word' id='word_1_333' title='bbox 448 3612 659 3669; x_wconf 88' lang='lat' dir='ltr'><strong>scilicet</strong></span> <span class='ocrx_word' id='word_1_334' title='bbox 684 3609 1007 3673; x_wconf 85' lang='lat' dir='ltr'><strong>accendant,</strong></span> <span class='ocrx_word' id='word_1_335' title='bbox 1058 3622 1123 3662; x_wconf 91' lang='lat' dir='ltr'><strong>ne</strong></span> <span class='ocrx_word' id='word_1_336' title='bbox 1151 3621 1179 3660; x_wconf 94' lang='lat' dir='ltr'><strong>a</strong></span> <span class='ocrx_word' id='word_1_337' title='bbox 1210 3613 1361 3659; x_wconf 91' lang='lat' dir='ltr'><strong>certo</strong></span> <span class='ocrx_word' id='word_1_338' title='bbox 1390 3613 1547 3673; x_wconf 90' lang='lat' dir='ltr'><strong>portu</strong></span> <span class='ocrx_word' id='word_1_339' title='bbox 1597 3602 1813 3658; x_wconf 80' lang='lat' dir='ltr'><strong>devieut</strong></span> 
     </span>
    </p>
   </div>
   <div class='ocr_carea' id='block_1_54' title="bbox 243 3694 1815 3764">
    <p class='ocr_par' dir='ltr' id='par_1_54' title="bbox 243 3694 1815 3764">
     <span class='ocr_line' id='line_1_54' title="bbox 243 3694 1815 3764; baseline -0.008 -1"><span class='ocrx_word' id='word_1_340' title='bbox 243 3712 514 3763; x_wconf 84' lang='lat' dir='ltr'><strong>admonet.</strong></span> <span class='ocrx_word' id='word_1_341' title='bbox 573 3705 835 3759; x_wconf 86' lang='lat' dir='ltr'><strong>Bareuses</strong></span> <span class='ocrx_word' id='word_1_342' title='bbox 896 3701 998 3755; x_wconf 90' lang='lat' dir='ltr'><strong>hoc</strong></span> <span class='ocrx_word' id='word_1_343' title='bbox 1058 3699 1247 3755; x_wconf 89' lang='lat' dir='ltr'><strong>nuntio</strong></span> <span class='ocrx_word' id='word_1_344' title='bbox 1304 3695 1630 3754; x_wconf 86' lang='lat' dir='ltr'><strong>exhilarati.</strong></span> <span class='ocrx_word' id='word_1_345' title='bbox 1695 3694 1815 3764; x_wconf 82' lang='lat' dir='ltr'><strong>plus</strong></span> 
     </span>
    </p>
   </div>
   <div class='ocr_carea' id='block_1_55' title="bbox 245 3787 1816 3858">
    <p class='ocr_par' dir='ltr' id='par_1_55' title="bbox 245 3787 1816 3858">
     <span class='ocr_line' id='line_1_55' title="bbox 245 3787 1816 3858; baseline -0.01 -3"><span class='ocrx_word' id='word_1_346' title='bbox 245 3800 558 3855; x_wconf 85' lang='lat' dir='ltr'><strong>necessario</strong></span> <span class='ocrx_word' id='word_1_347' title='bbox 607 3795 940 3858; x_wconf 81' lang='lat' dir='ltr'><strong>festinantes,</strong></span> <span class='ocrx_word' id='word_1_348' title='bbox 971 3792 1152 3847; x_wconf 91' lang='lat' dir='ltr'><strong>animo</strong></span> <span class='ocrx_word' id='word_1_349' title='bbox 1198 3792 1340 3847; x_wconf 89' lang='lat' dir='ltr'><strong>enim</strong></span> <span class='ocrx_word' id='word_1_350' title='bbox 1396 3788 1629 3858; x_wconf 77' lang='lat' dir='ltr'><strong>cupienti</strong></span> <span class='ocrx_word' id='word_1_351' title='bbox 1682 3787 1816 3842; x_wconf 86' lang='lat' dir='ltr'><strong>nihil</strong></span> 
     </span>
    </p>
   </div>
   <div class='ocr_carea' id='block_1_56' title="bbox 245 3881 1820 3953">
    <p class='ocr_par' dir='ltr' id='par_1_56' title="bbox 245 3881 1820 3953">
     <span class='ocr_line' id='line_1_56' title="bbox 245 3881 1820 3953; baseline -0.01 -7"><span class='ocrx_word' id='word_1_352' title='bbox 245 3892 381 3947; x_wconf 84' lang='lat' dir='ltr'><strong>satis</strong></span> <span class='ocrx_word' id='word_1_353' title='bbox 414 3888 722 3951; x_wconf 85' lang='lat' dir='ltr'><strong>festinatur,</strong></span> <span class='ocrx_word' id='word_1_354' title='bbox 758 3886 809 3939; x_wconf 91' lang='lat' dir='ltr'><strong>in</strong></span> <span class='ocrx_word' id='word_1_355' title='bbox 842 3884 1142 3953; x_wconf 77' lang='lat' dir='ltr'><strong>proximam</strong></span> <span class='ocrx_word' id='word_1_356' title='bbox 1187 3891 1399 3937; x_wconf 89' lang='lat' dir='ltr'><strong>noctem</strong></span> <span class='ocrx_word' id='word_1_357' title='bbox 1426 3881 1598 3935; x_wconf 81' lang='lat' dir='ltr'><strong>fasces</strong></span> <span class='ocrx_word' id='word_1_358' title='bbox 1625 3893 1820 3932; x_wconf 85' lang='lat' dir='ltr'><strong>accen-</strong></span> 
     </span>
    </p>
   </div>
   <div class='ocr_carea' id='block_1_57' title="bbox 244 3973 1817 4045">
    <p class='ocr_par' dir='ltr' id='par_1_57' title="bbox 244 3973 1817 4045">
     <span class='ocr_line' id='line_1_57' title="bbox 244 3973 1817 4045; baseline -0.008 -6"><span class='ocrx_word' id='word_1_359' title='bbox 244 3986 417 4045; x_wconf 88' lang='lat' dir='ltr'><strong>dunt,</strong></span> <span class='ocrx_word' id='word_1_360' title='bbox 470 3980 797 4036; x_wconf 89' lang='lat' dir='ltr'><strong>clamoribus</strong></span> <span class='ocrx_word' id='word_1_361' title='bbox 849 3989 904 4033; x_wconf 91' lang='lat' dir='ltr'><strong>et</strong></span> <span class='ocrx_word' id='word_1_362' title='bbox 951 3978 1126 4031; x_wconf 88' lang='lat' dir='ltr'><strong>laudis</strong></span> <span class='ocrx_word' id='word_1_363' title='bbox 1178 3976 1297 4045; x_wconf 89' lang='lat' dir='ltr'><strong>plus</strong></span> <span class='ocrx_word' id='word_1_364' title='bbox 1366 3975 1525 4030; x_wconf 88' lang='lat' dir='ltr'><strong>solito</strong></span> <span class='ocrx_word' id='word_1_365' title='bbox 1576 3973 1817 4029; x_wconf 56' lang='lat' dir='ltr'><strong>ltetitiam</strong></span> 
     </span>
    </p>
   </div>
   <div class='ocr_carea' id='block_1_58' title="bbox 246 4065 1821 4143">
    <p class='ocr_par' dir='ltr' id='par_1_58' title="bbox 246 4065 1821 4143">
     <span class='ocr_line' id='line_1_58' title="bbox 246 4065 1821 4143; baseline -0.007 -15"><span class='ocrx_word' id='word_1_366' title='bbox 246 4073 558 4131; x_wconf 88' lang='lat' dir='ltr'><strong>ostendunt.</strong></span> <span class='ocrx_word' id='word_1_367' title='bbox 616 4070 881 4143; x_wconf 86' lang='lat' dir='ltr'><strong>Quidnam</strong></span> <span class='ocrx_word' id='word_1_368' title='bbox 914 4070 966 4125; x_wconf 92' lang='lat' dir='ltr'><strong>in</strong></span> <span class='ocrx_word' id='word_1_369' title='bbox 999 4070 1102 4123; x_wconf 91' lang='lat' dir='ltr'><strong>hoc</strong></span> <span class='ocrx_word' id='word_1_370' title='bbox 1130 4066 1274 4122; x_wconf 89' lang='lat' dir='ltr'><strong>facto</strong></span> <span class='ocrx_word' id='word_1_371' title='bbox 1296 4067 1648 4137; x_wconf 69' lang='lat' dir='ltr'><strong>praetendant,</strong></span> <span class='ocrx_word' id='word_1_372' title='bbox 1679 4065 1821 4119; x_wconf 80' lang='lat' dir='ltr'><strong>inter</strong></span> 
     </span>
    </p>
   </div>
   <div class='ocr_carea' id='block_1_59' title="bbox 246 4156 1819 4234">
    <p class='ocr_par' dir='ltr' id='par_1_59' title="bbox 246 4156 1819 4234">
     <span class='ocr_line' id='line_1_59' title="bbox 246 4156 1819 4234; baseline -0.008 -13"><span class='ocrx_word' id='word_1_373' title='bbox 246 4175 470 4221; x_wconf 83' lang='lat' dir='ltr'><strong>nostros</strong></span> <span class='ocrx_word' id='word_1_374' title='bbox 494 4162 720 4234; x_wconf 68' lang='lat' dir='ltr'><strong>quaastio</strong></span> <span class='ocrx_word' id='word_1_375' title='bbox 744 4161 936 4217; x_wconf 85' lang='lat' dir='ltr'><strong>oritur.</strong></span> <span class='ocrx_word' id='word_1_376' title='bbox 964 4158 1053 4213; x_wconf 85' lang='lat' dir='ltr'><strong>Fit</strong></span> <span class='ocrx_word' id='word_1_377' title='bbox 1081 4159 1148 4212; x_wconf 92' lang='lat' dir='ltr'><strong>de</strong></span> <span class='ocrx_word' id='word_1_378' title='bbox 1192 4157 1437 4227; x_wconf 87' lang='lat' dir='ltr'><strong>pluribus</strong></span> <span class='ocrx_word' id='word_1_379' title='bbox 1479 4156 1639 4210; x_wconf 85' lang='lat' dir='ltr'><strong>rebus</strong></span> <span class='ocrx_word' id='word_1_380' title='bbox 1684 4170 1819 4208; x_wconf 89' lang='lat' dir='ltr'><strong>con-</strong></span> 
     </span>
    </p>
   </div>
   <div class='ocr_carea' id='block_1_60' title="bbox 242 4246 1821 4329">
    <p class='ocr_par' dir='ltr' id='par_1_60' title="bbox 242 4246 1821 4329">
     <span class='ocr_line' id='line_1_60' title="bbox 242 4246 1821 4329; baseline -0.012 -13"><span class='ocrx_word' id='word_1_381' title='bbox 242 4260 492 4329; x_wconf 74' lang='lat' dir='ltr'><strong>jectura,</strong></span> <span class='ocrx_word' id='word_1_382' title='bbox 545 4254 781 4322; x_wconf 90' lang='lat' dir='ltr'><strong>undique</strong></span> <span class='ocrx_word' id='word_1_383' title='bbox 833 4258 1262 4322; x_wconf 85' lang='lat' dir='ltr'><strong>argumentatur,</strong></span> <span class='ocrx_word' id='word_1_384' title='bbox 1306 4263 1335 4301; x_wconf 90' lang='lat' dir='ltr'><strong>a</strong></span> <span class='ocrx_word' id='word_1_385' title='bbox 1383 4246 1821 4318; x_wconf 82' lang='lat' dir='ltr'><strong>prudentioribus</strong></span> 
     </span>
    </p>
   </div>
   <div class='ocr_carea' id='block_1_61' title="bbox 251 4336 1823 4414">
    <p class='ocr_par' dir='ltr' id='par_1_61' title="bbox 251 4336 1823 4414">
     <span class='ocr_line' id='line_1_61' title="bbox 251 4336 1823 4414; baseline -0.008 -12"><span class='ocrx_word' id='word_1_386' title='bbox 251 4349 332 4403; x_wconf 82' lang='lat' dir='ltr'><strong>rei</strong></span> <span class='ocrx_word' id='word_1_387' title='bbox 379 4346 584 4401; x_wconf 89' lang='lat' dir='ltr'><strong>veritas</strong></span> <span class='ocrx_word' id='word_1_388' title='bbox 623 4343 1077 4414; x_wconf 82' lang='lat' dir='ltr'><strong>deprehenditur,</strong></span> <span class='ocrx_word' id='word_1_389' title='bbox 1119 4339 1379 4393; x_wconf 80' lang='lat' dir='ltr'><strong>auxilium</strong></span> <span class='ocrx_word' id='word_1_390' title='bbox 1430 4336 1681 4390; x_wconf 76' lang='lat' dir='ltr'><strong>videlicet</strong></span> <span class='ocrx_word' id='word_1_391' title='bbox 1729 4350 1823 4404; x_wconf 90' lang='lat' dir='ltr'><strong>per</strong></span> 
     </span>
    </p>
   </div>
   <div class='ocr_carea' id='block_1_62' title="bbox 252 4425 1824 4500">
    <p class='ocr_par' dir='ltr' id='par_1_62' title="bbox 252 4425 1824 4500">
     <span class='ocr_line' id='line_1_62' title="bbox 252 4425 1824 4500; baseline -0.008 -10"><span class='ocrx_word' id='word_1_392' title='bbox 252 4451 406 4500; x_wconf 84' lang='lat' dir='ltr'><strong>mare</strong></span> <span class='ocrx_word' id='word_1_393' title='bbox 454 4435 560 4494; x_wconf 83' lang='lat' dir='ltr'><strong>illis</strong></span> <span class='ocrx_word' id='word_1_394' title='bbox 602 4435 874 4490; x_wconf 79' lang='lat' dir='ltr'><strong>advenire.</strong></span> <span class='ocrx_word' id='word_1_395' title='bbox 923 4431 1231 4486; x_wconf 84' lang='lat' dir='ltr'><strong>Advenerat</strong></span> <span class='ocrx_word' id='word_1_396' title='bbox 1281 4429 1333 4482; x_wconf 91' lang='lat' dir='ltr'><strong>in</strong></span> <span class='ocrx_word' id='word_1_397' title='bbox 1379 4426 1639 4480; x_wconf 88' lang='lat' dir='ltr'><strong>auxilium</strong></span> <span class='ocrx_word' id='word_1_398' title='bbox 1673 4425 1824 4479; x_wconf 89' lang='lat' dir='ltr'><strong>ducis</strong></span> 
     </span>
    </p>
   </div>
   <div class='ocr_carea' id='block_1_63' title="bbox 253 4517 1824 4594">
    <p class='ocr_par' dir='ltr' id='par_1_63' title="bbox 253 4517 1824 4594">
     <span class='ocr_line' id='line_1_63' title="bbox 253 4517 1824 4594; baseline -0.007 -15"><span class='ocrx_word' id='word_1_399' title='bbox 253 4527 441 4580; x_wconf 83' lang='lat' dir='ltr'><strong>fratris</strong></span> <span class='ocrx_word' id='word_1_400' title='bbox 467 4525 701 4594; x_wconf 88' lang='lat' dir='ltr'><strong>plurimo</strong></span> <span class='ocrx_word' id='word_1_401' title='bbox 744 4525 944 4594; x_wconf 84' lang='lat' dir='ltr'><strong>remige</strong></span> <span class='ocrx_word' id='word_1_402' title='bbox 970 4536 1152 4577; x_wconf 86' lang='lat' dir='ltr'><strong>comes</strong></span> <span class='ocrx_word' id='word_1_403' title='bbox 1186 4518 1385 4574; x_wconf 81' lang='lat' dir='ltr'><strong>Siciliae</strong></span> <span class='ocrx_word' id='word_1_404' title='bbox 1413 4517 1675 4587; x_wconf 75' lang='lat' dir='ltr'><strong>[lcgerius</strong></span> <span class='ocrx_word' id='word_1_405' title='bbox 1724 4532 1824 4569; x_wconf 92' lang='lat' dir='ltr'><strong>uo-</strong></span> 
     </span>
    </p>
   </div>
   <div class='ocr_carea' id='block_1_64' title="bbox 252 4606 1827 4680">
    <p class='ocr_par' dir='ltr' id='par_1_64' title="bbox 252 4606 1827 4680">
     <span class='ocr_line' id='line_1_64' title="bbox 252 4606 1827 4680; baseline -0.007 -9"><span class='ocrx_word' id='word_1_406' title='bbox 252 4621 393 4673; x_wconf 77' lang='lat' dir='ltr'><strong>viter</strong></span> <span class='ocrx_word' id='word_1_407' title='bbox 413 4633 444 4671; x_wconf 92' lang='lat' dir='ltr'><strong>a</strong></span> <span class='ocrx_word' id='word_1_408' title='bbox 473 4617 641 4670; x_wconf 87' lang='lat' dir='ltr'><strong>fratre</strong></span> <span class='ocrx_word' id='word_1_409' title='bbox 670 4615 946 4680; x_wconf 86' lang='lat' dir='ltr'><strong>invitatus,</strong></span> <span class='ocrx_word' id='word_1_410' title='bbox 973 4611 1244 4667; x_wconf 91' lang='lat' dir='ltr'><strong>leoninam</strong></span> <span class='ocrx_word' id='word_1_411' title='bbox 1273 4610 1324 4661; x_wconf 94' lang='lat' dir='ltr'><strong>in</strong></span> <span class='ocrx_word' id='word_1_412' title='bbox 1355 4607 1502 4661; x_wconf 91' lang='lat' dir='ltr'><strong>omni</strong></span> <span class='ocrx_word' id='word_1_413' title='bbox 1527 4606 1827 4661; x_wconf 88' lang='lat' dir='ltr'><strong>certamine</strong></span> 
     </span>
    </p>
   </div>
   <div class='ocr_carea' id='block_1_65' title="bbox 256 4697 1825 4773">
    <p class='ocr_par' dir='ltr' id='par_1_65' title="bbox 256 4697 1825 4773">
     <span class='ocr_line' id='line_1_65' title="bbox 256 4697 1825 4773; baseline -0.008 -9"><span class='ocrx_word' id='word_1_414' title='bbox 256 4709 465 4764; x_wconf 87' lang='lat' dir='ltr'><strong>habens</strong></span> <span class='ocrx_word' id='word_1_415' title='bbox 494 4708 850 4769; x_wconf 89' lang='lat' dir='ltr'><strong>ferocitatem,</strong></span> <span class='ocrx_word' id='word_1_416' title='bbox 871 4719 1031 4773; x_wconf 89' lang='lat' dir='ltr'><strong>quem</strong></span> <span class='ocrx_word' id='word_1_417' title='bbox 1065 4710 1244 4757; x_wconf 90' lang='lat' dir='ltr'><strong>tamen</strong></span> <span class='ocrx_word' id='word_1_418' title='bbox 1276 4697 1558 4769; x_wconf 86' lang='lat' dir='ltr'><strong>prudentia</strong></span> <span class='ocrx_word' id='word_1_419' title='bbox 1588 4697 1825 4768; x_wconf 84' lang='lat' dir='ltr'><strong>regebat,</strong></span> 
     </span>
    </p>
   </div>
   <div class='ocr_carea' id='block_1_66' title="bbox 1899 1887 3551 1960">
    <p class='ocr_par' dir='ltr' id='par_1_66' title="bbox 1899 1887 3551 1960">
     <span class='ocr_line' id='line_1_66' title="bbox 1899 1887 3551 1960; baseline -0.011 -14"><span class='ocrx_word' id='word_1_420' title='bbox 1899 1907 2045 1946; x_wconf 90' lang='lat' dir='ltr'><strong>mum</strong></span> <span class='ocrx_word' id='word_1_421' title='bbox 2077 1891 2398 1960; x_wconf 87' lang='lat' dir='ltr'><strong>angebatur,</strong></span> <span class='ocrx_word' id='word_1_422' title='bbox 2420 1887 2618 1957; x_wconf 88' lang='lat' dir='ltr'><strong>quippe</strong></span> <span class='ocrx_word' id='word_1_423' title='bbox 2639 1899 2736 1940; x_wconf 88' lang='lat' dir='ltr'><strong>uec</strong></span> <span class='ocrx_word' id='word_1_424' title='bbox 2767 1896 3085 1939; x_wconf 87' lang='lat' dir='ltr'><strong>succurrere</strong></span> <span class='ocrx_word' id='word_1_425' title='bbox 3115 1887 3346 1949; x_wconf 86' lang='lat' dir='ltr'><strong>poterat,</strong></span> <span class='ocrx_word' id='word_1_426' title='bbox 3365 1890 3467 1930; x_wconf 87' lang='lat' dir='ltr'><strong>nec</strong></span> <span class='ocrx_word' id='word_1_427' title='bbox 3548 1908 3551 1911; x_wconf 67' lang='grc'>‹</span> 
     </span>
    </p>
   </div>
   <div class='ocr_carea' id='block_1_67' title="bbox 1898 1966 3464 2048">
    <p class='ocr_par' dir='ltr' id='par_1_67' title="bbox 1898 1966 3464 2048">
     <span class='ocr_line' id='line_1_67' title="bbox 1898 1966 3464 2048; baseline -0.012 -12"><span class='ocrx_word' id='word_1_428' title='bbox 1898 1981 2087 2044; x_wconf 88' lang='lat' dir='ltr'><strong>alium,</strong></span> <span class='ocrx_word' id='word_1_429' title='bbox 2148 1987 2375 2048; x_wconf 86' lang='lat' dir='ltr'><strong>excepto</strong></span> <span class='ocrx_word' id='word_1_430' title='bbox 2427 1975 2547 2039; x_wconf 91' lang='lat' dir='ltr'><strong>illo,</strong></span> <span class='ocrx_word' id='word_1_431' title='bbox 2599 1974 2811 2029; x_wconf 66' lang='lat' dir='ltr'><strong>creteris</strong></span> <span class='ocrx_word' id='word_1_432' title='bbox 2860 1970 3156 2032; x_wconf 84' lang='lat' dir='ltr'><strong>defunctis,</strong></span> <span class='ocrx_word' id='word_1_433' title='bbox 3208 1966 3464 2021; x_wconf 83' lang='lat' dir='ltr'><strong>habebat.</strong></span> 
     </span>
    </p>
   </div>
   <div class='ocr_carea' id='block_1_68' title="bbox 1898 2055 3468 2126">
    <p class='ocr_par' dir='ltr' id='par_1_68' title="bbox 1898 2055 3468 2126">
     <span class='ocr_line' id='line_1_68' title="bbox 1898 2055 3468 2126; baseline -0.011 0"><span class='ocrx_word' id='word_1_434' title='bbox 1898 2073 2151 2126; x_wconf 78' lang='lat' dir='ltr'><strong>Attamen</strong></span> <span class='ocrx_word' id='word_1_435' title='bbox 2187 2070 2359 2123; x_wconf 86' lang='lat' dir='ltr'><strong>victor</strong></span> <span class='ocrx_word' id='word_1_436' title='bbox 2399 2075 2455 2122; x_wconf 86' lang='lat' dir='ltr'><strong>et</strong></span> <span class='ocrx_word' id='word_1_437' title='bbox 2500 2064 2788 2121; x_wconf 90' lang='lat' dir='ltr'><strong>incolumis</strong></span> <span class='ocrx_word' id='word_1_438' title='bbox 2815 2062 2991 2118; x_wconf 90' lang='lat' dir='ltr'><strong>redire</strong></span> <span class='ocrx_word' id='word_1_439' title='bbox 3016 2055 3468 2120; x_wconf 88' lang='lat' dir='ltr'><strong>nuutiatur,uulli</strong></span> 
     </span>
    </p>
   </div>
   <div class='ocr_carea' id='block_1_69' title="bbox 1902 2149 3464 2221">
    <p class='ocr_par' dir='ltr' id='par_1_69' title="bbox 1902 2149 3464 2221">
     <span class='ocr_line' id='line_1_69' title="bbox 1902 2149 3464 2221; baseline -0.012 -4"><span class='ocrx_word' id='word_1_440' title='bbox 1902 2161 2154 2217; x_wconf 85' lang='lat' dir='ltr'><strong>credulus</strong></span> <span class='ocrx_word' id='word_1_441' title='bbox 2185 2160 2299 2213; x_wconf 80' lang='lat' dir='ltr'><strong>fieri</strong></span> <span class='ocrx_word' id='word_1_442' title='bbox 2325 2159 2541 2221; x_wconf 88' lang='lat' dir='ltr'><strong>asserit,</strong></span> <span class='ocrx_word' id='word_1_443' title='bbox 2570 2156 2743 2211; x_wconf 88' lang='lat' dir='ltr'><strong>donec</strong></span> <span class='ocrx_word' id='word_1_444' title='bbox 2778 2154 2893 2208; x_wconf 90' lang='lat' dir='ltr'><strong>visu</strong></span> <span class='ocrx_word' id='word_1_445' title='bbox 2931 2151 3031 2207; x_wconf 87' lang='lat' dir='ltr'><strong>sibi</strong></span> <span class='ocrx_word' id='word_1_446' title='bbox 3076 2149 3464 2205; x_wconf 81' lang='lat' dir='ltr'><strong>satisfacientc.</strong></span> 
     </span>
    </p>
   </div>
   <div class='ocr_carea' id='block_1_70' title="bbox 1905 2237 3469 2313">
    <p class='ocr_par' dir='ltr' id='par_1_70' title="bbox 1905 2237 3469 2313">
     <span class='ocr_line' id='line_1_70' title="bbox 1905 2237 3469 2313; baseline -0.013 -5"><span class='ocrx_word' id='word_1_447' title='bbox 1905 2252 2094 2308; x_wconf 89' lang='lat' dir='ltr'><strong>Utrum</strong></span> <span class='ocrx_word' id='word_1_448' title='bbox 2122 2266 2288 2306; x_wconf 88' lang='lat' dir='ltr'><strong>sanus</strong></span> <span class='ocrx_word' id='word_1_449' title='bbox 2310 2259 2454 2304; x_wconf 85' lang='lat' dir='ltr'><strong>esset</strong></span> <span class='ocrx_word' id='word_1_450' title='bbox 2494 2246 2784 2303; x_wconf 88' lang='lat' dir='ltr'><strong>scrutando</strong></span> <span class='ocrx_word' id='word_1_451' title='bbox 2804 2243 3105 2313; x_wconf 76' lang='lat' dir='ltr'><strong>ingeminat</strong></span> <span class='ocrx_word' id='word_1_452' title='bbox 3134 2254 3257 2293; x_wconf 90' lang='lat' dir='ltr'><strong>cum</strong></span> <span class='ocrx_word' id='word_1_453' title='bbox 3289 2237 3469 2305; x_wconf 87' lang='lat' dir='ltr'><strong>lacry-</strong></span> 
     </span>
    </p>
   </div>
   <div class='ocr_carea' id='block_1_71' title="bbox 1904 2332 3470 2403">
    <p class='ocr_par' dir='ltr' id='par_1_71' title="bbox 1904 2332 3470 2403">
     <span class='ocr_line' id='line_1_71' title="bbox 1904 2332 3470 2403; baseline -0.017 -1"><span class='ocrx_word' id='word_1_454' title='bbox 1904 2344 2027 2403; x_wconf 82' lang='lat' dir='ltr'><strong>mis.</strong></span> <span class='ocrx_word' id='word_1_455' title='bbox 2065 2346 2260 2401; x_wconf 88' lang='lat' dir='ltr'><strong>Comes</strong></span> <span class='ocrx_word' id='word_1_456' title='bbox 2297 2359 2427 2398; x_wconf 81' lang='lat' dir='ltr'><strong>vero</strong></span> <span class='ocrx_word' id='word_1_457' title='bbox 2472 2339 2789 2398; x_wconf 82' lang='lat' dir='ltr'><strong>Gocelitutm</strong></span> <span class='ocrx_word' id='word_1_458' title='bbox 2835 2334 3062 2390; x_wconf 86' lang='lat' dir='ltr'><strong>mirifice</strong></span> <span class='ocrx_word' id='word_1_459' title='bbox 3105 2332 3294 2387; x_wconf 67' lang='lat' dir='ltr'><strong>Grmco</strong></span> <span class='ocrx_word' id='word_1_460' title='bbox 3320 2342 3470 2384; x_wconf 75' lang='lat' dir='ltr'><strong>more</strong></span> 
     </span>
    </p>
   </div>
   <div class='ocr_carea' id='block_1_72' title="bbox 1905 2416 3473 2508">
    <p class='ocr_par' dir='ltr' id='par_1_72' title="bbox 1905 2416 3473 2508">
     <span class='ocr_line' id='line_1_72' title="bbox 1905 2416 3473 2508; baseline -0.016 -16"><span class='ocrx_word' id='word_1_461' title='bbox 1905 2444 2288 2508; x_wconf 61' lang='lat' dir='ltr'><strong>praeparatum,</strong></span> <span class='ocrx_word' id='word_1_462' title='bbox 2319 2433 2443 2488; x_wconf 90' lang='lat' dir='ltr'><strong>duci</strong></span> <span class='ocrx_word' id='word_1_463' title='bbox 2474 2432 2541 2487; x_wconf 88' lang='lat' dir='ltr'><strong>ad</strong></span> <span class='ocrx_word' id='word_1_464' title='bbox 2589 2431 2847 2484; x_wconf 89' lang='lat' dir='ltr'><strong>honorem</strong></span> <span class='ocrx_word' id='word_1_465' title='bbox 2901 2430 3247 2495; x_wconf 67' lang='lat' dir='ltr'><strong>repra&#39;sentat</strong></span> <span class='ocrx_word' id='word_1_466' title='bbox 3303 2416 3473 2485; x_wconf 85' lang='lat' dir='ltr'><strong>capti-</strong></span> 
     </span>
    </p>
   </div>
   <div class='ocr_carea' id='block_1_73' title="bbox 1907 2506 3481 2592">
    <p class='ocr_par' dir='ltr' id='par_1_73' title="bbox 1907 2506 3481 2592">
     <span class='ocr_line' id='line_1_73' title="bbox 1907 2506 3481 2592; baseline -0.014 -9"><span class='ocrx_word' id='word_1_467' title='bbox 1907 2506 2060 2584; x_wconf 74' lang='lat' dir='ltr'><strong>vum.</strong></span> <span class='ocrx_word' id='word_1_468' title='bbox 2099 2525 2366 2579; x_wconf 87' lang='lat' dir='ltr'><strong>Barenses</strong></span> <span class='ocrx_word' id='word_1_469' title='bbox 2390 2523 2573 2592; x_wconf 87' lang='lat' dir='ltr'><strong>itaque</strong></span> <span class='ocrx_word' id='word_1_470' title='bbox 2622 2534 2681 2575; x_wconf 89' lang='lat' dir='ltr'><strong>se</strong></span> <span class='ocrx_word' id='word_1_471' title='bbox 2722 2533 2817 2573; x_wconf 86' lang='lat' dir='ltr'><strong>sua</strong></span> <span class='ocrx_word' id='word_1_472' title='bbox 2855 2531 2949 2584; x_wconf 89' lang='lat' dir='ltr'><strong>spe</strong></span> <span class='ocrx_word' id='word_1_473' title='bbox 2974 2513 3214 2568; x_wconf 86' lang='lat' dir='ltr'><strong>frustrati</strong></span> <span class='ocrx_word' id='word_1_474' title='bbox 3247 2506 3481 2564; x_wconf 79' lang='lat' dir='ltr'><strong>ulterius</strong></span> 
     </span>
    </p>
   </div>
   <div class='ocr_carea' id='block_1_74' title="bbox 1910 2595 3464 2673">
    <p class='ocr_par' dir='ltr' id='par_1_74' title="bbox 1910 2595 3464 2673">
     <span class='ocr_line' id='line_1_74' title="bbox 1910 2595 3464 2673; baseline -0.017 0"><span class='ocrx_word' id='word_1_475' title='bbox 1910 2619 2095 2673; x_wconf 83' lang='lat' dir='ltr'><strong>hostes</strong></span> <span class='ocrx_word' id='word_1_476' title='bbox 2141 2614 2285 2669; x_wconf 90' lang='lat' dir='ltr'><strong>ferre</strong></span> <span class='ocrx_word' id='word_1_477' title='bbox 2332 2628 2437 2667; x_wconf 91' lang='lat' dir='ltr'><strong>non</strong></span> <span class='ocrx_word' id='word_1_478' title='bbox 2484 2610 2752 2671; x_wconf 86' lang='lat' dir='ltr'><strong>valentes,</strong></span> <span class='ocrx_word' id='word_1_479' title='bbox 2807 2604 3077 2660; x_wconf 88' lang='lat' dir='ltr'><strong>deditione</strong></span> <span class='ocrx_word' id='word_1_480' title='bbox 3125 2600 3290 2661; x_wconf 84' lang='lat' dir='ltr'><strong>facta,</strong></span> <span class='ocrx_word' id='word_1_481' title='bbox 3340 2595 3464 2649; x_wconf 65' lang='lat' dir='ltr'><strong>dum</strong></span> 
     </span>
    </p>
   </div>
   <div class='ocr_carea' id='block_1_75' title="bbox 1912 2692 3472 2765">
    <p class='ocr_par' dir='ltr' id='par_1_75' title="bbox 1912 2692 3472 2765">
     <span class='ocr_line' id='line_1_75' title="bbox 1912 2692 3472 2765; baseline -0.016 0"><span class='ocrx_word' id='word_1_482' title='bbox 1912 2710 2264 2765; x_wconf 70' lang='lat' dir='ltr'><strong>fmderautur.</strong></span> <span class='ocrx_word' id='word_1_483' title='bbox 2316 2706 2471 2759; x_wconf 76' lang='lat' dir='ltr'><strong>Anno</strong></span> <span class='ocrx_word' id='word_1_484' title='bbox 2500 2701 2711 2758; x_wconf 91' lang='lat' dir='ltr'><strong>Domini</strong></span> <span class='ocrx_word' id='word_1_485' title='bbox 2745 2696 2902 2763; x_wconf 81' lang='lat' dir='ltr'><strong>lO&#39;lO,</strong></span> <span class='ocrx_word' id='word_1_486' title='bbox 2935 2695 3038 2749; x_wconf 84' lang='lat' dir='ltr'><strong>dux</strong></span> <span class='ocrx_word' id='word_1_487' title='bbox 3084 2692 3195 2747; x_wconf 85' lang='lat' dir='ltr'><strong>voti</strong></span> <span class='ocrx_word' id='word_1_488' title='bbox 3250 2701 3472 2757; x_wconf 86' lang='lat' dir='ltr'><strong>compos</strong></span> 
     </span>
    </p>
   </div>
   <div class='ocr_carea' id='block_1_76' title="bbox 1911 2777 3475 2861">
    <p class='ocr_par' dir='ltr' id='par_1_76' title="bbox 1911 2777 3475 2861">
     <span class='ocr_line' id='line_1_76' title="bbox 1911 2777 3475 2861; baseline -0.015 -8"><span class='ocrx_word' id='word_1_489' title='bbox 1911 2797 2158 2861; x_wconf 66' lang='lat' dir='ltr'><strong>effectus,</strong></span> <span class='ocrx_word' id='word_1_490' title='bbox 2193 2794 2436 2850; x_wconf 54' lang='lat' dir='ltr'><strong>fratri‘et</strong></span> <span class='ocrx_word' id='word_1_491' title='bbox 2463 2799 2659 2846; x_wconf 91' lang='lat' dir='ltr'><strong>cuncto</strong></span> <span class='ocrx_word' id='word_1_492' title='bbox 2687 2784 2951 2843; x_wconf 81' lang='lat' dir='ltr'><strong>exercitui</strong></span> <span class='ocrx_word' id='word_1_493' title='bbox 2986 2781 3189 2853; x_wconf 87' lang='lat' dir='ltr'><strong>gratias</strong></span> <span class='ocrx_word' id='word_1_494' title='bbox 3211 2777 3475 2840; x_wconf 62' lang='lat' dir='ltr'><strong>referens,</strong></span> 
     </span>
    </p>
   </div>
   <div class='ocr_carea' id='block_1_77' title="bbox 1912 2866 3470 2958">
    <p class='ocr_par' dir='ltr' id='par_1_77' title="bbox 1912 2866 3470 2958">
     <span class='ocr_line' id='line_1_77' title="bbox 1912 2866 3470 2958; baseline -0.016 -14"><span class='ocrx_word' id='word_1_495' title='bbox 1912 2890 2045 2945; x_wconf 89' lang='lat' dir='ltr'><strong>urbe</strong></span> <span class='ocrx_word' id='word_1_496' title='bbox 2087 2901 2184 2958; x_wconf 88' lang='lat' dir='ltr'><strong>pro</strong></span> <span class='ocrx_word' id='word_1_497' title='bbox 2233 2885 2368 2941; x_wconf 89' lang='lat' dir='ltr'><strong>velle</strong></span> <span class='ocrx_word' id='word_1_498' title='bbox 2416 2897 2515 2937; x_wconf 89' lang='lat' dir='ltr'><strong>suo</strong></span> <span class='ocrx_word' id='word_1_499' title='bbox 2560 2880 2837 2942; x_wconf 86' lang='lat' dir='ltr'><strong>ordinata,</strong></span> <span class='ocrx_word' id='word_1_500' title='bbox 2885 2876 3112 2930; x_wconf 88' lang='lat' dir='ltr'><strong>fratrem</strong></span> <span class='ocrx_word' id='word_1_501' title='bbox 3139 2871 3195 2926; x_wconf 86' lang='lat' dir='ltr'><strong>in</strong></span> <span class='ocrx_word' id='word_1_502' title='bbox 3227 2866 3470 2924; x_wconf 87' lang='lat' dir='ltr'><strong>Siciliam</strong></span> 
     </span>
    </p>
   </div>
   <div class='ocr_carea' id='block_1_78' title="bbox 1910 2955 3465 3049">
    <p class='ocr_par' dir='ltr' id='par_1_78' title="bbox 1910 2955 3465 3049">
     <span class='ocr_line' id='line_1_78' title="bbox 1910 2955 3465 3049; baseline -0.019 -12"><span class='ocrx_word' id='word_1_503' title='bbox 1910 2955 2269 3049; x_wconf 79' lang='lat' dir='ltr'><strong>prtemittens,</strong></span> <span class='ocrx_word' id='word_1_504' title='bbox 2299 2975 2461 3031; x_wconf 90' lang='lat' dir='ltr'><strong>solito</strong></span> <span class='ocrx_word' id='word_1_505' title='bbox 2482 2971 2724 3029; x_wconf 85' lang='lat' dir='ltr'><strong>exercitu</strong></span> <span class='ocrx_word' id='word_1_506' title='bbox 2760 2964 2907 3022; x_wconf 86' lang='lat' dir='ltr'><strong>brevi</strong></span> <span class='ocrx_word' id='word_1_507' title='bbox 2940 2964 3132 3018; x_wconf 89' lang='lat' dir='ltr'><strong>iterum</strong></span> <span class='ocrx_word' id='word_1_508' title='bbox 3162 2955 3465 3027; x_wconf 47' lang='lat' dir='ltr'><strong>expediti»</strong></span> 
     </span>
    </p>
   </div>
   <div class='ocr_carea' id='block_1_79' title="bbox 1912 3046 3470 3129">
    <p class='ocr_par' dir='ltr' id='par_1_79' title="bbox 1912 3046 3470 3129">
     <span class='ocr_line' id='line_1_79' title="bbox 1912 3046 3470 3129; baseline -0.019 0"><span class='ocrx_word' id='word_1_509' title='bbox 1912 3046 2037 3129; x_wconf 82' lang='lat' dir='ltr'><strong>nem</strong></span> <span class='ocrx_word' id='word_1_510' title='bbox 2060 3086 2249 3126; x_wconf 86' lang='lat' dir='ltr'><strong>versus</strong></span> <span class='ocrx_word' id='word_1_511' title='bbox 2270 3069 2594 3122; x_wconf 83' lang='lat' dir='ltr'><strong>Panormum</strong></span> <span class='ocrx_word' id='word_1_512' title='bbox 2608 3064 2908 3116; x_wconf 87' lang='lat' dir='ltr'><strong>submovet.</strong></span> <span class='ocrx_word' id='word_1_513' title='bbox 2926 3055 3060 3110; x_wconf 85' lang='lat' dir='ltr'><strong>Toto</strong></span> <span class='ocrx_word' id='word_1_514' title='bbox 3073 3050 3233 3107; x_wconf 78' lang='lat' dir='ltr'><strong>Juuio</strong></span> <span class='ocrx_word' id='word_1_515' title='bbox 3248 3058 3299 3103; x_wconf 92' lang='lat' dir='ltr'><strong>et</strong></span> <span class='ocrx_word' id='word_1_516' title='bbox 3327 3046 3470 3102; x_wconf 76' lang='lat' dir='ltr'><strong>Juliu</strong></span> 
     </span>
    </p>
   </div>
   <div class='ocr_carea' id='block_1_80' title="bbox 1911 3150 3470 3230">
    <p class='ocr_par' dir='ltr' id='par_1_80' title="bbox 1911 3150 3470 3230">
     <span class='ocr_line' id='line_1_80' title="bbox 1911 3150 3470 3230; baseline -0.02 -10"><span class='ocrx_word' id='word_1_517' title='bbox 1911 3178 2099 3218; x_wconf 85' lang='lat' dir='ltr'><strong>mense</strong></span> <span class='ocrx_word' id='word_1_518' title='bbox 2160 3160 2301 3230; x_wconf 89' lang='lat' dir='ltr'><strong>apud</strong></span> <span class='ocrx_word' id='word_1_519' title='bbox 2360 3157 2698 3227; x_wconf 77' lang='lat' dir='ltr'><strong>llydruntum</strong></span> <span class='ocrx_word' id='word_1_520' title='bbox 2752 3156 2990 3203; x_wconf 86' lang='lat' dir='ltr'><strong>moratus</strong></span> <span class='ocrx_word' id='word_1_521' title='bbox 3041 3151 3307 3201; x_wconf 87' lang='lat' dir='ltr'><strong>montem,</strong></span> <span class='ocrx_word' id='word_1_522' title='bbox 3362 3150 3470 3205; x_wconf 90' lang='lat' dir='ltr'><strong>quo</strong></span> 
     </span>
    </p>
   </div>
   <div class='ocr_carea' id='block_1_81' title="bbox 1912 3230 3477 3307">
    <p class='ocr_par' dir='ltr' id='par_1_81' title="bbox 1912 3230 3477 3307">
     <span class='ocr_line' id='line_1_81' title="bbox 1912 3230 3477 3307; baseline -0.017 0"><span class='ocrx_word' id='word_1_523' title='bbox 1912 3252 2126 3307; x_wconf 85' lang='lat' dir='ltr'><strong>facilius</strong></span> <span class='ocrx_word' id='word_1_524' title='bbox 2152 3251 2445 3304; x_wconf 87' lang='lat' dir='ltr'><strong>descensus</strong></span> <span class='ocrx_word' id='word_1_525' title='bbox 2481 3248 2546 3299; x_wconf 88' lang='lat' dir='ltr'><strong>ad</strong></span> <span class='ocrx_word' id='word_1_526' title='bbox 2578 3256 2750 3305; x_wconf 88' lang='lat' dir='ltr'><strong>mare,</strong></span> <span class='ocrx_word' id='word_1_527' title='bbox 2778 3253 2947 3307; x_wconf 87' lang='lat' dir='ltr'><strong>equos</strong></span> <span class='ocrx_word' id='word_1_528' title='bbox 2975 3233 3203 3290; x_wconf 86' lang='lat' dir='ltr'><strong>navibus</strong></span> <span class='ocrx_word' id='word_1_529' title='bbox 3233 3230 3477 3285; x_wconf 79' lang='lat' dir='ltr'><strong>introdu-</strong></span> 
     </span>
    </p>
   </div>
   <div class='ocr_carea' id='block_1_82' title="bbox 1912 3322 3467 3405">
    <p class='ocr_par' dir='ltr' id='par_1_82' title="bbox 1912 3322 3467 3405">
     <span class='ocr_line' id='line_1_82' title="bbox 1912 3322 3467 3405; baseline -0.017 -9"><span class='ocrx_word' id='word_1_530' title='bbox 1912 3356 2062 3405; x_wconf 84' lang='lat' dir='ltr'><strong>cens,</strong></span> <span class='ocrx_word' id='word_1_531' title='bbox 2090 3340 2265 3401; x_wconf 78' lang='lat' dir='ltr'><strong>fieret,</strong></span> <span class='ocrx_word' id='word_1_532' title='bbox 2308 3334 2615 3391; x_wconf 88' lang='lat' dir='ltr'><strong>rescindere</strong></span> <span class='ocrx_word' id='word_1_533' title='bbox 2658 3330 2809 3395; x_wconf 90' lang='lat' dir='ltr'><strong>facit,</strong></span> <span class='ocrx_word' id='word_1_534' title='bbox 2847 3326 2988 3381; x_wconf 88' lang='lat' dir='ltr'><strong>unde</strong></span> <span class='ocrx_word' id='word_1_535' title='bbox 3033 3332 3086 3378; x_wconf 93' lang='lat' dir='ltr'><strong>et</strong></span> <span class='ocrx_word' id='word_1_536' title='bbox 3132 3322 3467 3376; x_wconf 86' lang='lat' dir='ltr'><strong>Duraccuses</strong></span> 
     </span>
    </p>
   </div>
   <div class='ocr_carea' id='block_1_83' title="bbox 1919 3412 3476 3488">
    <p class='ocr_par' dir='ltr' id='par_1_83' title="bbox 1919 3412 3476 3488">
     <span class='ocr_line' id='line_1_83' title="bbox 1919 3412 3476 3488; baseline -0.019 0"><span class='ocrx_word' id='word_1_537' title='bbox 1919 3433 2156 3488; x_wconf 81' lang='lat' dir='ltr'><strong>maxime</strong></span> <span class='ocrx_word' id='word_1_538' title='bbox 2202 3438 2326 3485; x_wconf 90' lang='lat' dir='ltr'><strong>sunt</strong></span> <span class='ocrx_word' id='word_1_539' title='bbox 2375 3424 2569 3487; x_wconf 79' lang='lat' dir='ltr'><strong>territi,</strong></span> <span class='ocrx_word' id='word_1_540' title='bbox 2603 3436 2672 3477; x_wconf 91' lang='lat' dir='ltr'><strong>ne</strong></span> <span class='ocrx_word' id='word_1_541' title='bbox 2698 3435 2848 3475; x_wconf 88' lang='lat' dir='ltr'><strong>mare</strong></span> <span class='ocrx_word' id='word_1_542' title='bbox 2871 3431 2993 3471; x_wconf 89' lang='lat' dir='ltr'><strong>cum</strong></span> <span class='ocrx_word' id='word_1_543' title='bbox 3023 3412 3260 3470; x_wconf 88' lang='lat' dir='ltr'><strong>exercitu</strong></span> <span class='ocrx_word' id='word_1_544' title='bbox 3298 3420 3476 3463; x_wconf 87' lang='lat' dir='ltr'><strong>trans-</strong></span> 
     </span>
    </p>
   </div>
   <div class='ocr_carea' id='block_1_84' title="bbox 1914 3501 3479 3586">
    <p class='ocr_par' dir='ltr' id='par_1_84' title="bbox 1914 3501 3479 3586">
     <span class='ocr_line' id='line_1_84' title="bbox 1914 3501 3479 3586; baseline -0.016 -9"><span class='ocrx_word' id='word_1_545' title='bbox 1914 3536 2136 3585; x_wconf 83' lang='lat' dir='ltr'><strong>means,</strong></span> <span class='ocrx_word' id='word_1_546' title='bbox 2199 3533 2294 3573; x_wconf 84' lang='lat' dir='ltr'><strong>eos</strong></span> <span class='ocrx_word' id='word_1_547' title='bbox 2353 3516 2721 3586; x_wconf 68' lang='lat' dir='ltr'><strong>impugnatum</strong></span> <span class='ocrx_word' id='word_1_548' title='bbox 2790 3507 3000 3562; x_wconf 86' lang='lat' dir='ltr'><strong>veniret</strong></span> <span class='ocrx_word' id='word_1_549' title='bbox 3060 3501 3371 3568; x_wconf 87' lang='lat' dir='ltr'><strong>mniumque</strong></span> <span class='ocrx_word' id='word_1_550' title='bbox 3417 3506 3479 3553; x_wconf 82' lang='lat' dir='ltr'><strong>et</strong></span> 
     </span>
    </p>
   </div>
   <div class='ocr_carea' id='block_1_85' title="bbox 1916 3593 3473 3683">
    <p class='ocr_par' dir='ltr' id='par_1_85' title="bbox 1916 3593 3473 3683">
     <span class='ocr_line' id='line_1_85' title="bbox 1916 3593 3473 3683; baseline -0.017 -14"><span class='ocrx_word' id='word_1_551' title='bbox 1916 3626 2115 3683; x_wconf 87' lang='lat' dir='ltr'><strong>equum</strong></span> <span class='ocrx_word' id='word_1_552' title='bbox 2146 3610 2220 3674; x_wconf 93' lang='lat' dir='ltr'><strong>ei,</strong></span> <span class='ocrx_word' id='word_1_553' title='bbox 2244 3608 2397 3679; x_wconf 89' lang='lat' dir='ltr'><strong>quasi</strong></span> <span class='ocrx_word' id='word_1_554' title='bbox 2422 3606 2489 3661; x_wconf 90' lang='lat' dir='ltr'><strong>ad</strong></span> <span class='ocrx_word' id='word_1_555' title='bbox 2518 3606 2777 3660; x_wconf 86' lang='lat' dir='ltr'><strong>honorem</strong></span> <span class='ocrx_word' id='word_1_556' title='bbox 2805 3599 3141 3660; x_wconf 86' lang='lat' dir='ltr'><strong>mandantes,</strong></span> <span class='ocrx_word' id='word_1_557' title='bbox 3173 3593 3272 3647; x_wconf 86' lang='lat' dir='ltr'><strong>bac</strong></span> <span class='ocrx_word' id='word_1_558' title='bbox 3305 3603 3473 3646; x_wconf 85' lang='lat' dir='ltr'><strong>occa-</strong></span> 
     </span>
    </p>
   </div>
   <div class='ocr_carea' id='block_1_86' title="bbox 1918 3695 2834 3772">
    <p class='ocr_par' dir='ltr' id='par_1_86' title="bbox 1918 3695 2834 3772">
     <span class='ocr_line' id='line_1_86' title="bbox 1918 3695 2834 3772; baseline -0.016 -11"><span class='ocrx_word' id='word_1_559' title='bbox 1918 3706 2070 3762; x_wconf 85' lang='lat' dir='ltr'><strong>sione</strong></span> <span class='ocrx_word' id='word_1_560' title='bbox 2098 3716 2212 3760; x_wconf 88' lang='lat' dir='ltr'><strong>rem</strong></span> <span class='ocrx_word' id='word_1_561' title='bbox 2239 3697 2572 3772; x_wconf 85' lang='lat' dir='ltr'><strong>speculatum</strong></span> <span class='ocrx_word' id='word_1_562' title='bbox 2594 3695 2834 3751; x_wconf 84' lang='lat' dir='ltr'><strong>mittunt.</strong></span> 
     </span>
    </p>
   </div>
   <div class='ocr_carea' id='block_1_87' title="bbox 2496 3829 2925 3887">
    <p class='ocr_par' dir='ltr' id='par_1_87' title="bbox 2496 3829 2925 3887">
     <span class='ocr_line' id='line_1_87' title="bbox 2496 3829 2925 3887; baseline -0.012 0"><span class='ocrx_word' id='word_1_563' title='bbox 2496 3829 2718 3887; x_wconf 83' lang='lat' dir='ltr'><strong>CAPUT</strong></span> <span class='ocrx_word' id='word_1_564' title='bbox 2742 3829 2925 3885; x_wconf 77' lang='lat' dir='ltr'><strong>XLIV.</strong></span> 
     </span>
    </p>
   </div>
   <div class='ocr_carea' id='block_1_88' title="bbox 2306 3916 3106 3998">
    <p class='ocr_par' dir='ltr' id='par_1_88' title="bbox 2306 3916 3106 3998">
     <span class='ocr_line' id='line_1_88' title="bbox 2306 3916 3106 3998; baseline -0.018 -16"><span class='ocrx_word' id='word_1_565' title='bbox 2306 3925 2535 3998; x_wconf 75' lang='lat' dir='ltr'><strong>Scyllam</strong></span> <span class='ocrx_word' id='word_1_566' title='bbox 2568 3922 2689 3977; x_wconf 85' lang='lat' dir='ltr'><strong>duci</strong></span> <span class='ocrx_word' id='word_1_567' title='bbox 2718 3916 3106 3974; x_wconf 84' lang='lat' dir='ltr'><strong>reconciliatur.</strong></span> 
     </span>
    </p>
   </div>
   <div class='ocr_carea' id='block_1_89' title="bbox 1997 4018 3490 4112">
    <p class='ocr_par' dir='ltr' id='par_1_89' title="bbox 1997 4018 3490 4112">
     <span class='ocr_line' id='line_1_89' title="bbox 1997 4018 3490 4112; baseline -0.021 -10"><span class='ocrx_word' id='word_1_568' title='bbox 1997 4047 2068 4101; x_wconf 85' lang='lat' dir='ltr'><strong>Ea</strong></span> <span class='ocrx_word' id='word_1_569' title='bbox 2127 4050 2447 4112; x_wconf 88' lang='lat' dir='ltr'><strong>tempestate</strong></span> <span class='ocrx_word' id='word_1_570' title='bbox 2498 4038 2657 4092; x_wconf 89' lang='lat' dir='ltr'><strong>Costa</strong></span> <span class='ocrx_word' id='word_1_571' title='bbox 2714 4030 3120 4091; x_wconf 88' lang='lat' dir='ltr'><strong>Condomicita,</strong></span> <span class='ocrx_word' id='word_1_572' title='bbox 3172 4024 3263 4093; x_wconf 91' lang='lat' dir='ltr'><strong>qui</strong></span> <span class='ocrx_word' id='word_1_573' title='bbox 3334 4018 3490 4089; x_wconf 81' lang='lat' dir='ltr'><strong>Scyl-</strong></span> 
     </span>
    </p>
   </div>
   <div class='ocr_carea' id='block_1_90' title="bbox 1926 4110 3487 4207">
    <p class='ocr_par' dir='ltr' id='par_1_90' title="bbox 1926 4110 3487 4207">
     <span class='ocr_line' id='line_1_90' title="bbox 1926 4110 3487 4207; baseline -0.022 -12"><span class='ocrx_word' id='word_1_574' title='bbox 1926 4140 2035 4195; x_wconf 82' lang='lat' dir='ltr'><strong>iuut</strong></span> <span class='ocrx_word' id='word_1_575' title='bbox 2068 4138 2217 4207; x_wconf 74' lang='lat'><strong>(178)</strong></span> <span class='ocrx_word' id='word_1_576' title='bbox 2240 4110 2555 4202; x_wconf 60' lang='lat' dir='ltr'><strong>iamdudum</strong></span> <span class='ocrx_word' id='word_1_577' title='bbox 2584 4125 2706 4180; x_wconf 88' lang='lat' dir='ltr'><strong>duci</strong></span> <span class='ocrx_word' id='word_1_578' title='bbox 2758 4120 3124 4175; x_wconf 87' lang='lat' dir='ltr'><strong>fraudulenter</strong></span> <span class='ocrx_word' id='word_1_579' title='bbox 3173 4110 3487 4172; x_wconf 88' lang='lat' dir='ltr'><strong>abstulerat,</strong></span> 
     </span>
    </p>
   </div>
   <div class='ocr_carea' id='block_1_91' title="bbox 1928 4202 3490 4283">
    <p class='ocr_par' dir='ltr' id='par_1_91' title="bbox 1928 4202 3490 4283">
     <span class='ocr_line' id='line_1_91' title="bbox 1928 4202 3490 4283; baseline -0.022 1"><span class='ocrx_word' id='word_1_580' title='bbox 1928 4202 2134 4283; x_wconf 81' lang='lat' dir='ltr'><strong>veritus</strong></span> <span class='ocrx_word' id='word_1_581' title='bbox 2158 4202 2223 4279; x_wconf 83' lang='lat' dir='ltr'><strong>ne</strong></span> <span class='ocrx_word' id='word_1_582' title='bbox 2252 4238 2372 4277; x_wconf 90' lang='lat' dir='ltr'><strong>cum</strong></span> <span class='ocrx_word' id='word_1_583' title='bbox 2402 4220 2510 4273; x_wconf 85' lang='lat' dir='ltr'><strong>dux</strong></span> <span class='ocrx_word' id='word_1_584' title='bbox 2547 4228 2731 4271; x_wconf 86' lang='lat' dir='ltr'><strong>versus</strong></span> <span class='ocrx_word' id='word_1_585' title='bbox 2759 4209 3000 4265; x_wconf 89' lang='lat' dir='ltr'><strong>Siciliam</strong></span> <span class='ocrx_word' id='word_1_586' title='bbox 3057 4202 3270 4271; x_wconf 87' lang='lat' dir='ltr'><strong>navigio</strong></span> <span class='ocrx_word' id='word_1_587' title='bbox 3320 4208 3490 4253; x_wconf 84' lang='lat' dir='ltr'><strong>trans-</strong></span> 
     </span>
    </p>
   </div>
   <div class='ocr_carea' id='block_1_92' title="bbox 1932 4292 3490 4377">
    <p class='ocr_par' dir='ltr' id='par_1_92' title="bbox 1932 4292 3490 4377">
     <span class='ocr_line' id='line_1_92' title="bbox 1932 4292 3490 4377; baseline -0.023 -4"><span class='ocrx_word' id='word_1_588' title='bbox 1932 4321 2066 4373; x_wconf 89' lang='lat' dir='ltr'><strong>itum</strong></span> <span class='ocrx_word' id='word_1_589' title='bbox 2097 4314 2396 4373; x_wconf 86' lang='lat' dir='ltr'><strong>simularet,</strong></span> <span class='ocrx_word' id='word_1_590' title='bbox 2426 4306 2662 4377; x_wconf 84' lang='lat' dir='ltr'><strong>Scyllum</strong></span> <span class='ocrx_word' id='word_1_591' title='bbox 2697 4299 2842 4371; x_wconf 86' lang='lat' dir='ltr'><strong>(l79)</strong></span> <span class='ocrx_word' id='word_1_592' title='bbox 2874 4298 3151 4351; x_wconf 86' lang='lat' dir='ltr'><strong>obsessum</strong></span> <span class='ocrx_word' id='word_1_593' title='bbox 3181 4292 3490 4348; x_wconf 86' lang='lat' dir='ltr'><strong>diverterct,</strong></span> 
     </span>
    </p>
   </div>
   <div class='ocr_carea' id='block_1_93' title="bbox 1931 4380 3491 4463">
    <p class='ocr_par' dir='ltr' id='par_1_93' title="bbox 1931 4380 3491 4463">
     <span class='ocr_line' id='line_1_93' title="bbox 1931 4380 3491 4463; baseline -0.023 0"><span class='ocrx_word' id='word_1_594' title='bbox 1931 4408 2056 4463; x_wconf 88' lang='lat' dir='ltr'><strong>duci</strong></span> <span class='ocrx_word' id='word_1_595' title='bbox 2103 4401 2483 4459; x_wconf 89' lang='lat' dir='ltr'><strong>reconciliatus</strong></span> <span class='ocrx_word' id='word_1_596' title='bbox 2531 4404 2769 4450; x_wconf 89' lang='lat' dir='ltr'><strong>castrum</strong></span> <span class='ocrx_word' id='word_1_597' title='bbox 2820 4388 3026 4451; x_wconf 87' lang='lat' dir='ltr'><strong>reddit,</strong></span> <span class='ocrx_word' id='word_1_598' title='bbox 3069 4383 3157 4438; x_wconf 90' lang='lat' dir='ltr'><strong>tali</strong></span> <span class='ocrx_word' id='word_1_599' title='bbox 3190 4380 3381 4451; x_wconf 83' lang='lat' dir='ltr'><strong>injuria</strong></span> <span class='ocrx_word' id='word_1_600' title='bbox 3413 4394 3491 4440; x_wconf 74' lang='lat' dir='ltr'><strong>se,</strong></span> 
     </span>
    </p>
   </div>
   <div class='ocr_carea' id='block_1_94' title="bbox 1855 4472 3495 4565">
    <p class='ocr_par' dir='ltr' id='par_1_94' title="bbox 1855 4472 3495 4565">
     <span class='ocr_line' id='line_1_94' title="bbox 1855 4472 3495 4565; baseline -0.021 -13"><span class='ocrx_word' id='word_1_601' title='bbox 1855 4493 1904 4552; x_wconf 87' lang='lat' dir='ltr'><strong>D</strong></span> <span class='ocrx_word' id='word_1_602' title='bbox 1930 4497 1995 4552; x_wconf 90' lang='lat' dir='ltr'><strong>ad</strong></span> <span class='ocrx_word' id='word_1_603' title='bbox 2042 4495 2185 4565; x_wconf 87' lang='lat' dir='ltr'><strong>quod</strong></span> <span class='ocrx_word' id='word_1_604' title='bbox 2235 4491 2438 4547; x_wconf 88' lang='lat' dir='ltr'><strong>fecerat</strong></span> <span class='ocrx_word' id='word_1_605' title='bbox 2484 4484 2820 4554; x_wconf 87' lang='lat' dir='ltr'><strong>compulsum</strong></span> <span class='ocrx_word' id='word_1_606' title='bbox 2854 4480 3078 4534; x_wconf 86' lang='lat' dir='ltr'><strong>dicens:</strong></span> <span class='ocrx_word' id='word_1_607' title='bbox 3117 4475 3228 4528; x_wconf 79' lang='lat' dir='ltr'><strong>Dux</strong></span> <span class='ocrx_word' id='word_1_608' title='bbox 3281 4472 3495 4525; x_wconf 86' lang='lat' dir='ltr'><strong>Coslatn</strong></span> 
     </span>
    </p>
   </div>
   <div class='ocr_carea' id='block_1_95' title="bbox 1930 4558 3495 4656">
    <p class='ocr_par' dir='ltr' id='par_1_95' title="bbox 1930 4558 3495 4656">
     <span class='ocr_line' id='line_1_95' title="bbox 1930 4558 3495 4656; baseline -0.02 -14"><span class='ocrx_word' id='word_1_609' title='bbox 1930 4558 2182 4655; x_wconf 74' lang='lat' dir='ltr'><strong>Pelogam</strong></span> <span class='ocrx_word' id='word_1_610' title='bbox 2213 4582 2501 4656; x_wconf 89' lang='lat' dir='ltr'><strong>quemdam</strong></span> <span class='ocrx_word' id='word_1_611' title='bbox 2534 4574 2886 4644; x_wconf 85' lang='lat' dir='ltr'><strong>Stratigotum</strong></span> <span class='ocrx_word' id='word_1_612' title='bbox 2915 4564 3304 4635; x_wconf 87' lang='lat' dir='ltr'><strong>statuerat,qui</strong></span> <span class='ocrx_word' id='word_1_613' title='bbox 3330 4558 3495 4615; x_wconf 85' lang='lat' dir='ltr'><strong>nimia</strong></span> 
     </span>
    </p>
   </div>
   <div class='ocr_carea' id='block_1_96' title="bbox 1930 4650 3499 4738">
    <p class='ocr_par' dir='ltr' id='par_1_96' title="bbox 1930 4650 3499 4738">
     <span class='ocr_line' id='line_1_96' title="bbox 1930 4650 3499 4738; baseline -0.024 -3"><span class='ocrx_word' id='word_1_614' title='bbox 1930 4678 2212 4735; x_wconf 87' lang='lat' dir='ltr'><strong>insolentia</strong></span> <span class='ocrx_word' id='word_1_615' title='bbox 2242 4671 2482 4729; x_wconf 82' lang='lat' dir='ltr'><strong>deﬂuens</strong></span> <span class='ocrx_word' id='word_1_616' title='bbox 2512 4680 2751 4738; x_wconf 89' lang='lat' dir='ltr'><strong>quosque</strong></span> <span class='ocrx_word' id='word_1_617' title='bbox 2784 4664 3043 4731; x_wconf 83' lang='lat' dir='ltr'><strong>ingenuos</strong></span> <span class='ocrx_word' id='word_1_618' title='bbox 3070 4657 3242 4718; x_wconf 87' lang='lat' dir='ltr'><strong>viros,</strong></span> <span class='ocrx_word' id='word_1_619' title='bbox 3274 4650 3357 4705; x_wconf 90' lang='lat' dir='ltr'><strong>vel</strong></span> <span class='ocrx_word' id='word_1_620' title='bbox 3383 4664 3499 4702; x_wconf 85' lang='lat' dir='ltr'><strong>tutt-</strong></span> 
     </span>
    </p>
   </div>
   <div class='ocr_carea' id='block_1_97' title="bbox 254 4752 3508 4855">
    <p class='ocr_par' dir='ltr' id='par_1_97' title="bbox 254 4752 3508 4855">
     <span class='ocr_line' id='line_1_97' title="bbox 256 4752 1824 4773; baseline -0.008 -9"><span class='ocrx_word' id='word_1_621' title='bbox 256 4752 465 4764; x_wconf 63' lang='grc' dir='ltr'><strong>...ωνηυ</strong></span> <span class='ocrx_word' id='word_1_622' title='bbox 495 4752 850 4769; x_wconf 64' lang='grc' dir='ltr'><strong>.ν.ν-.-,--.--,</strong></span> <span class='ocrx_word' id='word_1_623' title='bbox 875 4752 1031 4773; x_wconf 77' lang='lat'><strong>-,------</strong></span> <span class='ocrx_word' id='word_1_624' title='bbox 1278 4752 1289 4769; x_wconf 87' lang='grc'><em>,</em></span> <span class='ocrx_word' id='word_1_625' title='bbox 1319 4752 1327 4753; x_wconf 58' lang='lat'><strong><em>,</em></strong></span> <span class='ocrx_word' id='word_1_626' title='bbox 1594 4752 1599 4753; x_wconf 63' lang='lat'><strong><em>,</em></strong></span> <span class='ocrx_word' id='word_1_627' title='bbox 1648 4752 1677 4768; x_wconf 66' lang='grc' dir='ltr'><strong><em>υ</em></strong></span> <span class='ocrx_word' id='word_1_628' title='bbox 1813 4752 1824 4761; x_wconf 80' lang='grc'><strong><em>,</em></strong></span> 
     </span>
     <span class='ocr_line' id='line_1_98' title="bbox 254 4752 3508 4855; baseline -0.019 -3"><span class='ocrx_word' id='word_1_629' title='bbox 254 4808 311 4855; x_wconf 79' lang='lat' dir='ltr'><strong>et</strong></span> <span class='ocrx_word' id='word_1_630' title='bbox 354 4798 572 4853; x_wconf 89' lang='lat' dir='ltr'><strong>fortuna</strong></span> <span class='ocrx_word' id='word_1_631' title='bbox 622 4800 811 4851; x_wconf 84' lang='lat' dir='ltr'><strong>favens</strong></span> <span class='ocrx_word' id='word_1_632' title='bbox 857 4793 1241 4849; x_wconf 87' lang='lat' dir='ltr'><strong>comitabatur.</strong></span> <span class='ocrx_word' id='word_1_633' title='bbox 1275 4789 1374 4845; x_wconf 87' lang='lat' dir='ltr'><strong>llic</strong></span> <span class='ocrx_word' id='word_1_634' title='bbox 1402 4788 1592 4845; x_wconf 89' lang='lat' dir='ltr'><strong>callide</strong></span> <span class='ocrx_word' id='word_1_635' title='bbox 1637 4797 1691 4841; x_wconf 89' lang='lat' dir='ltr'><strong>tn</strong></span> <span class='ocrx_word' id='word_1_636' title='bbox 1724 4786 1828 4842; x_wconf 87' lang='lat' dir='ltr'><strong>hoc</strong></span> <span class='ocrx_word' id='word_1_637' title='bbox 1931 4775 2118 4831; x_wconf 61' lang='grc' dir='ltr'><strong>Κεῖθεν</strong></span> <span class='ocrx_word' id='word_1_638' title='bbox 2149 4786 2249 4825; x_wconf 87' lang='lat' dir='ltr'><strong>nec</strong></span> <span class='ocrx_word' id='word_1_639' title='bbox 2273 4767 2437 4823; x_wconf 76' lang='lat' dir='ltr'><strong>etiam</strong></span> <span class='ocrx_word' id='word_1_640' title='bbox 2470 4777 2577 4817; x_wconf 73' lang='lat' dir='ltr'><strong>suae</strong></span> <span class='ocrx_word' id='word_1_641' title='bbox 2604 4752 3061 4825; x_wconf 75' lang='lat' dir='ltr'><strong>consanguinitati</strong></span> <span class='ocrx_word' id='word_1_642' title='bbox 3101 4761 3334 4819; x_wconf 84' lang='lat' dir='ltr'><strong>parcens</strong></span> <span class='ocrx_word' id='word_1_643' title='bbox 3381 4755 3508 4793; x_wconf 85' lang='lat' dir='ltr'><strong>con-</strong></span> 
     </span>
    </p>
   </div>
   <div class='ocr_carea' id='block_1_98' title="bbox 258 4879 1832 4962">
    <p class='ocr_par' dir='ltr' id='par_1_98' title="bbox 258 4879 1832 4962">
     <span class='ocr_line' id='line_1_99' title="bbox 258 4879 1832 4962; baseline -0.005 -17"><span class='ocrx_word' id='word_1_644' title='bbox 258 4891 474 4962; x_wconf 81' lang='lat' dir='ltr'><strong>negotio</strong></span> <span class='ocrx_word' id='word_1_645' title='bbox 533 4904 727 4960; x_wconf 86' lang='lat' dir='ltr'><strong>agens,</strong></span> <span class='ocrx_word' id='word_1_646' title='bbox 778 4886 1005 4957; x_wconf 85' lang='lat' dir='ltr'><strong>singulis</strong></span> <span class='ocrx_word' id='word_1_647' title='bbox 1054 4885 1309 4943; x_wconf 86' lang='lat' dir='ltr'><strong>noctibus</strong></span> <span class='ocrx_word' id='word_1_648' title='bbox 1358 4879 1694 4952; x_wconf 87' lang='lat' dir='ltr'><strong>speculatum</strong></span> <span class='ocrx_word' id='word_1_649' title='bbox 1753 4880 1832 4937; x_wconf 91' lang='lat' dir='ltr'><strong>irc</strong></span> 
     </span>
    </p>
   </div>
   <div class='ocr_carea' id='block_1_99' title="bbox 254 4974 1832 5049">
    <p class='ocr_par' dir='ltr' id='par_1_99' title="bbox 254 4974 1832 5049">
     <span class='ocr_line' id='line_1_100' title="bbox 254 4974 1832 5049; baseline -0.004 -16"><span class='ocrx_word' id='word_1_650' title='bbox 254 4980 425 5049; x_wconf 82' lang='lat' dir='ltr'><strong>jubet,</strong></span> <span class='ocrx_word' id='word_1_651' title='bbox 452 4980 498 5036; x_wconf 89' lang='lat' dir='ltr'><strong>si</strong></span> <span class='ocrx_word' id='word_1_652' title='bbox 535 4979 672 5035; x_wconf 83' lang='lat' dir='ltr'><strong>forte</strong></span> <span class='ocrx_word' id='word_1_653' title='bbox 699 4976 913 5033; x_wconf 80' lang='lat' dir='ltr'><strong>eminus</strong></span> <span class='ocrx_word' id='word_1_654' title='bbox 940 4992 1034 5047; x_wconf 89' lang='lat' dir='ltr'><strong>per</strong></span> <span class='ocrx_word' id='word_1_655' title='bbox 1064 4990 1214 5030; x_wconf 91' lang='lat' dir='ltr'><strong>mare</strong></span> <span class='ocrx_word' id='word_1_656' title='bbox 1259 4974 1614 5029; x_wconf 82' lang='lat' dir='ltr'><strong>adventantes</strong></span> <span class='ocrx_word' id='word_1_657' title='bbox 1663 4986 1832 5027; x_wconf 88' lang='lat' dir='ltr'><strong>naves</strong></span> 
     </span>
    </p>
   </div>
   <div class='ocr_carea' id='block_1_100' title="bbox 1370 5025 1808 5119">
    <p class='ocr_par' dir='ltr' id='par_1_100' title="bbox 1370 5063 1808 5118">
     <span class='ocr_line' id='line_1_101' title="bbox 1370 5063 1808 5118; baseline -0.005 0"><span class='ocrx_word' id='word_1_658' title='bbox 1370 5081 1392 5118; x_wconf 61' lang='grc' dir='ltr'><strong>ετ</strong></span> <span class='ocrx_word' id='word_1_659' title='bbox 1407 5070 1527 5117; x_wconf 79' lang='lat' dir='ltr'><strong>cete</strong></span> <span class='ocrx_word' id='word_1_660' title='bbox 1556 5063 1808 5118; x_wconf 76' lang='lat' dir='ltr'><strong>mediaub</strong></span> 
     </span>
    </p>
   </div>
   <div class='ocr_carea' id='block_1_101' title="bbox 1905 5025 3521 5119">
    <p class='ocr_par' dir='ltr' id='par_1_101' title="bbox 1933 5025 3521 5111">
     <span class='ocr_line' id='line_1_102' title="bbox 1933 5025 3521 5111; baseline -0.016 -11"><span class='ocrx_word' id='word_1_661' title='bbox 1933 5050 2321 5109; x_wconf 66' lang='grc' dir='ltr'><strong>(ιοιιιιοιιιίρῑιω</strong></span> <span class='ocrx_word' id='word_1_662' title='bbox 2373 5040 2626 5111; x_wconf 86' lang='lat' dir='ltr'><strong>gallinam</strong></span> <span class='ocrx_word' id='word_1_663' title='bbox 2695 5046 2913 5087; x_wconf 87' lang='lat' dir='ltr'><strong>auream</strong></span> <span class='ocrx_word' id='word_1_664' title='bbox 2963 5043 3087 5086; x_wconf 90' lang='lat' dir='ltr'><strong>cum</strong></span> <span class='ocrx_word' id='word_1_665' title='bbox 3126 5025 3312 5093; x_wconf 87' lang='lat' dir='ltr'><strong>pullis.</strong></span> <span class='ocrx_word' id='word_1_666' title='bbox 3361 5027 3521 5084; x_wconf 72' lang='lat' dir='ltr'><strong>quam</strong></span> 
     </span>
    </p>
   </div>
   <div class='ocr_carea' id='block_1_102' title="bbox 259 5065 1392 5142">
    <p class='ocr_par' dir='ltr' id='par_1_102' title="bbox 259 5065 1392 5142">
     <span class='ocr_line' id='line_1_103' title="bbox 259 5065 1392 5142; baseline -0.006 -17"><span class='ocrx_word' id='word_1_667' title='bbox 259 5072 611 5142; x_wconf 84' lang='lat' dir='ltr'><strong>aspiciantur.</strong></span> <span class='ocrx_word' id='word_1_668' title='bbox 634 5068 770 5125; x_wconf 89' lang='lat' dir='ltr'><strong>Cum</strong></span> <span class='ocrx_word' id='word_1_669' title='bbox 801 5081 928 5123; x_wconf 87' lang='lat' dir='ltr'><strong>ecce</strong></span> <span class='ocrx_word' id='word_1_670' title='bbox 960 5067 1191 5138; x_wconf 86' lang='lat' dir='ltr'><strong>quadam</strong></span> <span class='ocrx_word' id='word_1_671' title='bbox 1226 5065 1339 5135; x_wconf 50' lang='lat' dir='ltr'><strong>re.</strong></span> <span class='ocrx_word' id='word_1_672' title='bbox 1370 5081 1392 5118; x_wconf 60' lang='grc' dir='ltr'><strong>ετ</strong></span> 
     </span>
    </p>
   </div>
   <div class='ocr_carea' id='block_1_103' title="bbox 1939 4834 3515 4920">
    <p class='ocr_par' dir='ltr' id='par_1_103' title="bbox 1939 4834 3515 4920">
     <span class='ocr_line' id='line_1_104' title="bbox 1939 4834 3515 4920; baseline -0.025 0"><span class='ocrx_word' id='word_1_673' title='bbox 1939 4863 2172 4920; x_wconf 88' lang='lat' dir='ltr'><strong>tumeliis</strong></span> <span class='ocrx_word' id='word_1_674' title='bbox 2203 4857 2490 4917; x_wconf 85' lang='lat' dir='ltr'><strong>alliciebat.</strong></span> <span class='ocrx_word' id='word_1_675' title='bbox 2523 4852 2620 4907; x_wconf 87' lang='lat' dir='ltr'><strong>Hic</strong></span> <span class='ocrx_word' id='word_1_676' title='bbox 2641 4849 2783 4903; x_wconf 89' lang='lat' dir='ltr'><strong>inter</strong></span> <span class='ocrx_word' id='word_1_677' title='bbox 2812 4856 3005 4899; x_wconf 67' lang='lat' dir='ltr'><strong>cretera</strong></span> <span class='ocrx_word' id='word_1_678' title='bbox 3038 4841 3333 4912; x_wconf 86' lang='lat' dir='ltr'><strong>quamdam</strong></span> <span class='ocrx_word' id='word_1_679' title='bbox 3366 4834 3515 4899; x_wconf 55' lang='lat' dir='ltr'><strong>iuge.</strong></span> 
     </span>
    </p>
   </div>
   <div class='ocr_carea' id='block_1_104' title="bbox 1940 4928 3520 5015">
    <p class='ocr_par' dir='ltr' id='par_1_104' title="bbox 1940 4928 3520 5015">
     <span class='ocr_line' id='line_1_105' title="bbox 1940 4928 3520 5015; baseline -0.024 -1"><span class='ocrx_word' id='word_1_680' title='bbox 1940 4972 2102 5015; x_wconf 89' lang='lat' dir='ltr'><strong>unam</strong></span> <span class='ocrx_word' id='word_1_681' title='bbox 2153 4964 2457 5012; x_wconf 85' lang='lat' dir='ltr'><strong>matronam</strong></span> <span class='ocrx_word' id='word_1_682' title='bbox 2507 4943 2724 5000; x_wconf 88' lang='lat' dir='ltr'><strong>nomine</strong></span> <span class='ocrx_word' id='word_1_683' title='bbox 2772 4937 3059 5007; x_wconf 80' lang='lat' dir='ltr'><strong>Reginam,</strong></span> <span class='ocrx_word' id='word_1_684' title='bbox 3112 4933 3288 4987; x_wconf 89' lang='lat' dir='ltr'><strong>aviam</strong></span> <span class='ocrx_word' id='word_1_685' title='bbox 3343 4928 3520 4980; x_wconf 68' lang='lat' dir='ltr'><strong>Costa:</strong></span> 
     </span>
    </p>
   </div>
   <div class='ocr_carea' id='block_1_105' title="bbox 3336 5106 3525 5146">
    <p class='ocr_par' dir='ltr' id='par_1_105' title="bbox 3336 5106 3525 5146">
     <span class='ocr_line' id='line_1_106' title="bbox 3336 5106 3525 5146; baseline -0.016 0"><span class='ocrx_word' id='word_1_686' title='bbox 3336 5106 3525 5146; x_wconf 64' lang='grc' dir='ltr'><strong>ναι-ΙΨ-</strong></span> 
     </span>
    </p>
   </div>
   <div class='ocr_carea' id='block_1_106' title="bbox 3072 5119 3258 5146">
    <p class='ocr_par' dir='ltr' id='par_1_106' title="bbox 3072 5119 3258 5146">
     <span class='ocr_line' id='line_1_107' title="bbox 3072 5119 3258 5146; baseline 0 0"><span class='ocrx_word' id='word_1_687' title='bbox 3072 5119 3258 5146; x_wconf 57' lang='grc' dir='ltr'><strong>-.ηιικηη</strong></span> 
     </span>
    </p>
   </div>
  </div>
