4010 5230
504 300 528 353 t
549 299 634 368 ist

1353 291 1702 370 CAUFREDI
1741 291 2192 366 MALATEIKRAS
2237 292 2541 351 DIONACIII
2582 283 2938 353 liENEDIC'I‘.

3635 299 3774 354 11ῧέ

508 416 620 478 cita
655 417 709 465 in
739 408 1000 464 famulatu
1035 407 1186 462 ducis
1214 407 1357 476 apud
1405 408 1638 463 insulam
1667 406 1904 463 Crotone
1943 407 2082 463 deti-
2115 412 2161 471 Α
2192 425 2342 470 nare.
2394 411 2641 466 hostibus
2681 412 3044 477 iuterminari,
3077 413 3192 467 suis
3220 412 3372 484 plura
3400 413 3612 486 largiri,
3659 429 3773 468 ani-

506 503 757 558 nebatur.
784 498 881 554 Cui
912 513 1034 554 cum
1077 497 1220 567 quod
1271 497 1548 552 acciderat
1599 497 1827 552 relatum
1871 497 2082 564 fuisset,

509 593 764 666 injuriam
792 589 926 646 aviae
957 598 1215 659 reputans
1243 604 1422 654 suam,
1472 588 1788 644 infirmitate
1811 589 2085 656 simulata,

511 686 785 749 licentiam
831 683 973 738 domi
1004 697 1170 737 causa
1202 680 1502 736 curationis
1545 696 1574 735 a
1601 682 1738 736 duce
1765 695 2086 750 exposcens,

508 779 688 853 vigilia
718 776 924 832 Natalis
959 776 1168 832 Domini
1198 776 1439 848 Scyllum
1469 775 1616 846 (180)
1647 776 1926 847 ingressus
1960 785 2044 832 est
2071 793 2084 829 :

509 888 667 942 quem
723 869 1056 938 Stratigotus
1106 869 1322 924 venisse
1391 868 1646 932 audiens,
1705 868 1933 938 piscium
1985 868 2088 924 sibi

509 962 738 1022 euxenia
771 977 868 1031 per
897 959 1158 1014 famulum
1213 959 1411 1024 mittit,
1469 959 1702 1030 qualiter
1754 975 1814 1016 se
1844 975 1932 1014 res
1959 975 2087 1030 erga

510 1058 698 1110 ducem
729 1053 984 1114 habebat,
1017 1051 1266 1123 requirit.
1295 1051 1385 1106 Ille
1405 1067 1470 1106 ac
1496 1052 1544 1106 si
1571 1051 1703 1106 nihil
1735 1051 1860 1107 mali
1888 1051 2091 1107 machi-

511 1162 668 1210 nans,
701 1146 778 1199 ira
803 1143 1166 1208 dissimulata,
1201 1144 1406 1213 gratias
1453 1144 1778 1199 remandat:
1809 1143 1904 1198 sed
1946 1145 2092 1213 quod

510 1237 692 1308 animo
722 1243 1044 1303 conceperat
1077 1233 1299 1288 minime
1325 1232 1546 1297 oblitus,
1597 1243 1880 1302 postquam
1909 1246 2092 1289 come-

509 1337 651 1380 stuui
679 1336 783 1388 est,
816 1325 1211 1395 potentioribus
1254 1324 1405 1379 urbis
1435 1333 1647 1380 secreto
1677 1323 2090 1389 circumventis,

513 1420 580 1474 de
605 1418 706 1472 sibi
735 1417 881 1472 illata
908 1420 1150 1485 aviaeque
1180 1413 1373 1483 injuria
1395 1416 1794 1485 querimoniant
1817 1424 2088 1471 ostentat:

513 1512 709 1582 quibus
731 1511 1176 1580 respondentibus
1208 1509 1404 1563 merito
1452 1508 1555 1562 sibi
1605 1509 1730 1564 talia
1787 1509 2087 1574 accidisse,

511 1603 956 1659 excusationibus
983 1603 1204 1657 minime
1231 1617 1381 1666 usus,
1420 1600 1547 1656 facti
1572 1617 1630 1657 se
1657 1605 1922 1671 paanitere
1945 1617 2095 1658 asse-

513 1696 758 1757 re_ns,‘uti
786 1694 1117 1754 contulerat,
1155 1692 1373 1747 auferre
1411 1702 1745 1749 tentaturutn
1800 1694 2092 1764 promittit,

2188 501 2357 569 pliora
2399 504 2747 572 promittere,
2796 504 3004 573 primus
3053 514 3106 559 et
3158 505 3498 575 frequentior
3540 509 3774 569 adesse,

2188 590 2321 645 nihil
2366 592 2686 647 intentatum
2734 594 3055 664 relinquere.
3089 594 3541 652 Machinamentis
3590 598 3774 666 itaque

2187 690 2242 736 et
2277 680 2438 737 scalis
2464 683 2531 736 ad
2565 698 2747 738 muros
2799 685 3262 742 trauscendendos
3312 688 3774 743 artiﬁciosissime

2188 769 2612 843 compaginatis,
2660 776 2767 832 dux
2811 777 2999 833 hortos
3039 793 3160 833 cum
3212 781 3469 835 trecentis
3504 782 3779 837 militibus

2189 865 2425 922 latenter
2469 868 2748 939 ingressus
2791 883 2855 923 ex
2910 869 3078 924 altera
3128 880 3302 940 parte,
3357 886 3461 941 qua
3521 871 3777 926 videlicet

2193 956 2404 1012 navalis
2432 958 2710 1014 exercitus
2739 959 3046 1030 adjacebat,
3081 958 3268 1015 urbem
3312 959 3604 1024 infestare,
3660 959 3775 1014 fra-

2193 1056 2442 1118 tremque
2471 1065 2500 1103 a
2531 1059 2707 1120 parte,
2735 1064 2838 1120 qua
2870 1057 3009 1116 erat,
3041 1049 3182 1104 haud
3215 1066 3372 1105 secus
3394 1066 3557 1123 agerc
3579 1053 3782 1121 perdo-

2191 1149 2400 1194 cuerat.
2451 1139 2563 1208 Illi,
2613 1140 2770 1211 signo
2812 1140 2972 1205 dato,
3013 1157 3132 1212 qua}
3159 1141 3336 1197 edocti
3392 1153 3582 1208 erant,
3633 1143 3778 1198 haud

2194 1231 2460 1302 perlicere
2491 1247 2686 1303 segnes
2726 1249 2920 1305 magno
2964 1233 3143 1289 sonitu
3197 1234 3432 1289 irruunt.
3486 1235 3636 1290 Urbs
3667 1244 3782 1289 tota

2197 1325 2247 1379 in
2276 1339 2425 1378 arma
2478 1341 2662 1390 ruens,
2691 1341 2812 1396 qua:
2857 1326 3084 1396 strepitu
3114 1325 3558 1381 tumultuantium
3588 1342 3785 1381 accur-

2196 1417 2352 1472 rebat
2395 1416 2720 1482 defensioni,
2762 1417 3131 1474 acceleranter
3177 1429 3480 1487 grassatur.
3514 1419 3558 1472 A
3591 1430 3779 1488 parte,

2195 1522 2301 1578 qua
2333 1507 2511 1563 minus
2541 1509 2828 1573 cavebant,
2856 1509 3157 1564 vacillatur.
3199 1510 3245 1563 Α
3287 1508 3785 1564 Gniscardensibus

2197 1598 2359 1654 scalis
2387 1600 2646 1670 appositis
2674 1615 2860 1653 murus
2891 1599 3313 1655 transcenditur.
3349 1599 3492 1655 Urbs
3535 1599 3788 1654 exterior

2197 1693 2441 1764 capitur,
2484 1704 2654 1764 porta:
2696 1692 2843 1750 ferro
2895 1694 3060 1750 sociis
3110 1693 3175 1747 ad
3206 1693 3622 1764 ingrediendum
3655 1707 3786 1761 ape-

514 1785 560 1840 si
595 1785 968 1839 tantummodo
1019 1784 1150 1852 ipsis
1197 1784 1436 1852 potiatur
1471 1784 1793 1839 auxiliariis.
1837 1784 2036 1853 Sicque
2062 1799 2092 1839 a
2128 1777 2170 1836 Β
2201 1784 2432 1839 riuntur.
2476 1783 2593 1838 Dux
2636 1793 2693 1838 et
2741 1798 2923 1838 comes
2972 1797 3096 1838 cum
3148 1783 3295 1837 omni
3349 1782 3599 1838 exercitu
3641 1779 3787 1835 infra

477 1918 488 1927 .
517 1876 760 1946 pluribus
791 1875 894 1929 fide
917 1884 1160 1945 accepta,
1194 1884 1358 1930 totam
1393 1886 1606 1931 noctem
1651 1877 1956 1931 insomnem
1988 1877 2091 1930 du-

517 1980 668 2029 cens,
724 1979 1074 2034 quoscunque
1111 1973 1288 2034 potest
1342 1965 1444 2019 sibi
1500 1965 1726 2035 allegat;
1776 1981 2095 2036 summoque

515 2056 776 2125 diluculo,
806 2072 933 2112 cum
963 2072 1154 2112 omnes
1182 2057 1274 2127 qui
1318 2055 1479 2123 hujus
1513 2056 1593 2112 rei
1627 2058 1802 2125 ignari
1831 2067 2012 2123 erant,
2035 2067 2095 2112 ut

519 2148 636 2206 dies
681 2149 795 2216 ipsa
843 2147 1114 2210 monebat,
1175 2148 1227 2202 in
1268 2147 1498 2203 ecclesia
1526 2147 1618 2201 Dei
1651 2147 1898 2203 laudibus
1925 2149 2102 2203 inser-

518 2241 714 2300 virent,
747 2240 860 2309 ipse
890 2253 1010 2292 cum
1043 2239 1301 2293 tredecim
1332 2239 1484 2302 viris,
1534 2238 1729 2308 gladiis
1778 2254 1902 2294 cum
1949 2239 2100 2309 capis

517 2328 802 2390 accinctis,
836 2328 1057 2397 reliquis
1085 2329 1240 2399 signo
1268 2329 1418 2386 dato.
1454 2337 1509 2384 et
1560 2344 1590 2383 a
1643 2329 1850 2384 foribus
1905 2345 2100 2400 exspe-

518 2421 808 2483 ctantibus,
839 2420 906 2473 ad
941 2429 1151 2488 portam
1200 2419 1408 2474 castelli
1439 2422 1729 2485 accedens,
1772 2421 1976 2489 janitor
2022 2420 2099 2474 nil

514 2513 821 2582 suspicatus
850 2512 1002 2580 quasi
1037 2519 1163 2566 nuto
1189 2512 1386 2580 aperit.
1416 2510 1512 2566 Ille
1548 2527 1673 2566 cum
1698 2512 1865 2567 sociis
1890 2512 2096 2581 ingres-

519 2621 636 2668 sus,
673 2605 968 2674 hospitium
997 2604 1280 2675 Stratigoti
1331 2605 1520 2671 intrat,
1550 2620 1702 2658 arma
1747 2619 1867 2675 quae
1891 2604 2103 2670 invenit

517 2696 1004 2764 corripitzversus
1053 2695 1374 2757 ecclesiam,
1424 2696 1781 2766 Stratigotnm
1832 2710 2102 2765 prmoccu-

523 2804 658 2859 pare
684 2787 894 2850 volens.
926 2787 1222 2842 citissimus
1252 2787 1444 2842 currit.
1482 2787 1729 2857 Undique
1757 2801 1886 2856 ergo
1929 2787 2106 2840 insur-

528 2886 689 2946 gente
717 2876 978 2940 clamore,
1005 2875 1357 2946 Stratigotus,
1398 2877 1610 2931 insidiis
1639 2877 1954 2946 compertis,
2008 2891 2107 2946 per

527 2969 823 3025 feneStram
855 2967 1164 3038 prosiliens,
1195 2969 1494 3039 praecipitio
1525 2970 1796 3040 delapsus,
1829 2970 1958 3025 dum
1982 2970 2106 3038 fuga

525 3059 795 3131 refugium
850 3061 1045 3129 petita
1096 3060 1327 3125 civibus,
1383 3060 1581 3128 quibus
1630 3061 1881 3116 omnibus
1910 3075 2108 3114 exosus

2199 1890 2383 1932 muros
2440 1876 2813 1948 liospitantur,
2862 1874 3236 1931 Panormitani
3287 1873 3460 1928 delusi
3516 1873 3709 1928 hostes
3758 1888 3788 1925 a

2199 1978 2354 2040 tergo
2382 1967 2521 2023 infra
2552 1983 2738 2024 muros
2772 1974 3183 2036 cognoscentes,
3211 1965 3457 2021 interiori
3482 1965 3622 2020 urbe
3650 1965 3788 2019 refn.

2198 2062 2346 2131 gium
2378 2061 2612 2131 petendo
2636 2075 2756 2115 sese
2779 2060 3065 2128 recipiunt.
3091 2057 3207 2113 Nox
3231 2057 3519 2112 tumultum
3545 2057 3787 2111 diremit.

2198 2151 2454 2206 Proximo
2482 2165 2638 2205 mane
2670 2150 2953 2219 primores.
2988 2148 3194 2204 findere
3225 2147 3574 2217 interposito,
3623 2148 3790 2200 utris-

2201 2258 2305 2313 que
2351 2241 2609 2297 fratribus
2648 2241 2886 2296 loentum
2918 2241 3203 2305 accedunt,
3241 2239 3414 2310 legem
3451 2254 3612 2293 suam
3671 2238 3788 2291 titil-

2202 2337 2415 2391 latenus
2461 2350 2520 2390 se
2569 2333 2756 2388 violari
2815 2333 2898 2386 vel
2952 2331 3262 2400 relinquere
3309 2329 3446 2386 velle
3498 2330 3785 2390 dicentes,

2202 2427 2409 2482 scilicet
2437 2425 2483 2480 si
2514 2424 2647 2480 certi
2686 2424 2795 2478 sint
2845 2424 2987 2492 quod
3032 2435 3140 2476 non
3170 2431 3433 2492 cogantur
3464 2420 3549 2474 vel
3574 2419 3790 2489 iujustis

2203 2529 2258 2575 et
2305 2519 2460 2574 novis
2511 2515 2718 2587 legibus
2772 2529 2879 2569 non
2949 2521 3270 2567 atteruntur.
3332 2510 3788 2580 Quandoquidem

2207 2612 2421 2667 fortuna
2452 2609 2705 2682 praesenti
2737 2608 2818 2663 sic
2856 2606 3214 2661 hortabantur
3270 2604 3424 2662 urbis
3454 2603 3787 2657 deditionem

2207 2703 2409 2766 facere,
2460 2716 2518 2756 se
2569 2701 2620 2753 in
2672 2698 2983 2752 famulando
3016 2695 3200 2750 fideles
3231 2694 3545 2764 persistere,
3591 2693 3787 2747 tributa

2206 2793 2434 2854 solvere,
2464 2800 2517 2845 et
2551 2790 2652 2844 hoc
2671 2789 2982 2857 juramento
3008 2787 3140 2858 legis
3162 2803 3271 2843 suae
3305 2786 3526 2842 tirmare
3552 2801 3785 2856 spopon-

2207 2883 2359 2937 dunt.
2393 2881 2509 2934 Dux
2557 2894 2846 2947 comesque
2891 2879 3214 2948 gaudentes,
3265 2876 3406 2948 quod
3462 2875 3789 2929 effr-rebatur

2210 2972 2440 3027 libenter
2490 2971 2794 3040 suscipiunt
2847 2984 2986 3024 anno
3044 2967 3335 3022 Dominica:
3397 2965 3790 3020 incarnationis

2213 3063 2496 3118 millesimo
2535 3062 2936 3134 septuagesimo
2984 3061 3182 3131 primo.
3228 3059 3420 3129 Adepli
3461 3058 3645 3129 primo
3675 3073 3789 3110 ont-

524 3162 666 3224 crat,
696 3151 1118 3220 comprehensus
1163 3151 1456 3207 reducitur.
1495 3151 1656 3208 Costa
1708 3150 1929 3206 Condus
1955 3149 2105 3216 icila.
2134 3135 2180 3195 (ἶ
2215 3158 2383 3221 nium,
2423 3157 2717 3227 Scriptura:
2765 3155 2952 3211 fideles
3005 3156 3307 3209 imitatores
3359 3154 3636 3208 dicentis:
3675 3151 3788 3205 Pri-

528 3244 656 3313 quia
683 3244 1120 3314 consanguineus
1149 3241 1266 3310 ejus
1289 3250 1429 3307 erat,
1457 3242 1675 3297 volente
1705 3243 1752 3296 ei
1796 3255 2043 3310 parcere,
2075 3256 2106 3294 a

526 3338 724 3408 populo
760 3337 1175 3402 condemnatur,
1211 3339 1397 3407 sicque
1421 3353 1544 3392 eum
1588 3337 1861 3407 suppliciis
1917 3351 2109 3406 prenas

527 3429 703 3494 luens,
757 3445 786 3484 a
833 3430 1032 3500 quibus
1081 3430 1218 3484 mala
1266 3428 1554 3493 intulerat,
1608 3429 1940 3498 perimitur:
1973 3443 2112 3496 quos

527 3521 860 3590 religaverat
924 3522 1260 3586 liberantur,
1321 3536 1350 3574 a
1418 3519 1681 3575 fidelitate
1735 3519 1886 3574 ducis
1931 3519 2108 3589 palam

532 3622 870 3668 avertuntur.
903 3613 1103 3684 Sicque
1133 3629 1229 3683 per
1253 3627 1345 3668 sex
1379 3611 1491 3667 fere
1511 3627 1684 3668 annos
1729 3612 1850 3666 duci
1885 3611 2114 3666 rebelles

531 3719 632 3772 per
670 3705 880 3759 diversa
912 3705 1026 3758 loca
1056 3704 1321 3759 Calabria:
1349 3705 1416 3757 ah
1443 3705 1576 3774 ipsis
1609 3704 1842 3758 turbatio
1883 3702 2113 3772 plurima

533 3793 680 3846 facta
721 3803 823 3847 est.
869 3793 1015 3846 Istud
1062 3794 1151 3848 hic
1197 3794 1542 3848 inscribimus
1593 3803 1653 3847 ut
1698 3803 1929 3848 caveant
1979 3809 2118 3862 pra-.-

539 3883 633 3936 lati
678 3883 780 3938 sibi
820 3883 1064 3940 subditos
1102 3885 1284 3958 pravis
1331 3884 1596 3939 ministris
1647 3899 1677 3937 a
1729 3900 1827 3940 sua
1860 3883 2120 3940 fidelitate

539 3974 745 4030 divelli.

1125 4111 1351 4171 CAPUT
1391 4111 1550 4168 XLV.

1058 4245 1355 4299 Panormus
1386 4247 1611 4317 capitur.

614 4358 730 4412 Dux
797 4357 962 4428 igitur
991 4359 1384 4412 commeatibus
1412 4367 1465 4412 et
1495 4359 1707 4414 caeteris
1739 4375 1859 4429 qum
1906 4357 2126 4430 expedi-

540 4447 674 4501 tioni
701 4448 1069 4515 congruebant
1097 4449 1372 4517 apparatis
1395 4488 1410 4513 ,
1444 4447 1687 4513 fratrem,
1721 4465 1880 4519 quem
1910 4449 2123 4520 praemi-

546 4548 715 4603 serat,
742 4540 1082 4602 subsecutus,
1119 4539 1260 4609 apud
1293 4540 1578 4603 Catanam,
1629 4541 1718 4595 ubi
1763 4558 1944 4596 comes
1973 4552 2120 4607 erat,

542 4630 694 4684 venit
724 4630 930 4700 fingens
964 4645 1022 4685 se
1067 4629 1286 4684 Multam
1338 4629 1665 4684 debellatum
1713 4631 1820 4696 ire,
1862 4632 2017 4702 quasi
2058 4632 2124 4687 de

543 4721 814 4778 Panormo
845 4710 1122 4786 difﬁdens;
1161 4721 1253 4776 sed
1285 4735 1314 4773 a
1345 4719 1516 4775 fratre
1558 4720 1893 4786 cohortatus,
1927 4737 2122 4791 magno

545 4812 817 4882 equitatu,
846 4829 967 4868 cum
1016 4815 1296 4869 navalibus
1337 4814 1687 4884 peditumque
1711 4815 1879 4883 copiis
1910 4817 1977 4869 ab
1999 4815 2125 4870 inde

546 4905 902 4974 progrediens
952 4905 1282 4961 Panormum
1329 4907 1511 4971 venit,
1552 4908 1620 4960 ab
1666 4906 1885 4962 Oceano
1936 4908 2122 4961 urbem

546 4992 776 5050 navibus
805 4991 1079 5057 obsidens,
1100 4993 1434 5066 fratremque
1460 4997 1712 5050 comitem
1742 4996 1811 5049 ab
1832 5011 1938 5049 uno
1962 4995 2128 5052 latere

548 5076 846 5147 statuens,
876 5083 991 5152 ipse
1038 5084 1105 5138 ab
1152 5084 1324 5138 altero
1377 5102 1543 5140 cornu
1607 5086 2023 5143 Calabrensibus
2074 5098 2126 5142 ct

549 5173 740 5230 Anulis
773 5187 960 5227 muros
989 5173 1174 5226 ambit.
1210 5173 1406 5230 Sicque
1426 5177 1666 5230 quinque
1710 5179 1976 5230 mensium
2022 5179 2127 5230 cir-

2214 3266 2353 3302 umnt
2379 3251 2596 3319 quwrile
2626 3264 2841 3318 regnum
2881 3247 2996 3312 Dei,
3027 3257 3072 3300 et
3101 3247 3279 3300 onmiu
3306 3245 3631 3314 adjiciantur
3658 3244 3790 3298 uobis

2215 3339 2409 3408 (Matii.
2440 3355 2514 3403 vt,
2544 3337 2655 3409 5'5);
2687 3336 2975 3392 ecclesiam
3004 3336 3362 3391 sanctissimae
3393 3334 3486 3389 Dei
3513 3335 3793 3405 genitricis

2219 3428 2416 3494 Mat-he,
2450 3445 2570 3499 quze
2604 3427 2906 3496 antiquitus
2935 3427 3410 3495 achiepiscopatus
3441 3423 3654 3487 fuerat,
3705 3424 3793 3478 scd

2219 3532 2345 3575 tunc
2379 3523 2444 3576 ab
2476 3521 2654 3590 impiis
2685 3519 2978 3574 Saracenis
3009 3518 3210 3573 violata
3242 3516 3501 3587 templum
3533 3517 3794 3585 supersti-

2220 3617 2387 3671 tionis
2444 3630 2632 3670 eorum
2685 3613 2826 3668 facta
2885 3621 3032 3679 erat,
3089 3627 3211 3667 cuin
3259 3625 3456 3680 magna
3512 3609 3796 3663 devotione

2221 3709 2493 3764 calliolicc
2549 3706 2955 3761 reconciliatam
3017 3706 3141 3759 dote
3167 3713 3222 3758 et
3258 3704 3598 3758 ornamentis
3629 3702 3798 3757 eccle-

2221 3801 2458 3856 siasticis
2510 3809 2726 3869 augent.
2786 3797 3300 3866 Archiepiscopum,
3354 3795 3445 3864 qui
3497 3795 3567 3849 ab
3623 3794 3798 3862 impiis

2223 3895 2464 3966 deiectus
2496 3893 2548 3946 in
2583 3907 2818 3962 paupere
2865 3891 3096 3946 ecclesia
3149 3889 3205 3942 S.
3255 3887 3498 3959 (Syriaci,
3553 3887 3799 3955 quamvis

2225 3987 2446 4042 timidus
2467 3985 2686 4040 natione
2710 3984 2931 4058 Graccus
2955 3967 3159 4037 cultum
3181 3978 3504 4035 Christianae
3529 3977 3801 4048 religionis

2223 4095 2321 4150 pro
2378 4092 2538 4149 posse
2611 4076 3038 4143 exsequebatur,
3106 4078 3428 4126 revocantes
3490 4067 3799 4122 restituunt.

2224 4169 2430 4225 Deinde
2462 4182 2588 4222 vero
2618 4165 2836 4220 castello
2867 4164 3102 4226 firmato,
3151 4170 3206 4216 et
3231 4162 3367 4213 urbe
3394 4173 3490 4227 pro
3522 4156 3663 4211 velle
3691 4169 3802 4218 suo,

2226 4261 2331 4315 dux
2362 4276 2482 4314 eam
2521 4259 2573 4312 in
2605 4273 2757 4312 suam
2788 4256 3172 4324 proprietatem
3211 4251 3471 4315 retinens,
3529 4259 3586 4303 et
3616 4247 3804 4300 vallem

2229 4352 2489 4413 Deminre,
2517 4359 2877 4418 czcteramque
2906 4361 3124 4400 omnem
3161 4341 3407 4397 Siciliam
3458 4339 3805 4410 acquisitam,

2230 4451 2284 4498 et
2315 4459 2414 4497 suo
2461 4440 2762 4509 adjutorio,
2816 4447 2872 4492 ιιι
2909 4437 3289 4508 promittebat,
3324 4447 3425 4486 nec
3459 4429 3600 4486 falso
3629 4428 3808 4500 acqui-

2234 4538 2480 4603 rendam,
2508 4533 2663 4587 fratri
2696 4532 2761 4586 de
2790 4547 2846 4585 se
2876 4529 3178 4584 habendam
3209 4523 3502 4581 concessit.

2795 4687 3023 4744 CAPUT
3053 4685 3236 4741 XLVI.

2781 4781 2936 4836 Serlo
3004 4780 3278 4833 occiditur.

2298 4901 2430 4957 Cum
2467 4900 2566 4954 ista
2597 4905 2878 4968 geruntur,
2919 4893 3072 4948 Scrlo
3124 4892 3266 4946 filius
3315 4889 3588 4956 Serlonis,
3648 4903 3811 4959 nepos

2234 4995 2486 5050 videlicet
2520 5003 2874 5058 utrorumqtte
2899 4985 3203 5058 principum
3257 4985 3519 5046 istorum,
3574 4982 3730 5050 cujus
3761 4983 3807 5034 itt

2234 5086 2662 5159 prmcedentibns
2697 5081 3024 5136 mentionem
3058 5077 3303 5142 fecimus,
3333 5075 3473 5145 apud
3522 5076 3809 5129 Ccrammn

2238 5180 2552 5230 morabatur
2600 5175 2666 5230 ad
2720 5173 2972 5226 tuendam
3023 5167 3356 5230 provinciam
3407 5168 3475 5219 ab
3509 5166 3812 5221 incursibus
