4010 5230
225 307 368 362 1155

1358 297 1674 355 HISTORIA
1717 298 1983 355 SIClTIA.
2009 327 2077 338 -ο
2117 296 2242 352 LIB.
2285 295 2370 352 III.

3342 289 3483 348 1154

237 413 524 472 dividenda
576 421 813 467 cesserat
847 432 859 465 :
908 425 973 464 eo
1019 411 1159 482 quod
1216 410 1302 465 hic
1366 412 1798 481 consanguineus
1825 415 1871 473 Λ
1901 426 2094 480 quens,
2121 411 2259 464 ultra
2294 409 2518 464 insidias
2545 409 2907 480 progreditur.
2938 408 3046 464 Illis
3077 419 3258 462 autem
3285 407 3352 461 ab
3392 407 3476 463 in-

219 523 414 562 eorum
441 516 592 569 erat,
639 516 868 573 uterque
911 511 1093 556 autent
1144 503 1372 558 consilio
1396 516 1450 559 et
1478 506 1646 558 armis
1671 518 1794 573 prec

220 595 434 651 bissimi
463 593 565 649 viri
596 602 772 648 erant.
801 592 1017 646 Arabici
1051 601 1229 645 autem
1259 593 1350 660 qui
1399 594 1540 662 apud
1559 602 1796 648 castrum

216 688 448 744 Joannis
483 688 855 749 morabantur,
887 685 1210 739 strenuitate
1247 683 1509 747 Serlonis,
1561 686 1685 754 quia
1717 685 1797 739 eis

219 779 276 834 in
329 779 518 833 multis
563 777 789 832 infestus
838 785 976 839 erat,
1011 776 1300 844 plurimum
1352 776 1792 840 initnicabantnr,

213 869 440 940 jugique
471 869 769 922 intentione
797 866 921 920 dolo
954 866 1034 920 vel
1071 866 1240 919 armis
1271 867 1483 920 ruinam
1511 867 1630 935 ejus
1679 881 1794 921 me-

221 962 383 1016 ditari
413 961 743 1014 nitebantur.
774 958 1079 1017 Saracenos
1104 966 1282 1010 autem
1305 956 1372 1010 dc
1399 957 1796 1026 potentioribus

219 1051 384 1106 castri
413 1049 636 1105 Joannis
662 1048 882 1102 nomine
926 1047 1138 1101 Brahen
1192 1047 1347 1116 (181)
1391 1062 1514 1100 cum
1547 1046 1795 1111 Serlone,

219 1151 281 1194 ut
305 1155 429 1195 eum
463 1140 672 1194 facilius
703 1141 997 1204 deciperet,
1034 1137 1211 1191 fmdus
1244 1137 1459 1201 inierat,
1501 1152 1798 1207 eorumque

220 1245 374 1284 more
411 1246 507 1299 per
533 1245 718 1284 aurem
751 1229 1065 1299 adoptivum
1103 1228 1348 1293 fratrem,
1382 1228 1520 1282 alter
1566 1229 1795 1283 alterum

220 1320 423 1374 factum
455 1321 692 1376 vicissim
724 1329 1058 1388 susceperat.
1086 1319 1180 1374 llic
1210 1333 1332 1373 cum
1360 1319 1648 1374 traditione
1671 1336 1796 1375 cum

218 1411 336 1464 suis
378 1412 678 1479 composita
727 1409 938 1463 Scrloni
993 1409 1254 1463 salutaria
1304 1409 1618 1464 munuscula
1673 1425 1794 1464 cum

220 1501 595 1556 amicabilibus
645 1501 826 1555 verbis
876 1501 1116 1567 mandat,
1145 1501 1287 1556 inter
1309 1517 1430 1570 qua:
1458 1503 1622 1556 etiam
1657 1502 1800 1555 intu-

217 1592 283 1647 lit
310 1593 409 1647 ista
437 1611 450 1646 :
490 1593 639 1648 Sciat
666 1593 982 1648 fraternitas
1017 1593 1254 1662 adoptivi
1288 1597 1390 1647 mei
1421 1595 1564 1663 quod
1599 1594 1689 1647 tali
1717 1593 1798 1646 vel

219 1681 314 1736 tali
339 1683 425 1736 die
447 1694 654 1752 septem
684 1685 1054 1737 tantummodo
1075 1683 1290 1739 Arabici
1315 1698 1383 1737 ex
1406 1685 1800 1739 deliberatione

1895 503 2047 558 sidiis
2070 502 2574 573 prorumpentibus,
2610 516 2732 555 cum
2775 502 2956 555 hostes
2989 516 3018 554 a
3050 509 3198 571 tergo
3225 497 3473 553 horribili

1895 607 2165 649 armorum
2197 593 2408 646 turbine
2446 593 2944 659 deprehenduntur,
2982 590 3136 646 Serio
3162 590 3474 645 decertandi

1896 684 2087 752 copiis,
2115 681 2210 737 sed
2260 691 2314 736 et
2360 681 2497 752 fugae
2543 682 2794 752 praesidio
2842 681 3105 736 dillidens.
3143 696 3264 734 cuin
3292 679 3479 751 paucis

1895 773 1986 843 qui
2017 787 2199 827 secum
2227 781 2406 835 erant,
2435 781 2666 840 petram,
2700 785 2822 840 quae
2855 772 2922 824 ab
2965 772 3080 836 ipso
3117 771 3203 824 die
3238 769 3483 824 Serloizis

1896 864 2038 916 dicta
2063 871 2167 922 est.
2213 878 2373 916 cursu
2420 862 2642 932 expetit.
2694 861 2807 927 Qua
2855 875 3098 921 ascensa,
3131 877 3160 915 a
3186 862 3348 916 dorso
3383 875 3482 930 pro

1897 969 2050 1008 muro
2074 954 2191 1022 ejus
2221 968 2372 1012 usus.
2403 955 2491 1008 ditt
2528 952 2741 1008 fortiter
2791 955 2883 1007 sed
2914 953 3057 1008 nullo
3082 954 3295 1007 aliunde
3326 955 3482 1008 auxia

1895 1045 1968 1100 Iio
2015 1047 2361 1111 adventante,
2405 1061 2674 1101 Incassum
2721 1046 3040 1110 dimicatttr;
3089 1062 3212 1100 nam
3261 1047 3481 1100 tandem

1896 1134 2178 1191 confossus
2211 1137 2478 1199 occubuit,
2512 1137 2793 1207 nullusque
2833 1152 2899 1192 ex
2939 1137 3190 1191 omnibus
3224 1139 3313 1206 qui
3347 1152 3471 1191 cum

1899 1229 2013 1298 ipso
2037 1238 2211 1294 erant,
2240 1231 2479 1300 exceptis
2511 1231 2716 1284 duobus
2747 1231 2834 1298 qui
2879 1231 3020 1284 inter
3044 1231 3308 1284 cadavera
3338 1243 3486 1283 mor-

1899 1330 2110 1374 tuorum
2159 1319 2538 1382 latitaverant,
2586 1321 2779 1374 evasit.
2845 1319 3068 1374 Scrlone
3120 1329 3478 1384 exenterato,

1900 1410 2181 1465 Sarraceni
2229 1425 2325 1466 cor
2377 1412 2690 1466 extrahunt.
2729 1412 2799 1468 Ut
2851 1414 3127 1466 audaciam
3181 1413 3316 1483 ejus,
3362 1429 3484 1482 qua:

1899 1503 2066 1558 multa
2098 1502 2294 1566 fuerat,
2324 1506 2692 1572 conciperent,
2732 1505 3030 1558 comedisse
3077 1505 3348 1559 dicuntur.
3381 1504 3486 1558 Ca:

1900 1595 2008 1665 pita
2059 1609 2188 1649 vero
2230 1595 2532 1649 occisorum
2582 1594 2634 1648 in
2682 1594 2920 1648 Africani
2955 1596 3066 1664 regi
3108 1596 3172 1649 ad
3222 1597 3483 1650 honorem

1903 1688 2140 1754 mittunt,
2173 1696 2229 1742 et
2253 1696 2412 1757 caput
2437 1685 2700 1750 Serlonis,
2744 1687 2913 1756 stipiti
2960 1687 3270 1756 impositum
3310 1697 3364 1741 et
3392 1703 3490 1756 per

211 1772 490 1842 iactantiae
521 1785 720 1830 terram
745 1784 890 1828 tuam
909 1775 1107 1829 debent
1127 1775 1426 1845 prredatum
1447 1776 1618 1830 adire.
1644 1776 1798 1842 Quod
1833 1769 1875 1827 Β
1902 1783 2108 1853 plateas
2138 1782 2286 1836 urbis
2311 1781 2564 1844 delatum,
2596 1796 2624 1834 a
2655 1780 2922 1834 clamante
2965 1788 3045 1834 est
3073 1780 3484 1850 pr:econizatutn

223 1865 385 1919 Serlo
415 1868 642 1922 audiens
675 1867 903 1921 ridiculo
932 1867 1132 1921 habere
1158 1867 1341 1937 erepit,
1372 1867 1657 1938 minusque
1694 1867 1796 1922 sibi

217 1959 588 2027 prospiciens,
641 1974 706 2013 cx
759 1958 954 2012 vicinis
1006 1957 1209 2012 castris
1263 1957 1535 2012 neminem
1587 1957 1689 2012 sibi
1742 1957 1796 2012 in

216 2052 478 2106 auxilium
517 2052 836 2113 arcessivit,
885 2052 980 2106 sed
1034 2049 1327 2104 terminato
1350 2049 1437 2104 die
1465 2050 1799 2106 inconsultus

215 2155 470 2198 venatum
503 2144 750 2199 secessit.
797 2143 970 2198 Porro
1001 2142 1217 2197 Arahici
1249 2143 1340 2213 qui
1374 2143 1551 2198 dolum
1583 2159 1799 2214 eumpo-

217 2245 467 2301 suerant,
495 2253 618 2291 cum
649 2237 1006 2308 septingentis
1036 2235 1299 2290 militibus
1343 2245 1398 2290 et
1443 2235 1650 2291 duobus
1680 2237 1802 2290 mil.-

216 2324 359 2380 Iibus
405 2326 642 2396 peditum
692 2328 758 2380 de
810 2326 1006 2381 Castro
1053 2323 1280 2379 Joannis
1329 2325 1598 2395 digressi,
1654 2325 1800 2379 haud

216 2417 403 2486 procul
436 2433 465 2471 a
505 2419 735 2474 Ceramo
763 2419 816 2472 in
841 2419 1041 2472 abditis
1070 2418 1206 2472 locis
1240 2418 1463 2472 insidias
1504 2417 1796 2483 ordinant,

217 2519 423 2578 septem
452 2510 846 2576 tantummodo,
893 2521 951 2564 ut
980 2510 1194 2565 Brahcn
1227 2509 1374 2580 (182)
1403 2507 1612 2564 Serloni
1643 2524 1796 2562 man-

217 2603 476 2666 daverat,
527 2602 724 2658 milites
779 2604 1130 2668 mandantes,
1170 2603 1260 2671 qui
1293 2601 1560 2664 Cerauno,
1617 2602 1796 2671 prxda

215 2703 398 2763 capta,
431 2693 710 2749 Serlonetn
738 2695 1053 2749 extrahunt.
1083 2694 1316 2760 Insurgit
1343 2693 1582 2755 clamor,
1615 2696 1683 2747 ab
1711 2695 1796 2746 in-

217 2786 355 2841 colis
383 2788 672 2856 provincia:
699 2787 1074 2853 tumultuatur,
1099 2803 1127 2840 a
1152 2787 1399 2852 Set-Ioue,
1425 2786 1513 2841 ubi
1544 2796 1796 2842 venatum

218 2875 377 2936 ierat,
412 2877 804 2932 tumultuantes
829 2879 980 2932 cives
1009 2878 1324 2939 audiuntur,
1351 2877 1443 2931 sed
1493 2877 1618 2947 quia
1650 2878 1796 2931 iner-

215 2965 322 3020 mis
352 2978 711 3035 processerat,
763 2971 1013 3024 nuntium
1051 2969 1191 3038 apud
1213 2967 1506 3023 Ceramum
1550 2970 1616 3023 ad
1647 2967 1798 3024 defe-

217 3064 381 3116 renda
412 3064 514 3117 sibi
543 3081 692 3118 arma
740 3080 973 3134 suosque
1025 3065 1334 3118 invitandos
1382 3065 1623 3128 mittens,
1660 3065 1793 3133 ipse,

214 3169 328 3223 quo
349 3154 554 3209 clamor
580 3157 830 3210 infestius
854 3156 1100 3225 urgebat,
1133 3155 1514 3210 sciscitaturus
1533 3155 1791 3224 quidnam

213 3255 384 3309 esset,
413 3248 774 3316 progreditur.
810 3249 878 3303 At
904 3249 1028 3302 dum
1055 3262 1083 3302 a
1106 3257 1311 3317 septeni
1338 3247 1599 3300 militibus
1616 3247 1792 3316 praeda

215 3337 406 3391 abduci
436 3340 659 3405 dicitur,
692 3355 842 3394 arma
872 3340 974 3394 sibi
1000 3339 1180 3392 delata
1206 3338 1534 3406 corripiens,
1561 3336 1796 3406 adoptivi

214 3426 392 3485 fraudi
439 3432 562 3503 plus
601 3435 907 3489 necessario
957 3431 1212 3490 credulus
1257 3431 1559 3502 improvide
1609 3431 1799 3485 subse-

1901 1871 2014 1940 ejus
2053 1886 2174 1926 esse
2221 1887 2250 1924 a
2291 1886 2397 1940 quo
2439 1886 2548 1941 prae
2573 1871 2781 1925 caeteris
2820 1869 3004 1925 Sicilia
3048 1870 3485 1940 impugnabatur,

1903 1966 2086 2019 hostes
2115 1963 2355 2018 devictus
2385 1963 2530 2016 nullo
2557 1962 2718 2016 simili
2748 1963 3068 2032 superstite;
3100 1961 3340 2017 Siciliam
3377 1977 3496 2016 sua:

1901 2057 2032 2112 sorti
2071 2057 2263 2112 amodo
2303 2055 2480 2110 facere
2510 2055 2655 2127 (183)
2697 2070 2990 2110 cessuram.
3030 2056 3162 2109 Cum
3207 2055 3306 2108 ista
3350 2054 3490 2124 apud

1900 2150 2222 2204 Panormum
2249 2148 2584 2219 principibus
2614 2149 2812 2202 nostris
2845 2148 3183 2211 nuntiantur,
3219 2148 3494 2201 exercitus

1904 2247 2046 2295 totus
2075 2239 2344 2292 turbatur.
2374 2238 2567 2293 Comes
2605 2237 2895 2291 amissiOne
2921 2236 3130 2303 nepotis
3164 2234 3489 2289 intolerabili

1901 2331 2085 2386 dolore
2111 2329 2553 2400 angebatur,an
2584 2343 2713 2382 vero
2744 2343 2773 2380 a
2805 2326 3053 2380 lamentis
3077 2324 3299 2379 fratrem
3333 2340 3489 2379 suum

1901 2435 2155 2477 coercere
2185 2422 2389 2480 volens,
2441 2418 2680 2473 dolorem
2731 2432 2886 2471 suum
2924 2415 3063 2468 virili
3121 2430 3269 2469 more
3307 2414 3494 2468 occul-

1902 2521 2017 2569 tare
2046 2511 2332 2567 nitebatur.
2367 2510 2622 2573 Feminis,
2658 2509 2851 2579 inquit,
2897 2507 3135 2562 lamenta
3164 2505 3489 2576 permittan-

1902 2614 2007 2667 tur,
2057 2621 2154 2659 nos
2208 2613 2385 2658 autem
2436 2603 2489 2656 in
2548 2602 2839 2657 vindictam
2891 2602 3059 2656 armis
3115 2600 3486 2670 accingamur.

1900 2698 2064 2769 Igitur
2110 2695 2234 2765 quia
2285 2693 2572 2761 sejunctim
2628 2694 2694 2747 ad
2745 2693 2973 2747 invicem
3026 2691 3242 2760 utrique
3290 2689 3490 2743 fratres

1900 2791 2128 2860 quisque
2165 2788 2277 2842 suis
2311 2786 2634 2840 utilitatibus
2672 2784 2872 2839 lucrari
2914 2783 3226 2846 studebant,
3263 2791 3493 2850 excepto

1901 2881 2042 2949 quod
2066 2894 2186 2933 eum
2211 2877 2622 2932 necessitatibus
2652 2875 3044 2936 incumberent,
3073 2879 3209 2927 alter
3231 2873 3297 2924 ab
3321 2872 3492 2923 altero

1901 2972 2158 3026 invitatus
2208 2969 2446 3024 vicissim
2498 2969 2596 3022 sibi
2655 2967 2722 3020 ad
2781 2967 3010 3021 invicem
3066 2963 3490 3019 succurrendum

1899 3069 2164 3126 venirent,
2185 3066 2308 3122 huic
2328 3065 2486 3129 libro,
2504 3065 2666 3118 alium
2693 3065 2994 3135 iuempturi,
3016 3063 3173 3116 finem
3203 3076 3486 3130 ponamus,

1905 3168 1962 3213 ιιι
1986 3161 2037 3212 in
2066 3157 2314 3226 sequenti
2344 3157 2410 3212 de
2438 3172 2763 3227 unoquoque
2794 3171 2933 3210 tntnc
2960 3155 3242 3223 St‘jUIlCllttl
3270 3155 3494 3206 iterum-

1904 3265 2009 3320 que
2034 3247 2382 3316 eonjunetim,
2432 3257 2589 3318 prout
2626 3248 2737 3316 ipsa
2779 3262 2864 3300 res
2902 3243 3343 3316 expostulaverit,
3379 3251 3494 3311 sty-

1908 3341 2015 3395 huu
2045 3340 2396 3396 alternemns.

1457 3827 1686 3902 Explicil
1714 3827 1843 3883 liber
1861 3824 2142 3882 secundus.

1333 4107 1695 4198 LIBER
1764 4107 2324 4196 TERTIUS.

287 4476 550 4544 Quoniam
585 4473 799 4546 quidem
827 4472 1023 4530 arduas
1060 4487 1147 4528 res
1184 4470 1468 4540 clarosque
1503 4469 1806 4541 triumphos

215 4574 442 4627 duorum
468 4585 774 4641 procerum,
795 4567 1073 4624 Guiscardi
1103 4566 1350 4620 videlicet
1378 4563 1551 4626 ducis,
1583 4562 1804 4618 Siciliae-

214 4678 322 4732 qne
350 4661 562 4716 cornitis
593 4660 830 4729 Rogerii,
853 4674 1000 4713 nunc
1025 4656 1330 4726 sejunctint,
1361 4669 1503 4708 nunc
1532 4668 1662 4708 vero
1687 4669 1810 4723 gre-

216 4755 404 4822 gatim,
455 4761 613 4823 prout
661 4750 839 4806 facere
889 4765 987 4804 nos
1028 4749 1325 4817 scripturas
1372 4746 1803 4816 repromisimus,

215 4846 491 4918 limpidior
524 4846 754 4914 poctria,
783 4842 831 4897 si
869 4851 1014 4896 esset
1065 4841 1207 4894 unde
1253 4838 1591 4895 :estuandum
1642 4836 1802 4903 foret,

215 4948 274 4992 ut
303 4951 386 4992 res
415 4950 534 5006 quae
562 4936 612 4990 in
645 4935 761 5005 ipso
791 4933 950 4987 nobili
982 4930 1238 4986 memoria
1267 4930 1492 4985 clarent.
1525 4928 1802 4984 nobilioris

214 5027 518 5096 philosophi
545 5040 719 5095 penna
749 5017 1269 5092 chirographizaret,
1299 5037 1365 5074 ne
1395 5019 1803 5090 limpidissimus

760 5115 1023 5138 -_:~_J.-‘.
1048 5114 1338 5138 nA-n:~:l...‘
1374 5111 1542 5138 βαίη-υ.
1557 5112 1769 5138 ἶ..ι...Ιιε-,

1908 4483 1998 4524 ces
2026 4467 2267 4536 liquores
2301 4479 2470 4534 usque
2507 4467 2862 4535 degustaturi.
2897 4467 3049 4524 Unde
3074 4476 3128 4522 et
3159 4467 3325 4523 lector
3350 4470 3498 4540 quis-

1909 4559 2032 4628 quis
2067 4558 2308 4612 historiae
2332 4559 2529 4612 seriem
2565 4561 2896 4627 perscrutari
2937 4572 3125 4624 tentat,
3174 4579 3279 4616 non
3311 4563 3498 4620 fallens

1913 4650 1982 4703 tia
2013 4648 2298 4703 verborum
2350 4659 2676 4714 commenta,
2727 4651 2820 4706 sed
2869 4654 3145 4724 pompales
3195 4657 3499 4722 triumphos

1912 4744 2386 4799 memorandorutn
2424 4745 2661 4800 virorum
2697 4747 2961 4801 attendat.
2991 4746 3121 4813 Quae
3167 4748 3311 4803 enim
3360 4751 3503 4804 inse-

1913 4846 2105 4892 runtur
2136 4853 2241 4893 non
2269 4853 2402 4893 mea:
2429 4838 2510 4893 vel
2543 4847 2645 4893 tua:
2676 4837 2842 4902 laudi,
2875 4841 2968 4895 sed
3017 4839 3230 4895 illorum
3281 4841 3370 4909 qui
3419 4841 3502 4894 fa-

1911 4929 2102 4983 ciendo
2129 4942 2400 4984 meruere.
2447 4928 2852 4983 subtitulantur.
2906 4931 3171 4997 Quoniam
3219 4945 3287 4984 ex
3328 4929 3507 4985 edicto

1911 5023 2168 5093 principis
2190 5031 2401 5092 tempus
2428 5019 2696 5077 scribendi
2719 5020 2989 5088 imminet,
3013 5027 3153 5092 quod
3190 5021 3512 5092 negligenda

1914 5115 2166 5138 L..-a-._.--
2197 5116 2372 5136 _-!_--..
2401 5121 2636 5134 _---a--_-
2678 5122 2748 5134 --Α
2807 5127 2824 5132 -
2859 5114 2872 5132 1
2907 5115 2930 5132 ιι
3005 5125 3015 5132 .
3263 5113 3276 5130 I
3403 5115 3414 5126 ο

2401 5121 2636 5134 --ι-Δ--..-
2678 5122 2748 5134 --Α
2807 5127 2824 5132 ι
2859 5114 2872 5132 Ι
2907 5115 2930 5132 Β
