4010 5230
519 278 665 338 1153

1037 430 1263 485 CAN"?
1305 431 1586 487 PRIMUM.

629 582 782 651 Apud
812 580 1182 636 Paterniouem
1209 594 1252 636 ct
1283 582 1571 638 .Vnznriam
1603 584 1815 638 castella
1841 586 1995 653 ﬁunt.

596 757 761 826 Igitur
781 756 1141 812 famosisimus
1165 758 1362 813 Siciliae
1388 758 1636 829 princeps
1662 761 1945 828 Rogerius,
1974 760 2112 818 duce

524 848 711 915 fratre,
762 848 1124 917 expeditione,
1171 861 1456 920 postquam
1506 850 1832 906 Panormum
1888 854 2111 923 adeptus

520 949 627 1005 est,
659 940 835 1001 solita,
864 955 892 992 a
923 938 1105 994 Sicilia
1153 957 1341 996 versus
1386 942 1692 997 Calabriam
1741 953 1797 999 et
1836 944 2107 1013 Apuliam,

525 1040 583 1086 ut
612 1046 738 1087 suas
761 1031 1021 1087 utilitates
1059 1043 1469 1102 exsequeretur,
1498 1035 1849 1104 digrediente,
1876 1038 1927 1089 in
1972 1036 2109 1091 Sici-

523 1127 588 1181 lia
620 1142 927 1193 remanens,
958 1128 1229 1183 exercitus
1276 1127 1576 1181 recedentis
1617 1125 1800 1181 fratris
1830 1127 2107 1181 minimam

520 1226 724 1285 partem
755 1218 991 1286 praemiis
1017 1225 1073 1271 et
1111 1216 1562 1287 promissionibus
1602 1214 1853 1283 iniciens,
1880 1231 1945 1274 ex
1975 1231 2106 1273 con-

520 1324 677 1362 sensu
701 1308 941 1379 ejusdem
979 1308 1132 1365 ducis
1179 1307 1281 1365 sibi
1332 1310 1574 1365 retinuit.
1617 1310 1965 1377 Siciliamque
2013 1312 2109 1366 de-

520 1397 724 1453 bellare
759 1414 821 1455 ex
863 1399 1015 1455 omni
1070 1410 1223 1470 parte
1268 1400 1607 1471 aggrediens,
1645 1400 1762 1469 jugi
1800 1402 2108 1456 incursione

522 1503 627 1542 non
654 1488 935 1544 minimum
966 1490 1261 1555 lacessivit,
1287 1498 1341 1544 et
1383 1490 1630 1559 quamvis
1676 1491 1936 1545 hactenus
1980 1493 2106 1545 dum

518 1580 573 1634 in
606 1580 689 1635 his
718 1596 837 1650 (pne
867 1582 1181 1651 acquirebat
1218 1596 1339 1635 cum
1388 1582 1558 1636 fratre
1590 1582 2008 1651 participaturus
2039 1583 2107 1637 ad

519 1670 736 1737 plenum
767 1680 986 1726 strenue
1015 1673 1204 1743 egerit,
1246 1688 1389 1727 nunc
1423 1681 1615 1728 cuncta
1645 1689 1765 1743 quae
1800 1675 2107 1743 acquireret

518 1775 627 1815 suae
657 1762 789 1815 sorti
819 1763 1013 1817 cedere
1051 1774 1255 1828 certus,
1286 1764 1437 1833 quasi
1484 1765 1566 1819 leo
1597 1765 1845 1820 esuriens
1887 1766 2109 1835 praeda:-

514 1867 621 1922 que
672 1851 897 1916 avidus,
942 1852 1142 1921 quietis
1192 1854 1510 1924 impatiens,
1561 1857 1741 1909 omnia
1789 1855 2102 1923 circumire,

514 1943 992 2013 periculosioribus
1020 1944 1269 2013 inemptis
1296 1945 1502 2015 primus
1528 1946 1740 2012 adesse,
1762 1946 1895 2001 nihil
1929 1947 2105 2003 inten-
2134 1959 2177 2018 Β

514 2042 682 2085 tatum
708 2032 1018 2102 relinquere
1046 2034 1375 2102 patiebatur.
1416 2036 1572 2090 Anno
1598 2035 1891 2092 Dominicze
1921 2036 2099 2091 incar-

513 2122 748 2176 nationis
778 2122 937 2187 1075,
968 2124 1072 2177 duo
1096 2124 1340 2189 castella,
1368 2140 1533 2180 unum
1556 2129 1696 2196 apud
1723 2126 2101 2184 Paternionem

511 2213 578 2265 {HI
610 2210 965 2266 infestandam
1006 2212 1296 2282 Catanam,
1346 2215 1491 2271 aliud
1543 2232 1671 2272 vero
1710 2217 2002 2273 Mazariam
2034 2219 2101 2273 ad

512 2300 883 2355 debellandam
906 2303 1241 2372 adjacentem
1269 2305 1601 2373 provinciam
1629 2306 1959 2363 firmaverat.
1983 2306 2101 2363 Dux

511 2406 664 2456 vero,
693 2408 722 2445 a
748 2391 933 2448 Sicilia
955 2394 1008 2448 in
1036 2393 1341 2451 Calabriam
1363 2398 1604 2465 veniens,
1632 2400 1771 2469 apud
1795 2398 2099 2454 Russanum

511 2482 751 2550 ejusdem
776 2485 1064 2554 provincia:
1087 2488 1276 2542 urbem
1299 2487 1605 2545 dolentibus
1632 2490 1887 2545 urbicolis
1908 2491 2103 2546 castel-

510 2572 622 2629 lum
654 2574 912 2631 firmavit.

1142 2743 1369 2800 CAPUT
1410 2745 1472 2800 ll.

869 2920 1191 2977 (Inisrardus
1224 2922 1501 2978 Salernum
1533 2923 1751 2980 obsidet.

582 3086 821 3145 Gisulqu
857 3102 986 3159 ergo
1016 3085 1390 3143 Salernitanus
1419 3087 1693 3158 princeps,
1727 3086 1894 3143 frater
1924 3086 2097 3159 Sigei—

507 3188 649 3251 guta:
677 3178 825 3251 (184)
875 3179 1060 3233 uxoris
1080 3177 1361 3233 Guiscartli
1386 3178 1563 3245 ducis,
1589 3193 1777 3234 omnes
1800 3178 2101 3233 maritimos

513 3269 660 3341 (185)
676 3272 851 3326 llnesa
871 3269 1094 3324 Salerno
1108 3284 1275 3339 usque
1296 3271 1360 3324 ad
1386 3278 1597 3340 portum
1629 3270 1718 3340 qui
1740 3268 1852 3326 Fici
1875 3269 2093 3333 dicitur,

506 3362 849 3430 Arecumque
875 3370 928 3415 et
959 3359 1016 3413 S.
1042 3359 1392 3430 Euphemiam
1415 3362 1495 3416 sui
1516 3360 1661 3431 (186)
1687 3359 1825 3429 juris
1857 3375 1975 3415 esse
2000 3373 2097 3413 vo-
2126 3341 2170 3402 C

505 3453 643 3519 lens,
666 3461 720 3509 et
741 3464 948 3525 partem
979 3470 1008 3507 a
1032 3454 1330 3509 Guiscardo
1356 3454 1540 3508 dietitn
1567 3454 1785 3524 pervadi
1819 3452 1968 3523 (187)
2002 3468 2097 3507 au-

507 3548 680 3611 diens,
714 3562 903 3602 versus
934 3546 1122 3601 ducem
1147 3546 1456 3602 inimicitias
1481 3546 1687 3617 injecit,
1710 3561 2010 3616 omnesque
2051 3546 2098 3601 ei

507 3640 843 3695 adhaerentes
874 3655 1009 3710 quos
1052 3656 1245 3711 capere
1289 3650 1501 3710 poterat
1539 3640 1879 3696 contumeliis
1918 3642 2102 3695 detur—

508 3744 667 3798 pans,
681 3740 876 3785 nostra:
898 3731 1039 3799 genti
1054 3747 1170 3786 sese
1184 3732 1396 3787 inimica
1406 3732 1448 3786 ri
1463 3748 1566 3787 non
1590 3732 1969 3787 abscondebat.
1984 3731 2100 3785 Dux

517 3832 697 3875 autem
720 3822 1068 3886 Guiscardus,
1086 3825 1177 3893 qui
1199 3825 1493 3878 amicitiam
1511 3824 1611 3878 sibi
1636 3824 1979 3893 promiserat,
1996 3824 2101 3893 pri-

515 3926 663 3965 mum
688 3912 901 3980 quidem
930 3914 1198 3982 patienter
1228 3914 1426 3980 ferens,
1457 3915 1647 3983 legatis
1668 3914 1743 3968 ait
1765 3915 1831 3969 ab
1855 3916 2090 3983 increpto

517 4001 801 4071 resipiscat
831 4004 1139 4058 convenire.
1171 4003 1239 4057 At
1268 4002 1356 4057 ubi
1393 4004 1540 4059 videt
1569 4013 1881 4075 conceptam
1913 4003 2091 4058 animo

515 4094 776 4163 principis
803 4094 1064 4150 malitiam
1103 4106 1307 4166 quanto
1340 4096 1458 4167 plus
1503 4096 1673 4152 lenire
1720 4097 1978 4159 tentabat,
2028 4111 2093 4152 eo

513 4184 746 4255 amplius
776 4186 830 4240 in
861 4184 1102 4242 deterius
1151 4200 1486 4253 excrescere,
1532 4185 1733 4242 fcedere
1768 4187 1910 4257 quod
1951 4187 2092 4242 inter

511 4289 606 4330 eos
639 4284 759 4330 erat
788 4276 1112 4344 renuntiato,
1152 4276 1451 4333 iuimicanti
1478 4277 1577 4333 sibi
1613 4277 1776 4332 etiam
1807 4277 1921 4348 ipse
1946 4277 2091 4332 inse-

513 4363 716 4419 dabiles
746 4364 1013 4421 amicitias
1036 4374 1210 4435 parat.
1246 4364 1351 4421 Sed
1373 4367 1502 4437 quia
1536 4367 1676 4421 inter
1709 4383 1767 4423 se
1818 4378 1873 4422 et
1909 4366 2099 4423 Ricar-

510 4456 636 4513 dum
662 4456 958 4528 principem
980 4456 1195 4513 Aversa:
1226 4456 1521 4512 inimicitia:
1541 4456 1923 4523 eﬂ'erbuerant,
1956 4459 2096 4512 veri-

510 4559 597 4604 tus
626 4567 693 4607 ne
729 4553 796 4607 ab
823 4551 940 4622 ipso
972 4550 1179 4607 Gisulfo
1223 4551 1509 4607 adversum
1555 4566 1614 4606 se
1656 4560 2089 4615 succurreretur,

511 4656 700 4708 pacem
730 4658 852 4697 cum
889 4643 1004 4714 ipso
1034 4643 1193 4709 fecit;
1240 4658 1348 4713 quo
1379 4643 1433 4697 in
1479 4642 1562 4697 sui
1602 4642 1929 4710 adiutorium
1973 4642 2095 4711 qui-

510 4734 737 4788 husdam
766 4735 1106 4805 pactionibus
1153 4735 1445 4800 conducto,
1472 4732 1755 4787 Salernum
1796 4732 1979 4788 multis
2006 4748 2097 4787 eo.

512 4825 615 4893 piis
643 4825 920 4881 obsessum
952 4828 1115 4881 vadit.

1129 5005 1359 5048 ιἾΛῐηῖΤ
1403 5006 1463 5048 ill

1381 278 1729 334 GAUFREDI
1772 278 2221 335 MALATERRA‘Z
2272 278 2577 335 MONACHI
2615 279 2967 335 EENEDICT.

3663 284 3799 341 ΗΕΒ

2135 402 2177 457 Α
2212 393 2381 459 patris
2411 392 2598 460 ipsius,
2631 394 2755 445 dum
2803 408 2895 446 eos
2940 395 3004 446 ad
3060 392 3453 464 subjugandum
3483 398 3586 453 sibi
3624 399 3799 470 impu-

2214 491 2423 549 gnaret,
2449 482 2789 536 exstiterant.
2827 484 2869 535 Δ
2891 484 3025 538 duce
3056 483 3265 540 invitati
3298 494 3355 539 ut
3388 487 3491 541 sibi
3543 487 3612 541 ad
3651 488 3799 543 obsi-

2213 567 2446 624 dendum
2473 570 2660 625 urbem
2687 571 2901 641 navigio
2922 573 3183 628 servitum
3210 575 3444 640 veniant,
3460 579 3798 645 potentiores

2214 662 2335 715 duci
2390 662 2627 717 locutum
2676 678 2744 717 ex
2797 678 3063 720 consensu
3112 666 3417 736 aliquorum
3463 669 3795 725 accelerant.

2213 753 2328 807 Dux
2354 754 2535 823 itaque
2559 755 2767 809 callidis
2797 757 3156 826 pactionibus,
3189 758 3233 813 si
3264 760 3586 826 assentiant,
3618 762 3666 817 si
3702 778 3802 816 au-

2214 856 2319 901 tem
2358 849 2702 914 dissentiant,
2738 851 2898 905 minis
2931 853 3184 907 terrendo
3228 862 3523 919 attentans,
3577 856 3795 909 tandem

2210 938 2275 991 ad
2304 938 2819 995 conftetterationem
2851 942 3129 1013 compulit,
3155 955 3212 998 ut
3238 945 3283 999 si
3313 956 3503 1000 contra
3523 945 3796 1001 Gisulfum

2211 1034 2511 1093 tuerentur,
2570 1039 2680 1084 tota
2742 1030 2898 1086 Mall'a
2952 1031 3027 1085 illi
3075 1032 3353 1102 subiugata
3408 1035 3798 1090 luereditaliter

2210 1114 2587 1171 fwtleraretur.
2618 1118 2761 1173 Duce
2796 1135 2923 1175 vero
2956 1135 3158 1186 onmta,
3207 1133 3267 1177 ut
3304 1125 3654 1193 expetebant,
3678 1141 3800 1194 pro.

2209 1204 2497 1270 mittente,
2553 1217 2705 1281 parte
2759 1211 3031 1266 exercitus
3082 1213 3151 1265 ad
3196 1214 3552 1268 obsidendum
3606 1217 3794 1269 urbem

2208 1302 2419 1365 relicta,
2449 1301 2707 1372 reliquam
2738 1320 2922 1360 secum
2957 1304 3180 1369 ducens,
3229 1322 3352 1360 cum
3382 1306 3517 1376 ipsis
3546 1308 3641 1376 qui
3672 1308 3795 1361 inde

2208 1404 2491 1461 venerant,
2521 1398 2663 1467 apud
2686 1397 2899 1454 Malfam
2937 1400 3107 1463 vadit,
3137 1399 3325 1456 urbem
3358 1398 3460 1453 sibi
3505 1413 3536 1451 a
3589 1398 3796 1453 civibus

2208 1485 2557 1541 deliberatam
2599 1491 2844 1559 suscipit,
2893 1500 3128 1561 quatuor
3155 1492 3370 1547 castella
3426 1493 3478 1546 in
3525 1505 3594 1546 ea
3645 1488 3793 1553 fecit,

2208 1577 2470 1633 militibus
2515 1579 2629 1635 suis
2676 1583 2885 1649 munit;
2937 1584 3061 1639 inde
3088 1599 3210 1639 cum
3255 1585 3436 1638 multis
3467 1584 3796 1638 Malfatanoo

2207 1683 2327 1723 rum
2350 1672 2521 1741 copiis
2543 1671 2829 1728 Salernum
2876 1674 3037 1730 redit.
3072 1675 3164 1731 Sic
3197 1677 3507 1731 deterrebat
3552 1676 3799 1731 Nalfata-

2209 1775 2327 1826 nos,
2353 1762 2397 1816 si
2430 1777 2622 1820 manus
2657 1763 2941 1823 Guiscardi
2978 1781 3194 1837 quoquo
3242 1768 3402 1823 modo
3446 1767 3709 1823 evaderet
3738 1770 3798 1821 ti-

2206 1867 2325 1909 mor
2349 1852 2563 1909 Gisulli.

2822 2013 3048 2070 CAPUT
3079 2013 3164 2070 IV.

2731 2163 3012 2221 Salernum
3046 2168 3254 2222 deditur

2277 2314 2394 2370 Dux
2440 2329 2570 2370 vero
2616 2314 2898 2371 navalibus
2949 2316 3300 2388 peditumque
3340 2318 3556 2387 copiis.
3602 2319 3700 2373 sed
3747 2327 3799 2372 et

2204 2408 2442 2477 equestri
2469 2408 2715 2463 exercitu
2743 2406 3029 2464 Salernum
3061 2410 3285 2477 vallans,
3317 2410 3591 2481 frequenti
3620 2413 3799 2466 incur-

2202 2498 2356 2554 sione
2392 2498 2747 2570 congrediens
2779 2499 3017 2570 undique
3066 2501 3407 2567 deterrebat;
3460 2504 3514 2557 in
3560 2512 3793 2557 tantum.

2203 2606 2310 2662 que
2335 2591 2547 2646 attrivit
2568 2601 2625 2645 ut
2655 2590 2800 2645 nullo
2826 2592 2973 2647 aditu
3001 2591 3067 2647 ad
3090 2593 3290 2647 victum
3315 2594 3787 2648 introducendnm.

2202 2696 2263 2737 se
2296 2680 2515 2751 suisque
2562 2682 2917 2751 negantibus,
2966 2690 3201 2750 patente.
3234 2691 3439 2736 tantam
3479 2681 3685 2737 famem
3718 2682 3793 2735 in-

2203 2786 2325 2829 esse
2346 2771 2583 2842 coegerit
2611 2781 2670 2826 ut
2696 2771 2861 2827 etiam
2889 2771 2974 2827 vel
2996 2786 3200 2837 mures,
3237 2772 3377 2828 sicut
3400 2772 3672 2828 relatione
3704 2788 3793 2827 eo.

2205 2877 2326 2916 rum
2351 2861 2441 2930 qui
2461 2869 2757 2931 praesentes
2769 2859 3058 2917 adfuerunt
3083 2860 3386 2927 didicimus,
3415 2876 3445 2915 a
3467 2862 3789 2931 quibusdam

2206 2952 2499 3007 introrsum
2529 2951 2756 3007 reclusis
2794 2951 3025 3007 comessi
3060 2951 3187 3007 sint.
3226 2952 3604 3022 Abagelardus
3641 2966 3785 3011 vero,

2204 3043 2347 3097 filius
2375 3041 2656 3097 llunifredi
2700 3042 2936 3107 comitis,
2988 3055 3157 3113 nepos
3202 3042 3452 3098 videlicet
3484 3042 3661 3104 ducis,
3699 3046 3787 3112 qui

2205 3132 2508 3197 Salernum,
2554 3142 2771 3203 propter
2800 3133 3110 3189 inimicitias
3130 3150 3265 3205 quas
3301 3150 3424 3190 cum
3455 3135 3598 3190 duce
3624 3136 3787 3190 babe-

2204 3225 2316 3291 bat,
2348 3234 2567 3295 pmpter
2615 3225 2984 3281 haereditatem
3028 3242 3148 3296 quas
3188 3228 3256 3281 ab
3290 3228 3407 3297 ipso
3444 3227 3783 3282 detinebatur

2203 3316 2327 3382 sibi,
2379 3317 2432 3370 in
2482 3316 2801 3386 adjutorium
2861 3316 3052 3373 Gisulli
3116 3318 3439 3383 introierat,
3505 3319 3783 3387 ingruente

2202 3406 2363 3472 fame,
2396 3408 2621 3464 Salerno
2648 3408 2785 3463 clam
2813 3410 2880 3464 de
2915 3418 3070 3465 nocte
3098 3409 3368 3479 digressus
3415 3411 3563 3479 apud
3596 3410 3654 3464 S.
3693 3409 3789 3465 Se-

2202 3500 2447 3554 verinam
2486 3484 2746 3555 Calabriae
2775 3500 2960 3556 urbem
2987 3501 3106 3556 duci
3138 3501 3364 3557 infestus
3394 3502 3511 3556 fieri
3538 3502 3781 3557 secessi;

2202 3591 2318 3645 Dux
2350 3600 2528 3646 autem
2560 3592 2612 3646 in
2646 3591 2883 3647 Siciliam
2924 3593 2992 3647 ad
3039 3591 3260 3648 fratrem
3291 3594 3536 3658 mittens,
3562 3605 3621 3648 ut
3647 3594 3783 3649 Aba-

2201 3684 2477 3755 gelardum
2525 3695 2773 3754 nepotem
2830 3687 2969 3756 apud
3021 3684 3080 3739 S.
3135 3685 3451 3740 Severinam
3499 3687 3779 3741 obsessum

2201 3778 2382 3844 vadat,
2411 3794 2514 3832 non
2556 3778 2827 3833 incassum
2874 3777 3166 3833 mandavit.
3192 3778 3309 3848 Ipse
3342 3794 3473 3833 vero
3504 3780 3659 3832 urbis
3682 3776 3781 3832 Sa-

2200 3866 2481 3921 lernitanze
2520 3867 2845 3923 infestationi
2887 3866 3152 3923 indivulse
3199 3870 3523 3939 persistens,
3567 3869 3781 3922 tandem

2204 3959 2270 4011 ad
2306 3958 2629 4013 deditionem
2660 3961 2865 4028 coegit;
2897 3957 3104 4014 Gisulfo
3132 3974 3281 4020 vero.
3308 3959 3433 4029 quia
3463 3958 3637 4013 frater
3668 3964 3783 4012 erat

2202 4066 2313 4107 sua
2341 4050 2687 4116 collateralis,
2720 4050 3010 4106 liberorum
3062 4050 3289 4106 fratrum
3339 4051 3630 4113 avunculo,
3660 4065 3787 4120 quo.

2201 4159 2414 4215 cunque
2442 4144 2602 4200 vellet
2627 4143 2857 4200 abeundi
2896 4145 3199 4201 libertatem
3245 4145 3426 4201 dedit:
3457 4147 3654 4201 urbem
3695 4160 3787 4198 au-

2202 4245 2309 4291 tem
2330 4252 2424 4291 sua
2462 4237 2513 4291 in
2543 4237 2743 4292 virtute
2767 4237 3030 4304 retinens,
3057 4238 3294 4295 castellis
3315 4248 3369 4294 et
3398 4238 3788 4295 munitionibus

2202 4346 2301 4402 pro
2331 4331 2480 4386 libitu
2522 4346 2619 4388 suo
2654 4332 2877 4403 aptavit.

2828 4507 3055 4564 CAPUT
3095 4508 3157 4563 ν.

2202 4635 2386 4692 Comes
2440 4640 2697 4713 Rogerius
2729 4643 3112 4769 Abagelgrrrfu‘m
3156 4643 3304 4713 apud
3366 4641 3431 4698 S.
3485 4643 3782 4699 Satrium

2879 4731 2909 4768 ο
2943 4731 3005 4768 sn
3026 4730 3054 4767 e
3081 4751 3095 4767 .

2879 4730 3095 4768 ουειαει.

2277 4864 2402 4920 Inde
2430 4876 2628 4935 quietis
2656 4873 2943 4937 impatiens
2971 4864 3224 4934 nulloque
3251 4865 3457 4928 labore,
3485 4867 3580 4921 ubi
3607 4866 3777 4938 aliqua

2204 4971 2328 5026 spes
2356 4954 2615 5026 cujusque
2662 4957 2795 5012 lucri
2849 4955 3257 5027 desaignabatur,
3308 4956 3602 5023 deficiens,
3649 4957 3779 5028 apud
