4010 5230
291 182 427 238 “37

1449 186 1770 245 HISTORIA
1806 187 2071 246 SICl‘LA.
2105 219 2173 229 —
2211 187 2334 242 ιλιι.
2377 186 2462 242 lll.

3398 187 3537 244 1133

287 309 564 355 certamen
591 295 958 367 provocando.
990 301 1114 352 dum
1153 299 1459 356 alternatim
1498 303 1709 360 fortiter
1751 320 1851 358 se»
1885 311 1930 367 Α
1961 301 2218 372 liogerius
2245 302 2384 371 apud
2415 299 2652 356 Siciliam
2699 299 2752 354 in
2799 298 3050 354 omnibus
3098 308 3316 355 strenue
3371 316 3534 370 agi-ns

287 403 463 458 peqne
490 387 851 459 congreditur,
895 388 1060 444 multa
1102 391 1302 446 militiae
1345 396 1692 464 congruentia
1733 411 1856 464 per-

287 489 502 546 petrata
529 490 675 534 sunt.
703 479 873 536 Porro
902 481 1010 536 dux
1040 482 1226 536 videns
1271 499 1330 538 se
1379 485 1554 539 minus
1585 486 1635 539 in
1669 489 1856 541 urbem

287 567 578 636 prolicere,
608 571 836 626 consilio
861 587 981 626 curn
1005 573 1118 627 suis
1145 573 1358 639 habito,
1390 575 1492 628 tria
1522 576 1740 630 castella
1767 577 1858 629 fir-

289 659 479 712 mavit.
511 657 684 714 Unum
714 659 920 731 llugoni
966 661 1186 728 Faloch,
1217 662 1446 718 alterum
1489 663 1751 718 Rainaldo
1793 665 1860 720 de

289 746 498 802 Simnla
543 751 608 804 ad
653 752 840 806 urbem
891 751 1252 807 infestandam
1302 754 1588 826 delegavit,
1642 757 1858 812 tertium

289 847 470 895 autem
492 841 751 898 l-lerberto
780 843 932 898 fratri
962 843 1286 916 ilugonis,ct
1309 845 1856 918 Custinobarbo(l88)

292 924 447 982 fratri
479 924 744 987 Rainaldi.
790 933 989 1005 Sicque
1031 937 1371 1005 expeditione
1405 939 1576 994 soluta
1611 942 1664 994 in
1709 944 1857 1011 Apu-

287 1016 418 1071 liam
449 1023 702 1085 secessit,
746 1025 834 1078 ubi
881 1041 986 1080 non
1019 1027 1186 1082 multo
1231 1039 1349 1097 post
1381 1031 1518 1098 apud
1546 1031 1772 1097 Cavam,
1806 1032 1859 1086 in

290 1109 525 1176 quodam
572 1127 859 1183 congressu
912 1114 1306 1174 ileremanuum
1357 1121 1606 1176 comitem
1638 1121 1859 1177 fratrem

287 1201 609 1272 Abagelardi
640 1206 1134 1278 capiens,Rogerio
1153 1209 1309 1264 fratri
1344 1211 1396 1265 in
1427 1214 1558 1267 turri
1593 1212 1857 1270 Melitensi

290 1298 673 1354 retrudendutu
725 1301 906 1356 mittit.
949 1303 1052 1370 Qui
1097 1303 1225 1359 dum
1267 1305 1320 1359 in
1366 1304 1592 1362 vinculis
1627 1308 1862 1364 obscuro

289 1405 513 1446 carcere
535 1392 890 1457 cruciaretur,
927 1395 1316 1464 Abagelardus,
1345 1395 1580 1452 fraterna
1616 1412 1860 1467 compas-

289 1479 441 1533 sione
488 1488 693 1546 tactus,
743 1483 1049 1552 pactionem
1089 1501 1211 1540 cum
1259 1486 1393 1540 duce
1443 1497 1501 1540 ut
1542 1488 1728 1542 urbem
1755 1487 1858 1543 sibi

293 1568 523 1623 reddens
583 1569 804 1626 fratrem
855 1573 1107 1643 recipiat,
1157 1572 1303 1628 facit.
1364 1575 1507 1629 Duce
1552 1576 1729 1646 itaque
1758 1577 1858 1633 hac

1961 394 2284 447 morabatur.
2321 391 2503 460 Neque
2532 391 2710 455 enim,
2743 389 2922 460 aliqua
2962 389 3315 445 delectatione
3362 404 3420 444 se
3454 407 3535 444 rc-

1963 483 2240 546 trahente,
2284 480 2526 536 hostibus
2570 480 2766 536 absens
2817 479 2936 534 fieri
2975 479 3299 549 patiebatur,
3341 480 3537 548 quippe

1960 587 2116 642 quem
2149 579 2382 641 egestas,
2415 571 2586 635 labor,
2636 570 2795 624 mina:
2839 570 3034 634 hostis,
3067 569 3354 623 imminens
3393 567 3538 638 jngis

1959 663 2285 726 decertatio,
2312 661 2535 732 vigilite,
2557 659 2639 715 vel
2669 661 2774 714 vita
2801 662 3047 730 asperior
3075 659 3144 714 ab
3171 659 3406 728 incmpto
3433 674 3535 710 non

1961 755 2329 819 deterrebant,
2357 755 2449 808 sed
2481 753 2661 824 potius
2687 763 2890 821 quanto
2914 751 3294 821 asperitatibus
3323 749 3536 819 quatie-

1962 846 2121 901 batur
2170 861 2235 900 eo
2262 845 2556 899 ardentiori
2597 843 2898 898 constantia
2933 843 3068 912 ipsa,
3117 842 3352 896 humano
3381 853 3534 894 more
3593 877 3597 880 .

1961 935 2142 989 animo
2189 949 2286 988 suo
2327 934 2532 998 innata,
2583 932 2962 987 dominationis
3001 931 3285 1002 cupidine,
3315 931 3531 986 vincere

1962 1041 2120 1095 quam
2166 1026 2305 1081 vinei
2343 1026 2636 1079 nitebatur.
2678 1023 2744 1078 Et
2790 1023 3036 1092 quamvis
3081 1022 3259 1075 omnia
3307 1021 3532 1091 cupiens

1961 1123 2127 1181 esset,
2160 1114 2454 1183 impensius
2487 1123 2665 1167 tamen
2694 1112 2808 1166 zelo
2831 1111 3065 1182 potiendi
3093 1111 3337 1166 Castrum
3366 1109 3529 1165 Joan-

1962 1205 2046 1260 nis
2098 1205 2414 1275 angebatur.
2441 1203 2595 1271 Quod
2634 1203 2680 1258 si
2729 1204 2959 1272 adeptus
3011 1202 3168 1265 foret,
3216 1201 3420 1256 sciebat
3470 1213 3530 1254 se

1962 1293 2116 1363 quasi
2149 1308 2248 1364 pro
2273 1293 2429 1347 firmo
2457 1293 2602 1362 (189)
2651 1291 2717 1345 ad
2769 1299 2935 1345 totam
2968 1290 3208 1346 Siciliam
3247 1305 3344 1359 pro
3375 1289 3528 1343 libitn

1961 1398 2060 1437 suo
2098 1383 2478 1437 ventilandam.
2525 1382 2640 1436 Tali
2705 1388 2956 1450 tantoque
3005 1380 3213 1452 urgenti
3259 1379 3530 1435 desiderio

1963 1487 2107 1527 anno
2155 1471 2427 1526 lncarnati
2478 1469 2638 1524 Verbi
2681 1468 2814 1524 i074
2861 1470 2915 1524 in
2974 1480 3155 1523 monte
3194 1468 3528 1524 Calataxibet

1963 1571 2198 1617 castrum
2222 1560 2476 1624 tirmavit,
2509 1559 2648 1628 quod
2688 1558 2947 1612 militibus
2974 1567 3027 1612 ct
3051 1557 3268 1627 reliquis
3287 1572 3406 1627 qua:
3437 1571 3528 1609 ne-

289 1657 581 1716 calliditate
613 1660 758 1715 illum
783 1663 1082 1719 deludcndo
1103 1664 1260 1721 ﬁdem
1285 1666 1464 1733 dante,
1489 1678 1546 1722 υι
1569 1645 1690 1724 cum
1715 1672 1854 1740 apud
1891 1657 1933 1716 Β
1960 1651 2192 1707 cessat-ia
2224 1659 2380 1703 erant
2411 1650 2688 1713 muniens,
2721 1649 2969 1703 Castrum
2998 1646 3220 1702 Joannis
3247 1645 3528 1702 infestissi-

289 1745 601 1817 Garganum
632 1750 875 1805 venirent
899 1793 914 1817 ,
946 1754 1023 1808 sic
1049 1755 1193 1809 enim
1221 1765 1456 1812 castrum
1481 1758 1748 1827 quoddam
1771 1759 1852 1814 di-

288 1838 537 1905 ccbazur,
561 1839 784 1895 fratrem
818 1842 918 1897 sibi
947 1846 1194 1912 captione
1215 1847 1440 1904 liberum
1471 1850 1748 1916 redderet,
1771 1851 1854 1906 ille

290 1930 561 1996 incautus,
613 1933 777 1988 verba
839 1947 1224 2006 argumentosa
1271 1941 1490 1995 minime
1537 1945 1853 2009 advertens,

290 2021 426 2074 urbe
453 2021 756 2091 digrediens
785 2024 906 2080 duci
929 2041 1046 2081 eam
1079 2027 1329 2090 reddidit,
1357 2031 1542 2097 sicque
1574 2047 1694 2085 eum
1740 2034 1856 2103 ipso

290 2108 678 2182 aliquantisper
699 2124 1061 2170 commoratus
1083 2115 1264 2170 fratris
1285 2119 1632 2175 redditiouem
1658 2121 1851 2176 frustra

289 2202 681 2273 suspicabatur.
706 2206 772 2261 At
795 2222 914 2264 curn
941 2207 1244 2264 Bussanum
1257 2221 1467 2267 ventum
1492 2221 1595 2276 est,
1614 2214 1855 2282 asperius

289 2310 414 2348 cum
441 2296 606 2360 duce,
647 2300 786 2365 quod
832 2300 1053 2354 nimium
1103 2301 1523 2370 protraheretur,
1551 2317 1852 2358 sermonem

290 2386 504 2452 habuit,
551 2402 736 2444 versus
779 2388 1110 2460 Gargautnm
1152 2393 1254 2446 iter
1281 2392 1544 2448 acceleret
1585 2394 1850 2448 hortatur.

291 2471 429 2529 Tum
457 2492 584 2531 vero
621 2477 727 2533 dux
757 2479 936 2535 dolum
983 2481 1186 2551 aperit,
1237 2481 1372 2535 infra
1400 2491 1605 2552 septem
1653 2484 1856 2538 futuros

290 2582 467 2624 annos
490 2585 549 2626 se
572 2571 697 2626 illuc
727 2588 831 2642 quo
863 2574 1076 2630 dixerat
1104 2591 1208 2628 non
1243 2575 1439 2630 iturum
1465 2576 1714 2631 asseruit.
1741 2577 1853 2642 ille,

289 2660 373 2717 sic
392 2661 684 2719 calliditate
705 2666 852 2721 verbi
875 2681 934 2722 se
955 2667 1375 2722 circumventum
1399 2668 1852 2736 animadvertam,

286 2752 580 2822 plurimum
614 2770 735 2809 cum
781 2757 914 2811 duce
944 2756 1253 2822 altercatus,
1304 2759 1443 2816 irato
1471 2759 1651 2814 animo
1677 2760 1852 2816 disce-

289 2844 444 2910 dens,
469 2845 522 2900 in
556 2846 802 2918 Apuliam
851 2859 1028 2904 castro
1058 2849 1115 2905 S.
1159 2850 1350 2920 Agadii
1401 2849 1686 2906 seditiosus
1733 2865 1853 2907 sese

285 2949 414 2992 cum
441 2937 552 3012 suis
577 2939 795 3009 recepit.

799 3081 848 3098 ”’
905 3083 1241 3149 ὈᾹῬῸΤῩΙ

287 3237 417 3293 Dux
459 3239 517 3296 S.
560 3239 858 3320 Severinum
900 3257 1186 3320 recuperat,
1230 3246 1411 3302 Castra
1445 3247 1502 3304 S.
1538 3249 1722 3320 Agadii
1749 3249 1858 3303 dux

759 3316 1140 3386 Abagefardum
1169 3321 1388 3373 obsidet.
1405 3336 1407 3338 ·

362 3457 480 3514 Dux
503 3458 685 3530 itaque
706 3461 884 3517 sciens
907 3461 1056 3518 illum
1090 3463 1155 3518 ad
1186 3465 1285 3520 hoc
1314 3465 1410 3520 niti
1438 3475 1494 3520 ut
1520 3475 1680 3522 totam
1708 3468 1854 3538 Apu-

290 3547 420 3602 liam
451 3565 638 3606 versns
658 3567 737 3619 se,
775 3569 872 3623 pro
898 3570 1076 3624 posse,
1109 3569 1466 3624 commoveat,
1494 3559 1731 3614 exercitu
1759 3575 1850 3614 ex-

289 3639 459 3694 citato
502 3641 649 3695 illum
696 3643 980 3714 insequens
1018 3647 1298 3702 obsessum
1344 3650 1514 3714 vadit;
1548 3651 1639 3704 sed
1677 3660 1856 3707 castro

289 3739 516 3798 natura,
567 3734 884 3800 munitione,
940 3735 1307 3794 defensalihns
1357 3740 1694 3806 firmissimo,
1733 3758 1853 3796 cum

288 3822 494 3877 diutius
542 3824 592 3876 itt
644 3829 997 3896 Oppugnando
1027 3831 1372 3899 persisteret,
1401 3831 1529 3902 ipsis
1575 3833 1664 3900 qui
1715 3819 1854 3888 intra

288 3922 448 3967 erant
467 3913 682 3970 fortiter
705 3919 1006 3986 agentibus,
1037 3921 1154 3990 plus
1179 3923 1372 3976 damno
1396 3940 1616 3977 suorum
1649 3935 1855 3993 peruir-

286 4004 520 4062 babatur
543 4024 704 4078 quam
727 4025 914 4065 versus
940 4024 1172 4067 castrum
1201 4017 1500 4084 proficeret.
1539 4017 1851 4087 Ahagelardi

287 4108 470 4151 autem
497 4099 561 4152 de
584 4101 874 4156 amissione
905 4103 1084 4157 fratris
1105 4105 1255 4158 dolor
1282 4106 1332 4159 in
1354 4106 1468 4160 dies
1486 4109 1850 4176 excrescebat,

289 4193 469 4258 neque
496 4189 726 4254 vincula,
751 4192 944 4262 quibus
968 4195 1132 4248 frater
1155 4198 1486 4262 arctahatur,
1517 4199 1686 4271 ipsum
1714 4199 1853 4254 haud

288 4295 448 4335 secus
498 4297 561 4336 ac
601 4282 746 4337 illum
772 4299 836 4337 ex
885 4287 1256 4351 recordatione
1299 4287 1582 4358 angebant.
1617 4288 1769 4344 Unde
1797 4299 1852 4344 et

291 4371 627 4442 frequentius
648 4390 805 4431 casus
829 4375 1010 4431 fratris
1030 4378 1355 4447 quibuslibet
1379 4381 1718 4448 pactionibus
1747 4397 1859 4435 me-

293 4463 490 4518 liorare
533 4475 831 4532 attentans,
883 4468 971 4521 vix
1019 4474 1231 4524 tandem
1279 4470 1511 4525 obtinuit
1561 4481 1651 4536 ut,
1682 4481 1859 4527 castro

290 4553 518 4619 reddito,
545 4553 766 4610 fratrem
790 4558 1078 4626 recipiens,
1100 4575 1206 4629 quo
1226 4569 1280 4614 et
1306 4562 1406 4616 sibi
1435 4562 1642 4626 liberet,
1667 4562 1858 4618 absce-

289 4642 417 4695 dere
446 4641 650 4698 liceret.
682 4643 878 4714 Sicque
900 4644 1064 4703 fratre
1093 4658 1310 4718 recepto
1344 4652 1546 4718 pariter
1577 4652 1858 4709 disceden-

291 4742 390 4797 tes,
416 4732 550 4786 mari
583 4742 930 4803 transmeato,
964 4739 1028 4793 ad
1063 4739 1443 4809 imperatorem
1472 4735 1852 4800 Constantino-

291 4824 584 4892 politanum
618 4836 913 4882 transeunt.
1309 4825 1311 4828 i

888 5001 1110 5061 carui:
1150 5003 1253 5061 vn.
1304 4967 1306 4969 ’

1957 1760 2102 1798 mum
2126 1744 2382 1798 redditur.

2539 1915 2622 1970 CA
2635 1914 2766 1969 f'U'f
2805 1916 2932 1970 Vlil.

2308 2066 2545 2137 Alricum’
2580 2064 2853 2120 Nicotrum
2883 2069 3172 2120 destruunt.

2027 2223 2268 2279 Africani
2317 2237 2446 2294 ergo
2484 2221 2790 2285 Sarraceni,
2836 2237 2864 2275 a
2895 2221 3097 2276 familia
3128 2221 3267 2292 regis
3297 2219 3525 2287 Tuuicrl,

1955 2330 2020 2370 ex
2049 2315 2164 2384 ejus
2210 2314 2413 2377 edicto,
2446 2313 2672 2368 navibus
2715 2327 2812 2380 per
2857 2325 3005 2366 mare
3051 2313 3344 2382 piratarum
3381 2327 3530 2366 more

1958 2405 2072 2460 vela
2117 2405 2292 2459 ventis
2337 2403 2740 2458 committentes
2764 2441 2778 2466 ,
2812 2402 3080 2455 maritima
3111 2402 3291 2456 littora
3342 2416 3530 2456 versus

1956 2495 2197 2550 Siciliam
2231 2504 2288 2548 et
2314 2493 2616 2549 Calabriam
2665 2492 2976 2546 insidiatum
3017 2491 3233 2546 vadunt.
3293 2491 3489 2560 Sicque
3511 2529 3526 2554 ,

1953 2582 2114 2640 Junio
2141 2598 2324 2638 mense
2356 2583 2409 2637 in
2440 2583 2619 2653 vigilia
2660 2581 2718 2635 Β.
2752 2582 2926 2645 Petri,
2975 2584 3113 2651 apud
3159 2581 3432 2636 Nicotrum
3463 2582 3530 2636 de

1955 2685 2114 2731 nocte
2141 2673 2355 2746 appulsi
2382 2674 2530 2729 cives
2564 2673 2808 2727 incautos
2835 2681 2890 2727 et
2919 2687 3029 2743 pra:
3064 2672 3259 2743 gaudio
3282 2671 3529 2726 instantis

1953 2766 2328 2831 solemnitatis,
2382 2767 2527 2830 vino,
2577 2778 2646 2820 ex
2705 2779 2854 2820 more
2921 2778 3214 2833 somnoque
3277 2773 3532 2833 gravatos

1953 2857 2654 2927 opprimunt,semisomnes
2667 2855 2800 2910 alios
2829 2855 3118 2925 perimunt,
3142 2854 3525 2922 alioscapiunt,

1959 2966 2104 3020 ipsos
2130 2951 2291 3006 etiam
2321 2964 2519 3019 pueros
2546 2965 2667 3004 cum
2697 2948 3012 3002 mulieribus
3035 2947 3289 3016 omnique
3317 2959 3470 3016 supp.
3488 2946 3530 2997 ι-

1960 3039 2123 3094 lectili
2145 3039 2363 3094 vehibili
2393 3039 2628 3108 praedam
2660 3037 2888 3092 navibus
2935 3035 3192 3090 inducunt
3217 3075 3233 3100 ,
3259 3050 3527 3090 casu-um-

1959 3147 2062 3202 que
2087 3141 2255 3187 totum
2284 3131 2530 3186 incendio
2554 3138 2984 3192 concremantes,
3010 3129 3212 3198 remige
3230 3127 3530 3182 accelerate

1959 3225 2012 3280 in
2043 3225 2210 3278 altum
2239 3225 2513 3278 recedunt.
2548 3223 2606 3276 In
2629 3221 2924 3275 crastinum
2959 3222 3088 3290 ripae
3101 3220 3330 3289 propius
3373 3233 3528 3273 acce-

1956 3314 2148 3369 dentes
2177 3327 2372 3382 pueros
2401 3320 2454 3366 et
2496 3311 2902 3366 imbecilliorem
2940 3309 3199 3364 familiam
3223 3308 3414 3362 amicis
3446 3321 3529 3360 re-
3557 3369 3560 3372 4

1957 3404 2164 3460 dimere
2187 3403 2509 3466 volentibus,
2536 3402 2710 3473 pretio
2735 3411 2978 3470 accepto,
3002 3401 3227 3456 navibus
3251 3399 3529 3466 cjicicntes

1957 3495 2153 3566 partim
2179 3505 2577 3558 exoneramur;
2614 3493 2874 3563 reliquos,
2907 3493 2998 3563 qui
3029 3487 3255 3558 alicujus
3283 3488 3528 3543 utilitatis

1960 3589 2300 3653 videbantur,
2357 3587 2659 3652 adducunt;
2711 3585 2896 3656 sicque
2925 3584 3039 3638 vela
3080 3571 3254 3637 ventis
3279 3581 3527 3636 commit-

1959 3687 2160 3744 tentes,
2195 3678 2402 3749 patrios
2450 3693 2608 3750 agros
2637 3678 2777 3733 unde
2823 3684 3082 3732 venerant
3134 3674 3240 3728 larti
3294 3677 3526 3728 revisum

1959 3770 2200 3825 tendunt.

2574 3901 2800 3960 CAPUT
2838 3903 2929 3960 IX.

2206 4058 2446 4128 Africani
2483 4059 2626 4129 apud
2663 4057 2958 4112 Mazariam
2987 4059 3262 4111 vincuntur

2030 4213 2192 4266 Anno
2242 4226 2372 4267 vero
2422 4211 2809 4267 incarnationis
2856 4209 3063 4266 Domini
3112 4207 3272 4273 1075,
3303 4207 3426 4276 quia
3473 4205 3526 4261 in

1893 4335 1939 4394 υ
1962 4304 2287 4372 praecedenti
2335 4318 2479 4358 anno
2515 4318 2613 4373 pro
2643 4302 2792 4358 libitu
2823 4303 2924 4394 sibi
2957 4301 3167 4355 favente
3191 4300 3329 4394 apud

1964 4404 2104 4446 trum
2133 4406 2391 4462 prospere
2418 4401 2756 4456 accurrerat,
2786 4391 2905 4462 plus
2941 4389 3245 4444 necessario
3278 4385 3526 4456 cupidine

1960 4485 2208 4539 avaritia:
2233 4483 2547 4549 insolentes,
2577 4485 2751 4540 simile
2789 4483 2890 4537 sibi
2916 4482 3137 4538 evenire
3163 4480 3361 4535 frustra
3391 4478 3525 4542 rati,

1960 4574 2190 4630 navibus
2212 4576 2455 4633 ascensis
2475 4590 2661 4631 versus
2681 4575 2921 4630 Siciliam
2956 4572 3230 4628 fortunam
3267 4579 3528 4625 tentatum

1960 4666 2252 4735 navigant,
2310 4665 2647 4733 insulamque
2699 4667 3177 4721 circumeunt-udo
3238 4672 3527 4728 tentantes,

1969 4757 2184 4812 tandem
2239 4758 2379 4827 apud
2421 4755 2709 4811 Mazariam
2759 4757 2968 4827 appulsi
2999 4766 3144 4811 sunt.
3176 4757 3420 4813 Navibus
3451 4757 3532 4812 di-

1965 4847 2133 4916 gressi
2161 4843 2350 4901 nrbcfn
2378 4859 2572 4914 magna
2597 4847 2646 4900 vi
2673 4855 3044 4918 oppugnantes
3071 4848 3403 4919 irrumpunt,
3449 4860 3532 4899 ca-

1961 4943 2132 4990 strum
2161 4945 2361 5001 autem,
2385 4937 2526 5003 quod
2553 4934 2692 4992 infra
2713 4947 2854 5002 erat,
2878 4937 3088 4992 fortiter
3111 4935 3535 5012 repugnantibus

1960 5039 2056 5090 per
2107 5036 2229 5082 octo
2273 5027 2387 5082 dies
2435 5023 2704 5082 obsident.
2747 5027 2940 5084 Comes
2977 5043 3136 5090 vero,
3168 5047 3266 5090 per
3301 5028 3534 5090 legatum
