4010 5230
556 311 692 368 1159

1393 298 1737 359 ΟΑΕΡΒΕΠΙ
1778 291 2221 352 MALATERRE
2266 289 2596 345 MONACHI‘
2626 287 2976 342 BENIZDICT.

3659 291 3796 344 “60

561 437 704 477 more
733 417 937 490 agendo
966 417 1138 472 victor
1157 414 1403 476 efficitur,
1437 411 1785 483 pluribusque
1809 405 2120 476 peremptis,
2153 405 2200 462 Α
2227 401 2458 454 vindicta
2500 398 2680 453 sanari
2725 398 2945 451 minime
2995 391 3246 466 poterat,
3307 397 3624 468 ampliorem
3675 402 3796 455 vin-

561 514 790 582 reliquos
817 509 1075 580 fugientes
1106 517 1380 561 extremos
1417 516 1659 572 quosque
1709 500 1763 554 in
1806 513 1956 552 mare
2001 511 2123 566 pro-

562 602 815 672 sequitur.
843 600 1050 653 Mazara
1079 597 1230 651 ducis
1254 595 1576 649 strenuitate
1603 593 1670 646 ab
1691 591 1844 644 hoste
1873 587 2122 656 eripitur.

559 691 933 747 Gemebuudus
980 703 1162 741 rumor
1208 701 1236 739 a
1281 686 1465 754 paucis
1494 684 1583 752 qui
1619 689 1905 737 evaserunt
1929 677 2125 732 Africa:

560 780 853 842 nuntiatur,
883 777 1065 845 sicque
1115 775 1357 830 rotabilis
1405 774 1614 828 fortmia
1660 772 1902 826 homines
1951 768 2125 838 primo

559 866 824 938 prosperis
853 866 1192 920 successibus
1251 863 1536 919 alludendo
1586 859 1795 918 illectos
1843 874 1936 930 spe
1981 858 2122 929 prio-

558 975 673 1014 rum
711 966 1000 1013 eventuum
1031 956 1284 1026 deceptos
1315 955 1458 1011 risit.
2077 968 2082 974 '

1179 1144 1403 1212 CAPUT
1434 1152 1499 1209 X.

731 1307 884 1379 llugo
915 1308 978 1362 dc
1005 1306 1187 1361 Gircea
1218 1307 1355 1378 apud
1381 1305 1638 1361 Catonum
1670 1305 1946 1360 occiditur.

622 1483 814 1537 Comes
845 1496 992 1544 vero,
1023 1479 1339 1550 quibusdam
1371 1478 1779 1533 uecessrtatihus
1809 1491 1866 1531 se
1893 1490 2124 1530 avocan-

556 1575 698 1629 tibus
726 1589 754 1626 a
781 1573 991 1633 Sit-ilia,
1019 1586 1208 1626 versus
1232 1569 1534 1625 Calabriam
1568 1569 1871 1639 digrediens
1890 1609 1904 1633 ,
1945 1566 2123 1636 l-lugo-

555 1682 674 1720 nem
704 1665 848 1736 (l90)
873 1665 936 1718 de
962 1661 1293 1728 Gircaea,cui
1315 1670 1531 1731 propter
1552 1661 1921 1714 strenuitatem
1963 1673 2122 1728 quam

2224 493 2420 548 dictam
2468 504 2743 564 expetens,
2792 506 2961 562 usque
3009 495 3076 547 ad
3122 492 3456 563 provinciam
3509 493 3798 549 Notensem

2223 584 2532 654 profectus,
2583 585 2655 638 ita
2704 583 2881 637 omnia
2928 580 3310 638 exterminavit
3354 594 3414 639 ut
3449 586 3618 640 etiam
3656 586 3801 654 ipsas

2226 691 2452 742 messes,
2485 687 2696 746 tempus
2719 677 2862 730 enim
2893 678 3102 730 tritura:
3143 677 3410 741 instabat,
3435 678 3562 747 quia
3606 694 3799 747 aspor-

2227 768 2327 822 lari
2355 784 2460 823 non
2501 776 2772 838 poterant,
2830 769 3044 838 penitus
3073 770 3195 840 igne
3229 771 3624 837 combusserit;
3656 773 3800 841 quod

2224 860 2386 914 etiam
2416 859 2615 929 passim
2648 875 2742 929 per
2763 859 2972 915 diversa
3009 860 3124 915 loca
3152 860 3350 917 Sicilia:
3384 863 3561 916 facere
3595 863 3802 920 addens

2226 950 2513 1004 maximam
2553 959 2847 1021 egestatem
2901 951 3018 1021 ipso
3060 967 3202 1006 anno
3243 953 3418 1007 cidem
3472 952 3666 1008 insula:
3715 954 3799 1006 in-

2226 1042 2393 1096 cussit
2422 1058 2437 1094 :

2294 1136 2544 1194 Nascitur
2571 1153 2698 1209 ergo
2725 1137 2893 1193 fames
2919 1153 3041 1210 quia
3067 1138 3281 1194 sustulit
3308 1139 3441 1196 ultio
3468 1154 3658 1212 panes.
3749 1165 3752 1168 θ

2835 1333 3060 1390 CAPUT
3099 1333 3188 1390 XI.

2401 1492 2622 1548 Tmolos
2645 1494 2935 1550 obsesstone
2963 1495 3032 1548 ad
3053 1494 3366 1549 deditionem
3395 1496 3623 1566 cogitur.

2227 1668 2383 1722 Anno
2406 1668 2566 1724 Verbi
2589 1668 2860 1726 lucarnali
2899 1678 3172 1726 transacto
3196 1671 3512 1738 millesimo,

555 1757 817 1819 habebat,
861 1771 982 1809 nam
1025 1764 1079 1809 et
1121 1753 1360 1822 prteelari
1409 1753 1619 1824 generis
1658 1767 1688 1806 a
1727 1750 2119 1806 Cenomanensi
2152 1737 2197 1796 Β
2224 1758 2555 1829 Adjectoque
2576 1775 2738 1829 super
2765 1758 2910 1814 mille
2937 1761 3134 1830 septies
3160 1762 3466 1825 undecimo,

553 1847 826 1918 provincia
853 1855 1001 1910 erat,
1039 1855 1206 1900 totam
1237 1845 1384 1916 (191)
1416 1844 1732 1900 servandam
1763 1843 2004 1898 Siciliam
2031 1843 2124 1898 de-

555 1940 771 2009 lrgavit,
802 1937 1127 1992 interdicens
1170 1952 1262 2000 ne,
1297 1937 1340 1990 si
1398 1935 1716 1998 Bernarvet,
1750 1935 1872 2004 quia
1918 1934 2123 1988 vicinus

556 2029 657 2083 sibi
687 2027 970 2098 Syracusis
997 2026 1336 2089 morabatur,
1366 2025 1594 2092 aliquem
1636 2025 1906 2078 incursum
1937 2037 2124 2076 versus

557 2139 615 2176 se
643 2123 873 2186 faceret,
910 2120 1132 2175 callidas
1161 2118 1276 2188 ejus
1305 2118 1569 2174 versutias
1599 2131 1796 2172 cavens
1817 2157 1831 2179 ,
1863 2131 2122 2185 nusquam

555 2215 689 2269 urbe
719 2213 1052 2284 digrediens,
1090 2213 1298 2266 hostem
1346 2202 1782 2280 persequeretur.
1827 2206 1932 2261 Sed
1967 2207 2122 2276 juve-

556 2306 678 2360 nilis
704 2307 917 2360 auimus
943 2303 1133 2358 militia
1164 2303 1410 2367 fervens,
1434 2310 1490 2356 et
1535 2301 1706 2355 laudis
1747 2299 1952 2362 avidus,
1982 2299 2124 2368 quod

555 2396 656 2453 sibi
703 2396 1044 2451 interdictum
1096 2403 1214 2449 erat
1275 2394 1455 2448 minus
1498 2408 1722 2447 servans
1771 2393 1836 2447 ad
1879 2393 1980 2447 hoc
2029 2390 2123 2445 uiti

553 2488 718 2558 cmpit
737 2498 795 2542 ut
813 2495 936 2540 ante
959 2486 1186 2541 reditum
1215 2485 1428 2561 comitis
1451 2484 1665 2554 aliquod
1695 2483 1870 2539 nobile
1896 2482 2122 2547 facinus,

554 2579 694 2633 unde
723 2579 1008 2633 militarem
1035 2576 1244 2630 laudem
1270 2585 1588 2639 mereretur,
1605 2583 1957 2644 perpetraret.
1976 2572 2126 2628 Unde

551 2677 610 2722 et
640 2666 892 2722 Trainam
931 2681 1099 2734 usque
1149 2666 1532 2737 progrediens,
1579 2663 1872 2718 Jordanum
1915 2661 2126 2718 comitis

553 2757 723 2812 ﬁlium
749 2773 870 2812 cum
896 2755 1145 2811 familiari
1188 2755 1376 2810 militia
1406 2755 1619 2810 comitis
1657 2769 1839 2810 secum
1867 2752 2125 2808 Catanam

553 2849 796 2902 adduxit.
823 2847 990 2902 Porro
1019 2847 1334 2914 Bernarvet,
1366 2860 1558 2916 magno
1584 2845 1874 2900 electorum
1900 2845 2125 2900 militum

553 2939 794 2994 exercitu
827 2948 1152 3008 congregato
1179 2937 1244 2992 de
1269 2945 1426 2991 nocte
1447 2937 1728 3000 accedens,
1761 2936 1900 2990 haud
1944 2934 2127 3006 procul

555 3045 584 3083 a
612 3028 816 3082 Catana
845 3029 898 3081 in
933 3028 1130 3082 abditis
1161 3027 1292 3083 locis
1323 3027 1531 3082 insidiis
1561 3027 1877 3090 occultatur,
1910 3027 2124 3097 triginta

557 3214 736 3261 tamen
770 3206 1036 3262 excitatos
1070 3205 1280 3276 longius
1305 3209 1370 3263 ab
1393 3208 1525 3263 urbe
1553 3209 1948 3278 protrahereut.
1974 3205 2124 3276 [Iugo

553 3311 686 3353 vero
714 3309 766 3352 et
789 3296 1079 3361 Jordanus,
1111 3298 1297 3353 militia
1345 3298 1648 3364 ferventes,
1689 3312 1818 3351 suos
1843 3297 1911 3352 ad
1950 3308 2124 3352 certa-

557 3402 680 3440 men
709 3389 1073 3453 cobortando,
1104 3391 1237 3445 urbe
1284 3405 1406 3444 cum
1457 3404 1650 3459 magno
1700 3389 1902 3458 impetu
1943 3389 2122 3459 digre-

557 3479 809 3543 diuutur;
847 3479 1174 3550 trigintaque
1198 3480 1402 3536 electos
1432 3480 1628 3535 milites
1667 3481 1888 3536 insidias
1927 3496 2124 3550 specu-

557 3567 727 3621 latqu
765 3568 1073 3634 mittentes,
1125 3570 1223 3640 ipsi
1261 3570 1525 3625 incautius
1553 3570 1759 3639 insequi
1801 3569 2120 3625 accelerant.

556 3655 728 3710 Porro
767 3657 1094 3725 speculatum
1127 3658 1552 3728 praecedentibus
1589 3657 1766 3713 locum
1809 3659 2124 3714 insidiarum

559 3747 910 3818 transgressi,
959 3747 1082 3801 dum
1133 3762 1162 3800 a
1217 3747 1665 3816 subsequentibus
1707 3762 1878 3818 usque
1903 3762 2127 3817 perven-

557 3844 672 3887 tum
720 3843 833 3899 cst,
885 3834 992 3895 illi,
1043 3836 1110 3887 ab
1153 3833 1363 3890 insidiis
1409 3849 1844 3907 prorumpentes,
1881 3837 2126 3894 hostibus

557 3923 801 3978 horribili
834 3924 1046 3978 turbine
1072 3924 1376 3994 insurgunt.
1404 3924 1586 3994 Itaque
1610 3927 1699 3996 qui
1723 3937 2123 3997 pratcesserant,

561 4003 790 4069 insidias.
814 4029 843 4067 a
876 4024 1024 4084 tergo
1051 4014 1312 4080 videntes,
1340 4029 1442 4069 nec
1467 4015 1534 4068 ad
1571 4031 1727 4081 suos,
1760 4017 2002 4071 hostibus
2041 4017 2124 4070 in-

562 4106 864 4176 terpositis,
928 4106 1136 4176 regredi
1192 4121 1379 4176 posse,
1426 4105 1803 4163 Paterniouem
1862 4107 2127 4178 fugientes

555 4197 810 4252 evadunt.
863 4195 1042 4252 Nostri
1078 4213 1206 4252 vero
1238 4198 1362 4251 dum
1399 4199 1610 4253 fortiter
1663 4199 1914 4268 congredi
1946 4199 2126 4254 nitun-
2157 4179 2165 4189 ’

557 4301 664 4354 tur,
715 4289 866 4359 llugo
912 4289 1125 4344 comitis
1179 4303 1345 4360 gener
1397 4304 1520 4345 cum
1570 4289 1813 4360 pluribus
1839 4289 2123 4355 occiditur;

2152 3075 2196 3134 ϐ

556 3115 817 3171 militibus
845 3115 1100 3171 Catanam
1131 3132 1301 3187 usque
1328 3118 1621 3188 pra'missis
1653 3116 1742 3186 qui
1782 3131 1874 3171 eos
1909 3117 1974 3169 ad
2003 3131 2123 3171 cer-
2153 3114 2196 3136 “

2226 1848 2630 1918 Expeditionem
2661 1859 2834 1904 movet
2856 1865 3038 1906 comes
3067 1865 3250 1906 mense
3274 1850 3467 1906 Madio.

2225 1935 2398 1992 Naves
2426 1937 2541 1992 vela
2574 1939 2705 1994 dant
2738 1955 2836 2009 per
2860 1955 3046 2009 aequor
3071 1939 3397 2010 suffragante
3430 1942 3696 2014 zephyro.

2224 2025 2356 2081 .Era
2383 2038 2596 2094 sonant,
2626 2030 2963 2085 buecinando
3001 2043 3194 2102 pontus
3220 2034 3425 2102 plaudit
3460 2035 3657 2102 jubilo.

2223 2114 2427 2170 Classis
2455 2119 2633 2188 magni
2661 2120 2949 2175 Alexandri
2977 2137 3082 2175 non
3115 2121 3260 2192 (I92)
3295 2124 3394 2178 hac
3423 2124 3730 2193 pulchrior.

2223 2207 2367 2262 Aura
2398 2209 2536 2264 ridet
2560 2225 2680 2264 cum
2707 2208 2943 2276 fortuna,
2975 2213 3142 2282 pubes
3177 2214 3371 2282 gaudet
3402 2213 3620 2268 bellica.

2224 2300 2560 2354 Citharizant
2589 2302 2655 2354 ad
2684 2301 2786 2357 hoc
2815 2303 2978 2370 docti,
3012 2314 3267 2359 resonant
3292 2316 3349 2359 et
3381 2316 3666 2376 tympana.

2226 2391 2449 2449 Trablas
2505 2394 2652 2466 (I93)
2699 2407 2826 2466 ergo
2872 2406 3238 2468 oppugnatum
3272 2438 3287 2464 ,
3355 2399 3431 2452 nil
3478 2407 3803 2453 tumescunt

3534 2489 3798 2559 [uulnera

2227 2574 2332 2629 Sed
2366 2575 2698 2631 transcendit
2729 2577 2974 2644 equitatu
3008 2591 3192 2633 comes
3223 2576 3402 2633 fronte
3426 2577 3654 2642 bellica,

2226 2662 2484 2718 Montium
2529 2663 2936 2736 scopulosurum
2968 2666 3070 2719 ima
3092 2707 3106 2732 ,
3137 2667 3251 2721 sive
3279 2667 3478 2731 ardua,

2226 2755 2814 2826 Bellicosrejuventutis
2836 2757 2999 2812 tnulta
3040 2757 3204 2813 fultus
3237 2760 3409 2828 copia.

2225 2848 2456 2918 Clypeos
2480 2864 2616 2904 auro
2645 2847 2930 2919 fulgentes,
2954 2861 3009 2904 et
3037 2849 3378 2919 splendentes
3401 2850 3591 2918 galeas

2229 2941 2318 2996 Sol
2352 2958 2473 2997 cum
2499 2942 2688 3011 tangit,
2722 2941 3024 2997 intuentum
3052 2942 3220 2998 aciem
3249 2943 3583 2999 reverberat.

2230 3033 2434 3089 Montes
2461 3048 2649 3090 omnes
2677 3033 3058 3102 splendescunt
3084 3049 3244 3105 super
3273 3034 3414 3090 clara
3445 3037 3650 3091 sidera.

2228 3123 2360 3189 Equi
2403 3121 2674 3190 fremunt,
2707 3125 2835 3178 dant
2881 3124 3157 3192 hinnitus,
3202 3141 3356 3196 teque
3397 3126 3550 3197 (l9t)
3593 3135 3797 3181 montes

3499 3213 3792 3286 [resonam

2226 3303 2395 3371 “ille,
2424 3304 2585 3362 flante
2611 3320 2743 3360 aura
2781 3305 2906 3372 levi,
2933 3307 3126 3362 vexilla
3154 3307 3539 3363 subventilant.

2227 3395 2456 3452 llorrido
2487 3407 2705 3467 aspectu
2738 3399 2872 3455 satis
2897 3415 3086 3456 versus
3109 3397 3332 3455 Trablas
3361 3412 3676 3471 preperant.

2229 3487 2420 3544 llostes
2468 3489 2682 3555 vident,
2732 3489 3124 3545 exhorrescunt
3167 3490 3309 3546 hanc
3361 3506 3644 3546 armorum
3709 3507 3797 3545 ne-

3570 3583 3790 3656 [bulam

2227 3669 2417 3735 Terra,
2440 3680 2604 3740 ponto
2633 3683 2824 3727 sonant
2852 3673 3012 3740 tubte,
3038 3682 3097 3729 ut
3128 3683 3328 3728 metmn
3355 3674 3646 3730 incutiant.

2225 3759 2442 3816 Clantor
2472 3777 2638 3832 usque
2660 3764 2852 3819 caelum
2881 3765 3088 3835 pulsat;
3121 3765 3300 3819 hostes
3323 3764 3460 3819 infra
3489 3766 3757 3834 trepidant
3781 3781 3796 3819 :

2225 3849 2426 3908 Urbem
2485 3853 2689 3908 vallant
2728 3853 2874 3926 (195)
2928 3856 3349 3926 circumquaque
3399 3870 3665 3926 aequore,
3718 3856 3797 3909 vel

3607 3947 3656 4019 [a
3666 3948 3797 4002 rida.

2227 4033 2412 4090 Nautze
2441 4036 2573 4092 velis
2591 4037 3002 4104 obumbrantur,
3036 4046 3193 4094 teme
3224 4038 3391 4110 figunt
3422 4040 3714 4098 anchoras.

2227 4127 2479 4198 Equitum
2510 4145 2636 4199 pars
2667 4130 2873 4185 frontes
2903 4131 3092 4196 ctedit,
3132 4147 3257 4198 pars
3291 4131 3463 4201 figunt
3495 4124 3746 4187 tentoria.

2226 4218 2430 4274 Crebro
2455 4229 2681 4274 currunt
2725 4221 2790 4275 ad
2821 4232 3131 4286 certamen,
3174 4221 3387 4276 fortiter
3428 4224 3796 4293 congreditur.

2224 4309 2410 4364 'llostis
2439 4310 2588 4365 nisus
2609 4325 2928 4382 repugnare,
2950 4313 3236 4381 plurimunt
3262 4313 3608 4368 concluditur
3629 4314 3793 4382 (196).

555 4381 824 4474 “uliginis
857 4388 1056 4474 θυιεηξν
1078 4380 1454 4474 λιξοεῑοειίυιτθ
1484 4396 1603 4474 ηοηᾴ
1626 4381 1832 4446 Valens:
1853 4396 1972 4436 cum
1997 4395 2128 4450 1³³³⁸
2157 4408 2203 4467 1)
2229 4399 2422 4455 Castro
2469 4401 2643 4456 luctus
2674 4380 2812 4472 post
2848 4380 3147 4469 certamen,
3177 4404 3378 4458 nostris
3415 4403 3533 4474 lyra
3560 4380 3790 4460 additur.

557 4475 637 4526 eis
679 4471 942 4525 Catanam
988 4471 1239 4525 elabitur.
1271 4471 1567 4527 Bernarvet
1593 4472 1743 4530 laetus
1787 4490 1909 4530 cum
1943 4474 2128 4544 spoliis

560 4561 902 4634 Syracosium
930 4563 1252 4633 regreditur.
1283 4562 1478 4619 Comes
1504 4565 1682 4635 itaque
1715 4583 1984 4622 rumorem
2030 4570 2128 4623 hu-

554 4655 851 4724 juscemodi
883 4670 980 4724 per
1005 4655 1234 4725 legatum
1255 4670 1586 4724 cognoscens
1613 4657 1842 4712 reditum
1867 4660 2130 4716 accelerat

561 4739 910 4815 exercituque
939 4747 1197 4802 adversus
1224 4747 1524 4803 Bernarvct
1552 4761 1841 4816 commoto,
1866 4763 2126 4822 castrum,

562 4835 704 4902 quod
733 4835 917 4890 Zotica
951 4837 1252 4903 dicebatur,
1284 4853 1600 4908 oppugnans
1662 4839 1905 4898 funditus
1930 4845 2125 4913 diruit,

561 4929 708 4983 viros
757 4931 1000 4999 perimit,
1049 4931 1279 4987 feminas
1320 4949 1440 4987 cum
1492 4935 1674 5004 pueris
1715 4924 1767 4990 in
1825 4937 2125 4993 Calabriam

559 5019 837 5073 venditum
886 5020 1072 5085 mittit,
1105 5037 1246 5077 anno
1293 5022 1558 5078 lucarnali
1615 5024 1775 5081 Verbi
1824 5027 1979 5082 1076.
2022 5027 2128 5084 Sed

561 5107 685 5146 nnis:
720 5107 932 5146 animum
976 5109 1232 5146 nrinnini:
1285 5110 1466 5146 Anlnpn
1496 5114 1676 5146 ιιι-αποιιῖ
1715 5114 1984 5146 ἕιιιηηΐιυιιέ
2062 5120 2126 5146 ..Α

2233 4491 2426 4545 llostes
2467 4491 2670 4545 viribus
2697 4489 2853 4546 dillisi
2879 4493 3091 4546 tandem
3116 4507 3300 4561 pacem
3324 4503 3609 4563 expetunt.

2229 4582 2382 4638 Cedit
2421 4597 2634 4648 comes,
2684 4593 2919 4637 castrum
2949 4584 3176 4639 reddunt
3203 4583 3348 4655 (197)
3390 4585 3653 4640 ditionem
3679 4585 3794 4638 sub.

3632 4673 3792 4746 [eunL

2227 4763 2587 4818 Fmderantur
2616 4776 2767 4817 more
2788 4778 2905 4830 suo,
2935 4762 3027 4818 sed
3058 4762 3302 4818 dolentes
3335 4760 3564 4816 faciunt.

2300 4855 2383 4908 Ab
2408 4854 2508 4908 hac
2537 4854 2725 4909 eadem
2752 4856 2885 4909 urbe
2926 4854 3166 4909 strictior
3189 4855 3338 4908 sinus
3371 4863 3534 4908 teme
3559 4855 3628 4908 ab
3659 4863 3794 4907 utm-

2230 4959 2335 5014 que
2384 4943 2554 4997 latere
2605 4943 2738 4998 mari
2791 4943 2936 5015 (198)
2989 4954 3231 5012 urgente,
3277 4943 3491 5011 longius
3542 4945 3596 4999 in
3659 4951 3796 4997 mare

2230 5035 2541 5103 porrigitur,
2566 5035 2779 5103 pascuis
2803 5035 3089 5089 uberrimis
3114 5035 3413 5089 abundans.
3452 5034 3529 5089 lbi
3558 5044 3792 5088 armenta

2328 5139 2510 5146 -μ..-..ν-
2563 5139 2709 5146 --.ι-...-
2745 5139 2916 5146 A..-_.-..
