4010 5230
215 211 350 266 ΗΒΙ

1323 211 1638 270 HISTORIA
1681 212 1950 269 SlCULA.
1995 247 2060 255 —
2101 216 2228 272 LIB.
2271 220 2348 274 Ill.

3333 233 3469 288 Ilii!

215 322 407 376 diatim
437 322 668 386 exirent,
692 321 882 386 nostri,
909 323 1056 376 brevi
1079 323 1197 376 sinu
1231 323 1551 392 interposizu
1576 325 1791 392 Ctmspi-
1817 330 1865 384 Α
1899 323 2060 382 liores
2099 329 2372 384 reddebat.
2419 333 2513 386 llie
2545 337 2775 404 quadam
2807 339 2894 394 die
2924 357 3046 395 cum
3081 345 3472 405 tttulcndinario

211 411 449 476 cientes,
475 421 777 482 eruperunt,
807 419 862 464 ut
887 412 938 464 in
975 411 1062 464 tali
1095 421 1253 482 gente
1275 413 1492 472 assolet,
1518 413 1794 476 aviditate,

216 501 264 554 si
295 501 478 569 aliquo
508 511 626 554 astu
669 511 890 570 queant,
925 501 1251 569 adipiscendi
1283 501 1495 570 agitari.
1527 500 1794 556 Jordanus

217 592 363 646 [ilius
409 593 661 656 comitis,
716 592 782 645 ad
833 592 884 645 id
946 592 1146 660 negotii
1207 594 1492 662 peragendi
1543 593 1796 646 intentio-

215 698 346 736 nem
383 683 584 738 certius
613 698 904 752 apponens,
949 691 1006 736 ιιι
1047 684 1184 738 hanc
1219 684 1320 738 sibi
1353 683 1552 738 famam
1601 685 1794 738 milita-

213 771 352 824 riter
377 787 486 841 pra:
515 773 727 826 caneris
747 772 1050 838 acqrtireret
1081 771 1294 840 agebat.
1321 771 1560 826 Tandem
1590 773 1792 841 itaque,

217 869 280 915 ut
327 870 448 914 erat
491 861 572 914 vir
617 861 1231 932 prtesmnptuosissimus
1273 870 1327 916 et
1374 862 1546 917 laudis
1582 863 1790 929 avidus,

205 965 342 1004 cum
387 950 488 1004 sibi
528 947 888 1004 familiaribus
925 949 1152 1004 consilio
1195 950 1400 1016 habito,
1433 951 1664 1020 quodam
1697 967 1790 1006 ve-

209 1059 373 1112 spere
400 1053 614 1098 centum
643 1043 744 1098 sibi
781 1043 978 1097 milites
1021 1043 1246 1114 eligens,
1297 1054 1452 1114 patre
1491 1043 1793 1099 inconsulto

213 1149 381 1188 naves
405 1135 670 1196 ascendit,
696 1135 762 1188 de
789 1145 946 1188 nocte
971 1133 1198 1188 insulam
1223 1135 1487 1204 pervadit,
1515 1134 1792 1204 applicans

209 1225 438 1280 navibus
469 1225 802 1294 digreditur;
845 1224 897 1277 in
931 1226 1270 1280 concavitate
1297 1225 1526 1294 quadam
1565 1223 1682 1292 ejus
1712 1224 1791 1278 in—

207 1317 368 1380 sulm,
413 1327 702 1386 antequam
737 1317 1066 1381 illuscescat,
1103 1317 1410 1372 occnltatur
1456 1319 1685 1372 insidiis.
1723 1317 1793 1371 At

201 1405 302 1460 ubi
357 1417 515 1462 nocte
577 1411 862 1462 recedente
919 1409 998 1464 sol
1047 1409 1318 1464 irradians
1369 1411 1528 1465 terris
1583 1409 1786 1472 illuxit,

203 1507 322 1552 tota
352 1498 548 1552 civitas
592 1499 846 1568 przedieta
877 1499 1024 1571 (199)
1051 1516 1116 1552 cx
1143 1515 1293 1555 more
1320 1502 1452 1556 urbe
1487 1501 1792 1570 digrediens

207 1591 460 1658 pascendi
495 1591 662 1660 gratia
699 1593 868 1661 ipsam
903 1593 1131 1648 insulam
1167 1597 1398 1666 sparsim
1429 1605 1787 1667 praeoccupat.

211 1679 380 1732 I‘orro
410 1677 698 1756 dardanus,
728 1681 816 1736 ιιὺί
873 1681 926 1736 itt
969 1683 1176 1738 insidiis
1212 1685 1604 1751 ocCttltaitatur,
1645 1703 1784 1756 prm-
1819 1673 1862 1733 Β

207 1765 335 1818 dant
365 1753 576 1837 longius
601 1768 668 1822 ab
691 1771 822 1824 urbe
843 1787 1182 1842 progressam
1208 1777 1562 1846 consmciens,
1587 1777 1786 1846 impetu

205 1855 424 1909 leonino
477 1873 506 1910 a
565 1857 682 1912 loco
732 1862 997 1930 prorupit,
1053 1877 1223 1930 usque
1269 1864 1322 1916 in
1373 1873 1582 1933 portam
1637 1867 1788 1920 urbis

199 1951 447 2016 putidam
502 1949 758 2020 colligens
799 1953 1039 2020 prosilit,
1091 1955 1315 2008 navibus
1345 1955 1785 2011 introdncendam

209 2037 454 2092 illorsnut
515 2039 720 2094 minare
770 2041 1054 2096 accelerat.
1089 2041 1250 2099 Cives
1301 2043 1502 2114 itaque,
1557 2045 1786 2100 insulam

203 2133 484 2200 insperato
537 2133 781 2188 hostibus
829 2149 1110 2203 pervasatn
1169 2137 1434 2202 videntes,
1515 2139 1566 2191 itt
1634 2155 1784 2196 a:-ma

209 2233 378 2276 ruunt
401 2264 416 2285 ,
469 2223 705 2278 maximo
735 2225 958 2294 impetu,
1001 2243 1172 2297 usque
1206 2228 1272 2281 ad
1304 2219 1488 2282 decem
1519 2229 1682 2284 millia
1716 2231 1786 2284 ab

209 2313 348 2366 urbe
402 2325 786 2384 prorumpunt,
837 2317 1052 2378 hostes,
1099 2326 1157 2371 ut
1201 2319 1438 2387 praadant
1487 2319 1781 2386 excutiant,

213 2404 520 2458 inconsulte
561 2413 974 2474 prosequuntur.
1021 2405 1154 2461 Nam
1195 2409 1282 2462 ubi
1335 2407 1604 2463 Jordanus
1665 2409 1751 2463 Ion

201 2495 330 2564 gius
379 2493 448 2548 ab
500 2495 632 2550 urbe
673 2511 768 2550 eos
809 2511 1125 2567 progressos
1163 2498 1329 2562 videt,
1371 2507 1550 2566 spreta
1579 2501 1783 2568 prteda,

205 2585 456 2641 hostibus
505 2586 716 2642 leonina
769 2587 1052 2643 ferocitate
1095 2590 1351 2652 occurrit,
1381 2605 1784 2664 congressuque

195 2677 366 2738 facto,
410 2677 678 2732 acerrime
714 2679 970 2748 utrinque
1001 2688 1288 2751 pugnatur.
1323 2680 1430 2736 Sed
1489 2679 1780 2749 Jordauus,

199 2777 262 2821 ut
303 2777 421 2821 erat
461 2769 512 2822 in
549 2773 930 2840 congressibus
967 2771 1410 2834 fecundissimus,
1447 2787 1573 2829 suo;
1607 2775 1784 2829 verbis

193 2861 591 2917 exhortatoriis
639 2866 1004 2934 promptiores
1037 2865 1292 2929 reddens,
1333 2865 1548 2922 fortiter
1573 2869 1784 2938 agendo

191 2951 388 3021 plures
415 2955 630 3020 sternit,
665 2955 901 3024 reliquos
931 2955 1099 3027 fugat,
1139 2959 1314 3012 victor
1339 2959 1593 3026 efficitur,
1623 2975 1783 3030 quos-

193 3062 310 3117 que
359 3047 614 3101 credendo
643 3063 814 3118 usque
862 3049 912 3103 in
963 3059 1172 3119 portam
1223 3051 1372 3105 urbis
1409 3053 1774 3122 prosequitur,
1806 3037 1850 3096 (ἶ

193 3140 388 3208 sicque
431 3141 499 3193 ad
551 3155 715 3194 naves
767 3142 1080 3211 regrediens
1117 3143 1348 3196 maxima
1381 3145 1556 3212 praada
1595 3143 1780 3198 lzetau-

199 3241 289 3284 ter
315 3229 465 3301 (200)
491 3231 822 3296 introducta,
847 3234 912 3286 ad
944 3243 1154 3302 patrem
1189 3235 1408 3304 impune
1437 3251 1558 3289 cum
1589 3238 1782 3291 trium-

191 3321 346 3392 phali
372 3321 530 3377 laude
559 3323 718 3377 redit.
755 3323 865 3378 ilac
896 3339 953 3379 re
993 3325 1121 3380 urbs
1149 3326 1300 3394 quasi
1333 3327 1565 3382 maxime
1593 3329 1778 3382 territa

195 3413 268 3468 ad
320 3413 672 3482 deditionem,
717 3426 775 3470 ut
825 3416 1080 3484 diximus,
1123 3417 1400 3488 compulsa
1443 3427 1546 3472 est.
1587 3419 1780 3474 Comes

195 3507 388 3575 itaque
415 3507 604 3562 urbem
633 3517 824 3563 nactus
855 3525 952 3577 pro
981 3509 1133 3563 libitu
1164 3524 1261 3564 suo
1290 3519 1468 3564 castro
1492 3519 1544 3564 et
1569 3513 1781 3566 caeteris

193 3597 596 3652 munitionibus
623 3599 838 3653 ordinat
864 3641 878 3664 ,
909 3599 1170 3656 militibus
1208 3609 1262 3655 et
1289 3616 1410 3670 qure
1441 3602 1505 3657 iis
1532 3617 1780 3658 necessa-

193 3689 282 3742 ria
317 3697 472 3766 erant
511 3690 702 3758 munit,
735 3693 977 3747 turribus
1005 3701 1055 3747 et
1095 3694 1511 3766 propugnaculis
1544 3697 1778 3766 undique

192 3765 425 3834 vallans.
461 3779 566 3834 Sed
591 3782 828 3852 undique
849 3783 1104 3854 adjacens
1133 3765 1432 3856 provincia,
1467 3786 1778 3843 firmissime

193 3872 598 3940 circumsepta,
631 3875 992 3930 munitissima
1021 3885 1138 3931 erat
1169 3887 1224 3932 et
1253 3877 1374 3934 ideo
1405 3879 1581 3935 adhuc
1610 3881 1780 3936 recal-

195 3960 406 4016 citrans
451 3961 692 4018 rebellat.
742 3963 935 4020 Comes
983 3966 1183 4022 laboris
1215 3969 1529 4027 iudeliciens
1567 3973 1775 4028 crebris

192 4051 626 4120 incursionibus,
675 4061 732 4110 ut
770 4055 870 4110 sibi
909 4057 1092 4111 omnia
1131 4059 1465 4127 subs‘ternat,
1507 4062 1774 4118 infestare

187 4143 530 4213 aggreditur,
577 4145 838 4217 brevique
889 4149 1122 4204 termino
1171 4165 1340 4220 usque
1387 4151 1454 4206 ad
1493 4153 1775 4207 duodecim

189 4235 563 4292 famosissima
601 4248 782 4292 castra
820 4255 918 4295 suo
975 4241 1214 4298 dominio
1259 4243 1558 4299 obediendo
1596 4245 1778 4299 subire

193 4325 403 4393 coegit,
436 4341 556 4394 qua:
586 4323 847 4383 militibus
879 4329 991 4384 suis
1018 4329 1348 4386 distribuens
1375 4347 1496 4386 cum
1525 4333 1776 4388 omnibus

1899 435 1998 472 suo
2049 421 2251 488 iratus,
2287 433 2414 478 ante
2449 441 2506 480 se
2537 427 2772 486 invitans
2807 433 3118 488 verberibus
3147 436 3470 508 deturpavit.

1899 507 2070 566 Porro
2119 511 2208 567 ille
2251 531 2310 568 se
2337 517 2474 571 adeo
2505 535 2667 588 grave
2697 519 2838 576 ferre
2873 525 3239 594 dissimulans,
3273 529 3324 586 in
3355 533 3473 587 vin-

1896 599 2100 656 dictam
2147 611 2309 660 tanta:
2355 608 2815 668 dehonestatiunis
2860 615 3100 672 animum
3161 621 3470 690 intendens,

1895 705 2080 746 secum
2143 695 2340 752 tacitus
2393 701 2586 768 agebat
2640 703 2838 770 quibus
2885 707 3090 762 artibus
3143 709 3226 764 vel
3277 713 3472 768 damno

1897 795 2076 836 rerum
2105 797 2348 852 suarum,
2392 800 2484 842 aut
2511 800 2660 848 certe
2687 793 2902 850 laesione
2929 801 3171 868 corporis
3197 803 3470 859 vicissitu-

1895 871 2076 928 dinem
2135 891 2594 950 recompensaret.
2655 883 2810 942 Unde
2871 891 3067 946 accidit
3127 901 3182 948 ut
3237 897 3468 964 quodam

1891 978 2116 1034 vespere
2165 967 2232 1022 de
2270 969 2674 1040 subiacentibus
2729 979 3019 1046 complices
3068 983 3170 1038 sibi
3217 985 3470 1056 alligans,

1891 1066 2100 1126 petram
2128 1062 2439 1129 quamdam,
2474 1081 2594 1135 qua:
2627 1071 2774 1124 omni
2805 1083 2986 1129 castro
3032 1079 3471 1143 supereminebat

1891 1155 1946 1202 et
1987 1148 2390 1222 dominabatur,
2431 1155 2740 1228 irrumpens
2781 1165 3075 1232 pervadere
3125 1167 3470 1238 legatumque

1891 1239 2028 1305 apud
2061 1237 2272 1296 Bricam
2309 1245 2488 1298 comiti
2519 1249 2759 1315 mittens,
2801 1252 2854 1306 in
2895 1269 2988 1308 sua
3021 1255 3278 1315 filelitate
3306 1277 3362 1316 se
3384 1237 3468 1322 fita

1889 1330 2063 1399 egisse
2101 1342 2155 1386 et
2187 1343 2242 1387 ut
2283 1336 2385 1390 sibi
2419 1355 2739 1398 succurrere
2777 1345 3042 1401 acceleret
3071 1350 3314 1406 mandat.
3357 1353 3470 1408 Hoc

1891 1424 2078 1478 nuntio
2119 1440 2298 1483 comes
2337 1441 2560 1500 accepto
2599 1433 2888 1503 plurimum
2937 1441 3291 1506 exhilaratus,
3345 1461 3466 1499 cmn

1891 1515 2110 1582 quantis
2143 1517 2341 1574 habere
2371 1531 2585 1592 poterat
2617 1526 2910 1583 citissimus
2941 1529 3180 1586 illorsum
3215 1533 3464 1588 intendit.

1891 1604 2061 1662 Porro
2094 1607 2304 1665 Bechus
2337 1613 2791 1670 molendinariunt
2843 1617 3117 1676 blanditiis
3156 1637 3208 1676 et
3241 1627 3470 1686 promis-

1891 1695 2157 1768 sionibus,
2203 1711 2262 1756 ut
2293 1703 2360 1758 ab
2395 1704 2631 1776 incoepta
2663 1709 2948 1780 resipiscat
2978 1713 3078 1766 sibi
3113 1717 3467 1770 reconciliare

1891 1786 2016 1842 dum
2061 1789 2238 1846 minus
2277 1795 2558 1862 praevalet,
2589 1795 2784 1853 frustra
2825 1816 3140 1874 oppugnare
3171 1805 3465 1861 nitebatur.

1889 1875 2082 1933 Comes
2125 1895 2252 1934 vero
2303 1883 2598 1940 adventans
2649 1889 2900 1958 proprius
2943 1895 3171 1957 accedit,
3206 1896 3467 1952 molendi-

1887 1969 2100 2022 nariutn
2147 1965 2496 2041 amplissimis
2531 1981 2980 2048 promissionibus
3009 1985 3059 2038 in
3097 1987 3178 2040 sui
3209 1987 3466 2043 fidelitate

1886 2057 2096 2128 arrigit.
2144 2060 2237 2115 Ille
2271 2079 2392 2118 cum
2445 2068 2590 2122 nulla
2624 2085 2688 2123 ex
2729 2081 2881 2140 parte
2909 2074 3088 2129 aditus
3118 2078 3184 2130 ad
3225 2093 3283 2133 se
3307 2095 3462 2134 acce-

1887 2147 2042 2203 dcttzii
2075 2153 2271 2208 nostris
2293 2165 2522 2224 pateret,
2554 2159 2681 2215 fune
2705 2163 2888 2218 oblato
2912 2165 3169 2234 demisso,
3200 2171 3461 2240 quosdam

1889 2251 2193 2296 nostrorum
2255 2247 2319 2299 ad
2366 2262 2424 2302 se
2475 2254 2761 2318 pertrahit.
2812 2254 3023 2312 Bechus
3061 2259 3240 2330 itaque.
3281 2263 3467 2318 videns

1887 2341 2098 2386 nostros
2127 2349 2156 2386 a
2207 2337 2596 2394 molendinario
2637 2343 2770 2398 infra
2815 2355 3019 2415 petram
3045 2365 3344 2421 susceptos.
3369 2370 3464 2424 spe

1889 2423 2154 2480 retinendi
2185 2429 2346 2482 castri
2379 2433 2578 2487 amissa
2612 2437 2858 2503 territus,
2897 2449 3078 2496 castro
3113 2455 3314 2512 spreto,
3349 2423 3464 2501 ont-

1886 2513 1973 2565 nia
2001 2531 2119 2584 qua:
2146 2527 2359 2585 poterat
2383 2534 2668 2591 asportans
2690 2528 2918 2598 aufugit,
2943 2533 3086 2587 cives
3111 2550 3232 2589 cum
3265 2539 3463 2593 comite

1885 2619 2071 2674 pacem
2129 2607 2390 2666 facientes
2443 2613 2578 2667 infra
2633 2631 2870 2675 castrum
2927 2625 3212 2695 recipiunt.
3265 2629 3461 2686 Comes

1885 2708 2015 2748 vero
2048 2697 2124 2752 sic
2163 2711 2342 2756 castro
2383 2706 2584 2772 potitus
2621 2725 2717 2778 pro
2752 2712 2884 2767 velle
2920 2729 3008 2768 ~ne
3040 2717 3288 2774 muniens
3317 2721 3462 2774 ordi-

1887 2793 1980 2839 nat
2027 2789 2510 2858 utolemlinarium,
2561 2807 2618 2852 ut
2665 2803 2898 2868 creteris,
2953 2808 3018 2860 ad
3065 2807 3268 2863 similes
3314 2821 3466 2866 actus

1885 2883 2267 2949 exsequendas
2311 2889 2613 2958 exetnplum
2662 2892 2897 2961 tribuat,
2955 2897 3200 2966 pluribus
3249 2901 3466 2957 benefa-

1885 2969 2016 3037 ctis,
2049 2971 2294 3031 libertate
2323 2979 2487 3033 etiam
2517 2998 2778 3040 concessa
2815 3003 3142 3046 rcmuuerat.

2472 3093 2702 3150 CAPUT
2741 3097 2874 3154 XIII.

2151 3199 2380 3256 Michael
2413 3204 2697 3272 imperator
2731 3211 2800 3262 ml
2829 3212 3010 3266 ducem
3041 3219 3192 3268 renit.

1953 3307 2150 3362 Eodem
2179 3327 2321 3367 anno
2347 3313 2568 3372 Graecus
2593 3319 2810 3386 quidam
2858 3325 2958 3378 sub
2985 3328 3203 3381 nomine
3231 3327 3464 3386 Michae-

1881 3399 1948 3454 lis
2001 3401 2346 3474 imperatoris
2390 3409 2998 3484 Constantinopolitani,
3050 3421 3116 3472 ad
3153 3422 3344 3478 ducem
3405 3427 3460 3480 in

1880 3490 2130 3560 Apuliam
2157 3497 2326 3560 venit,
2351 3499 2611 3556 auxilium
2635 3515 2894 3573 expetens
2915 3510 2980 3562 ad
3009 3511 3264 3580 palatimn
3287 3517 3458 3586 (201),

1881 3595 1911 3634 a
1949 3595 2076 3650 quo,
2135 3594 2196 3640 ut
2236 3587 2478 3655 dicebat,
2525 3591 2713 3649 fraude
2763 3611 3009 3664 suorum,
3053 3603 3104 3656 in
3149 3605 3236 3658 die
3275 3624 3464 3664 sancm

1885 3677 2184 3734 Parasceve
2231 3681 2475 3750 deiectus
2507 3684 2706 3751 fuerat,
2757 3692 3164 3764 monacbusquc
3201 3698 3464 3754 violenter

1885 3766 1999 3822 fieri
2031 3770 2342 3840 compulsus
2375 3774 2476 3829 hoc
2503 3775 2618 3834 solo
2645 3779 2870 3835 crimine
2895 3783 3110 3852 objecto
3135 3790 3274 3862 quod
3301 3791 3464 3847 filiam

1883 3857 2035 3913 ducis
2065 3859 2176 3914 lilio
2211 3879 2308 3918 suo
2344 3868 2532 3934 nupttti
2563 3883 2868 3940 acceperat.
2903 3875 3020 3945 Ipse
3055 3857 3269 3950 quoque
3296 3881 3462 3949 Illius,

1884 3965 1951 4004 ne
1982 3967 2078 4022 spe
2105 3953 2284 4023 aliqua
2318 3962 2669 4029 recuperandi
2701 3964 2908 4031 palatii,
2942 3969 3023 4022 vel
3055 3969 3298 4026 deductie
3327 3991 3457 4030 uxo-

1883 4044 1960 4099 ris
2019 4051 2374 4115 proeuranda':
2417 4054 2730 4123 propaginis
2787 4071 3175 4124 reservaretur,
3238 4067 3466 4134 turpiter

1883 4137 2292 4202 eunucbizatus,
2335 4156 2504 4208 usque
2533 4143 2598 4196 ad
2629 4145 2832 4198 exitum
2873 4149 2998 4202 vita:
3030 4151 3223 4206 exsilio
3253 4154 3457 4224 relega-

1883 4233 1967 4280 tus
2001 4235 2104 4292 est,
2139 4229 2245 4284 alio
2292 4231 2342 4283 in
2374 4229 2548 4285 locum
2583 4235 2790 4304 expulsi
2826 4237 2882 4292 in
2921 4239 3121 4308 palatio
3147 4245 3462 4316 subrogato,

1881 4329 2041 4383 quem
2069 4332 2168 4372 nec
2197 4319 2400 4389 aliqua,
2421 4322 2505 4376 vel
2531 4333 2776 4382 extrema
2803 4329 3150 4399 antiquorum
3174 4335 3459 4404 imperato-

185 4385 544 4484 app‘éndiéiis
573 4417 688 4473 suis
728 4418 794 4474 de
823 4433 882 4473 se
914 4419 1158 4474 habenda
1190 4421 1473 4492 delegavit.
1621 4439 1778 4480 excf-
1805 4385 1858 4446 Β
1887 4421 2002 4459 rum
2027 4405 2168 4462 linea
2192 4410 2256 4464 ad
2283 4411 2332 4464 itl
2360 4411 2690 4471 hatreditatis
2707 4416 2831 4485 jure
2853 4421 3090 4488 gentium
3115 4421 3450 4480 invitaverat.

185 4505 366 4558 citum
419 4508 669 4564 onmibus
717 4524 813 4578 pro
862 4511 1104 4566 exhibito
1147 4512 1247 4567 sibi
1294 4514 1518 4568 servitio
1573 4516 1776 4586 gratias

197 4600 436 4670 agendo,
487 4599 704 4656 solvens
729 4641 744 4667 ,
799 4603 913 4670 ipse
952 4603 1164 4660 Bricam
1203 4619 1234 4658 a
1277 4604 1466 4662 labore
1494 4615 1775 4664 nausatum

193 4713 394 4770 secessi
404 4723 443 4770 ι.

800 4805 1030 4865 CAPUT
1068 4811 1180 4866 XII.

463 4914 712 4972 Castrum
744 4915 950 4970 Novum
982 4919 1158 4972 comiti
1189 4917 1489 4988 foederatur.

267 5031 342 5086 Ea
371 5033 589 5102 quidem
641 5039 968 5100 tempestate
1013 5035 1232 5104 quidam
1265 5034 1630 5104 Sarracenus,
1681 5037 1782 5097 Bc-

195 5123 326 5180 chus
355 5125 603 5192 nomine,
653 5125 910 5180 Castrum
950 5125 1156 5182 Novum
1188 5133 1489 5196 possidens,
1521 5131 1631 5190 illic
1659 5153 1774 5191 mo-

1886 4493 2175 4552 Titnebaut
2221 4497 2456 4570 denique
2499 4502 2672 4560 Graeci
2703 4522 2788 4570 ne,
2841 4508 2884 4562 si
2931 4525 3000 4564 ex
3047 4519 3246 4566 nostum
3285 4515 3456 4584 gentis

1890 4603 2058 4646 uxore
2079 4591 2318 4646 Incredes
2329 4595 2599 4660 procreati
2619 4597 2671 4652 in
2695 4598 2890 4670 palatio
2903 4614 3274 4658 successerant
3290 4605 3456 4676 (209.),
3543 4621 3548 4654 :

1889 4679 2104 4733 occasio
2128 4680 2347 4736 liberius
2369 4683 2496 4738 illnc
2515 4690 2804 4745 accedendi
2838 4701 3034 4746 nostra:
3054 4695 3198 4761 genti
3222 4695 3462 4762 daretur,

1887 4777 1943 4824 et
1981 4785 2112 4840 gens
2161 4771 2368 4826 deliciis
2413 4783 2468 4830 et
2510 4775 2905 4851 voluptatibus,
2956 4782 3298 4854 potiusquam
3341 4785 3466 4842 belli

1886 4861 2080 4916 studiis
2108 4878 2172 4918 ex
2208 4877 2355 4918 more
2388 4865 2600 4928 dedita,
2643 4881 2954 4938 nostrorum
2991 4876 3314 4930 strenuitate
3341 4879 3471 4931 sub-

1879 4952 2067 5023 iugata
2113 4953 2545 5010 conculcal‘elllr-
2579 4955 2762 5027 Ipsam
2807 4961 2958 5018 ducis
2997 4961 3160 5017 liliam
3211 4965 3472 5020 reclusant

1885 5043 2131 5115 diligenti
2180 5044 2428 5099 custodia
2480 5046 2876 5117 observabant,
2929 5069 2996 5108 ne
3036 5050 3176 5114 forte
3227 5054 3272 5108 si
3315 5054 3475 5110 alicui

1885 5137 2092 5205 ροῑριιιί
2149 5135 2397 5198 "libora.
2445 5136 2568 5204 quia
2616 5141 2924 5202 ltmretlitali
2968 5144 3280 5207 imperatori
3315 5145 3479 5195 semel
