4010 5230
532 369 670 424 1165

1314 362 1662 419 GAUFltElll
1709 364 2159 423 MAlr\TERRIE
2203 360 2509 416 MONACIII
2562 358 2921 418 BENEDIC’I’.

3681 357 3821 415 Hii}

531 492 685 537 actus
733 487 884 543 erat,
934 477 1118 532 habitu
1168 484 1372 547 ejecto,
1400 483 1458 530 ut
1488 476 1721 542 dicebat,
1764 488 2044 548 protegas,
2074 479 2123 530 in
2156 482 2203 539 Α
2233 490 2417 529 conu-s
2444 474 2864 530 Tauromenium
2893 471 3149 528 obsidens
3176 470 3362 543 viginti
3384 470 3594 527 duobus
3623 477 3827 527 caste!-

532 571 782 641 Apuliam
809 569 1030 625 veniens
1054 583 1084 621 a
1107 567 1243 623 duce
1276 567 1544 637 imperiali
1571 569 1776 624 honore
1801 578 2112 640 susceptus,

533 679 630 733 per
674 674 865 717 omnes
897 660 1145 716 civitates
1184 658 1418 728 Apuliae,
1461 659 1574 713 sive
1601 658 1864 715 Calabrire
1894 675 2117 730 procesv

532 754 793 817 sionibus,
823 761 877 827 et
904 738 1277 821 imperialibus
1317 751 1528 821 pompis
1559 765 1625 806 cx
1652 750 1832 807 edicto
1875 751 2115 823 ejusdem

531 843 685 911 ducis
724 840 1136 911 accuratissime
1178 838 1601 896 obsecundatur.
1648 841 1713 895 Et
1754 841 1858 899 hoc
1899 844 2116 915 quidem

534 944 703 990 totum
742 918 824 989 ex
876 933 1142 991 industria
1191 932 1300 987 dux
1350 932 1619 999 faciebat,
1680 920 2114 1005 Quandoquidem

532 1028 768 1080 animum
809 1012 957 1097 (203)
999 1040 1121 1080 eum
1169 1025 1221 1079 in
1264 1024 1470 1095 palatio
1509 1025 1833 1082 restituendi
1870 1026 2115 1084 haberet.

528 1117 788 1171 Audierat
808 1130 1005 1187 nempe
1035 1130 1296 1184 generum
1319 1130 1477 1171 suum
1507 1115 1946 1185 eunuchizatum,
1976 1118 2117 1173 unde

529 1223 624 1278 spe
674 1207 1035 1277 suscipienda:
1084 1209 1152 1263 de
1202 1206 1310 1261 filia
1355 1206 1543 1279 prolis,
1591 1209 1676 1264 cui
1709 1209 1968 1285 palatium
1992 1210 2118 1280 jure

531 1299 825 1379 ltmreditali
878 1306 1242 1368 competeret,
1297 1300 1539 1367 amissa,
1591 1302 1663 1356 ad
1714 1300 1819 1358 hoc
1868 1301 2011 1357 inter
2056 1316 2118 1357 se

528 1392 707 1445 nitens
728 1390 901 1471 tutius
928 1390 1076 1461 (204)
1106 1390 1321 1462 agebat,
1347 1400 1428 1459 ut,
1452 1391 1552 1446 sub
1576 1392 1794 1448 nomine
1814 1392 2117 1463 Michaelis,

496 1482 850 1551 'quibusdam
892 1483 991 1538 sibi
1028 1482 1366 1548 faventibus,
1399 1481 1605 1539 Graecis
1643 1483 1857 1540 facilius
1879 1484 2115 1541 debella-

528 1575 620 1640 tis,
671 1590 793 1631 cum
847 1575 1217 1646 adpalatium
1258 1591 1431 1646 usque
1487 1586 1806 1647 perventum
1852 1576 2012 1645 foret,
2053 1578 2115 1634 vi

528 1681 786 1721 coronam
832 1681 952 1720 cum
1002 1675 1218 1736 sceptro
1264 1674 1335 1743 et,
1371 1666 1742 1736 imperialibus
1778 1670 2116 1725 ornamentis

522 1756 860 1824 pervadens,
892 1757 1020 1826 ipse
1070 1755 1370 1826 imperator
1413 1755 1589 1813 ﬁeret.
1623 1756 1955 1815 Promittens
1994 1769 2116 1814 tan-

2222 566 2290 621 lis
2318 566 2564 631 vallavit;
2603 567 2676 620 ita
2730 566 2798 619 ab
2834 580 2942 620 uno
2969 564 3020 617 in
3051 564 3284 618 alterum
3324 565 3543 633 sepibus
3584 573 3641 618 et
3669 576 3814 619 strn-

2222 656 2377 726 pibus
2409 655 2556 728 (206)
2589 656 2868 720 claudens,
2910 654 3003 710 sed
3031 662 3081 709 et
3111 652 3393 709 navalibus
3419 655 3594 725 copiis
3627 672 3656 709 a
3689 672 3815 726 pro-

2223 749 2403 804 cinctu
2430 750 2597 805 maris
2632 748 2875 818 cingens,
2912 754 2970 800 ut
3010 744 3156 799 nullo
3191 744 3361 797 latere
3391 753 3604 815 pateret
3632 747 3817 800 aditus

2222 840 2288 895 ad
2316 847 2558 896 castrum
2590 839 2895 895 volentibus
2924 835 3171 892 hostibus
3194 833 3396 904 aliquid
3430 834 3815 891 introducendi

2222 929 2307 984 vel
2341 929 2628 985 educendi.
2670 928 2740 982 At
2779 927 2906 981 dum
2942 925 3178 996 quadam
3223 925 3309 980 die
3339 925 3405 980 de
3432 935 3619 980 castro
3648 926 3703 979 itt
3733 941 3822 981 ca-

2220 1030 2395 1076 strum
2425 1036 2523 1093 per
2550 1020 2848 1091 praecipitia
2877 1016 3149 1089 scopulosi
3185 1015 3385 1071 montis
3414 1032 3602 1072 comes
3630 1017 3811 1071 visum

2223 1115 2477 1170 transiret
2499 1130 2619 1169 cum
2646 1112 2861 1183 paucis,
2886 1125 3013 1180 pars
3035 1110 3283 1179 quaadam
3308 1107 3631 1164 Sclavorunt
3660 1109 3813 1180 (207)

2221 1207 2362 1261 inter
2391 1204 2679 1277 myrtetica
2708 1202 2942 1274 virgulta
2973 1201 3194 1255 latitans
3231 1199 3285 1254 iu
3330 1198 3567 1268 quodam
3609 1200 3814 1253 arrtio-

2222 1300 2299 1354 ris
2348 1297 2611 1353 transitus
2660 1296 2780 1351 loco
2827 1306 3188 1365 prorumpens
3228 1290 3407 1346 irruit.
3441 1290 3509 1344 Et
3546 1290 3655 1344 nisi
3699 1289 3819 1345 Evii

2219 1389 2421 1444 sandus
2463 1387 2706 1457 quidam,
2752 1385 2970 1441 natione
3006 1380 3190 1447 Brito,
3224 1381 3410 1435 audito
3444 1382 3683 1449 strepitu
3733 1396 3819 1434 ar-

2221 1494 2459 1543 morum,
2504 1493 2623 1533 sese
2667 1475 2851 1531 comiti
2899 1482 2953 1529 et
2991 1471 3239 1527 hostibus
3269 1470 3711 1540 iuterposnisset,
3753 1472 3820 1525 de

2217 1568 2335 1641 ipso
2362 1570 2583 1637 comite,
2615 1577 2674 1623 ut
2702 1568 2877 1631 aiunt,
2909 1562 3157 1619 hostibus
3186 1562 3489 1632 triumphus
3525 1563 3812 1617 cessisset.

2219 1661 2324 1717 Sed
2349 1661 2595 1718 cordium
2633 1658 2780 1714 solus
2807 1658 3101 1727 inspector,
3125 1652 3287 1718 Dens,
3318 1652 3516 1707 bonam
3545 1651 3814 1705 intentio-

2216 1769 2339 1809 nem
2363 1752 2624 1824 principis
2649 1751 2700 1805 in
2719 1747 3110 1822 prmccdentia,
3143 1745 3256 1803 sive
3280 1743 3677 1813 subsequentia
3720 1758 3820 1811 per

529 1858 641 1901 tum
690 1863 751 1904 se
790 1849 893 1905 sibi
945 1848 1206 1904 auxilium
1245 1848 1517 1917 laturum,
1549 1865 1649 1921 per
1694 1854 1828 1909 duos
1853 1852 2026 1910 ferme
2060 1863 2114 1909 et

2222 1861 2345 1901 eum
2390 1844 2569 1900 futura
2611 1844 2748 1900 bene
2775 1850 3105 1913 prmnotans,
3144 1838 3303 1894 aliter
3337 1850 3500 1907 quant
3546 1833 3705 1905 (208)
3745 1830 3822 1887 illi

518 1937 758 2006 amplius
814 1953 988 1993 annos
1037 1941 1242 1996 honore
1296 1956 1403 2015 quo
1448 1950 1712 2014 coeperat,
1758 1960 1881 1999 eum
1930 1941 2114 2000 secum

527 2028 793 2093 detinuit,
838 2030 1010 2085 donec
1059 2045 1121 2085 ea
1173 2046 1293 2102 qua:
1326 2040 1475 2105 tanto
1509 2033 1764 2106 inemptui
1808 2038 2116 2094 necessaria

528 2121 707 2173 forent
779 2120 1199 2191 apparabantur.
1265 2123 1434 2179 Erant
1499 2134 1679 2183 autem
1755 2136 1880 2197 tunc
1949 2128 2113 2184 etiam

524 2210 743 2278 quidam
772 2225 894 2265 cum
925 2212 1082 2277 duce,
1115 2213 1205 2282 qui
1237 2213 1289 2268 in
1322 2214 1528 2284 palazio
1558 2227 1803 2286 tempore
1834 2216 2111 2274 Michaelis

527 2303 870 2370 imperatoris
917 2304 1221 2361 servientes
1270 2304 1466 2362 faciem
1512 2306 1630 2377 eius
1667 2324 1727 2364 se
1774 2310 2015 2377 novisse,
2057 2320 2110 2366 et

528 2391 669 2445 hunc
717 2390 949 2446 similem
1004 2394 1271 2462 minitne,
1323 2395 1407 2452 vel
1467 2397 1518 2451 itt
1566 2397 1778 2454 modico
1821 2399 2112 2455 assimilari

520 2482 769 2539 dicerent
793 2501 808 2549 ;
846 2486 939 2539 sed
968 2484 1341 2542 fraudulenter
1372 2489 1513 2544 hunc
1539 2503 1637 2559 spe
1662 2490 1888 2562 alicujus
1913 2507 1943 2546 a
1976 2497 2114 2550 duce

525 2574 823 2643 accipiendi
869 2576 1110 2633 muneris
1156 2580 1467 2637 advenisse.
1516 2580 1687 2636 Porro
1737 2584 1867 2649 dux,
1920 2594 2114 2641 uterne

504 2679 591 2719 an
622 2680 722 2735 pro
744 2677 895 2722 certo
921 2678 1066 2724 esset
1099 2669 1513 2740 teqnipendens,
1542 2687 1664 2725 cum
1700 2672 1900 2730 multus
1926 2690 2115 2730 susur-

508 2770 618 2811 =rus
652 2757 792 2813 inter
832 2774 959 2815 suos
992 2776 1154 2830 super
1188 2761 1276 2815 tali
1307 2763 1525 2832 negotio
1551 2762 1739 2829 fieret,
1778 2765 1847 2820 ab
1873 2764 2116 2837 ittCthtO

526 2847 748 2904 minime
799 2849 1200 2917 deterrebatur,
1234 2853 1330 2907 sed
1375 2854 1551 2922 potius
1582 2857 1724 2924 quod
1752 2869 1993 2928 coeperat
2020 2875 2116 2915 cx-

522 2956 777 3010 sequeus,
819 2960 941 2999 cum
984 2945 1097 3016 ipse
1144 2963 1250 3002 non
1285 2962 1408 3003 esse
1435 2947 1580 3004 hunc
1615 2950 1907 3017 dubitaret,
1941 2952 2015 3007 nil
2044 2952 2114 3009 de

526 3031 627 3086 hac
665 3048 723 3087 re
753 3032 1002 3091 dubitare
1028 3037 1339 3101 asserebat,
1371 3046 1428 3093 et
1456 3038 1558 3094 hoc
1582 3053 1649 3094 es
1688 3039 1949 3096 industria
1985 3041 2111 3112 qui-

526 3120 650 3175 dem
694 3122 921 3179 landans
970 3140 1097 3181 suos
1129 3126 1385 3193 faciebat,
1416 3142 1485 3183 ne
1513 3128 1582 3184 ab
1609 3128 1740 3197 ipsis
1775 3129 1843 3184 ab
1873 3131 2109 3203 incmpto

514 3212 933 3270 dehortaretur.
1336 3210 1341 3215 ’

1114 3310 1343 3370 CAPUT
1382 3312 1516 3369 XIV.

772 3404 904 3458 Dux
931 3421 1151 3460 θιασεεηρ
1175 3416 1320 3475 aptat
1347 3422 1523 3461 versus
1555 3406 1838 3465 Grreciam.

512 3495 675 3552 Talia
695 3498 1011 3570 disponens,
1046 3499 1209 3554 tacita
1234 3499 1330 3554 sed
1355 3509 1533 3555 mente
1562 3517 1852 3572 reponens,

522 3590 838 3661 Snmptibus
865 3591 1243 3662 insudat,‘quo
1274 3592 1596 3664 Byzantium
1628 3594 1729 3648 sibi
1763 3595 1933 3650 ludat.

496 3682 774 3752 ‘Undique
803 3692 1076 3740 terrarum
1107 3686 1303 3756 quaerit
1332 3700 1482 3757 spem
1510 3688 1887 3745 materiarum.

522 3773 682 3829 Nulla
710 3777 1081 3843 remittuntur,
1101 3791 1207 3832 nec
1231 3777 1431 3833 rustica
1460 3778 1851 3849 despiciuntur.

522 3861 629 3918 Sed
655 3863 911 3934 prodesse
926 3874 1140 3934 queunt
1168 3881 1289 3938 quae
1310 3865 1423 3936 jam
1450 3868 1703 3938 despecta
1730 3867 1968 3925 fuerunt.

506 3954 685 4025 ‘Ligni
711 3969 942 4011 caesores
973 3956 1301 4012 mandantur
1330 3958 1383 4012 in
1417 3969 1535 4014 arte
1562 3960 1793 4030 priores.

527 4044 777 4116 Undique
808 4052 1082 4101 terrarum
1108 4047 1432 4104 conducitur
1462 4062 1554 4104 ars
1581 4050 1902 4106 tabularum.

518 4134 735 4191 Robora
759 4151 899 4193 czesa
920 4137 1143 4204 cadunt,
1169 4148 1507 4205 resecantur,
1532 4150 1789 4211 sectaque
1822 4142 2019 4198 radunt

516 4228 767 4283 Artiﬁces
795 4229 947 4299 ligni.
980 4228 1210 4284 Ferrum
1237 4229 1393 4286 faber
1418 4231 1651 4302 applicat
1680 4233 1811 4304 igni.

512 4322 767 4378 Anchora
791 4321 1082 4389 conﬂatur,
1112 4322 1390 4378 clavorum
1420 4323 1592 4380 forma
1621 4334 1861 4395 paratur.

512 4411 787 4484 Compago
815 4412 969 4468 navis
998 4413 1198 4469 texitur
1222 4413 1369 4486 (205)
1395 4416 1741 4485 superaddita
1771 4416 1956 4472 clavis.

511 4502 799 4559 Obducunt
827 4504 963 4559 imas
995 4503 1088 4560 alii
1122 4504 1377 4575 lanugine
1408 4507 1595 4572 rimas,

512 4592 897 4663 Atquespicem
933 4594 1192 4665 liquidam
1230 4607 1525 4666 properant
1579 4599 1945 4669 superaddere
1973 4598 2099 4670 qui-

1440 4702 1448 4711 '
1851 4685 2024 4759 [dam.

514 4772 644 4827 Vela
671 4785 834 4830 suunt
861 4777 970 4843 isti,
1000 4778 1238 4834 studium
1265 4780 1397 4834 dant
1424 4777 1643 4835 funibus
1674 4781 1781 4835 isti.

514 4862 718 4921 Classis
745 4869 1052 4937 adaptatur,
1083 4888 1188 4927 non
1221 4872 1375 4926 navis
1404 4872 1519 4927 sola
1546 4882 1787 4942 paratur.

511 4954 727 4998 Cmu-al
754 4966 809 4998 III
842 4960 899 4998 ίη
924 4974 1179 4998 alumni-nc
1201 4962 1494 4998 clntlinginc
1516 4962 1758 4998 ἷιηηιῖηοι
1793 4964 1952 4998 Inuum
1975 4995 1980 4997 _

2221 1934 2583 1991 moliebantur
2613 1947 2725 1988 rem
2774 1931 3072 1988 transtulit.
3123 1929 3393 1999 Scriptum
3438 1926 3645 1999 quippe
3685 1935 3772 1978 est
3798 1942 3815 1977 ι

2223 2024 2348 2080 Νοη
2371 2035 2447 2081 est
2485 2024 2767 2096 sapientia,
2808 2041 2910 2078 non
2944 2032 3019 2076 est
3047 2020 3347 2094 prudentia,
3396 2035 3499 2072 mm
3524 2028 3603 2072 est
3636 2016 3819 2071 cousi~

2218 2116 2348 2173 (iam
2377 2127 2559 2171 contra
2586 2116 2871 2171 Dominum
2904 2112 3091 2182 (Prov.
3123 2128 3236 2178 XXI,
3262 2112 3375 2168 30‘.

2809 2207 3040 2264 CAPUT
3081 2207 3218 2261 XVI.

2537 2300 2841 2357 Evisandus
2867 2315 2962 2371 pro
2987 2298 3176 2354 comite
3203 2296 3482 2351 occiditur.

2293 2392 2562 2459 Evisando
2597 2392 2778 2462 itaque
2806 2391 2861 2446 in
2889 2389 3095 2446 domini
3128 2388 3387 2444 fidelitate
3427 2387 3614 2442 taliter
3643 2386 3814 2441 inter-

2216 2468 2380 2551 fecto,
2411 2484 2539 2541 dum
2569 2483 2742 2540 nostri
2773 2482 2829 2538 in
2871 2497 3023 2538 arma
3054 2488 3237 2548 ruunt,
3270 2480 3457 2535 hostes
3487 2493 3590 2548 per
3616 2476 3814 2548 prteri-

2168 2568 2179 2574 ”
2215 2579 2347 2648 pitia
2375 2577 2644 2649 scopulosi
2668 2576 2867 2633 montis
2889 2575 3220 2646 elapsisunt.
3249 2570 3341 2628 Sic
3369 2587 3519 2626 mors
3545 2570 3808 2625 Evisandi

2215 2671 2333 2727 vice
2381 2669 2531 2742 (209)
2577 2667 2798 2725 comitis
2853 2666 2953 2723 sub
3003 2664 3101 2721 Dei
3155 2662 3405 2735 prtesidio
3444 2660 3570 2715 fuit.
3613 2660 3813 2716 Comes

2214 2775 2397 2820 autem
2431 2762 2773 2818 fidelitatem
2817 2757 2936 2828 ejus
2985 2759 3215 2816 honeste
3264 2768 3657 2819 remunerans,
3692 2768 3813 2807 cor-

2215 2870 2350 2926 pore
2380 2855 2605 2912 hamato
2653 2854 2933 2918 decenter,
2987 2848 3160 2907 multa
3209 2845 3473 2903 beneficia
3535 2844 3787 2915 egenise

2215 2946 2391 3002 sacris
2416 2945 2550 3001 locis
2566 2958 2668 3016 pro
2690 2940 3063 3012 redemptione
3084 2938 3280 2995 anima:
3306 2933 3447 3004 ejus,
3479 2949 3586 2989 nec
3617 2935 3803 2986 immeo

2214 3042 2325 3096 rito
2368 3038 2622 3095 contulit.
2662 3035 2924 3091 Montium
2972 3041 3154 3089 autem
3193 3033 3478 3087 cacumina
3514 3042 3646 3082 cum
3680 3026 3809 3096 ipsis

2216 3132 2447 3189 vallibus
2493 3129 2874 3202 perlustrans,
2913 3126 3156 3197 peditum
3200 3124 3369 3193 copiis
3408 3124 3515 3176 iter
3568 3120 3796 3183 faciens,

2215 3241 2248 3279 a
2278 3234 2480 3289 monte,
2512 3221 2604 3293 qui
2632 3221 2702 3277 ab
2731 3219 2924 3277 incolis
2955 3217 3111 3276 Gibel
3141 3213 3464 3289 appellatur,
3499 3228 3667 3283 quem
3701 3229 3797 3265 nos

2210 3317 2409 3373 Etnam
2451 3315 2706 3382 dicimus,
2735 3327 2907 3383 usque
2945 3311 3200 3367 Trainam
3240 3306 3515 3364 neminem
3560 3304 3802 3374 ejusdem

2217 3407 2624 3478 superstitionis
2652 3405 2975 3477 impunitum
3003 3403 3231 3460 dimisit.

2208 3499 2470 3556 Militibus
2498 3496 2702 3555 multus
2738 3495 2985 3567 planctus
3014 3494 3117 3550 fuit
3144 3494 3246 3549 iste
3282 3502 3554 3565 sepu.tus.

2208 3588 2342 3644 Nam
2370 3604 2470 3645 suo
2500 3587 2696 3642 metito
2721 3584 2918 3641 charos
2945 3583 3048 3639 fuit
3070 3584 3304 3653 undique
3330 3582 3502 3639 Brito.

2206 3681 2312 3737 Pro
2337 3682 2532 3736 merito
2559 3681 2681 3736 fidei
2709 3688 2912 3735 sortem
2941 3677 3123 3748 capiat
3150 3675 3377 3747 requiei.

2205 3773 2303 3829 Cui
2328 3789 2454 3830 cum
2483 3774 2558 3830 sit
2585 3773 2659 3829 ita
2690 3785 2858 3838 mors,
2890 3777 2974 3826 est
2997 3768 3185 3825 comiti
3223 3769 3348 3823 data
3384 3767 3519 3823 vita.

2206 3869 2245 3921 Α
2279 3866 2417 3923 Juda
2448 3865 2623 3923 discat
2653 3862 2822 3935 (210),
2856 3876 3019 3933 quem
3053 3868 3200 3916 tanta
3243 3860 3377 3915 lides
3408 3859 3511 3914 sibi
3552 3859 3725 3914 dicat.

2203 3959 2295 4017 Ille
2321 3958 2492 4014 Deum
2522 3957 2781 4021 vendens,
2811 3954 3005 4025 laqueo
3033 3968 3092 4009 se
3119 3959 3302 4023 postea
3328 3951 3578 4021 pendens

2202 4051 2427 4107 Mortem
2452 4058 2748 4116 mercatur,
2778 4063 2902 4104 cum
2930 4047 3219 4102 traditione
3248 4053 3498 4110 notatur;

2202 4141 2396 4199 Hostili
2427 4139 2604 4196 cultro
2631 4154 2757 4209 spes
2784 4134 2946 4207 hujus
2974 4150 3034 4192 se
3058 4134 3208 4191 dedit
3233 4134 3397 4200 ultro,

2202 4233 2275 4291 Ut
2303 4231 2582 4289 dominum
2610 4236 2812 4295 servet,
2845 4227 3205 4295 meritumque
3233 4224 3337 4281 sibi
3368 4232 3683 4280 coacervet.

2198 4323 2315 4380 Non
2340 4325 2546 4378 virtute
2573 4321 2692 4391 pari
2724 4320 2925 4376 debent
2950 4318 2988 4373 ii
3015 4316 3346 4375 subtitulari.

2201 4416 2456 4472 Traditor
2478 4414 2617 4469 alter
2637 4422 2775 4478 erat,
2809 4421 2869 4467 ut
2895 4410 3067 4468 salvet
3093 4419 3150 4466 et
3171 4408 3583 4464 alter‘anhelat.

2199 4506 2513 4578 Angelicam
2534 4518 2779 4577 pennam
2810 4502 2991 4573 capiet
3021 4499 3130 4560 hic.
3161 4498 3610 4568 illegehennam.

2758 4614 3004 4672 CAPUT
3038 4610 3201 4669 XV".

2333 4708 2541 4781 Golafri
2569 4708 2633 4764 ab
2662 4708 2847 4778 Africa
2874 4706 2969 4761 sub
2999 4704 3350 4759 Tauromenio
3382 4704 3657 4760 visissunt.

2272 4802 2691 4872 Quatuordecim
2735 4815 2867 4871 ergo
2914 4814 3099 4866 naves,
3129 4813 3265 4867 quas
3302 4795 3561 4853 Golafros
3605 4798 3786 4870 appri-

2200 4896 2343 4960 lant,
2389 4894 2458 4949 ab
2498 4891 2680 4947 Africa
2733 4891 2874 4961 regis
2912 4888 3123 4944 Tuuicii
3156 4888 3457 4957 piratarum
3494 4904 3652 4945 more
3692 4904 3785 4959 per

2836 4979 3098 4998 m,.-4-_.-
