4010 5230
161 403 308 456 “tif;
399 417 402 420 '

159 517 868 582 advenerim,sciscitatqu
927 523 1109 577 mittit.
1165 523 1567 582 lnterminando
1611 529 1734 583 sub-

149 607 342 676 juuait
371 611 415 664 si
445 611 496 664 in
530 621 678 667 tanto
711 617 792 668 sui
819 615 960 682 juris
1001 617 1084 670 vel
1131 619 1401 674 modicum
1432 621 1561 690 quid
1593 621 1732 692 inju-

159 699 260 752 rite
283 699 366 752 vel
399 698 672 767 fecissent,
699 703 782 758 vel
815 705 996 761 facere
1031 715 1298 762 attentare
1323 721 1732 782 praesumerent,

141 801 426 857 nusquam
459 791 752 862 impunitos
779 810 808 847 a
841 811 900 849 se
927 797 1158 851 evadere
1189 813 1366 868 posse.
1397 799 1472 855 Ac
1503 800 1630 854 dum
1660 801 1734 854 nil

147 877 284 930 mali
315 879 576 936 adversus
601 897 664 936 ea
713 899 830 952 qua:
866 885 980 955 ejus
1009 887 1150 956 juris
1189 897 1347 942 erant
1383 889 1484 944 sth
1514 905 1736 946 excursa-

145 966 304 1023 tione
347 979 404 1024 et
432 972 796 1028 obtestatione
843 975 980 1046 legis
1025 992 1136 1031 sua:
1187 979 1486 1032 machinari
1529 993 1732 1034 remm-

143 1061 376 1129 tiantur,
419 1067 513 1120 sed
551 1067 733 1135 potius
765 1083 830 1122 ex
867 1069 1048 1124 edicto
1078 1070 1222 1140 regis
1255 1071 1488 1136 Tunicii,
1519 1081 1578 1126 ut
1603 1073 1734 1128 infe-

133 1162 266 1208 stos
313 1154 521 1223 piratas
570 1173 598 1212 a
643 1159 814 1224 mari,
847 1160 891 1214 si
919 1159 1726 1233 invenirentur,propellerent,

139 1243 369 1308 missos,
419 1246 535 1314 ejus
583 1245 890 1315 famulatui,
933 1250 978 1304 si
1005 1265 1228 1308 necesse
1261 1253 1422 1316 foret,
1463 1254 1728 1310 inservire

133 1346 386 1404 paratos,
413 1339 572 1407 primi
595 1339 856 1412 cujusque
879 1344 1032 1399 navis
1051 1344 1116 1398 ad
1142 1345 1374 1400 amicum
1401 1345 1726 1414 colloquium

131 1426 472 1492 invitantur,
499 1441 556 1483 ut
577 1431 622 1484 si
649 1430 732 1486 vel
757 1433 924 1497 victu,
953 1433 1036 1488 vel
1067 1433 1185 1488 aliis
1207 1435 1540 1503 quibuslibet
1567 1437 1728 1492 rebus

129 1517 323 1573 minus
351 1519 676 1576 sufﬁcientes
705 1533 909 1590 essent,
949 1525 1066 1596 ejus
1105 1526 1472 1582 muniﬁcentia
1511 1529 1728 1598 supple-

127 1617 360 1674 rentur;
411 1613 504 1680 qui
562 1612 688 1666 dum
747 1614 1058 1670 invitatioui
1107 1619 1472 1673 assentientes
1519 1617 1726 1676 foedere

125 1707 394 1776 suscepto
441 1701 703 1758 advenire
747 1715 1096 1774 appararent,
1140 1723 1274 1762 aura
1325 1711 1602 1766 contraria
1643 1713 1722 1767 in-

123 1799 424 1860 snrgeute,
465 1808 630 1848 naves
659 1809 780 1850 cum
829 1797 960 1866 ipsis
1005 1813 1103 1868 per
1159 1815 1378 1870 aequora
1429 1801 1598 1872 pulsae
1651 1805 1720 1860 ab

123 1879 336 1934 intuitu
367 1891 676 1938 nostrorum
704 1887 953 1956 protinus
981 1899 1108 1944 sunt
1136 1891 1338 1946 avulsae
1359 1907 1378 1946 ε

121 1991 223 2046 Sic
257 2007 398 2062 quos
421 1993 636 2062 invitat,
667 1997 862 2055 boreas
890 2002 1150 2058 accedere
1181 2005 1334 2059 vitat.

115 2083 191 2140 Et
223 2087 366 2154 quod
395 2091 646 2156 promisit
673 2091 822 2158 dare,
855 2109 922 2149 ne
951 2096 1104 2151 daret
1132 2111 1262 2152 aura
1288 2097 1492 2154 recisit.

691 2227 918 2284 CAPUT
959 2230 1139 2286 XVIII.

589 2316 996 2376 Tauromenitmt
1039 2325 1264 2388 capitur.

114 2403 188 2456 At
231 2419 418 2461 comes
447 2416 688 2464 tntentus
719 2410 894 2468 fuerat
918 2413 1114 2482 quibus
1142 2426 1268 2472 ante
1299 2429 1542 2474 retentus
1571 2435 1586 2473 :

111 2494 348 2550 Obsidet
369 2507 422 2550 et
449 2511 668 2569 pugnat,
705 2513 942 2558 castrum
973 2522 1068 2574 pro
1099 2523 1256 2577 posse
1287 2521 1568 2582 repugnat.

113 2587 418 2642 Certamen
465 2593 624 2646 datur
655 2593 834 2665 (2H);
885 2613 1068 2654 comes
1111 2600 1214 2656 huc
1255 2615 1502 2670 perstare
1541 2617 1706 2660 cona-

1209 2691 1326 2762 ,[ιιιι*
1349 2695 1526 2765 (212).

103 2770 380 2836 Quamvis
409 2789 536 2828 cura
567 2775 716 2846 ligat,
753 2786 928 2834 tamen
964 2781 1108 2836 hunc
1133 2799 1220 2838 res
1247 2785 1392 2840 nulla
1423 2786 1630 2857 fatigat.

107 2863 308 2928 Instat,
341 2873 396 2918 ct
429 2866 698 2932 hortatur,
731 2871 912 2926 hostes
943 2875 1140 2930 virtute
1167 2877 1422 2932 minatur.

107 2954 242 3018 Dat;
279 2955 410 3010 dare
436 2961 742 3026 promittit;
789 2963 864 3018 nil
899 2979 1002 3018 non
1034 2967 1289 3022 tentando
1321 2969 1568 3024 remittit.

101 3046 190 3098 Ad
221 3047 370 3114 quod
397 3049 719 3104 adhortatur
749 3053 947 3119 socios,
989 3057 1137 3124 prior
1165 3071 1286 3112 esse
1313 3061 1573 3128 probatur

98 3137 244 3192 Cum
269 3139 342 3193 sit
367 3151 668 3209 certamen,
697 3154 750 3200 et
773 3145 1033 3204 fratribus
1055 3165 1174 3204 esse
1213 3151 1478 3218 levamen,

97 3232 251 3285 Ante
281 3248 414 3288 suos
441 3233 630 3300 fertur,
665 3253 786 3292 cum
821 3241 1122 3310 posteriore
1153 3244 1406 3298 refertur.

97 3322 330 3380 Primus
355 3326 423 3380 ad
447 3329 706 3386 excubias
737 3333 984 3390 Otbouus
1007 3335 1175 3408 (215),
1205 3340 1342 3393 a.’.er
1365 3338 1510 3394 Elias

99 3413 332 3470 Tertius
355 3417 660 3488 Arisgotus,
691 3421 960 3480 Jordanus
985 3427 1181 3482 abinde
1219 3441 1458 3486 remotus

99 3507 242 3562 Esse
275 3513 570 3576 recusavit,
599 3515 776 3570 socios
805 3517 920 3572 haec
946 3533 1036 3572 ars
1059 3520 1338 3576 animavit.

97 3597 252 3652 Exiit
289 3601 550 3666 edictum,
583 3603 812 3660 liceatne
843 3623 1084 3677 quaerere
1112 3610 1338 3665 victmn.

99 3689 198 3744 Sic
229 3690 620 3760 deviucuntur,
653 3699 822 3752 nostri
849 3701 1086 3754 stat-ioue
1114 3701 1382 3757 fruuntur.

95 3781 144 3834 Α
183 3783 390 3838 montis
415 3801 612 3856 magno
642 3791 998 3856 prohibentur
1027 3791 1364 3865 abundique;
1407 3806 1619 3868 stagno.

101 3873 150 3926 Α
185 3875 336 3930 nullo
369 3877 671 3934 subduutur
706 3883 884 3955 (214);
929 3895 1052 3954 post
1099 3887 1246 3957 (2l5)
1293 3891 1476 3948 addita
1521 3895 1692 3950 demi-

1191 3982 1474 4054 [uuuutur.

97 4058 262 4117 Unde
293 4061 466 4118 fames
490 4065 680 4128 crevit,
717 4083 1043 4139 congressus
1068 4071 1136 4126 ab
1167 4073 1322 4128 hoste
1351 4077 1578 4144 quievit.

97 4151 382 4208 Decrescit
409 4155 602 4222 virtus,
641 4157 802 4213 habet
840 4159 1012 4216 hostis
1035 4160 1148 4230 jam
1189 4179 1354 4234 prope
1385 4167 1574 4221 victus.

101 4243 231 4300 Solo
261 4262 510 4314 securus,
535 4251 676 4320 quod
701 4252 873 4323 cingit
902 4255 1212 4325 abundique
1244 4273 1453 4312 murus.

99 4335 170 4390 Ut
209 4337 304 4392 det
346 4354 694 4412 congressum
727 4344 898 4415 (216),
932 4355 1090 4400 cavet
1136 4356 1289 4402 extra
1339 4349 1500 4420 ﬁgere
1535 4365 1686 4420 gres-

1295 4441 1462 4513 [sum.

101 4525 294 4580 Deficit
325 4537 381 4580 ut
407 4529 583 4596 panis,
611 4529 838 4599 populus
863 4540 1152 4599 superatur
1178 4533 1376 4588 inanis.

91 4616 184 4671 Sic
211 4632 396 4672 comes
418 4620 648 4684 accitur,
677 4631 858 4675 castro
885 4637 984 4691 pro
1015 4623 1152 4677 velle
1176 4625 1398 4691 potitur.

95 4708 304 4763 Arbore
327 4709 431 4764 sub
465 4710 602 4764 lauri
635 4723 930 4766 curvantur
961 4715 1157 4768 mmnia
1185 4714 1370 4770 Tauri.

87 4798 318 4855 Fcedere
346 4799 620 4866 confecto,
664 4802 810 4856 dolet
845 4803 1021 4860 hostis
1056 4805 1108 4859 in
1143 4806 1295 4861 hoste
1318 4815 1564 4875 recepto;

91 4887 198 4944 Sed
224 4891 474 4959 quamvis
498 4891 695 4954 doleat,
734 4905 839 4944 non
868 4891 1260 4949 dissimulando
1293 4893 1518 4950 revelat.

86 4977 198 5032 Cur
227 4979 406 5033 deleat
437 4981 653 5044 nostris,
689 4979 811 5048 quia
846 4981 999 5036 laetus
1028 4993 1146 5037 erat
1172 5002 1299 5043 suus
1329 4985 1523 5042 hostis.

1255 411 1570 468 IllS'fUlllA
1598 411 1862 470 SICLIIA.
1905 449 1972 458 —
2011 419 2137 476 LIB.
2169 421 2252 476 Ill.

1673 3257 1768 3320 Ὀ

3285 441 3424 497 1166

1766 539 1808 590 Α
1841 531 2086 590 Piscibus
2110 537 2341 604 obsedit,
2373 553 2612 598 .ervente
2655 563 2819 603 scene
2851 561 3074 606 recrtut.

1839 622 2012 678 Tanto
2037 625 2136 679 sibi
2175 627 2490 696 adjumento
2521 635 2790 691 collocato
2815 639 3092 702 divinitus,

1837 713 1912 766 Ne
1939 729 2192 785 appareat
2221 719 2464 790 ingratus
2493 725 2827 794 vilipendeus
2860 729 3146 801 llogerius,

1837 806 2031 862 Secum
2060 811 2226 880 cmpit
2256 815 2516 884 deputare
2555 819 2682 887 quid
2717 821 2898 876 litaret
2935 825 3130 892 potius.

1833 899 2218 958 Cmmontarios
2256 908 2560 964 conducens
2589 914 2946 983 undecunque
2973 929 3254 988 aggregat;

1835 991 2038 1063 Templi
2061 995 2196 1064 jacit
2230 997 2576 1059 fundamenta
2609 1006 2662 1059 in
2692 1009 2822 1064 urbe
2852 1009 3098 1068 Tainica.

1831 1085 1910 1137 Ad
1943 1089 2084 1154 quod
2115 1101 2364 1158 perstans
2395 1095 2542 1168 (2H)
2578 1114 2694 1153 :nvo
2723 1099 2871 1156 brevi
2915 1117 3157 1174 superat.

1831 1179 2130 1248 Laquearia
2161 1193 2426 1242 tectorum
2455 1189 2692 1260 ligantur
2719 1195 2994 1262 ecclesim;

1831 1270 2072 1327 Parietes
2099 1274 2463 1348 depinguntur
2489 1282 2705 1338 diverso
2737 1285 3032 1354 bitumine;

1829 1361 2194 1421 Consecratur
2223 1367 2274 1422 in
2306 1371 2510 1427 honore
2549 1371 2779 1445 Virginis
2809 1393 3115 1450 puerpera},

1829 1452 1992 1508 Multa
2020 1457 2144 1510 dote
2171 1471 2567 1529 augmentatur,
2604 1467 2784 1530 terris,
2820 1471 2933 1526 sive
2973 1473 3222 1540 decimis;

1827 1543 2174 1603 Omamentis
2207 1551 2479 1620 palliatnr,
2513 1565 2568 1611 et
2612 1559 2838 1615 diversis
2880 1566 3068 1633 copiis.

1825 1635 2097 1694 Cathedra
2133 1643 2480 1711 pontificatus
2509 1649 2834 1707 sublimatur
2869 1655 3079 1724 infulis;

1827 1727 1998 1785 Sacer
2025 1731 2202 1789 clerus
2233 1747 2632 1807 augmentatur,
2669 1754 2828 1814 prout
2857 1759 3104 1819 suu'iptus
3131 1763 3360 1822 Sllppelll
3381 1795 3396 1821 ,

1823 1821 2026 1878 Altaris
2049 1839 2200 1890 vasa,
2234 1829 2316 1881 vel
2342 1831 2506 1885 vestis
2535 1833 2815 1904 plusquam
2850 1839 2996 1894 clero
3023 1821 3238 1896 suflirit.

1747 1885 1792 1943 Β
1821 1913 2178 1982 Candelabra,
2201 1935 2414 1987 cruces,
2445 1885 2623 1981 textus
2672 1885 2746 1983 lac
2772 1931 3124 1988 ceral‘umbuli
3157 1935 3327 2008 (218).

1823 2004 1899 2058 Ex
1933 2007 2154 2064 metallo
2183 2011 2334 2080 signa
2361 2013 2494 2068 ﬁttnt
2525 2015 2732 2086 plebem
2765 2021 3080 2090 invitantia;

1821 2095 2100 2154 Melodiam
2173 2103 2383 2160 dulcem
2459 2108 2726 2176 reddunt,
2795 2113 3016 2182 pulchre
3095 2131 3397 2172 consonano

1923 2189 1994 2243 tia
2027 2191 2196 2263 (-219).
2625 2269 2630 2274 _

1816 2282 2100 2340 Melodizat
2131 2303 2287 2342 sacer
2323 2291 2500 2348 clerus
2525 2295 2755 2366 hymnos
2788 2300 2958 2354 sacris
2986 2300 3263 2366 laudibus;

1814 2373 2018 2430 Prtesul
2041 2379 2203 2434 verba
2239 2396 2408 2438 sacrze
2434 2384 2564 2454 legis
2603 2388 2834 2443 seminat
2857 2391 2910 2444 in
2938 2393 3210 2461 gentibus.

1815 2467 2037 2524 Divinus
2077 2473 2254 2527 cultus
2293 2478 2588 2532 arcessitur
2621 2480 2866 2549 pluribus
2901 2484 3248 2541 credentibus

1811 2558 1907 2613 Cui
1941 2559 2136 2616 debent
2167 2564 2282 2619 bare
2311 2567 2508 2622 ascribi
2543 2570 2648 2624 nisi
2680 2581 2829 2626 tanto
2853 2574 3120 2643 principi?

1810 2651 1908 2719 Qui
1940 2655 2152 2708 reduxit
2181 2673 2392 2713 sacram
2425 2660 2620 2732 legem,
2649 2667 2790 2720 unde
2819 2668 2969 2730 prius
3004 2671 3227 2724 corruit.

1807 2745 1972 2814 Cujus
1998 2753 2100 2819 (ipe
2130 2751 2188 2803 fit
2217 2751 2320 2806 hoc
2351 2761 2542 2820 totum,
2571 2766 2625 2811 et
2654 2759 2794 2814 hanc
2827 2761 2995 2830 legem
3022 2763 3187 2818 edidit
3211 2765 3381 2836 (2‘20).

1807 2836 2031 2892 Textum
2061 2840 2184 2896 libri
2221 2859 2610 2914 persequamur
2635 2867 2648 2903 :
2676 2867 2798 2905 nam
2831 2853 2929 2907 ista
2959 2853 3248 2910 sulliciunt.

1807 2931 1998 2988 Sermo
2029 2935 2189 2992 nimis
2221 2939 2522 2996 inculcatas
2558 2945 2827 2998 interdum
2871 2945 2929 3000 Iit
2963 2949 3204 3004 medium.

1805 3027 2153 3097 Subsequens
2178 3033 2348 3104 stylus
2380 3038 2642 3104 narrabit,
2676 3039 2718 3094 si
2743 3041 2869 3109 quid
2899 3051 2983 3097 est
3011 3045 3308 3100 residuum.

1807 3119 1944 3176 Urbs
1997 3123 2195 3179 'l‘raina
2241 3126 2370 3182 felix
2425 3131 2598 3199 gaude
2629 3173 2642 3198 ,
2710 3136 2774 3188 da
2827 3135 3016 3191 dionas
3074 3136 3258 3192 laud-cs
3319 3139 3382 3190 ti-

2969 3227 3104 3298 [_tulo
3139 3230 3304 3299 (2‘21).

1799 3309 1854 3361 In
1887 3317 1937 3364 te
1970 3311 2146 3380 primo
2181 3324 2467 3382 reparatur
2499 3317 2676 3370 divina
2713 3319 2851 3390 legio
2887 3321 3056 3392 (222).

1799 3401 2040 3458 Messana
2073 3407 2380 3460 consociata
2421 3409 2536 3477 pari
2571 3411 2737 3463 servit
2773 3413 2980 3481 clypeo.

2370 3499 2596 3556 CAPUT
2633 3501 2771 3556 xnx.
3051 3573 3056 3578 _

2059 3591 2306 3647 Juccuses
2336 3605 2383 3648 et
2417 3595 2653 3650 Cireuses
2688 3613 2856 3652 comes
2890 3599 3106 3654 obsidet.

1861 3687 2138 3742 Incarnati
2207 3689 2367 3744 Verbi
2429 3705 2572 3745 anno
2629 3691 2914 3747 millesimo
2977 3693 3374 3764 septuagesimo

1793 3797 1936 3836 nono
1980 3781 2238 3838 Jacenscs
2285 3793 2480 3838 natura
2538 3787 2820 3841 tuoulis‘in
2870 3804 2978 3857 quo
3037 3789 3370 3856 habitabant,

1792 3888 2078 3930 numerosa
2104 3873 2447 3930 multitudine
2473 3891 2693 3931 suorum
2721 3877 2798 3933 fisi
2827 3879 3008 3950 (erant
3029 3881 3172 3934 enim
3201 3897 3374 3951 usque

1790 3965 1856 4016 ad
1881 3965 2138 4019 tredecim
2163 3965 2327 4020 millia
2355 3965 2730 4040 familiarum),
2757 3969 2941 4040 iugum
2969 3981 3170 4027 nostra:
3193 3974 3372 4040 gentis

1791 4053 2150 4111 abhorrentes
2178 4065 2444 4112 statutum
2479 4060 2782 4124 servitium,
2824 4071 2878 4115 et
2909 4078 3130 4117 censum
3161 4065 3368 4131 persol-

1790 4161 1914 4202 vere
1947 4149 2278 4204 renuntiant.
2304 4150 2498 4207 Comes
2527 4167 2654 4207 vero
2681 4169 2778 4221 per
2800 4153 3010 4223 legatos
3047 4170 3142 4209 cos
3171 4170 3371 4209 enave-

1789 4238 1960 4304 niens,
1989 4255 2130 4296 mmc
2159 4242 2544 4296 blandimentis
2573 4257 2668 4296 eos
2697 4243 3003 4310 mulcendo,
3035 4258 3177 4298 nunc
3207 4245 3366 4298 minis

1787 4333 2102 4388 attentando
2123 4351 2189 4388 ne
2213 4343 2404 4389 contra
2427 4350 2483 4388 se
2507 4336 2874 4406 insurgerent,
2901 4351 3036 4390 neve
3057 4351 3152 4406 per
3173 4335 3364 4390 vitium

1786 4423 1934 4494 (2‘23)
1987 4427 2364 4490 incurrerent,
2411 4441 2543 4480 neve
2585 4441 2706 4480 eum
2754 4427 3016 4482 irritando
3068 4437 3256 4482 contra
3303 4444 3362 4480 se

1787 4516 2109 4582 excitarent,
2156 4518 2223 4572 ab
2260 4517 2496 4586 incmpto
2530 4517 2816 4572 detrahere
2844 4520 3140 4574 nitebatur.
3170 4519 3240 4573 At
3271 4519 3363 4572 ubi

1707 4606 1758 4665 Ι)
1787 4609 1964 4662 minus
1987 4609 2222 4678 proiicit,
2246 4611 2491 4665 exercitu
2519 4613 2759 4676 admoto,
2793 4626 2928 4680 quos
2963 4611 3240 4666 blanditiis
3279 4613 3362 4664 vel

1788 4703 1948 4757 .ninis
1971 4704 2178 4772 nequit,
2211 4705 2410 4758 virtute
2438 4705 2756 4759 attentando
2781 4702 2998 4760 flectere
3028 4705 3358 4775 aggreditur.

1703 4857 1710 4864 ἱ
1786 4793 1938 4849 Mons
1967 4803 2146 4849 autem
2180 4811 2340 4867 quem
2373 4795 2748 4850 inhabitabant
2797 4796 2868 4849 ita
2900 4797 2968 4851 ab
2999 4796 3144 4850 onmi
3191 4796 3365 4850 latere

1783 4889 2068 4962 scopuloso
2093 4891 2391 4962 prtecipitio
2422 4899 2540 4945 crat
2569 4893 2832 4957 munitus,
2865 4901 2922 4946 ul
2948 4907 3011 4945 ex
3037 4892 3182 4947 nttlla
3213 4902 3364 4963 parte

1785 4999 2046 5043 ascensus
2089 4996 2320 5056 pateret,
2351 4994 2577 5054 excepto
2621 5003 2730 5042 uno
2775 4986 2890 5041 solo
2935 4993 3106 5047 arcto,
3140 4999 3364 5055 arteque
