  <div class='ocr_page' id='page_1' title='image "/cluster/home/n/w/nwhite01/storage/ocr_20150623/149/hvd.32044015473770/587.png"; bbox 0 0 4010 5230; ppageno 0'>
   <div class='ocr_carea' id='block_1_1' title="bbox 615 272 750 328">
    <p class='ocr_par' dir='ltr' id='par_1_1' title="bbox 615 272 750 328">
     <span class='ocr_line' id='line_1_1' title="bbox 615 272 750 328; baseline -0.007 0"><span class='ocrx_word' id='word_1_1' title='bbox 615 272 750 328; x_wconf 77' lang='lat'><strong>“67</strong></span> 
     </span>
    </p>
   </div>
   <div class='ocr_carea' id='block_1_2' title="bbox 1465 261 3027 324">
    <p class='ocr_par' dir='ltr' id='par_1_2' title="bbox 1465 261 3027 324">
     <span class='ocr_line' id='line_1_2' title="bbox 1465 261 3027 324; baseline -0.002 -1"><span class='ocrx_word' id='word_1_2' title='bbox 1465 267 1812 324; x_wconf 72' lang='lat' dir='ltr'><strong>GAUFIIEIM</strong></span> <span class='ocrx_word' id='word_1_3' title='bbox 1843 261 2294 320; x_wconf 64' lang='lat' dir='ltr'><strong>lvl.\L.-\&#39;l‘l&quot;.IlIl:E</strong></span> <span class='ocrx_word' id='word_1_4' title='bbox 2335 263 2638 320; x_wconf 75' lang='lat' dir='ltr'><strong>MONACIII</strong></span> <span class='ocrx_word' id='word_1_5' title='bbox 2680 265 3027 321; x_wconf 74' lang='lat' dir='ltr'><strong>BENEDICT.</strong></span> 
     </span>
    </p>
   </div>
   <div class='ocr_carea' id='block_1_3' title="bbox 3651 267 3864 324">
    <p class='ocr_par' dir='ltr' id='par_1_3' title="bbox 3651 267 3864 324">
     <span class='ocr_line' id='line_1_3' title="bbox 3651 267 3864 324; baseline 0.009 -2"><span class='ocrx_word' id='word_1_6' title='bbox 3651 305 3662 312; x_wconf 85' lang='lat'><strong>-</strong></span> <span class='ocrx_word' id='word_1_7' title='bbox 3737 267 3864 324; x_wconf 66' lang='lat' dir='ltr'><strong>me</strong></span> 
     </span>
    </p>
   </div>
   <div class='ocr_carea' id='block_1_4' title="bbox 525 365 3846 457">
    <p class='ocr_par' dir='ltr' id='par_1_4' title="bbox 525 365 3846 457">
     <span class='ocr_line' id='line_1_4' title="bbox 525 365 3846 457; baseline -0.002 -13"><span class='ocrx_word' id='word_1_8' title='bbox 525 365 541 388; x_wconf 39' lang='grc'><strong>“’</strong></span> <span class='ocrx_word' id='word_1_9' title='bbox 613 401 728 444; x_wconf 88' lang='lat' dir='ltr'><strong>tere</strong></span> <span class='ocrx_word' id='word_1_10' title='bbox 769 389 822 442; x_wconf 92' lang='lat' dir='ltr'><strong>in</strong></span> <span class='ocrx_word' id='word_1_11' title='bbox 851 386 1064 457; x_wconf 86' lang='lat' dir='ltr'><strong>longum</strong></span> <span class='ocrx_word' id='word_1_12' title='bbox 1108 393 1388 456; x_wconf 89' lang='lat' dir='ltr'><strong>porrectus</strong></span> <span class='ocrx_word' id='word_1_13' title='bbox 1431 384 1694 438; x_wconf 87' lang='lat' dir='ltr'><strong>munibat.</strong></span> <span class='ocrx_word' id='word_1_14' title='bbox 1731 381 1822 442; x_wconf 78' lang='lat' dir='ltr'><strong>At.</strong></span> <span class='ocrx_word' id='word_1_15' title='bbox 1865 381 1990 450; x_wconf 99' lang='lat' dir='ltr'><strong>quia</strong></span> <span class='ocrx_word' id='word_1_16' title='bbox 2033 393 2186 432; x_wconf 90' lang='lat' dir='ltr'><strong>mons</strong></span> <span class='ocrx_word' id='word_1_17' title='bbox 2217 381 2263 438; x_wconf 79' lang='grc' dir='ltr'><strong>Α</strong></span> <span class='ocrx_word' id='word_1_18' title='bbox 2295 387 2474 447; x_wconf 80' lang='lat' dir='ltr'><strong>tatem,</strong></span> <span class='ocrx_word' id='word_1_19' title='bbox 2511 397 2630 448; x_wconf 72' lang='lat' dir='ltr'><strong>(IIILC</strong></span> <span class='ocrx_word' id='word_1_20' title='bbox 2664 383 2729 436; x_wconf 89' lang='lat' dir='ltr'><strong>de</strong></span> <span class='ocrx_word' id='word_1_21' title='bbox 2759 382 2878 452; x_wconf 88' lang='lat' dir='ltr'><strong>ipso</strong></span> <span class='ocrx_word' id='word_1_22' title='bbox 2905 382 3262 449; x_wconf 82' lang='lat' dir='ltr'><strong>referebatur,</strong></span> <span class='ocrx_word' id='word_1_23' title='bbox 3297 383 3502 454; x_wconf 85' lang='lat' dir='ltr'><strong>legatos</strong></span> <span class='ocrx_word' id='word_1_24' title='bbox 3527 383 3744 454; x_wconf 83' lang='lat' dir='ltr'><strong>dignos.</strong></span> <span class='ocrx_word' id='word_1_25' title='bbox 3781 403 3846 454; x_wconf 81' lang='lat' dir='ltr'><strong>qn</strong></span> 
     </span>
    </p>
   </div>
   <div class='ocr_carea' id='block_1_5' title="bbox 611 473 2180 548">
    <p class='ocr_par' dir='ltr' id='par_1_5' title="bbox 611 473 2180 548">
     <span class='ocr_line' id='line_1_5' title="bbox 611 473 2180 548; baseline -0.008 -13"><span class='ocrx_word' id='word_1_26' title='bbox 611 479 700 535; x_wconf 87' lang='lat' dir='ltr'><strong>hic</strong></span> <span class='ocrx_word' id='word_1_27' title='bbox 721 478 950 548; x_wconf 77' lang='lat' dir='ltr'><strong>speciosi</strong></span> <span class='ocrx_word' id='word_1_28' title='bbox 973 475 1208 530; x_wconf 87' lang='lat' dir='ltr'><strong>ambitus</strong></span> <span class='ocrx_word' id='word_1_29' title='bbox 1233 476 1412 530; x_wconf 88' lang='lat' dir='ltr'><strong>minus</strong></span> <span class='ocrx_word' id='word_1_30' title='bbox 1432 475 1606 529; x_wconf 83' lang='lat' dir='ltr'><strong>claudi</strong></span> <span class='ocrx_word' id='word_1_31' title='bbox 1632 473 1929 528; x_wconf 84' lang='lat' dir='ltr'><strong>obsidendo</strong></span> <span class='ocrx_word' id='word_1_32' title='bbox 1952 479 2180 541; x_wconf 88' lang='lat' dir='ltr'><strong>poterat,</strong></span> 
     </span>
    </p>
   </div>
   <div class='ocr_carea' id='block_1_6' title="bbox 611 563 2186 640">
    <p class='ocr_par' dir='ltr' id='par_1_6' title="bbox 611 563 2186 640">
     <span class='ocr_line' id='line_1_6' title="bbox 611 563 2186 640; baseline -0.005 -16"><span class='ocrx_word' id='word_1_33' title='bbox 611 571 716 626; x_wconf 81' lang='lat' dir='ltr'><strong>illis</strong></span> <span class='ocrx_word' id='word_1_34' title='bbox 746 569 1083 640; x_wconf 87' lang='lat' dir='ltr'><strong>potissimum</strong></span> <span class='ocrx_word' id='word_1_35' title='bbox 1119 568 1171 622; x_wconf 88' lang='lat' dir='ltr'><strong>in</strong></span> <span class='ocrx_word' id='word_1_36' title='bbox 1201 567 1334 622; x_wconf 90' lang='lat' dir='ltr'><strong>locis</strong></span> <span class='ocrx_word' id='word_1_37' title='bbox 1357 568 1447 621; x_wconf 89' lang='lat' dir='ltr'><strong>ubi</strong></span> <span class='ocrx_word' id='word_1_38' title='bbox 1473 566 1806 621; x_wconf 83' lang='lat' dir='ltr'><strong>infestiorem</strong></span> <span class='ocrx_word' id='word_1_39' title='bbox 1843 579 1902 618; x_wconf 90' lang='lat' dir='ltr'><strong>se</strong></span> <span class='ocrx_word' id='word_1_40' title='bbox 1941 563 2186 618; x_wconf 72' lang='lat' dir='ltr'><strong>hosubus</strong></span> 
     </span>
    </p>
   </div>
   <div class='ocr_carea' id='block_1_7' title="bbox 609 656 2184 733">
    <p class='ocr_par' dir='ltr' id='par_1_7' title="bbox 609 656 2184 733">
     <span class='ocr_line' id='line_1_7' title="bbox 609 656 2184 733; baseline -0.006 -15"><span class='ocrx_word' id='word_1_41' title='bbox 609 663 725 718; x_wconf 83' lang='lat' dir='ltr'><strong>ﬁeri</strong></span> <span class='ocrx_word' id='word_1_42' title='bbox 751 677 910 733; x_wconf 85' lang='lat' dir='ltr'><strong>posse</strong></span> <span class='ocrx_word' id='word_1_43' title='bbox 935 661 1236 727; x_wconf 82' lang='lat' dir='ltr'><strong>existimat,</strong></span> <span class='ocrx_word' id='word_1_44' title='bbox 1267 662 1424 716; x_wconf 85' lang='lat' dir='ltr'><strong>sedes</strong></span> <span class='ocrx_word' id='word_1_45' title='bbox 1447 661 1616 730; x_wconf 87' lang='lat' dir='ltr'><strong>ponit.</strong></span> <span class='ocrx_word' id='word_1_46' title='bbox 1641 658 1812 712; x_wconf 90' lang='lat' dir='ltr'><strong>Porro</strong></span> <span class='ocrx_word' id='word_1_47' title='bbox 1839 656 2098 712; x_wconf 79' lang='lat' dir='ltr'><strong>Jaceuscs</strong></span> <span class='ocrx_word' id='word_1_48' title='bbox 2120 669 2184 708; x_wconf 90' lang='lat' dir='ltr'><strong>ac</strong></span> 
     </span>
    </p>
   </div>
   <div class='ocr_carea' id='block_1_8' title="bbox 607 746 2184 826">
    <p class='ocr_par' dir='ltr' id='par_1_8' title="bbox 607 746 2184 826">
     <span class='ocr_line' id='line_1_8' title="bbox 607 746 2184 826; baseline -0.005 -16"><span class='ocrx_word' id='word_1_49' title='bbox 607 756 651 810; x_wconf 89' lang='lat' dir='ltr'><strong>si</strong></span> <span class='ocrx_word' id='word_1_50' title='bbox 685 771 781 824; x_wconf 87' lang='lat' dir='ltr'><strong>pro</strong></span> <span class='ocrx_word' id='word_1_51' title='bbox 803 755 910 809; x_wconf 89' lang='lat' dir='ltr'><strong>vita</strong></span> <span class='ocrx_word' id='word_1_52' title='bbox 935 761 1166 818; x_wconf 86' lang='lat' dir='ltr'><strong>certare,</strong></span> <span class='ocrx_word' id='word_1_53' title='bbox 1203 754 1428 819; x_wconf 88' lang='lat' dir='ltr'><strong>instare,</strong></span> <span class='ocrx_word' id='word_1_54' title='bbox 1449 753 1632 826; x_wconf 84' lang='lat' dir='ltr'><strong>omnia</strong></span> <span class='ocrx_word' id='word_1_55' title='bbox 1663 748 1974 814; x_wconf 87' lang='lat' dir='ltr'><strong>circumire,</strong></span> <span class='ocrx_word' id='word_1_56' title='bbox 1999 746 2074 802; x_wconf 88' lang='lat' dir='ltr'><strong>nil</strong></span> <span class='ocrx_word' id='word_1_57' title='bbox 2099 762 2184 802; x_wconf 85' lang='lat' dir='ltr'><strong>re-</strong></span> 
     </span>
    </p>
   </div>
   <div class='ocr_carea' id='block_1_9' title="bbox 603 837 2180 914">
    <p class='ocr_par' dir='ltr' id='par_1_9' title="bbox 603 837 2180 914">
     <span class='ocr_line' id='line_1_9' title="bbox 603 837 2180 914; baseline -0.006 -16"><span class='ocrx_word' id='word_1_58' title='bbox 603 847 841 910; x_wconf 82' lang='lat' dir='ltr'><strong>mittere,</strong></span> <span class='ocrx_word' id='word_1_59' title='bbox 869 844 1065 914; x_wconf 83' lang='lat' dir='ltr'><strong>quibus</strong></span> <span class='ocrx_word' id='word_1_60' title='bbox 1087 844 1332 914; x_wconf 89' lang='lat' dir='ltr'><strong>partibus</strong></span> <span class='ocrx_word' id='word_1_61' title='bbox 1366 842 1487 914; x_wconf 90' lang='lat' dir='ltr'><strong>plus</strong></span> <span class='ocrx_word' id='word_1_62' title='bbox 1509 841 1772 896; x_wconf 83' lang='lat' dir='ltr'><strong>timebant</strong></span> <span class='ocrx_word' id='word_1_63' title='bbox 1795 839 1913 895; x_wconf 89' lang='lat' dir='ltr'><strong>loca</strong></span> <span class='ocrx_word' id='word_1_64' title='bbox 1944 837 2180 900; x_wconf 89' lang='lat' dir='ltr'><strong>munire,</strong></span> 
     </span>
    </p>
   </div>
   <div class='ocr_carea' id='block_1_10' title="bbox 602 929 2176 1008">
    <p class='ocr_par' dir='ltr' id='par_1_10' title="bbox 602 929 2176 1008">
     <span class='ocr_line' id='line_1_10' title="bbox 602 929 2176 1008; baseline -0.006 -18"><span class='ocrx_word' id='word_1_65' title='bbox 602 937 730 991; x_wconf 88' lang='lat' dir='ltr'><strong>inde</strong></span> <span class='ocrx_word' id='word_1_66' title='bbox 771 935 1136 1008; x_wconf 77' lang='lat' dir='ltr'><strong>infatigabiles</strong></span> <span class='ocrx_word' id='word_1_67' title='bbox 1176 936 1366 990; x_wconf 80' lang='lat' dir='ltr'><strong>adesse</strong></span> <span class='ocrx_word' id='word_1_68' title='bbox 1409 933 1650 1003; x_wconf 76' lang='lat' dir='ltr'><strong>vigilanti</strong></span> <span class='ocrx_word' id='word_1_69' title='bbox 1691 946 1822 987; x_wconf 88' lang='lat' dir='ltr'><strong>cura</strong></span> <span class='ocrx_word' id='word_1_70' title='bbox 1867 929 2176 985; x_wconf 81' lang='lat' dir='ltr'><strong>studebant.</strong></span> 
     </span>
    </p>
   </div>
   <div class='ocr_carea' id='block_1_11' title="bbox 601 1019 2179 1102">
    <p class='ocr_par' dir='ltr' id='par_1_11' title="bbox 601 1019 2179 1102">
     <span class='ocr_line' id='line_1_11' title="bbox 601 1019 2179 1102; baseline -0.006 -19"><span class='ocrx_word' id='word_1_71' title='bbox 601 1028 670 1084; x_wconf 82' lang='lat' dir='ltr'><strong>Et</strong></span> <span class='ocrx_word' id='word_1_72' title='bbox 715 1028 838 1099; x_wconf 89' lang='lat' dir='ltr'><strong>quia</strong></span> <span class='ocrx_word' id='word_1_73' title='bbox 872 1037 1115 1102; x_wconf 87' lang='lat' dir='ltr'><strong>armenta</strong></span> <span class='ocrx_word' id='word_1_74' title='bbox 1145 1042 1271 1092; x_wconf 90' lang='lat' dir='ltr'><strong>sua,</strong></span> <span class='ocrx_word' id='word_1_75' title='bbox 1315 1035 1369 1081; x_wconf 89' lang='lat' dir='ltr'><strong>et</strong></span> <span class='ocrx_word' id='word_1_76' title='bbox 1399 1039 1592 1095; x_wconf 84' lang='lat' dir='ltr'><strong>pecora</strong></span> <span class='ocrx_word' id='word_1_77' title='bbox 1643 1038 1826 1080; x_wconf 90' lang='lat' dir='ltr'><strong>secum</strong></span> <span class='ocrx_word' id='word_1_78' title='bbox 1877 1021 1932 1076; x_wconf 90' lang='lat' dir='ltr'><strong>in</strong></span> <span class='ocrx_word' id='word_1_79' title='bbox 1980 1019 2179 1074; x_wconf 90' lang='lat' dir='ltr'><strong>abditis</strong></span> 
     </span>
    </p>
   </div>
   <div class='ocr_carea' id='block_1_12' title="bbox 600 1108 2180 1186">
    <p class='ocr_par' dir='ltr' id='par_1_12' title="bbox 600 1108 2180 1186">
     <span class='ocr_line' id='line_1_12' title="bbox 600 1108 2180 1186; baseline -0.007 -13"><span class='ocrx_word' id='word_1_80' title='bbox 600 1117 840 1186; x_wconf 68' lang='lat' dir='ltr'><strong>ejusdem</strong></span> <span class='ocrx_word' id='word_1_81' title='bbox 887 1116 1112 1184; x_wconf 90' lang='lat' dir='ltr'><strong>montis,</strong></span> <span class='ocrx_word' id='word_1_82' title='bbox 1145 1115 1572 1184; x_wconf 85' lang='lat' dir='ltr'><strong>cavernosisquc</strong></span> <span class='ocrx_word' id='word_1_83' title='bbox 1611 1113 1748 1168; x_wconf 90' lang='lat' dir='ltr'><strong>locis</strong></span> <span class='ocrx_word' id='word_1_84' title='bbox 1781 1127 1812 1166; x_wconf 92' lang='lat' dir='ltr'><strong>a</strong></span> <span class='ocrx_word' id='word_1_85' title='bbox 1859 1108 2180 1180; x_wconf 87' lang='lat' dir='ltr'><strong>pcrvasione</strong></span> 
     </span>
    </p>
   </div>
   <div class='ocr_carea' id='block_1_13' title="bbox 599 1201 2178 1281">
    <p class='ocr_par' dir='ltr' id='par_1_13' title="bbox 599 1201 2178 1281">
     <span class='ocr_line' id='line_1_13' title="bbox 599 1201 2178 1281; baseline -0.006 -15"><span class='ocrx_word' id='word_1_86' title='bbox 599 1210 784 1266; x_wconf 88' lang='lat' dir='ltr'><strong>hostili</strong></span> <span class='ocrx_word' id='word_1_87' title='bbox 817 1218 932 1264; x_wconf 91' lang='lat' dir='ltr'><strong>tuta</strong></span> <span class='ocrx_word' id='word_1_88' title='bbox 963 1210 1311 1281; x_wconf 78' lang='lat' dir='ltr'><strong>aggerebant,</strong></span> <span class='ocrx_word' id='word_1_89' title='bbox 1339 1217 1396 1264; x_wconf 90' lang='lat' dir='ltr'><strong>et</strong></span> <span class='ocrx_word' id='word_1_90' title='bbox 1424 1209 1605 1263; x_wconf 91' lang='lat' dir='ltr'><strong>minus</strong></span> <span class='ocrx_word' id='word_1_91' title='bbox 1639 1207 1705 1262; x_wconf 86' lang='lat' dir='ltr'><strong>ab</strong></span> <span class='ocrx_word' id='word_1_92' title='bbox 1731 1205 1975 1260; x_wconf 89' lang='lat' dir='ltr'><strong>hostibus</strong></span> <span class='ocrx_word' id='word_1_93' title='bbox 2002 1218 2066 1258; x_wconf 88' lang='lat' dir='ltr'><strong>ea</strong></span> <span class='ocrx_word' id='word_1_94' title='bbox 2097 1201 2178 1256; x_wconf 92' lang='lat' dir='ltr'><strong>di-</strong></span> 
     </span>
    </p>
   </div>
   <div class='ocr_carea' id='block_1_14' title="bbox 599 1295 2174 1372">
    <p class='ocr_par' dir='ltr' id='par_1_14' title="bbox 599 1295 2174 1372">
     <span class='ocr_line' id='line_1_14' title="bbox 599 1295 2174 1372; baseline -0.005 -18"><span class='ocrx_word' id='word_1_95' title='bbox 599 1301 702 1372; x_wconf 87' lang='lat' dir='ltr'><strong>ripi</strong></span> <span class='ocrx_word' id='word_1_96' title='bbox 737 1308 1061 1366; x_wconf 86' lang='lat' dir='ltr'><strong>metuentes,</strong></span> <span class='ocrx_word' id='word_1_97' title='bbox 1113 1299 1494 1354; x_wconf 87' lang='lat' dir='ltr'><strong>obduratiores</strong></span> <span class='ocrx_word' id='word_1_98' title='bbox 1539 1305 1716 1354; x_wconf 89' lang='lat' dir='ltr'><strong>erant.</strong></span> <span class='ocrx_word' id='word_1_99' title='bbox 1769 1295 1962 1350; x_wconf 90' lang='lat' dir='ltr'><strong>Comes</strong></span> <span class='ocrx_word' id='word_1_100' title='bbox 1992 1301 2174 1348; x_wconf 91' lang='lat' dir='ltr'><strong>autem</strong></span> 
     </span>
    </p>
   </div>
   <div class='ocr_carea' id='block_1_15' title="bbox 585 1385 2174 1468">
    <p class='ocr_par' dir='ltr' id='par_1_15' title="bbox 585 1385 2174 1468">
     <span class='ocr_line' id='line_1_15' title="bbox 585 1385 2174 1468; baseline -0.005 -21"><span class='ocrx_word' id='word_1_101' title='bbox 585 1401 806 1463; x_wconf 10' lang='lat' dir='ltr'><strong>{quanto</strong></span> <span class='ocrx_word' id='word_1_102' title='bbox 836 1407 930 1448; x_wconf 87' lang='lat' dir='ltr'><strong>eos</strong></span> <span class='ocrx_word' id='word_1_103' title='bbox 962 1393 1014 1468; x_wconf 80' lang='lat' dir='ltr'><strong>in</strong></span> <span class='ocrx_word' id='word_1_104' title='bbox 1046 1391 1128 1448; x_wconf 90' lang='lat' dir='ltr'><strong>sui</strong></span> <span class='ocrx_word' id='word_1_105' title='bbox 1157 1391 1469 1447; x_wconf 43' lang='lat' dir='ltr'><strong>defensitne</strong></span> <span class='ocrx_word' id='word_1_106' title='bbox 1497 1389 1757 1444; x_wconf 83' lang='lat' dir='ltr'><strong>attentius</strong></span> <span class='ocrx_word' id='word_1_107' title='bbox 1781 1388 1990 1442; x_wconf 88' lang='lat' dir='ltr'><strong>instare</strong></span> <span class='ocrx_word' id='word_1_108' title='bbox 2017 1385 2174 1442; x_wconf 87' lang='lat' dir='ltr'><strong>vide-</strong></span> 
     </span>
    </p>
   </div>
   <div class='ocr_carea' id='block_1_16' title="bbox 581 1482 2176 1550">
    <p class='ocr_par' dir='ltr' id='par_1_16' title="bbox 581 1482 2176 1550">
     <span class='ocr_line' id='line_1_16' title="bbox 581 1482 2176 1550; baseline -0.004 -11"><span class='ocrx_word' id='word_1_109' title='bbox 581 1485 712 1546; x_wconf 83' lang='lat' dir='ltr'><strong>.bat,</strong></span> <span class='ocrx_word' id='word_1_110' title='bbox 763 1493 914 1538; x_wconf 89' lang='lat' dir='ltr'><strong>tanto</strong></span> <span class='ocrx_word' id='word_1_111' title='bbox 955 1483 1134 1538; x_wconf 89' lang='lat' dir='ltr'><strong>altiori</strong></span> <span class='ocrx_word' id='word_1_112' title='bbox 1187 1485 1264 1538; x_wconf 89' lang='lat' dir='ltr'><strong>ira</strong></span> <span class='ocrx_word' id='word_1_113' title='bbox 1313 1482 1774 1544; x_wconf 82' lang='lat' dir='ltr'><strong>inllannnabatur,</strong></span> <span class='ocrx_word' id='word_1_114' title='bbox 1824 1494 1932 1550; x_wconf 90' lang='lat' dir='ltr'><strong>quo</strong></span> <span class='ocrx_word' id='word_1_115' title='bbox 1975 1493 2034 1534; x_wconf 88' lang='lat' dir='ltr'><strong>se</strong></span> <span class='ocrx_word' id='word_1_116' title='bbox 2081 1492 2176 1532; x_wconf 91' lang='lat' dir='ltr'><strong>eos</strong></span> 
     </span>
    </p>
   </div>
   <div class='ocr_carea' id='block_1_17' title="bbox 594 1575 2174 1660">
    <p class='ocr_par' dir='ltr' id='par_1_17' title="bbox 594 1575 2174 1660">
     <span class='ocr_line' id='line_1_17' title="bbox 594 1575 2174 1660; baseline -0.001 -30"><span class='ocrx_word' id='word_1_117' title='bbox 594 1579 778 1660; x_wconf 78' lang='lat' dir='ltr'><strong>minus</strong></span> <span class='ocrx_word' id='word_1_118' title='bbox 807 1578 1004 1635; x_wconf 74' lang='lat' dir='ltr'><strong>lmdere</strong></span> <span class='ocrx_word' id='word_1_119' title='bbox 1061 1592 1218 1648; x_wconf 86' lang='lat' dir='ltr'><strong>posse</strong></span> <span class='ocrx_word' id='word_1_120' title='bbox 1263 1577 1646 1656; x_wconf 80' lang='lat' dir='ltr'><strong>cognoscebat.</strong></span> <span class='ocrx_word' id='word_1_121' title='bbox 1678 1575 1793 1630; x_wconf 78' lang='lat' dir='ltr'><strong>Non</strong></span> <span class='ocrx_word' id='word_1_122' title='bbox 1829 1575 1898 1630; x_wconf 91' lang='lat' dir='ltr'><strong>ab</strong></span> <span class='ocrx_word' id='word_1_123' title='bbox 1939 1575 2174 1644; x_wconf 75' lang='lat' dir='ltr'><strong>inempto</strong></span> 
     </span>
    </p>
   </div>
   <div class='ocr_carea' id='block_1_18' title="bbox 593 1667 2172 1738">
    <p class='ocr_par' dir='ltr' id='par_1_18' title="bbox 593 1667 2172 1738">
     <span class='ocr_line' id='line_1_18' title="bbox 593 1667 2172 1738; baseline -0.001 -14"><span class='ocrx_word' id='word_1_124' title='bbox 593 1669 990 1736; x_wconf 82' lang='lat' dir='ltr'><strong>deterrebatur,</strong></span> <span class='ocrx_word' id='word_1_125' title='bbox 1029 1671 1124 1726; x_wconf 89' lang='lat' dir='ltr'><strong>sed</strong></span> <span class='ocrx_word' id='word_1_126' title='bbox 1155 1684 1220 1726; x_wconf 93' lang='lat' dir='ltr'><strong>eo</strong></span> <span class='ocrx_word' id='word_1_127' title='bbox 1251 1669 1538 1724; x_wconf 88' lang='lat' dir='ltr'><strong>instantius</strong></span> <span class='ocrx_word' id='word_1_128' title='bbox 1567 1683 1674 1738; x_wconf 92' lang='lat' dir='ltr'><strong>quo</strong></span> <span class='ocrx_word' id='word_1_129' title='bbox 1715 1667 2028 1738; x_wconf 72' lang='lat' dir='ltr'><strong>praevaleret</strong></span> <span class='ocrx_word' id='word_1_130' title='bbox 2056 1682 2172 1722; x_wconf 90' lang='lat' dir='ltr'><strong>om-</strong></span> 
     </span>
    </p>
   </div>
   <div class='ocr_carea' id='block_1_19' title="bbox 2287 473 3864 544">
    <p class='ocr_par' dir='ltr' id='par_1_19' title="bbox 2287 473 3864 544">
     <span class='ocr_line' id='line_1_19' title="bbox 2287 473 3864 544; baseline 0.006 -22"><span class='ocrx_word' id='word_1_131' title='bbox 2287 486 2314 522; x_wconf 90' lang='lat' dir='ltr'><strong>a</strong></span> <span class='ocrx_word' id='word_1_132' title='bbox 2347 481 2498 525; x_wconf 90' lang='lat' dir='ltr'><strong>tanto</strong></span> <span class='ocrx_word' id='word_1_133' title='bbox 2527 473 2592 526; x_wconf 90' lang='lat' dir='ltr'><strong>ad</strong></span> <span class='ocrx_word' id='word_1_134' title='bbox 2626 483 2834 528; x_wconf 90' lang='lat' dir='ltr'><strong>tantum</strong></span> <span class='ocrx_word' id='word_1_135' title='bbox 2878 474 3265 544; x_wconf 77' lang='lat' dir='ltr'><strong>dirigerentur,</strong></span> <span class='ocrx_word' id='word_1_136' title='bbox 3315 476 3538 531; x_wconf 88' lang='lat' dir='ltr'><strong>mittens</strong></span> <span class='ocrx_word' id='word_1_137' title='bbox 3569 475 3864 532; x_wconf 72' lang='lat' dir='ltr'><strong>Matbilditr</strong></span> 
     </span>
    </p>
   </div>
   <div class='ocr_carea' id='block_1_20' title="bbox 2289 563 3856 636">
    <p class='ocr_par' dir='ltr' id='par_1_20' title="bbox 2289 563 3856 636">
     <span class='ocr_line' id='line_1_20' title="bbox 2289 563 3856 636; baseline 0.003 -20"><span class='ocrx_word' id='word_1_138' title='bbox 2289 563 2452 618; x_wconf 82' lang='lat' dir='ltr'><strong>ﬁliam</strong></span> <span class='ocrx_word' id='word_1_139' title='bbox 2484 579 2658 630; x_wconf 90' lang='lat' dir='ltr'><strong>suam,</strong></span> <span class='ocrx_word' id='word_1_140' title='bbox 2690 581 2850 634; x_wconf 86' lang='lat' dir='ltr'><strong>quam</strong></span> <span class='ocrx_word' id='word_1_141' title='bbox 2883 566 2950 620; x_wconf 90' lang='lat' dir='ltr'><strong>de</strong></span> <span class='ocrx_word' id='word_1_142' title='bbox 2989 568 3162 636; x_wconf 89' lang='lat' dir='ltr'><strong>prima</strong></span> <span class='ocrx_word' id='word_1_143' title='bbox 3207 583 3377 622; x_wconf 83' lang='lat' dir='ltr'><strong>uxore</strong></span> <span class='ocrx_word' id='word_1_144' title='bbox 3421 568 3719 622; x_wconf 87' lang='lat' dir='ltr'><strong>admodum</strong></span> <span class='ocrx_word' id='word_1_145' title='bbox 3769 569 3856 622; x_wconf 85' lang='lat' dir='ltr'><strong>bo-</strong></span> 
     </span>
    </p>
   </div>
   <div class='ocr_carea' id='block_1_21' title="bbox 2285 656 3860 728">
    <p class='ocr_par' dir='ltr' id='par_1_21' title="bbox 2285 656 3860 728">
     <span class='ocr_line' id='line_1_21' title="bbox 2285 656 3860 728; baseline 0.003 -18"><span class='ocrx_word' id='word_1_146' title='bbox 2285 667 2453 712; x_wconf 75' lang='lat' dir='ltr'><strong>ncsttc</strong></span> <span class='ocrx_word' id='word_1_147' title='bbox 2485 656 2640 712; x_wconf 90' lang='lat' dir='ltr'><strong>faciei</strong></span> <span class='ocrx_word' id='word_1_148' title='bbox 2672 658 2906 728; x_wconf 88' lang='lat' dir='ltr'><strong>puellam</strong></span> <span class='ocrx_word' id='word_1_149' title='bbox 2939 660 3192 724; x_wconf 86' lang='lat' dir='ltr'><strong>habebat,</strong></span> <span class='ocrx_word' id='word_1_150' title='bbox 3227 661 3330 716; x_wconf 92' lang='lat' dir='ltr'><strong>sibi</strong></span> <span class='ocrx_word' id='word_1_151' title='bbox 3363 661 3414 714; x_wconf 90' lang='lat' dir='ltr'><strong>in</strong></span> <span class='ocrx_word' id='word_1_152' title='bbox 3455 662 3860 716; x_wconf 81' lang='lat' dir='ltr'><strong>matrimoniun-</strong></span> 
     </span>
    </p>
   </div>
   <div class='ocr_carea' id='block_1_22' title="bbox 2284 748 3866 819">
    <p class='ocr_par' dir='ltr' id='par_1_22' title="bbox 2284 748 3866 819">
     <span class='ocr_line' id='line_1_22' title="bbox 2284 748 3866 819; baseline 0.004 -17"><span class='ocrx_word' id='word_1_153' title='bbox 2284 748 2638 818; x_wconf 90' lang='lat' dir='ltr'><strong>copulandam</strong></span> <span class='ocrx_word' id='word_1_154' title='bbox 2672 751 2999 819; x_wconf 67' lang='lat' dir='ltr'><strong>expostulat.</strong></span> <span class='ocrx_word' id='word_1_155' title='bbox 3023 751 3175 818; x_wconf 84' lang='lat' dir='ltr'><strong>Quod</strong></span> <span class='ocrx_word' id='word_1_156' title='bbox 3203 769 3324 806; x_wconf 90' lang='lat' dir='ltr'><strong>cum</strong></span> <span class='ocrx_word' id='word_1_157' title='bbox 3355 768 3385 806; x_wconf 88' lang='lat' dir='ltr'><strong>a</strong></span> <span class='ocrx_word' id='word_1_158' title='bbox 3412 753 3614 808; x_wconf 88' lang='lat' dir='ltr'><strong>comite</strong></span> <span class='ocrx_word' id='word_1_159' title='bbox 3644 769 3866 808; x_wconf 72' lang='lat' dir='ltr'><strong>calices-</strong></span> 
     </span>
    </p>
   </div>
   <div class='ocr_carea' id='block_1_23' title="bbox 2285 843 3862 914">
    <p class='ocr_par' dir='ltr' id='par_1_23' title="bbox 2285 843 3862 914">
     <span class='ocr_line' id='line_1_23' title="bbox 2285 843 3862 914; baseline 0.004 -20"><span class='ocrx_word' id='word_1_160' title='bbox 2285 854 2424 904; x_wconf 85' lang='lat' dir='ltr'><strong>smn,</strong></span> <span class='ocrx_word' id='word_1_161' title='bbox 2457 843 2770 898; x_wconf 86' lang='lat' dir='ltr'><strong>renuntiant</strong></span> <span class='ocrx_word' id='word_1_162' title='bbox 2819 844 2965 914; x_wconf 78' lang='grc'>(229)</span> <span class='ocrx_word' id='word_1_163' title='bbox 2993 863 3004 896; x_wconf 93' lang='lat'>:</span> <span class='ocrx_word' id='word_1_164' title='bbox 3030 859 3134 912; x_wconf 90' lang='lat' dir='ltr'><strong>qua</strong></span> <span class='ocrx_word' id='word_1_165' title='bbox 3167 845 3233 900; x_wconf 89' lang='lat' dir='ltr'><strong>de</strong></span> <span class='ocrx_word' id='word_1_166' title='bbox 3252 861 3308 900; x_wconf 88' lang='lat' dir='ltr'><strong>re</strong></span> <span class='ocrx_word' id='word_1_167' title='bbox 3333 845 3419 900; x_wconf 91' lang='lat' dir='ltr'><strong>ille</strong></span> <span class='ocrx_word' id='word_1_168' title='bbox 3449 860 3557 900; x_wconf 86' lang='lat' dir='ltr'><strong>non</strong></span> <span class='ocrx_word' id='word_1_169' title='bbox 3585 847 3862 902; x_wconf 83' lang='lat' dir='ltr'><strong>minimum</strong></span> 
     </span>
    </p>
   </div>
   <div class='ocr_carea' id='block_1_24' title="bbox 2281 936 3864 1009">
    <p class='ocr_par' dir='ltr' id='par_1_24' title="bbox 2281 936 3864 1009">
     <span class='ocr_line' id='line_1_24' title="bbox 2281 936 3864 1009; baseline 0.006 -24"><span class='ocrx_word' id='word_1_170' title='bbox 2281 936 2526 1004; x_wconf 76' lang='lat' dir='ltr'><strong>gavisus;</strong></span> <span class='ocrx_word' id='word_1_171' title='bbox 2554 945 2673 992; x_wconf 88' lang='lat' dir='ltr'><strong>erat</strong></span> <span class='ocrx_word' id='word_1_172' title='bbox 2711 937 2882 1000; x_wconf 88' lang='lat' dir='ltr'><strong>enim,</strong></span> <span class='ocrx_word' id='word_1_173' title='bbox 2917 947 3138 1008; x_wconf 83' lang='lat' dir='ltr'><strong>prepter</strong></span> <span class='ocrx_word' id='word_1_174' title='bbox 3169 937 3562 994; x_wconf 86' lang='lat' dir='ltr'><strong>formositatem</strong></span> <span class='ocrx_word' id='word_1_175' title='bbox 3610 955 3776 1009; x_wconf 89' lang='lat' dir='ltr'><strong>quam</strong></span> <span class='ocrx_word' id='word_1_176' title='bbox 3809 941 3864 994; x_wconf 83' lang='lat' dir='ltr'><strong>de</strong></span> 
     </span>
    </p>
   </div>
   <div class='ocr_carea' id='block_1_25' title="bbox 2284 1030 3862 1103">
    <p class='ocr_par' dir='ltr' id='par_1_25' title="bbox 2284 1030 3862 1103">
     <span class='ocr_line' id='line_1_25' title="bbox 2284 1030 3862 1103; baseline 0.003 -20"><span class='ocrx_word' id='word_1_177' title='bbox 2284 1030 2396 1100; x_wconf 89' lang='lat' dir='ltr'><strong>ipsa</strong></span> <span class='ocrx_word' id='word_1_178' title='bbox 2436 1033 2703 1098; x_wconf 84' lang='lat' dir='ltr'><strong>audierat,</strong></span> <span class='ocrx_word' id='word_1_179' title='bbox 2758 1033 2902 1088; x_wconf 88' lang='lat' dir='ltr'><strong>illam</strong></span> <span class='ocrx_word' id='word_1_180' title='bbox 2932 1035 3317 1090; x_wconf 87' lang='lat' dir='ltr'><strong>ardentissimo</strong></span> <span class='ocrx_word' id='word_1_181' title='bbox 3365 1051 3554 1090; x_wconf 88' lang='lat' dir='ltr'><strong>amore</strong></span> <span class='ocrx_word' id='word_1_182' title='bbox 3601 1036 3862 1103; x_wconf 68' lang='lat' dir='ltr'><strong>cupiens;</strong></span> 
     </span>
    </p>
   </div>
   <div class='ocr_carea' id='block_1_26' title="bbox 2283 1123 3864 1195">
    <p class='ocr_par' dir='ltr' id='par_1_26' title="bbox 2283 1123 3864 1195">
     <span class='ocr_line' id='line_1_26' title="bbox 2283 1123 3864 1195; baseline 0.003 -19"><span class='ocrx_word' id='word_1_183' title='bbox 2283 1123 2464 1178; x_wconf 89' lang='lat' dir='ltr'><strong>audito</strong></span> <span class='ocrx_word' id='word_1_184' title='bbox 2493 1126 2724 1178; x_wconf 88' lang='lat' dir='ltr'><strong>termino</strong></span> <span class='ocrx_word' id='word_1_185' title='bbox 2747 1125 3076 1194; x_wconf 86' lang='lat' dir='ltr'><strong>nuptiarum,</strong></span> <span class='ocrx_word' id='word_1_186' title='bbox 3111 1141 3206 1195; x_wconf 89' lang='lat' dir='ltr'><strong>per</strong></span> <span class='ocrx_word' id='word_1_187' title='bbox 3237 1141 3294 1180; x_wconf 91' lang='lat' dir='ltr'><strong>se</strong></span> <span class='ocrx_word' id='word_1_188' title='bbox 3325 1125 3502 1194; x_wconf 87' lang='lat' dir='ltr'><strong>ipsum</strong></span> <span class='ocrx_word' id='word_1_189' title='bbox 3529 1125 3586 1179; x_wconf 88' lang='lat' dir='ltr'><strong>in</strong></span> <span class='ocrx_word' id='word_1_190' title='bbox 3619 1126 3864 1180; x_wconf 80' lang='lat' dir='ltr'><strong>Siciliam</strong></span> 
     </span>
    </p>
   </div>
   <div class='ocr_carea' id='block_1_27' title="bbox 2280 1217 3864 1288">
    <p class='ocr_par' dir='ltr' id='par_1_27' title="bbox 2280 1217 3864 1288">
     <span class='ocr_line' id='line_1_27' title="bbox 2280 1217 3864 1288; baseline 0.001 -18"><span class='ocrx_word' id='word_1_191' title='bbox 2280 1217 2606 1285; x_wconf 83' lang='lat' dir='ltr'><strong>accedendo,</strong></span> <span class='ocrx_word' id='word_1_192' title='bbox 2663 1217 2806 1272; x_wconf 90' lang='lat' dir='ltr'><strong>diem</strong></span> <span class='ocrx_word' id='word_1_193' title='bbox 2861 1219 3162 1288; x_wconf 74' lang='lat' dir='ltr'><strong>praevenire</strong></span> <span class='ocrx_word' id='word_1_194' title='bbox 3209 1217 3506 1280; x_wconf 87' lang='lat' dir='ltr'><strong>accelerat.</strong></span> <span class='ocrx_word' id='word_1_195' title='bbox 3561 1219 3864 1273; x_wconf 79' lang='lat' dir='ltr'><strong>venientem</strong></span> 
     </span>
    </p>
   </div>
   <div class='ocr_carea' id='block_1_28' title="bbox 2278 1308 3868 1382">
    <p class='ocr_par' dir='ltr' id='par_1_28' title="bbox 2278 1308 3868 1382">
     <span class='ocr_line' id='line_1_28' title="bbox 2278 1308 3868 1382; baseline 0.001 -22"><span class='ocrx_word' id='word_1_196' title='bbox 2278 1321 2462 1362; x_wconf 87' lang='lat' dir='ltr'><strong>comes</strong></span> <span class='ocrx_word' id='word_1_197' title='bbox 2492 1308 2695 1364; x_wconf 86' lang='lat' dir='ltr'><strong>honore</strong></span> <span class='ocrx_word' id='word_1_198' title='bbox 2735 1308 3002 1377; x_wconf 81' lang='lat' dir='ltr'><strong>condigne</strong></span> <span class='ocrx_word' id='word_1_199' title='bbox 3035 1309 3260 1378; x_wconf 75' lang='lat' dir='ltr'><strong>excipit,</strong></span> <span class='ocrx_word' id='word_1_200' title='bbox 3293 1308 3570 1377; x_wconf 88' lang='lat' dir='ltr'><strong>pactiones</strong></span> <span class='ocrx_word' id='word_1_201' title='bbox 3603 1324 3868 1382; x_wconf 82' lang='lat' dir='ltr'><strong>renovan-</strong></span> 
     </span>
    </p>
   </div>
   <div class='ocr_carea' id='block_1_29' title="bbox 2279 1395 3866 1468">
    <p class='ocr_par' dir='ltr' id='par_1_29' title="bbox 2279 1395 3866 1468">
     <span class='ocr_line' id='line_1_29' title="bbox 2279 1395 3866 1468; baseline 0.002 -20"><span class='ocrx_word' id='word_1_202' title='bbox 2279 1405 2367 1450; x_wconf 90' lang='lat' dir='ltr'><strong>tur</strong></span> <span class='ocrx_word' id='word_1_203' title='bbox 2393 1395 2564 1467; x_wconf 77' lang='grc'>(250),</span> <span class='ocrx_word' id='word_1_204' title='bbox 2598 1397 2694 1451; x_wconf 90' lang='lat' dir='ltr'><strong>dos</strong></span> <span class='ocrx_word' id='word_1_205' title='bbox 2723 1397 2911 1467; x_wconf 68' lang='lat' dir='ltr'><strong>puellae</strong></span> <span class='ocrx_word' id='word_1_206' title='bbox 2942 1398 3044 1452; x_wconf 88' lang='lat' dir='ltr'><strong>sub</strong></span> <span class='ocrx_word' id='word_1_207' title='bbox 3069 1407 3390 1452; x_wconf 85' lang='lat' dir='ltr'><strong>testamento</strong></span> <span class='ocrx_word' id='word_1_208' title='bbox 3419 1397 3866 1468; x_wconf 82' lang='lat' dir='ltr'><strong>chirographiza-</strong></span> 
     </span>
    </p>
   </div>
   <div class='ocr_carea' id='block_1_30' title="bbox 2279 1486 3860 1558">
    <p class='ocr_par' dir='ltr' id='par_1_30' title="bbox 2279 1486 3860 1558">
     <span class='ocr_line' id='line_1_30' title="bbox 2279 1486 3860 1558; baseline 0.001 -18"><span class='ocrx_word' id='word_1_209' title='bbox 2279 1495 2367 1540; x_wconf 91' lang='lat' dir='ltr'><strong>tur</strong></span> <span class='ocrx_word' id='word_1_210' title='bbox 2420 1486 2604 1556; x_wconf 69' lang='lat' dir='ltr'><strong>(25f);</strong></span> <span class='ocrx_word' id='word_1_211' title='bbox 2669 1487 2942 1556; x_wconf 86' lang='lat' dir='ltr'><strong>sponsalia</strong></span> <span class='ocrx_word' id='word_1_212' title='bbox 3003 1487 3362 1558; x_wconf 61' lang='lat' dir='ltr'><strong>praesentibus</strong></span> <span class='ocrx_word' id='word_1_213' title='bbox 3411 1487 3668 1556; x_wconf 80' lang='lat' dir='ltr'><strong>utrisque</strong></span> <span class='ocrx_word' id='word_1_214' title='bbox 3699 1489 3860 1556; x_wconf 83' lang='lat' dir='ltr'><strong>parti-</strong></span> 
     </span>
    </p>
   </div>
   <div class='ocr_carea' id='block_1_31' title="bbox 2277 1577 3862 1650">
    <p class='ocr_par' dir='ltr' id='par_1_31' title="bbox 2277 1577 3862 1650">
     <span class='ocr_line' id='line_1_31' title="bbox 2277 1577 3862 1650; baseline 0 -18"><span class='ocrx_word' id='word_1_215' title='bbox 2277 1579 2376 1634; x_wconf 89' lang='lat' dir='ltr'><strong>bus</strong></span> <span class='ocrx_word' id='word_1_216' title='bbox 2407 1578 2577 1650; x_wconf 77' lang='grc'>(252),</span> <span class='ocrx_word' id='word_1_217' title='bbox 2609 1579 2860 1648; x_wconf 86' lang='lat' dir='ltr'><strong>precibus</strong></span> <span class='ocrx_word' id='word_1_218' title='bbox 2888 1579 2956 1634; x_wconf 90' lang='lat' dir='ltr'><strong>ab</strong></span> <span class='ocrx_word' id='word_1_219' title='bbox 2983 1579 3254 1648; x_wconf 85' lang='lat' dir='ltr'><strong>episcopis</strong></span> <span class='ocrx_word' id='word_1_220' title='bbox 3293 1588 3342 1632; x_wconf 88' lang='lat' dir='ltr'><strong>et</strong></span> <span class='ocrx_word' id='word_1_221' title='bbox 3373 1577 3546 1631; x_wconf 88' lang='lat' dir='ltr'><strong>sacris</strong></span> <span class='ocrx_word' id='word_1_222' title='bbox 3574 1578 3862 1632; x_wconf 74' lang='lat' dir='ltr'><strong>ordinibus</strong></span> 
     </span>
    </p>
   </div>
   <div class='ocr_carea' id='block_1_32' title="bbox 2280 1668 3866 1740">
    <p class='ocr_par' dir='ltr' id='par_1_32' title="bbox 2280 1668 3866 1740">
     <span class='ocr_line' id='line_1_32' title="bbox 2280 1668 3866 1740; baseline -0.003 -14"><span class='ocrx_word' id='word_1_223' title='bbox 2280 1671 2544 1727; x_wconf 86' lang='lat' dir='ltr'><strong>catltolice</strong></span> <span class='ocrx_word' id='word_1_224' title='bbox 2577 1671 2942 1726; x_wconf 80' lang='lat' dir='ltr'><strong>celebrantur.</strong></span> <span class='ocrx_word' id='word_1_225' title='bbox 2997 1671 3096 1738; x_wconf 87' lang='lat' dir='ltr'><strong>Qui</strong></span> <span class='ocrx_word' id='word_1_226' title='bbox 3143 1668 3460 1740; x_wconf 85' lang='lat' dir='ltr'><strong>jamdudum</strong></span> <span class='ocrx_word' id='word_1_227' title='bbox 3517 1669 3671 1724; x_wconf 84' lang='lat' dir='ltr'><strong>inter</strong></span> <span class='ocrx_word' id='word_1_228' title='bbox 3725 1669 3866 1724; x_wconf 65' lang='grc' dir='ltr'><strong>ειη-ιι-</strong></span> 
     </span>
    </p>
   </div>
   <div class='ocr_carea' id='block_1_33' title="bbox 587 1734 3868 1836">
    <p class='ocr_par' dir='ltr' id='par_1_33' title="bbox 587 1734 3868 1836">
     <span class='ocr_line' id='line_1_33' title="bbox 587 1734 3868 1836; baseline 0.001 -21"><span class='ocrx_word' id='word_1_229' title='bbox 587 1763 681 1816; x_wconf 86' lang='lat' dir='ltr'><strong>nia</strong></span> <span class='ocrx_word' id='word_1_230' title='bbox 713 1764 961 1818; x_wconf 88' lang='lat' dir='ltr'><strong>conando</strong></span> <span class='ocrx_word' id='word_1_231' title='bbox 991 1761 1284 1818; x_wconf 88' lang='lat' dir='ltr'><strong>nitebatur.</strong></span> <span class='ocrx_word' id='word_1_232' title='bbox 1311 1761 1626 1816; x_wconf 87' lang='lat' dir='ltr'><strong>Sicilienses</strong></span> <span class='ocrx_word' id='word_1_233' title='bbox 1648 1775 1778 1830; x_wconf 80' lang='lat' dir='ltr'><strong>ergo</strong></span> <span class='ocrx_word' id='word_1_234' title='bbox 1803 1759 2002 1814; x_wconf 87' lang='lat' dir='ltr'><strong>milites</strong></span> <span class='ocrx_word' id='word_1_235' title='bbox 2025 1773 2176 1824; x_wconf 88' lang='lat' dir='ltr'><strong>suos,</strong></span> <span class='ocrx_word' id='word_1_236' title='bbox 2209 1734 2252 1792; x_wconf 69' lang='grc' dir='ltr'><strong>Β</strong></span> <span class='ocrx_word' id='word_1_237' title='bbox 2283 1781 2404 1820; x_wconf 86' lang='lat' dir='ltr'><strong>nem</strong></span> <span class='ocrx_word' id='word_1_238' title='bbox 2437 1775 2490 1820; x_wconf 93' lang='lat' dir='ltr'><strong>ct</strong></span> <span class='ocrx_word' id='word_1_239' title='bbox 2520 1765 2754 1836; x_wconf 89' lang='lat' dir='ltr'><strong>puellam</strong></span> <span class='ocrx_word' id='word_1_240' title='bbox 2793 1765 3054 1836; x_wconf 86' lang='lat' dir='ltr'><strong>paulatim</strong></span> <span class='ocrx_word' id='word_1_241' title='bbox 3088 1765 3428 1830; x_wconf 75' lang='lat' dir='ltr'><strong>adoleverat,</strong></span> <span class='ocrx_word' id='word_1_242' title='bbox 3462 1766 3644 1834; x_wconf 87' lang='lat' dir='ltr'><strong>prima</strong></span> <span class='ocrx_word' id='word_1_243' title='bbox 3691 1776 3868 1826; x_wconf 83' lang='lat' dir='ltr'><strong>nocte,</strong></span> 
     </span>
    </p>
   </div>
   <div class='ocr_carea' id='block_1_34' title="bbox 592 1851 2177 1924">
    <p class='ocr_par' dir='ltr' id='par_1_34' title="bbox 592 1851 2177 1924">
     <span class='ocr_line' id='line_1_34' title="bbox 592 1851 2177 1924; baseline -0.001 -18"><span class='ocrx_word' id='word_1_244' title='bbox 592 1855 790 1924; x_wconf 88' lang='lat' dir='ltr'><strong>quibus</strong></span> <span class='ocrx_word' id='word_1_245' title='bbox 823 1853 937 1922; x_wconf 87' lang='lat' dir='ltr'><strong>jam</strong></span> <span class='ocrx_word' id='word_1_246' title='bbox 985 1853 1322 1924; x_wconf 89' lang='lat' dir='ltr'><strong>impertierat</strong></span> <span class='ocrx_word' id='word_1_247' title='bbox 1352 1853 1724 1924; x_wconf 86' lang='lat' dir='ltr'><strong>possessiones</strong></span> <span class='ocrx_word' id='word_1_248' title='bbox 1755 1851 1960 1915; x_wconf 78' lang='lat' dir='ltr'><strong>insulae,</strong></span> <span class='ocrx_word' id='word_1_249' title='bbox 2006 1865 2177 1920; x_wconf 86' lang='lat' dir='ltr'><strong>quan-</strong></span> 
     </span>
    </p>
   </div>
   <div class='ocr_carea' id='block_1_35' title="bbox 593 1942 2172 2017">
    <p class='ocr_par' dir='ltr' id='par_1_35' title="bbox 593 1942 2172 2017">
     <span class='ocr_line' id='line_1_35' title="bbox 593 1942 2172 2017; baseline -0.004 -17"><span class='ocrx_word' id='word_1_250' title='bbox 593 1957 706 2000; x_wconf 90' lang='lat' dir='ltr'><strong>tum</strong></span> <span class='ocrx_word' id='word_1_251' title='bbox 752 1946 1160 2017; x_wconf 82' lang='lat' dir='ltr'><strong>subjugavcrat,</strong></span> <span class='ocrx_word' id='word_1_252' title='bbox 1193 1947 1337 2016; x_wconf 91' lang='lat' dir='ltr'><strong>apud</strong></span> <span class='ocrx_word' id='word_1_253' title='bbox 1377 1945 1780 2006; x_wconf 88' lang='lat' dir='ltr'><strong>Parthenieum,</strong></span> <span class='ocrx_word' id='word_1_254' title='bbox 1825 1951 1880 1998; x_wconf 89' lang='lat' dir='ltr'><strong>et</strong></span> <span class='ocrx_word' id='word_1_255' title='bbox 1907 1942 2172 1998; x_wconf 87' lang='lat' dir='ltr'><strong>Cortitum</strong></span> 
     </span>
    </p>
   </div>
   <div class='ocr_carea' id='block_1_36' title="bbox 589 2033 2170 2108">
    <p class='ocr_par' dir='ltr' id='par_1_36' title="bbox 589 2033 2170 2108">
     <span class='ocr_line' id='line_1_36' title="bbox 589 2033 2170 2108; baseline -0.002 -18"><span class='ocrx_word' id='word_1_256' title='bbox 589 2037 740 2108; x_wconf 68' lang='lat' dir='ltr'><strong>(22H)</strong></span> <span class='ocrx_word' id='word_1_257' title='bbox 769 2038 1070 2102; x_wconf 88' lang='lat' dir='ltr'><strong>dimittens,</strong></span> <span class='ocrx_word' id='word_1_258' title='bbox 1116 2037 1435 2093; x_wconf 76' lang='lat' dir='ltr'><strong>Jaceusrbus</strong></span> <span class='ocrx_word' id='word_1_259' title='bbox 1467 2035 1694 2090; x_wconf 87' lang='lat' dir='ltr'><strong>infestos</strong></span> <span class='ocrx_word' id='word_1_260' title='bbox 1725 2034 1842 2104; x_wconf 83' lang='lat' dir='ltr'><strong>ﬁeri</strong></span> <span class='ocrx_word' id='word_1_261' title='bbox 1887 2033 2170 2103; x_wconf 69' lang='lat' dir='ltr'><strong>pra-cepit;</strong></span> 
     </span>
    </p>
   </div>
   <div class='ocr_carea' id='block_1_37' title="bbox 589 2125 2174 2198">
    <p class='ocr_par' dir='ltr' id='par_1_37' title="bbox 589 2125 2174 2198">
     <span class='ocr_line' id='line_1_37' title="bbox 589 2125 2174 2198; baseline -0.003 -16"><span class='ocrx_word' id='word_1_262' title='bbox 589 2130 704 2198; x_wconf 87' lang='lat' dir='ltr'><strong>ipse</strong></span> <span class='ocrx_word' id='word_1_263' title='bbox 733 2145 856 2184; x_wconf 91' lang='lat' dir='ltr'><strong>cum</strong></span> <span class='ocrx_word' id='word_1_264' title='bbox 889 2129 1310 2184; x_wconf 86' lang='lat' dir='ltr'><strong>Calabreusibus</strong></span> <span class='ocrx_word' id='word_1_265' title='bbox 1341 2127 1604 2193; x_wconf 89' lang='lat' dir='ltr'><strong>Ciuisum,</strong></span> <span class='ocrx_word' id='word_1_266' title='bbox 1637 2127 1726 2197; x_wconf 91' lang='lat' dir='ltr'><strong>qui</strong></span> <span class='ocrx_word' id='word_1_267' title='bbox 1757 2125 2010 2182; x_wconf 89' lang='lat' dir='ltr'><strong>similiter</strong></span> <span class='ocrx_word' id='word_1_268' title='bbox 2043 2141 2174 2180; x_wconf 90' lang='lat' dir='ltr'><strong>con-</strong></span> 
     </span>
    </p>
   </div>
   <div class='ocr_carea' id='block_1_38' title="bbox 589 2217 2168 2288">
    <p class='ocr_par' dir='ltr' id='par_1_38' title="bbox 589 2217 2168 2288">
     <span class='ocr_line' id='line_1_38' title="bbox 589 2217 2168 2288; baseline -0.001 -15"><span class='ocrx_word' id='word_1_269' title='bbox 589 2230 673 2274; x_wconf 88' lang='lat' dir='ltr'><strong>tra</strong></span> <span class='ocrx_word' id='word_1_270' title='bbox 723 2236 780 2276; x_wconf 88' lang='lat' dir='ltr'><strong>se</strong></span> <span class='ocrx_word' id='word_1_271' title='bbox 825 2221 1228 2284; x_wconf 85' lang='lat' dir='ltr'><strong>recalcitrabat,</strong></span> <span class='ocrx_word' id='word_1_272' title='bbox 1268 2222 1548 2277; x_wconf 83' lang='lat' dir='ltr'><strong>obsessum</strong></span> <span class='ocrx_word' id='word_1_273' title='bbox 1595 2220 1760 2274; x_wconf 84' lang='lat' dir='ltr'><strong>vadit.</strong></span> <span class='ocrx_word' id='word_1_274' title='bbox 1807 2217 2008 2288; x_wconf 90' lang='lat' dir='ltr'><strong>Sicque</strong></span> <span class='ocrx_word' id='word_1_275' title='bbox 2043 2233 2168 2282; x_wconf 89' lang='lat' dir='ltr'><strong>uno,</strong></span> 
     </span>
    </p>
   </div>
   <div class='ocr_carea' id='block_1_39' title="bbox 587 2310 2172 2383">
    <p class='ocr_par' dir='ltr' id='par_1_39' title="bbox 587 2310 2172 2383">
     <span class='ocr_line' id='line_1_39' title="bbox 587 2310 2172 2383; baseline 0 -17"><span class='ocrx_word' id='word_1_276' title='bbox 587 2312 886 2382; x_wconf 86' lang='lat' dir='ltr'><strong>eodemque</strong></span> <span class='ocrx_word' id='word_1_277' title='bbox 916 2322 1158 2383; x_wconf 89' lang='lat' dir='ltr'><strong>tempore</strong></span> <span class='ocrx_word' id='word_1_278' title='bbox 1189 2329 1298 2368; x_wconf 91' lang='lat' dir='ltr'><strong>uno</strong></span> <span class='ocrx_word' id='word_1_279' title='bbox 1357 2315 1409 2368; x_wconf 91' lang='lat' dir='ltr'><strong>in</strong></span> <span class='ocrx_word' id='word_1_280' title='bbox 1459 2312 1697 2368; x_wconf 81' lang='lat' dir='ltr'><strong>conﬁnio</strong></span> <span class='ocrx_word' id='word_1_281' title='bbox 1735 2310 1869 2366; x_wconf 88' lang='lat' dir='ltr'><strong>duas</strong></span> <span class='ocrx_word' id='word_1_282' title='bbox 1903 2311 2172 2366; x_wconf 87' lang='lat' dir='ltr'><strong>obsessio-</strong></span> 
     </span>
    </p>
   </div>
   <div class='ocr_carea' id='block_1_40' title="bbox 586 2401 2168 2474">
    <p class='ocr_par' dir='ltr' id='par_1_40' title="bbox 586 2401 2168 2474">
     <span class='ocr_line' id='line_1_40' title="bbox 586 2401 2168 2474; baseline -0.001 -18"><span class='ocrx_word' id='word_1_283' title='bbox 586 2419 704 2468; x_wconf 87' lang='lat' dir='ltr'><strong>ncs,</strong></span> <span class='ocrx_word' id='word_1_284' title='bbox 744 2412 798 2458; x_wconf 91' lang='lat' dir='ltr'><strong>et</strong></span> <span class='ocrx_word' id='word_1_285' title='bbox 824 2419 854 2458; x_wconf 90' lang='lat' dir='ltr'><strong>a</strong></span> <span class='ocrx_word' id='word_1_286' title='bbox 886 2420 946 2460; x_wconf 90' lang='lat' dir='ltr'><strong>se</strong></span> <span class='ocrx_word' id='word_1_287' title='bbox 975 2405 1176 2460; x_wconf 81' lang='lat' dir='ltr'><strong>divisas</strong></span> <span class='ocrx_word' id='word_1_288' title='bbox 1213 2419 1438 2474; x_wconf 89' lang='lat' dir='ltr'><strong>ponens,</strong></span> <span class='ocrx_word' id='word_1_289' title='bbox 1471 2414 1730 2473; x_wconf 89' lang='lat' dir='ltr'><strong>utrasque</strong></span> <span class='ocrx_word' id='word_1_290' title='bbox 1763 2401 2060 2458; x_wconf 89' lang='lat' dir='ltr'><strong>fortissime</strong></span> <span class='ocrx_word' id='word_1_291' title='bbox 2093 2411 2168 2456; x_wconf 90' lang='lat' dir='ltr'><strong>te-</strong></span> 
     </span>
    </p>
   </div>
   <div class='ocr_carea' id='block_1_41' title="bbox 583 2492 2170 2565">
    <p class='ocr_par' dir='ltr' id='par_1_41' title="bbox 583 2492 2170 2565">
     <span class='ocr_line' id='line_1_41' title="bbox 583 2492 2170 2565; baseline 0.001 -21"><span class='ocrx_word' id='word_1_292' title='bbox 583 2492 724 2558; x_wconf 86' lang='lat' dir='ltr'><strong>nuit,</strong></span> <span class='ocrx_word' id='word_1_293' title='bbox 757 2504 920 2564; x_wconf 89' lang='lat' dir='ltr'><strong>atque</strong></span> <span class='ocrx_word' id='word_1_294' title='bbox 965 2495 1030 2549; x_wconf 88' lang='lat' dir='ltr'><strong>de</strong></span> <span class='ocrx_word' id='word_1_295' title='bbox 1081 2510 1182 2550; x_wconf 90' lang='lat' dir='ltr'><strong>una</strong></span> <span class='ocrx_word' id='word_1_296' title='bbox 1235 2496 1302 2548; x_wconf 87' lang='lat' dir='ltr'><strong>ad</strong></span> <span class='ocrx_word' id='word_1_297' title='bbox 1361 2495 1521 2550; x_wconf 88' lang='lat' dir='ltr'><strong>aliam</strong></span> <span class='ocrx_word' id='word_1_298' title='bbox 1573 2494 1873 2565; x_wconf 71' lang='lat' dir='ltr'><strong>smpissime</strong></span> <span class='ocrx_word' id='word_1_299' title='bbox 1929 2492 2170 2564; x_wconf 78' lang='lat' dir='ltr'><strong>migrans</strong></span> 
     </span>
    </p>
   </div>
   <div class='ocr_carea' id='block_1_42' title="bbox 589 2585 2168 2657">
    <p class='ocr_par' dir='ltr' id='par_1_42' title="bbox 589 2585 2168 2657">
     <span class='ocr_line' id='line_1_42' title="bbox 589 2585 2168 2657; baseline 0.001 -19"><span class='ocrx_word' id='word_1_300' title='bbox 589 2585 812 2648; x_wconf 87' lang='lat' dir='ltr'><strong>hortari,</strong></span> <span class='ocrx_word' id='word_1_301' title='bbox 859 2587 1082 2653; x_wconf 88' lang='lat' dir='ltr'><strong>instare,</strong></span> <span class='ocrx_word' id='word_1_302' title='bbox 1113 2603 1147 2656; x_wconf 92' lang='lat' dir='ltr'><strong>p</strong></span> <span class='ocrx_word' id='word_1_303' title='bbox 1183 2604 1210 2642; x_wconf 88' lang='lat' dir='ltr'><strong>r</strong></span> <span class='ocrx_word' id='word_1_304' title='bbox 1237 2602 1295 2642; x_wconf 91' lang='lat' dir='ltr'><strong>se</strong></span> <span class='ocrx_word' id='word_1_305' title='bbox 1335 2587 1506 2657; x_wconf 90' lang='lat' dir='ltr'><strong>ipsum</strong></span> <span class='ocrx_word' id='word_1_306' title='bbox 1535 2587 1716 2642; x_wconf 90' lang='lat' dir='ltr'><strong>omnia</strong></span> <span class='ocrx_word' id='word_1_307' title='bbox 1750 2595 2020 2642; x_wconf 89' lang='lat' dir='ltr'><strong>attentare</strong></span> <span class='ocrx_word' id='word_1_308' title='bbox 2070 2585 2168 2640; x_wconf 89' lang='lat' dir='ltr'><strong>ho-</strong></span> 
     </span>
    </p>
   </div>
   <div class='ocr_carea' id='block_1_43' title="bbox 584 2681 2170 2754">
    <p class='ocr_par' dir='ltr' id='par_1_43' title="bbox 584 2681 2170 2754">
     <span class='ocr_line' id='line_1_43' title="bbox 584 2681 2170 2754; baseline 0.001 -20"><span class='ocrx_word' id='word_1_309' title='bbox 584 2681 772 2754; x_wconf 19' lang='lat' dir='ltr'><strong>stibus.</strong></span> <span class='ocrx_word' id='word_1_310' title='bbox 801 2682 1032 2740; x_wconf 87' lang='lat' dir='ltr'><strong>infestus</strong></span> <span class='ocrx_word' id='word_1_311' title='bbox 1075 2683 1291 2747; x_wconf 90' lang='lat' dir='ltr'><strong>adesse,</strong></span> <span class='ocrx_word' id='word_1_312' title='bbox 1323 2700 1466 2739; x_wconf 90' lang='lat' dir='ltr'><strong>nunc</strong></span> <span class='ocrx_word' id='word_1_313' title='bbox 1506 2684 1688 2750; x_wconf 88' lang='lat' dir='ltr'><strong>minis,</strong></span> <span class='ocrx_word' id='word_1_314' title='bbox 1729 2699 1870 2738; x_wconf 89' lang='lat' dir='ltr'><strong>nttnc</strong></span> <span class='ocrx_word' id='word_1_315' title='bbox 1905 2681 2170 2737; x_wconf 86' lang='lat' dir='ltr'><strong>incursio-</strong></span> 
     </span>
    </p>
   </div>
   <div class='ocr_carea' id='block_1_44' title="bbox 584 2773 2166 2850">
    <p class='ocr_par' dir='ltr' id='par_1_44' title="bbox 584 2773 2166 2850">
     <span class='ocr_line' id='line_1_44' title="bbox 584 2773 2166 2850; baseline 0.001 -24"><span class='ocrx_word' id='word_1_316' title='bbox 584 2773 742 2828; x_wconf 85' lang='lat' dir='ltr'><strong>nibus</strong></span> <span class='ocrx_word' id='word_1_317' title='bbox 787 2782 1008 2850; x_wconf 83' lang='lat' dir='ltr'><strong>terrcrc,</strong></span> <span class='ocrx_word' id='word_1_318' title='bbox 1043 2775 1156 2830; x_wconf 86' lang='lat' dir='ltr'><strong>suis</strong></span> <span class='ocrx_word' id='word_1_319' title='bbox 1197 2774 1344 2846; x_wconf 78' lang='grc'>(225)</span> <span class='ocrx_word' id='word_1_320' title='bbox 1375 2775 1638 2839; x_wconf 88' lang='lat' dir='ltr'><strong>blandiri,</strong></span> <span class='ocrx_word' id='word_1_321' title='bbox 1684 2775 1914 2844; x_wconf 88' lang='lat' dir='ltr'><strong>plurima</strong></span> <span class='ocrx_word' id='word_1_322' title='bbox 1963 2773 2166 2844; x_wconf 85' lang='lat' dir='ltr'><strong>largiri,</strong></span> 
     </span>
    </p>
   </div>
   <div class='ocr_carea' id='block_1_45' title="bbox 583 2865 2167 2944">
    <p class='ocr_par' dir='ltr' id='par_1_45' title="bbox 583 2865 2167 2944">
     <span class='ocr_line' id='line_1_45' title="bbox 583 2865 2167 2944; baseline 0.001 -27"><span class='ocrx_word' id='word_1_323' title='bbox 583 2865 841 2944; x_wconf 84' lang='lat' dir='ltr'><strong>ampliora</strong></span> <span class='ocrx_word' id='word_1_324' title='bbox 882 2865 1079 2936; x_wconf 78' lang='lat' dir='ltr'><strong>largire</strong></span> <span class='ocrx_word' id='word_1_325' title='bbox 1116 2867 1290 2938; x_wconf 86' lang='grc'>(226),</span> <span class='ocrx_word' id='word_1_326' title='bbox 1335 2867 1387 2922; x_wconf 92' lang='lat' dir='ltr'><strong>in</strong></span> <span class='ocrx_word' id='word_1_327' title='bbox 1437 2868 1517 2922; x_wconf 91' lang='lat' dir='ltr'><strong>sui</strong></span> <span class='ocrx_word' id='word_1_328' title='bbox 1559 2866 1870 2923; x_wconf 82' lang='lat' dir='ltr'><strong>fidelitatem</strong></span> <span class='ocrx_word' id='word_1_329' title='bbox 1906 2866 2167 2936; x_wconf 80' lang='lat' dir='ltr'><strong>arrigere,</strong></span> 
     </span>
    </p>
   </div>
   <div class='ocr_carea' id='block_1_46' title="bbox 583 2954 1832 3014">
    <p class='ocr_par' dir='ltr' id='par_1_46' title="bbox 583 2954 1832 3014">
     <span class='ocr_line' id='line_1_46' title="bbox 583 2954 1832 3014; baseline 0.002 -6"><span class='ocrx_word' id='word_1_330' title='bbox 583 2955 832 3011; x_wconf 81' lang='lat' dir='ltr'><strong>hostibus</strong></span> <span class='ocrx_word' id='word_1_331' title='bbox 874 2954 1096 3012; x_wconf 84' lang='lat' dir='ltr'><strong>infestos</strong></span> <span class='ocrx_word' id='word_1_332' title='bbox 1127 2957 1350 3012; x_wconf 84' lang='lat' dir='ltr'><strong>reddere</strong></span> <span class='ocrx_word' id='word_1_333' title='bbox 1385 2971 1490 3012; x_wconf 90' lang='lat' dir='ltr'><strong>non</strong></span> <span class='ocrx_word' id='word_1_334' title='bbox 1521 2957 1832 3014; x_wconf 86' lang='lat' dir='ltr'><strong>desistebat.</strong></span> 
     </span>
    </p>
   </div>
   <div class='ocr_carea' id='block_1_47' title="bbox 1184 3035 1550 3106">
    <p class='ocr_par' dir='ltr' id='par_1_47' title="bbox 1184 3035 1550 3106">
     <span class='ocr_line' id='line_1_47' title="bbox 1184 3035 1550 3106; baseline -0.003 -1"><span class='ocrx_word' id='word_1_335' title='bbox 1184 3035 1412 3106; x_wconf 77' lang='lat' dir='ltr'><strong>CAPUT</strong></span> <span class='ocrx_word' id='word_1_336' title='bbox 1451 3049 1550 3104; x_wconf 82' lang='lat' dir='ltr'><strong>xx</strong></span> 
     </span>
    </p>
   </div>
   <div class='ocr_carea' id='block_1_48' title="bbox 1171 3141 1576 3214">
    <p class='ocr_par' dir='ltr' id='par_1_48' title="bbox 1171 3141 1576 3214">
     <span class='ocr_line' id='line_1_48' title="bbox 1171 3141 1576 3214; baseline 0.005 -18"><span class='ocrx_word' id='word_1_337' title='bbox 1171 3141 1397 3198; x_wconf 72' lang='lat' dir='ltr'><strong>Eosdem</strong></span> <span class='ocrx_word' id='word_1_338' title='bbox 1419 3145 1576 3214; x_wconf 83' lang='lat' dir='ltr'><strong>capit.</strong></span> 
     </span>
    </p>
   </div>
   <div class='ocr_carea' id='block_1_49' title="bbox 582 3231 2094 3306">
    <p class='ocr_par' dir='ltr' id='par_1_49' title="bbox 582 3231 2094 3306">
     <span class='ocr_line' id='line_1_49' title="bbox 582 3231 2094 3306; baseline 0.006 -22"><span class='ocrx_word' id='word_1_339' title='bbox 582 3231 780 3287; x_wconf 85' lang='lat' dir='ltr'><strong>Mensis</strong></span> <span class='ocrx_word' id='word_1_340' title='bbox 807 3243 924 3288; x_wconf 84' lang='lat' dir='ltr'><strong>erat</strong></span> <span class='ocrx_word' id='word_1_341' title='bbox 947 3243 1130 3290; x_wconf 82' lang='lat' dir='ltr'><strong>sextus</strong></span> <span class='ocrx_word' id='word_1_342' title='bbox 1153 3234 1300 3306; x_wconf 75' lang='lat'><strong>(:27)</strong></span> <span class='ocrx_word' id='word_1_343' title='bbox 1329 3255 1340 3288; x_wconf 88' lang='lat'>:</span> <span class='ocrx_word' id='word_1_344' title='bbox 1374 3235 1620 3292; x_wconf 83' lang='lat' dir='ltr'><strong>sextilem</strong></span> <span class='ocrx_word' id='word_1_345' title='bbox 1655 3237 1872 3294; x_wconf 89' lang='lat' dir='ltr'><strong>denotat</strong></span> <span class='ocrx_word' id='word_1_346' title='bbox 1899 3247 2094 3304; x_wconf 76' lang='lat' dir='ltr'><strong>aestus;</strong></span> 
     </span>
    </p>
   </div>
   <div class='ocr_carea' id='block_1_50' title="bbox 583 3327 2002 3396">
    <p class='ocr_par' dir='ltr' id='par_1_50' title="bbox 583 3327 2002 3396">
     <span class='ocr_line' id='line_1_50' title="bbox 583 3327 2002 3396; baseline 0.007 -18"><span class='ocrx_word' id='word_1_347' title='bbox 583 3327 682 3380; x_wconf 87' lang='lat' dir='ltr'><strong>llic</strong></span> <span class='ocrx_word' id='word_1_348' title='bbox 704 3327 881 3383; x_wconf 89' lang='lat' dir='ltr'><strong>studet</strong></span> <span class='ocrx_word' id='word_1_349' title='bbox 904 3337 961 3382; x_wconf 89' lang='lat' dir='ltr'><strong>ut</strong></span> <span class='ocrx_word' id='word_1_350' title='bbox 987 3329 1165 3396; x_wconf 69' lang='lat' dir='ltr'><strong>lredat,</strong></span> <span class='ocrx_word' id='word_1_351' title='bbox 1194 3330 1374 3385; x_wconf 89' lang='lat' dir='ltr'><strong>studet</strong></span> <span class='ocrx_word' id='word_1_352' title='bbox 1405 3329 1542 3386; x_wconf 87' lang='lat' dir='ltr'><strong>alter</strong></span> <span class='ocrx_word' id='word_1_353' title='bbox 1566 3339 1625 3385; x_wconf 91' lang='lat' dir='ltr'><strong>ut</strong></span> <span class='ocrx_word' id='word_1_354' title='bbox 1653 3331 1742 3386; x_wconf 88' lang='lat' dir='ltr'><strong>ille</strong></span> <span class='ocrx_word' id='word_1_355' title='bbox 1767 3333 2002 3388; x_wconf 85' lang='lat' dir='ltr'><strong>recedat.</strong></span> 
     </span>
    </p>
   </div>
   <div class='ocr_carea' id='block_1_51' title="bbox 579 3414 1936 3491">
    <p class='ocr_par' dir='ltr' id='par_1_51' title="bbox 579 3414 1936 3491">
     <span class='ocr_line' id='line_1_51' title="bbox 579 3414 1936 3491; baseline 0.006 -23"><span class='ocrx_word' id='word_1_356' title='bbox 579 3414 824 3483; x_wconf 62' lang='lat' dir='ltr'><strong>laedunt,</strong></span> <span class='ocrx_word' id='word_1_357' title='bbox 849 3417 1138 3486; x_wconf 83' lang='lat' dir='ltr'><strong>laeduntur,</strong></span> <span class='ocrx_word' id='word_1_358' title='bbox 1167 3419 1248 3475; x_wconf 91' lang='lat' dir='ltr'><strong>sic</strong></span> <span class='ocrx_word' id='word_1_359' title='bbox 1273 3419 1589 3476; x_wconf 83' lang='lat' dir='ltr'><strong>alternando</strong></span> <span class='ocrx_word' id='word_1_360' title='bbox 1617 3433 1936 3491; x_wconf 87' lang='lat' dir='ltr'><strong>premuntur</strong></span> 
     </span>
    </p>
   </div>
   <div class='ocr_carea' id='block_1_52' title="bbox 581 3507 1921 3580">
    <p class='ocr_par' dir='ltr' id='par_1_52' title="bbox 581 3507 1921 3580">
     <span class='ocr_line' id='line_1_52' title="bbox 581 3507 1921 3580; baseline 0.006 -19"><span class='ocrx_word' id='word_1_361' title='bbox 581 3507 674 3562; x_wconf 86' lang='lat' dir='ltr'><strong>Sic</strong></span> <span class='ocrx_word' id='word_1_362' title='bbox 699 3509 920 3580; x_wconf 89' lang='lat' dir='ltr'><strong>paribus</strong></span> <span class='ocrx_word' id='word_1_363' title='bbox 942 3512 1081 3567; x_wconf 91' lang='lat' dir='ltr'><strong>votis</strong></span> <span class='ocrx_word' id='word_1_364' title='bbox 1117 3527 1224 3566; x_wconf 90' lang='lat' dir='ltr'><strong>non</strong></span> <span class='ocrx_word' id='word_1_365' title='bbox 1255 3513 1438 3568; x_wconf 86' lang='lat' dir='ltr'><strong>deficit</strong></span> <span class='ocrx_word' id='word_1_366' title='bbox 1465 3514 1708 3570; x_wconf 90' lang='lat' dir='ltr'><strong>hostibus</strong></span> <span class='ocrx_word' id='word_1_367' title='bbox 1730 3514 1921 3570; x_wconf 90' lang='lat' dir='ltr'><strong>hostis.</strong></span> 
     </span>
    </p>
   </div>
   <div class='ocr_carea' id='block_1_53' title="bbox 583 3597 1954 3670">
    <p class='ocr_par' dir='ltr' id='par_1_53' title="bbox 583 3597 1954 3670">
     <span class='ocr_line' id='line_1_53' title="bbox 583 3597 1954 3670; baseline 0.007 -20"><span class='ocrx_word' id='word_1_368' title='bbox 583 3597 816 3669; x_wconf 86' lang='lat' dir='ltr'><strong>Tempus</strong></span> <span class='ocrx_word' id='word_1_369' title='bbox 839 3611 957 3656; x_wconf 88' lang='lat' dir='ltr'><strong>erat</strong></span> <span class='ocrx_word' id='word_1_370' title='bbox 982 3603 1190 3670; x_wconf 87' lang='lat' dir='ltr'><strong>messis;</strong></span> <span class='ocrx_word' id='word_1_371' title='bbox 1215 3605 1383 3660; x_wconf 88' lang='lat' dir='ltr'><strong>armis</strong></span> <span class='ocrx_word' id='word_1_372' title='bbox 1412 3617 1654 3660; x_wconf 88' lang='lat' dir='ltr'><strong>macerat</strong></span> <span class='ocrx_word' id='word_1_373' title='bbox 1679 3606 1752 3661; x_wconf 91' lang='lat' dir='ltr'><strong>ita</strong></span> <span class='ocrx_word' id='word_1_374' title='bbox 1777 3605 1954 3663; x_wconf 88' lang='lat' dir='ltr'><strong>fessis.</strong></span> 
     </span>
    </p>
   </div>
   <div class='ocr_carea' id='block_1_54' title="bbox 584 3686 1848 3755">
    <p class='ocr_par' dir='ltr' id='par_1_54' title="bbox 584 3686 1848 3755">
     <span class='ocr_line' id='line_1_54' title="bbox 584 3686 1848 3755; baseline 0.009 -16"><span class='ocrx_word' id='word_1_375' title='bbox 584 3686 827 3742; x_wconf 87' lang='lat' dir='ltr'><strong>Uruutur</strong></span> <span class='ocrx_word' id='word_1_376' title='bbox 857 3705 1083 3755; x_wconf 87' lang='lat' dir='ltr'><strong>messes,</strong></span> <span class='ocrx_word' id='word_1_377' title='bbox 1120 3693 1298 3747; x_wconf 89' lang='lat' dir='ltr'><strong>turbat</strong></span> <span class='ocrx_word' id='word_1_378' title='bbox 1329 3709 1416 3748; x_wconf 88' lang='lat' dir='ltr'><strong>res</strong></span> <span class='ocrx_word' id='word_1_379' title='bbox 1447 3694 1546 3750; x_wconf 89' lang='lat' dir='ltr'><strong>ista</strong></span> <span class='ocrx_word' id='word_1_380' title='bbox 1575 3693 1848 3752; x_wconf 88' lang='lat' dir='ltr'><strong>Jaceuscs.</strong></span> 
     </span>
    </p>
   </div>
   <div class='ocr_carea' id='block_1_55' title="bbox 581 3776 2169 3852">
    <p class='ocr_par' dir='ltr' id='par_1_55' title="bbox 581 3776 2169 3852">
     <span class='ocr_line' id='line_1_55' title="bbox 581 3776 2169 3852; baseline 0.011 -23"><span class='ocrx_word' id='word_1_381' title='bbox 581 3776 842 3848; x_wconf 83' lang='lat' dir='ltr'><strong>Quodque</strong></span> <span class='ocrx_word' id='word_1_382' title='bbox 870 3780 985 3851; x_wconf 89' lang='lat' dir='ltr'><strong>jam</strong></span> <span class='ocrx_word' id='word_1_383' title='bbox 1024 3781 1171 3852; x_wconf 87' lang='grc'>(228)</span> <span class='ocrx_word' id='word_1_384' title='bbox 1203 3782 1350 3838; x_wconf 67' lang='lat' dir='ltr'><strong>ltedit</strong></span> <span class='ocrx_word' id='word_1_385' title='bbox 1384 3784 1708 3842; x_wconf 85' lang='lat' dir='ltr'><strong>Cinensibus</strong></span> <span class='ocrx_word' id='word_1_386' title='bbox 1741 3788 1883 3842; x_wconf 88' lang='lat' dir='ltr'><strong>haud</strong></span> <span class='ocrx_word' id='word_1_387' title='bbox 1919 3788 2055 3844; x_wconf 87' lang='lat' dir='ltr'><strong>bene</strong></span> <span class='ocrx_word' id='word_1_388' title='bbox 2081 3804 2169 3846; x_wconf 89' lang='lat' dir='ltr'><strong>ce-</strong></span> 
     </span>
    </p>
   </div>
   <div class='ocr_carea' id='block_1_56' title="bbox 855 3881 2093 3954">
    <p class='ocr_par' dir='ltr' id='par_1_56' title="bbox 855 3881 2093 3954">
     <span class='ocr_line' id='line_1_56' title="bbox 855 3881 2093 3954; baseline 0.013 -34"><span class='ocrx_word' id='word_1_389' title='bbox 855 3917 858 3920; x_wconf 83' lang='lat'><strong>.</strong></span> <span class='ocrx_word' id='word_1_390' title='bbox 1975 3881 2093 3954; x_wconf 86' lang='lat' dir='ltr'><strong>[dit.</strong></span> 
     </span>
    </p>
   </div>
   <div class='ocr_carea' id='block_1_57' title="bbox 583 3960 2024 4046">
    <p class='ocr_par' dir='ltr' id='par_1_57' title="bbox 583 3960 2024 4046">
     <span class='ocr_line' id='line_1_57' title="bbox 583 3960 2024 4046; baseline 0.008 -31"><span class='ocrx_word' id='word_1_391' title='bbox 583 3960 876 4017; x_wconf 82' lang='lat' dir='ltr'><strong>Consilium</strong></span> <span class='ocrx_word' id='word_1_392' title='bbox 909 3973 1148 4035; x_wconf 87' lang='lat' dir='ltr'><strong>captant,</strong></span> <span class='ocrx_word' id='word_1_393' title='bbox 1179 3981 1500 4026; x_wconf 89' lang='lat' dir='ltr'><strong>succurrere</strong></span> <span class='ocrx_word' id='word_1_394' title='bbox 1529 3971 1794 4028; x_wconf 89' lang='lat' dir='ltr'><strong>messibus</strong></span> <span class='ocrx_word' id='word_1_395' title='bbox 1820 3981 2024 4046; x_wconf 89' lang='lat' dir='ltr'><strong>aptant.</strong></span> 
     </span>
    </p>
   </div>
   <div class='ocr_carea' id='block_1_58' title="bbox 583 4052 2164 4134">
    <p class='ocr_par' dir='ltr' id='par_1_58' title="bbox 583 4052 2164 4134">
     <span class='ocr_line' id='line_1_58' title="bbox 583 4052 2164 4134; baseline 0.008 -26"><span class='ocrx_word' id='word_1_396' title='bbox 583 4052 692 4109; x_wconf 87' lang='lat' dir='ltr'><strong>Sed</strong></span> <span class='ocrx_word' id='word_1_397' title='bbox 721 4069 844 4110; x_wconf 92' lang='lat' dir='ltr'><strong>cum</strong></span> <span class='ocrx_word' id='word_1_398' title='bbox 871 4057 921 4110; x_wconf 84' lang='lat' dir='ltr'><strong>vi</strong></span> <span class='ocrx_word' id='word_1_399' title='bbox 959 4067 1257 4127; x_wconf 87' lang='lat' dir='ltr'><strong>nequeunt,</strong></span> <span class='ocrx_word' id='word_1_400' title='bbox 1287 4059 1390 4116; x_wconf 89' lang='lat' dir='ltr'><strong>hoc</strong></span> <span class='ocrx_word' id='word_1_401' title='bbox 1419 4061 1624 4118; x_wconf 89' lang='lat' dir='ltr'><strong>artibus</strong></span> <span class='ocrx_word' id='word_1_402' title='bbox 1654 4063 1850 4118; x_wconf 91' lang='lat' dir='ltr'><strong>addere</strong></span> <span class='ocrx_word' id='word_1_403' title='bbox 1897 4074 2164 4134; x_wconf 68' lang='lat' dir='ltr'><strong>quaerunt.</strong></span> 
     </span>
    </p>
   </div>
   <div class='ocr_carea' id='block_1_59' title="bbox 579 4147 2094 4222">
    <p class='ocr_par' dir='ltr' id='par_1_59' title="bbox 579 4147 2094 4222">
     <span class='ocr_line' id='line_1_59' title="bbox 579 4147 2094 4222; baseline 0.009 -26"><span class='ocrx_word' id='word_1_404' title='bbox 579 4147 908 4202; x_wconf 89' lang='lat' dir='ltr'><strong>conveniunt</strong></span> <span class='ocrx_word' id='word_1_405' title='bbox 937 4149 1216 4217; x_wconf 90' lang='lat' dir='ltr'><strong>comitem,</strong></span> <span class='ocrx_word' id='word_1_406' title='bbox 1245 4159 1454 4208; x_wconf 89' lang='lat' dir='ltr'><strong>tentant</strong></span> <span class='ocrx_word' id='word_1_407' title='bbox 1483 4153 1584 4208; x_wconf 86' lang='lat' dir='ltr'><strong>sibi</strong></span> <span class='ocrx_word' id='word_1_408' title='bbox 1630 4153 1857 4210; x_wconf 87' lang='lat' dir='ltr'><strong>reddere</strong></span> <span class='ocrx_word' id='word_1_409' title='bbox 1887 4156 2094 4222; x_wconf 90' lang='lat' dir='ltr'><strong>mitem,</strong></span> 
     </span>
    </p>
   </div>
   <div class='ocr_carea' id='block_1_60' title="bbox 578 4235 2163 4320">
    <p class='ocr_par' dir='ltr' id='par_1_60' title="bbox 578 4235 2163 4320">
     <span class='ocr_line' id='line_1_60' title="bbox 578 4235 2163 4320; baseline 0.009 -30"><span class='ocrx_word' id='word_1_410' title='bbox 578 4235 807 4292; x_wconf 78' lang='lat' dir='ltr'><strong>Ftedcre</strong></span> <span class='ocrx_word' id='word_1_411' title='bbox 837 4251 1195 4312; x_wconf 90' lang='lat' dir='ltr'><strong>componunt;</strong></span> <span class='ocrx_word' id='word_1_412' title='bbox 1249 4243 1456 4300; x_wconf 87' lang='lat' dir='ltr'><strong>fraudis</strong></span> <span class='ocrx_word' id='word_1_413' title='bbox 1501 4247 1836 4302; x_wconf 88' lang='lat' dir='ltr'><strong>munimenta</strong></span> <span class='ocrx_word' id='word_1_414' title='bbox 1875 4259 2163 4320; x_wconf 89' lang='lat' dir='ltr'><strong>reponunt.</strong></span> 
     </span>
    </p>
   </div>
   <div class='ocr_carea' id='block_1_61' title="bbox 575 4327 1912 4406">
    <p class='ocr_par' dir='ltr' id='par_1_61' title="bbox 575 4327 1912 4406">
     <span class='ocr_line' id='line_1_61' title="bbox 575 4327 1912 4406; baseline 0.008 -24"><span class='ocrx_word' id='word_1_415' title='bbox 575 4327 782 4398; x_wconf 86' lang='lat' dir='ltr'><strong>Fruges</strong></span> <span class='ocrx_word' id='word_1_416' title='bbox 811 4331 1111 4402; x_wconf 88' lang='lat' dir='ltr'><strong>salvantur,</strong></span> <span class='ocrx_word' id='word_1_417' title='bbox 1145 4337 1438 4406; x_wconf 88' lang='lat' dir='ltr'><strong>comitique</strong></span> <span class='ocrx_word' id='word_1_418' title='bbox 1469 4337 1912 4394; x_wconf 81' lang='lat' dir='ltr'><strong>reconciliantur.</strong></span> 
     </span>
    </p>
   </div>
   <div class='ocr_carea' id='block_1_62' title="bbox 1167 4427 1578 4485">
    <p class='ocr_par' dir='ltr' id='par_1_62' title="bbox 1167 4427 1578 4485">
     <span class='ocr_line' id='line_1_62' title="bbox 1167 4427 1578 4485; baseline 0 -1"><span class='ocrx_word' id='word_1_419' title='bbox 1167 4427 1394 4484; x_wconf 87' lang='lat' dir='ltr'><strong>CAPUT</strong></span> <span class='ocrx_word' id='word_1_420' title='bbox 1435 4429 1578 4485; x_wconf 75' lang='lat' dir='ltr'><strong>XXI.</strong></span> 
     </span>
    </p>
   </div>
   <div class='ocr_carea' id='block_1_63' title="bbox 723 4517 2020 4588">
    <p class='ocr_par' dir='ltr' id='par_1_63' title="bbox 723 4517 2020 4588">
     <span class='ocr_line' id='line_1_63' title="bbox 723 4517 2020 4588; baseline 0.005 -17"><span class='ocrx_word' id='word_1_421' title='bbox 723 4517 904 4573; x_wconf 80' lang='lat' dir='ltr'><strong>Comes</strong></span> <span class='ocrx_word' id='word_1_422' title='bbox 929 4519 1097 4588; x_wconf 83' lang='lat' dir='ltr'><strong>ﬁliam</strong></span> <span class='ocrx_word' id='word_1_423' title='bbox 1127 4536 1278 4575; x_wconf 82' lang='lat' dir='ltr'><strong>suam</strong></span> <span class='ocrx_word' id='word_1_424' title='bbox 1319 4521 1495 4576; x_wconf 82' lang='lat' dir='ltr'><strong>comiti</strong></span> <span class='ocrx_word' id='word_1_425' title='bbox 1535 4521 1825 4580; x_wconf 71' lang='lat' dir='ltr'><strong>Prouincia:</strong></span> <span class='ocrx_word' id='word_1_426' title='bbox 1857 4526 2020 4580; x_wconf 80' lang='lat' dir='ltr'><strong>dedit.</strong></span> 
     </span>
    </p>
   </div>
   <div class='ocr_carea' id='block_1_64' title="bbox 650 4606 2162 4680">
    <p class='ocr_par' dir='ltr' id='par_1_64' title="bbox 650 4606 2162 4680">
     <span class='ocr_line' id='line_1_64' title="bbox 650 4606 2162 4680; baseline 0.007 -21"><span class='ocrx_word' id='word_1_427' title='bbox 650 4606 820 4677; x_wconf 87' lang='lat' dir='ltr'><strong>Igitur</strong></span> <span class='ocrx_word' id='word_1_428' title='bbox 863 4625 1007 4664; x_wconf 91' lang='lat' dir='ltr'><strong>anno</strong></span> <span class='ocrx_word' id='word_1_429' title='bbox 1049 4610 1344 4666; x_wconf 69' lang='lat' dir='ltr'><strong>Dominicae</strong></span> <span class='ocrx_word' id='word_1_430' title='bbox 1379 4613 1769 4670; x_wconf 90' lang='lat' dir='ltr'><strong>lncarnationis</strong></span> <span class='ocrx_word' id='word_1_431' title='bbox 1811 4615 1978 4680; x_wconf 71' lang='lat'><strong>1080,</strong></span> <span class='ocrx_word' id='word_1_432' title='bbox 2033 4615 2162 4670; x_wconf 76' lang='lat' dir='ltr'><strong>Ilai-</strong></span> 
     </span>
    </p>
   </div>
   <div class='ocr_carea' id='block_1_65' title="bbox 579 4698 2163 4760">
    <p class='ocr_par' dir='ltr' id='par_1_65' title="bbox 579 4698 2163 4760">
     <span class='ocr_line' id='line_1_65' title="bbox 579 4698 2163 4760; baseline 0.008 -12"><span class='ocrx_word' id='word_1_433' title='bbox 579 4698 810 4753; x_wconf 87' lang='lat' dir='ltr'><strong>mundus</strong></span> <span class='ocrx_word' id='word_1_434' title='bbox 850 4699 1242 4756; x_wconf 88' lang='lat' dir='ltr'><strong>famosissimus</strong></span> <span class='ocrx_word' id='word_1_435' title='bbox 1283 4717 1464 4758; x_wconf 88' lang='lat' dir='ltr'><strong>comes</strong></span> <span class='ocrx_word' id='word_1_436' title='bbox 1503 4702 1910 4759; x_wconf 88' lang='lat' dir='ltr'><strong>Provinciarum</strong></span> <span class='ocrx_word' id='word_1_437' title='bbox 1967 4707 2163 4760; x_wconf 81' lang='lat' dir='ltr'><strong>fumant</strong></span> 
     </span>
    </p>
   </div>
   <div class='ocr_carea' id='block_1_66' title="bbox 579 4789 2164 4866">
    <p class='ocr_par' dir='ltr' id='par_1_66' title="bbox 579 4789 2164 4866">
     <span class='ocr_line' id='line_1_66' title="bbox 579 4789 2164 4866; baseline 0.006 -26"><span class='ocrx_word' id='word_1_438' title='bbox 579 4789 796 4860; x_wconf 78' lang='lat' dir='ltr'><strong>Rogerii</strong></span> <span class='ocrx_word' id='word_1_439' title='bbox 824 4790 1125 4848; x_wconf 90' lang='lat' dir='ltr'><strong>Siculorum</strong></span> <span class='ocrx_word' id='word_1_440' title='bbox 1157 4795 1372 4849; x_wconf 86' lang='lat' dir='ltr'><strong>comitis</strong></span> <span class='ocrx_word' id='word_1_441' title='bbox 1400 4794 1654 4862; x_wconf 90' lang='lat' dir='ltr'><strong>audiens,</strong></span> <span class='ocrx_word' id='word_1_442' title='bbox 1681 4805 1902 4866; x_wconf 85' lang='lat' dir='ltr'><strong>propter</strong></span> <span class='ocrx_word' id='word_1_443' title='bbox 1936 4797 2164 4851; x_wconf 90' lang='lat' dir='ltr'><strong>strenui-</strong></span> 
     </span>
    </p>
   </div>
   <div class='ocr_carea' id='block_1_67' title="bbox 649 4950 1330 5014">
    <p class='ocr_par' dir='ltr' id='par_1_67' title="bbox 649 4950 1330 5014">
     <span class='ocr_line' id='line_1_67' title="bbox 649 4950 1330 5014; baseline 0.009 -11"><span class='ocrx_word' id='word_1_444' title='bbox 649 4950 797 5014; x_wconf 74' lang='grc' dir='ltr'>(22ι)</span> <span class='ocrx_word' id='word_1_445' title='bbox 836 4953 900 5008; x_wconf 90' lang='lat' dir='ltr'><strong>C.</strong></span> <span class='ocrx_word' id='word_1_446' title='bbox 927 4953 987 5008; x_wconf 88' lang='lat' dir='ltr'><strong>P.</strong></span> <span class='ocrx_word' id='word_1_447' title='bbox 1025 4956 1330 5010; x_wconf 84' lang='lat' dir='ltr'><strong>Cornilium.</strong></span> 
     </span>
    </p>
   </div>
   <div class='ocr_carea' id='block_1_68' title="bbox 649 5023 994 5089">
    <p class='ocr_par' dir='ltr' id='par_1_68' title="bbox 649 5023 994 5089">
     <span class='ocr_line' id='line_1_68' title="bbox 649 5023 994 5089; baseline 0.012 -15"><span class='ocrx_word' id='word_1_448' title='bbox 649 5023 797 5089; x_wconf 84' lang='grc'>(225)</span> <span class='ocrx_word' id='word_1_449' title='bbox 839 5023 994 5078; x_wconf 83' lang='lat' dir='ltr'><strong>Suos.</strong></span> 
     </span>
    </p>
   </div>
   <div class='ocr_carea' id='block_1_69' title="bbox 650 5091 1274 5162">
    <p class='ocr_par' dir='ltr' id='par_1_69' title="bbox 650 5091 1274 5162">
     <span class='ocr_line' id='line_1_69' title="bbox 650 5091 1274 5162; baseline 0.008 -18"><span class='ocrx_word' id='word_1_450' title='bbox 650 5093 799 5162; x_wconf 86' lang='grc'>(226)</span> <span class='ocrx_word' id='word_1_451' title='bbox 841 5091 1170 5148; x_wconf 77' lang='lat' dir='ltr'><strong>Permittere.</strong></span> <span class='ocrx_word' id='word_1_452' title='bbox 1263 5131 1274 5141; x_wconf 68' lang='grc' dir='ltr'>ε</span> 
     </span>
    </p>
   </div>
   <div class='ocr_carea' id='block_1_70' title="bbox 649 5163 1469 5230">
    <p class='ocr_par' dir='ltr' id='par_1_70' title="bbox 649 5163 1469 5230">
     <span class='ocr_line' id='line_1_70' title="bbox 649 5163 1469 5230; baseline 0.013 -16"><span class='ocrx_word' id='word_1_453' title='bbox 649 5163 901 5230; x_wconf 62' lang='grc'>(227)(1.</span> <span class='ocrx_word' id='word_1_454' title='bbox 935 5163 994 5215; x_wconf 84' lang='lat' dir='ltr'><strong>P.</strong></span> <span class='ocrx_word' id='word_1_455' title='bbox 1027 5165 1229 5218; x_wconf 76' lang='lat' dir='ltr'><strong>hostilis</strong></span> <span class='ocrx_word' id='word_1_456' title='bbox 1259 5165 1469 5224; x_wconf 77' lang='lat' dir='ltr'><strong>detonet</strong></span> 
     </span>
    </p>
   </div>
   <div class='ocr_carea' id='block_1_71' title="bbox 2281 1853 3866 1932">
    <p class='ocr_par' dir='ltr' id='par_1_71' title="bbox 2281 1853 3866 1932">
     <span class='ocr_line' id='line_1_71' title="bbox 2281 1853 3866 1932; baseline -0.003 -22"><span class='ocrx_word' id='word_1_457' title='bbox 2281 1865 2340 1910; x_wconf 92' lang='lat' dir='ltr'><strong>ut</strong></span> <span class='ocrx_word' id='word_1_458' title='bbox 2366 1853 2587 1922; x_wconf 88' lang='lat' dir='ltr'><strong>assolet,</strong></span> <span class='ocrx_word' id='word_1_459' title='bbox 2631 1855 2954 1932; x_wconf 84' lang='lat' dir='ltr'><strong>imtneusum</strong></span> <span class='ocrx_word' id='word_1_460' title='bbox 2983 1855 3276 1910; x_wconf 81' lang='lat' dir='ltr'><strong>excrescit.</strong></span> <span class='ocrx_word' id='word_1_461' title='bbox 3317 1853 3630 1910; x_wconf 82' lang='lat' dir='ltr'><strong>Celebratis</strong></span> <span class='ocrx_word' id='word_1_462' title='bbox 3668 1855 3866 1924; x_wconf 83' lang='lat' dir='ltr'><strong>itaque,</strong></span> 
     </span>
    </p>
   </div>
   <div class='ocr_carea' id='block_1_72' title="bbox 2278 1947 3868 2018">
    <p class='ocr_par' dir='ltr' id='par_1_72' title="bbox 2278 1947 3868 2018">
     <span class='ocr_line' id='line_1_72' title="bbox 2278 1947 3868 2018; baseline -0.003 -15"><span class='ocrx_word' id='word_1_463' title='bbox 2278 1959 2331 2004; x_wconf 90' lang='lat' dir='ltr'><strong>et</strong></span> <span class='ocrx_word' id='word_1_464' title='bbox 2363 1962 2468 2002; x_wconf 91' lang='lat' dir='ltr'><strong>non</strong></span> <span class='ocrx_word' id='word_1_465' title='bbox 2512 1947 2631 2002; x_wconf 90' lang='lat' dir='ltr'><strong>sine</strong></span> <span class='ocrx_word' id='word_1_466' title='bbox 2669 1963 2987 2018; x_wconf 87' lang='lat' dir='ltr'><strong>magnarum</strong></span> <span class='ocrx_word' id='word_1_467' title='bbox 3033 1961 3388 2017; x_wconf 77' lang='lat' dir='ltr'><strong>expensarum</strong></span> <span class='ocrx_word' id='word_1_468' title='bbox 3421 1949 3742 2018; x_wconf 84' lang='lat' dir='ltr'><strong>sumptibus</strong></span> <span class='ocrx_word' id='word_1_469' title='bbox 3773 1965 3868 2002; x_wconf 84' lang='lat' dir='ltr'><strong>nn-</strong></span> 
     </span>
    </p>
   </div>
   <div class='ocr_carea' id='block_1_73' title="bbox 2279 2039 3870 2110">
    <p class='ocr_par' dir='ltr' id='par_1_73' title="bbox 2279 2039 3870 2110">
     <span class='ocr_line' id='line_1_73' title="bbox 2279 2039 3870 2110; baseline 0.001 -18"><span class='ocrx_word' id='word_1_470' title='bbox 2279 2040 2428 2110; x_wconf 89' lang='lat' dir='ltr'><strong>ptiis,</strong></span> <span class='ocrx_word' id='word_1_471' title='bbox 2455 2054 2610 2094; x_wconf 89' lang='lat' dir='ltr'><strong>socer</strong></span> <span class='ocrx_word' id='word_1_472' title='bbox 2639 2055 2898 2108; x_wconf 82' lang='lat' dir='ltr'><strong>generum</strong></span> <span class='ocrx_word' id='word_1_473' title='bbox 2930 2056 3084 2094; x_wconf 88' lang='lat' dir='ltr'><strong>suum</strong></span> <span class='ocrx_word' id='word_1_474' title='bbox 3132 2039 3446 2110; x_wconf 90' lang='lat' dir='ltr'><strong>aliquandiu</strong></span> <span class='ocrx_word' id='word_1_475' title='bbox 3499 2057 3696 2096; x_wconf 85' lang='lat' dir='ltr'><strong>secum</strong></span> <span class='ocrx_word' id='word_1_476' title='bbox 3751 2043 3870 2096; x_wconf 86' lang='lat' dir='ltr'><strong>reti-</strong></span> 
     </span>
    </p>
   </div>
   <div class='ocr_carea' id='block_1_74' title="bbox 2279 2131 3866 2202">
    <p class='ocr_par' dir='ltr' id='par_1_74' title="bbox 2279 2131 3866 2202">
     <span class='ocr_line' id='line_1_74' title="bbox 2279 2131 3866 2202; baseline 0.001 -18"><span class='ocrx_word' id='word_1_477' title='bbox 2279 2147 2434 2196; x_wconf 85' lang='lat' dir='ltr'><strong>nens,</strong></span> <span class='ocrx_word' id='word_1_478' title='bbox 2477 2131 2694 2184; x_wconf 81' lang='lat' dir='ltr'><strong>tandem</strong></span> <span class='ocrx_word' id='word_1_479' title='bbox 2731 2131 3114 2186; x_wconf 86' lang='lat' dir='ltr'><strong>muniliccutiis</strong></span> <span class='ocrx_word' id='word_1_480' title='bbox 3147 2131 3488 2197; x_wconf 75' lang='lat' dir='ltr'><strong>benevolum,</strong></span> <span class='ocrx_word' id='word_1_481' title='bbox 3527 2142 3588 2186; x_wconf 90' lang='lat' dir='ltr'><strong>ut</strong></span> <span class='ocrx_word' id='word_1_482' title='bbox 3621 2147 3713 2186; x_wconf 88' lang='lat' dir='ltr'><strong>res</strong></span> <span class='ocrx_word' id='word_1_483' title='bbox 3757 2133 3866 2202; x_wconf 82' lang='lat' dir='ltr'><strong>ipsa</strong></span> 
     </span>
    </p>
   </div>
   <div class='ocr_carea' id='block_1_75' title="bbox 2276 2223 3866 2294">
    <p class='ocr_par' dir='ltr' id='par_1_75' title="bbox 2276 2223 3866 2294">
     <span class='ocr_line' id='line_1_75' title="bbox 2276 2223 3866 2294; baseline 0.001 -18"><span class='ocrx_word' id='word_1_484' title='bbox 2276 2223 2671 2294; x_wconf 57' lang='lat' dir='ltr'><strong>expostutabat,</strong></span> <span class='ocrx_word' id='word_1_485' title='bbox 2703 2223 2928 2287; x_wconf 88' lang='lat' dir='ltr'><strong>factum,</strong></span> <span class='ocrx_word' id='word_1_486' title='bbox 2961 2223 3054 2278; x_wconf 89' lang='lat' dir='ltr'><strong>sed</strong></span> <span class='ocrx_word' id='word_1_487' title='bbox 3085 2232 3138 2278; x_wconf 89' lang='lat' dir='ltr'><strong>et</strong></span> <span class='ocrx_word' id='word_1_488' title='bbox 3169 2224 3236 2278; x_wconf 90' lang='lat' dir='ltr'><strong>iis</strong></span> <span class='ocrx_word' id='word_1_489' title='bbox 3283 2225 3372 2294; x_wconf 89' lang='lat' dir='ltr'><strong>qui</strong></span> <span class='ocrx_word' id='word_1_490' title='bbox 3405 2240 3532 2278; x_wconf 91' lang='lat' dir='ltr'><strong>cum</strong></span> <span class='ocrx_word' id='word_1_491' title='bbox 3563 2225 3686 2293; x_wconf 79' lang='lat' dir='ltr'><strong>ipso</strong></span> <span class='ocrx_word' id='word_1_492' title='bbox 3715 2226 3866 2280; x_wconf 84' lang='lat' dir='ltr'><strong>adve-</strong></span> 
     </span>
    </p>
   </div>
   <div class='ocr_carea' id='block_1_76' title="bbox 2275 2313 3862 2384">
    <p class='ocr_par' dir='ltr' id='par_1_76' title="bbox 2275 2313 3862 2384">
     <span class='ocr_line' id='line_1_76' title="bbox 2275 2313 3862 2384; baseline 0.003 -18"><span class='ocrx_word' id='word_1_493' title='bbox 2275 2322 2468 2368; x_wconf 89' lang='lat' dir='ltr'><strong>nerant</strong></span> <span class='ocrx_word' id='word_1_494' title='bbox 2511 2313 2737 2384; x_wconf 73' lang='lat' dir='ltr'><strong>singulis</strong></span> <span class='ocrx_word' id='word_1_495' title='bbox 2777 2313 3025 2381; x_wconf 81' lang='lat' dir='ltr'><strong>singula,</strong></span> <span class='ocrx_word' id='word_1_496' title='bbox 3057 2327 3216 2384; x_wconf 90' lang='lat' dir='ltr'><strong>prout</strong></span> <span class='ocrx_word' id='word_1_497' title='bbox 3255 2330 3528 2384; x_wconf 88' lang='lat' dir='ltr'><strong>quemque</strong></span> <span class='ocrx_word' id='word_1_498' title='bbox 3569 2331 3700 2370; x_wconf 83' lang='lat' dir='ltr'><strong>esse</strong></span> <span class='ocrx_word' id='word_1_499' title='bbox 3735 2317 3862 2370; x_wconf 83' lang='lat' dir='ltr'><strong>scie-</strong></span> 
     </span>
    </p>
   </div>
   <div class='ocr_carea' id='block_1_77' title="bbox 2279 2405 3862 2477">
    <p class='ocr_par' dir='ltr' id='par_1_77' title="bbox 2279 2405 3862 2477">
     <span class='ocr_line' id='line_1_77' title="bbox 2279 2405 3862 2477; baseline -0.001 -18"><span class='ocrx_word' id='word_1_500' title='bbox 2279 2407 2390 2470; x_wconf 88' lang='lat' dir='ltr'><strong>bat,</strong></span> <span class='ocrx_word' id='word_1_501' title='bbox 2447 2405 2701 2477; x_wconf 84' lang='lat' dir='ltr'><strong>largiens,</strong></span> <span class='ocrx_word' id='word_1_502' title='bbox 2750 2405 2982 2462; x_wconf 87' lang='lat' dir='ltr'><strong>navibus</strong></span> <span class='ocrx_word' id='word_1_503' title='bbox 3023 2407 3296 2476; x_wconf 85' lang='lat' dir='ltr'><strong>apparatis</strong></span> <span class='ocrx_word' id='word_1_504' title='bbox 3327 2407 3542 2476; x_wconf 87' lang='lat' dir='ltr'><strong>placido</strong></span> <span class='ocrx_word' id='word_1_505' title='bbox 3575 2423 3800 2476; x_wconf 65' lang='lat' dir='ltr'><strong>{equore</strong></span> <span class='ocrx_word' id='word_1_506' title='bbox 3833 2425 3862 2459; x_wconf 86' lang='lat' dir='ltr'><strong>a</strong></span> 
     </span>
    </p>
   </div>
   <div class='ocr_carea' id='block_1_78' title="bbox 2273 2497 3862 2554">
    <p class='ocr_par' dir='ltr' id='par_1_78' title="bbox 2273 2497 3862 2554">
     <span class='ocr_line' id='line_1_78' title="bbox 2273 2497 3862 2554; baseline 0.001 -4"><span class='ocrx_word' id='word_1_507' title='bbox 2273 2511 2332 2550; x_wconf 90' lang='lat' dir='ltr'><strong>se</strong></span> <span class='ocrx_word' id='word_1_508' title='bbox 2361 2511 2484 2551; x_wconf 84' lang='lat' dir='ltr'><strong>cum</strong></span> <span class='ocrx_word' id='word_1_509' title='bbox 2521 2497 2628 2552; x_wconf 88' lang='lat' dir='ltr'><strong>lilia</strong></span> <span class='ocrx_word' id='word_1_510' title='bbox 2661 2498 2887 2553; x_wconf 85' lang='lat' dir='ltr'><strong>dimisit.</strong></span> <span class='ocrx_word' id='word_1_511' title='bbox 2933 2499 3011 2552; x_wconf 92' lang='lat' dir='ltr'><strong>Illi</strong></span> <span class='ocrx_word' id='word_1_512' title='bbox 3044 2509 3226 2554; x_wconf 90' lang='lat' dir='ltr'><strong>autem</strong></span> <span class='ocrx_word' id='word_1_513' title='bbox 3258 2499 3341 2553; x_wconf 89' lang='lat' dir='ltr'><strong>vel</strong></span> <span class='ocrx_word' id='word_1_514' title='bbox 3369 2514 3398 2552; x_wconf 91' lang='lat' dir='ltr'><strong>a</strong></span> <span class='ocrx_word' id='word_1_515' title='bbox 3431 2501 3616 2554; x_wconf 89' lang='lat' dir='ltr'><strong>ventis</strong></span> <span class='ocrx_word' id='word_1_516' title='bbox 3645 2515 3862 2554; x_wconf 78' lang='lat' dir='ltr'><strong>accura-</strong></span> 
     </span>
    </p>
   </div>
   <div class='ocr_carea' id='block_1_79' title="bbox 2275 2582 3858 2656">
    <p class='ocr_par' dir='ltr' id='par_1_79' title="bbox 2275 2582 3858 2656">
     <span class='ocr_line' id='line_1_79' title="bbox 2275 2582 3858 2656; baseline 0.002 -20"><span class='ocrx_word' id='word_1_517' title='bbox 2275 2582 2480 2637; x_wconf 89' lang='lat' dir='ltr'><strong>tissime</strong></span> <span class='ocrx_word' id='word_1_518' title='bbox 2495 2582 2642 2655; x_wconf 79' lang='grc'>(255)</span> <span class='ocrx_word' id='word_1_519' title='bbox 2660 2585 3082 2649; x_wconf 86' lang='lat' dir='ltr'><strong>committentes,</strong></span> <span class='ocrx_word' id='word_1_520' title='bbox 3097 2586 3332 2656; x_wconf 86' lang='lat' dir='ltr'><strong>zephyro</strong></span> <span class='ocrx_word' id='word_1_521' title='bbox 3349 2583 3858 2656; x_wconf 60' lang='lat' dir='ltr'><strong>sull&#39;ragziutet&#39;ﬁil,</strong></span> 
     </span>
    </p>
   </div>
   <div class='ocr_carea' id='block_1_80' title="bbox 2270 2675 3860 2748">
    <p class='ocr_par' dir='ltr' id='par_1_80' title="bbox 2270 2675 3860 2748">
     <span class='ocr_line' id='line_1_80' title="bbox 2270 2675 3860 2748; baseline 0 -18"><span class='ocrx_word' id='word_1_522' title='bbox 2270 2675 2421 2730; x_wconf 85' lang='lat' dir='ltr'><strong>brevi</strong></span> <span class='ocrx_word' id='word_1_523' title='bbox 2467 2683 2705 2746; x_wconf 90' lang='lat' dir='ltr'><strong>tempore</strong></span> <span class='ocrx_word' id='word_1_524' title='bbox 2753 2677 2894 2732; x_wconf 88' lang='lat' dir='ltr'><strong>unde</strong></span> <span class='ocrx_word' id='word_1_525' title='bbox 2943 2685 3232 2742; x_wconf 84' lang='lat' dir='ltr'><strong>venerant,</strong></span> <span class='ocrx_word' id='word_1_526' title='bbox 3281 2693 3404 2732; x_wconf 88' lang='lat' dir='ltr'><strong>cum</strong></span> <span class='ocrx_word' id='word_1_527' title='bbox 3451 2693 3658 2748; x_wconf 83' lang='lat' dir='ltr'><strong>sponsa</strong></span> <span class='ocrx_word' id='word_1_528' title='bbox 3711 2677 3860 2732; x_wconf 83' lang='lat' dir='ltr'><strong>reda-</strong></span> 
     </span>
    </p>
   </div>
   <div class='ocr_carea' id='block_1_81' title="bbox 2273 2769 2602 2841">
    <p class='ocr_par' dir='ltr' id='par_1_81' title="bbox 2273 2769 2602 2841">
     <span class='ocr_line' id='line_1_81' title="bbox 2273 2769 2602 2841; baseline -0.006 -17"><span class='ocrx_word' id='word_1_529' title='bbox 2273 2779 2399 2825; x_wconf 90' lang='lat' dir='ltr'><strong>cunt</strong></span> <span class='ocrx_word' id='word_1_530' title='bbox 2431 2769 2602 2841; x_wconf 81' lang='grc'>(255).</span> 
     </span>
    </p>
   </div>
   <div class='ocr_carea' id='block_1_82' title="bbox 2849 2861 3279 2918">
    <p class='ocr_par' dir='ltr' id='par_1_82' title="bbox 2849 2861 3279 2918">
     <span class='ocr_line' id='line_1_82' title="bbox 2849 2861 3279 2918; baseline -0.005 0"><span class='ocrx_word' id='word_1_531' title='bbox 2849 2863 3078 2918; x_wconf 77' lang='lat' dir='ltr'><strong>CAPUT</strong></span> <span class='ocrx_word' id='word_1_532' title='bbox 3118 2861 3279 2917; x_wconf 73' lang='lat' dir='ltr'><strong>XXII.</strong></span> 
     </span>
    </p>
   </div>
   <div class='ocr_carea' id='block_1_83' title="bbox 2647 2953 3468 3024">
    <p class='ocr_par' dir='ltr' id='par_1_83' title="bbox 2647 2953 3468 3024">
     <span class='ocr_line' id='line_1_83' title="bbox 2647 2953 3468 3024; baseline -0.004 -16"><span class='ocrx_word' id='word_1_533' title='bbox 2647 2953 2860 3008; x_wconf 76' lang='lat' dir='ltr'><strong>Castam</strong></span> <span class='ocrx_word' id='word_1_534' title='bbox 2887 2954 3184 3024; x_wconf 80' lang='lat' dir='ltr'><strong>coujugium</strong></span> <span class='ocrx_word' id='word_1_535' title='bbox 3215 2953 3468 3006; x_wconf 80' lang='lat' dir='ltr'><strong>laudatur</strong></span> 
     </span>
    </p>
   </div>
   <div class='ocr_carea' id='block_1_84' title="bbox 2275 3041 3858 3115">
    <p class='ocr_par' dir='ltr' id='par_1_84' title="bbox 2275 3041 3858 3115">
     <span class='ocr_line' id='line_1_84' title="bbox 2275 3041 3858 3115; baseline -0.003 -18"><span class='ocrx_word' id='word_1_536' title='bbox 2275 3041 2493 3114; x_wconf 87' lang='lat' dir='ltr'><strong>Spernit</strong></span> <span class='ocrx_word' id='word_1_537' title='bbox 2541 3053 2663 3097; x_wconf 88' lang='lat' dir='ltr'><strong>nata</strong></span> <span class='ocrx_word' id='word_1_538' title='bbox 2711 3043 2939 3115; x_wconf 86' lang='lat' dir='ltr'><strong>patrem,</strong></span> <span class='ocrx_word' id='word_1_539' title='bbox 2980 3044 3170 3115; x_wconf 78' lang='lat' dir='ltr'><strong>ptuluit</strong></span> <span class='ocrx_word' id='word_1_540' title='bbox 3213 3059 3312 3100; x_wconf 91' lang='lat' dir='ltr'><strong>nec</strong></span> <span class='ocrx_word' id='word_1_541' title='bbox 3359 3043 3674 3114; x_wconf 71' lang='lat' dir='ltr'><strong>relinquere</strong></span> <span class='ocrx_word' id='word_1_542' title='bbox 3715 3045 3858 3114; x_wconf 59' lang='grc' dir='ltr'>(εδδ)</span> 
     </span>
    </p>
   </div>
   <div class='ocr_carea' id='block_1_85' title="bbox 2317 3135 3794 3207">
    <p class='ocr_par' dir='ltr' id='par_1_85' title="bbox 2317 3135 3794 3207">
     <span class='ocr_line' id='line_1_85' title="bbox 2317 3135 3794 3207; baseline 0.001 -21"><span class='ocrx_word' id='word_1_543' title='bbox 2317 3135 2332 3146; x_wconf 88' lang='grc'><em>’</em></span> <span class='ocrx_word' id='word_1_544' title='bbox 3515 3135 3650 3207; x_wconf 74' lang='lat' dir='ltr'><strong>[ruat</strong></span> <span class='ocrx_word' id='word_1_545' title='bbox 3663 3153 3794 3191; x_wconf 82' lang='lat' dir='ltr'><strong>rem.</strong></span> 
     </span>
    </p>
   </div>
   <div class='ocr_carea' id='block_1_86' title="bbox 2277 3225 3478 3298">
    <p class='ocr_par' dir='ltr' id='par_1_86' title="bbox 2277 3225 3478 3298">
     <span class='ocr_line' id='line_1_86' title="bbox 2277 3225 3478 3298; baseline -0.002 -17"><span class='ocrx_word' id='word_1_546' title='bbox 2277 3228 2514 3284; x_wconf 80' lang='lat' dir='ltr'><strong>Externo</strong></span> <span class='ocrx_word' id='word_1_547' title='bbox 2543 3228 2723 3282; x_wconf 75' lang='lat' dir='ltr'><strong>comiti</strong></span> <span class='ocrx_word' id='word_1_548' title='bbox 2745 3227 2991 3284; x_wconf 80' lang='lat' dir='ltr'><strong>sociatur</strong></span> <span class='ocrx_word' id='word_1_549' title='bbox 3021 3228 3272 3283; x_wconf 79' lang='lat' dir='ltr'><strong>delectari</strong></span> <span class='ocrx_word' id='word_1_550' title='bbox 3304 3225 3478 3298; x_wconf 79' lang='grc'>(257).</span> 
     </span>
    </p>
   </div>
   <div class='ocr_carea' id='block_1_87' title="bbox 2273 3317 3776 3388">
    <p class='ocr_par' dir='ltr' id='par_1_87' title="bbox 2273 3317 3776 3388">
     <span class='ocr_line' id='line_1_87' title="bbox 2273 3317 3776 3388; baseline 0 -18"><span class='ocrx_word' id='word_1_551' title='bbox 2273 3317 2316 3370; x_wconf 85' lang='grc' dir='ltr'>Α</span> <span class='ocrx_word' id='word_1_552' title='bbox 2355 3332 2462 3386; x_wconf 92' lang='lat' dir='ltr'><strong>quo</strong></span> <span class='ocrx_word' id='word_1_553' title='bbox 2492 3319 2728 3373; x_wconf 88' lang='lat' dir='ltr'><strong>nutritur</strong></span> <span class='ocrx_word' id='word_1_554' title='bbox 2751 3325 2923 3382; x_wconf 89' lang='lat' dir='ltr'><strong>caret,</strong></span> <span class='ocrx_word' id='word_1_555' title='bbox 2951 3317 3038 3372; x_wconf 90' lang='lat' dir='ltr'><strong>hic</strong></span> <span class='ocrx_word' id='word_1_556' title='bbox 3065 3318 3342 3388; x_wconf 86' lang='lat' dir='ltr'><strong>alteroque</strong></span> <span class='ocrx_word' id='word_1_557' title='bbox 3367 3317 3520 3388; x_wconf 82' lang='grc'>(258)</span> <span class='ocrx_word' id='word_1_558' title='bbox 3553 3318 3776 3388; x_wconf 86' lang='lat' dir='ltr'><strong>potitur.</strong></span> 
     </span>
    </p>
   </div>
   <div class='ocr_carea' id='block_1_88' title="bbox 2274 3407 3860 3481">
    <p class='ocr_par' dir='ltr' id='par_1_88' title="bbox 2274 3407 3860 3481">
     <span class='ocr_line' id='line_1_88' title="bbox 2274 3407 3860 3481; baseline 0 -20"><span class='ocrx_word' id='word_1_559' title='bbox 2274 3407 2442 3464; x_wconf 72' lang='lat' dir='ltr'><strong>Ptnua</strong></span> <span class='ocrx_word' id='word_1_560' title='bbox 2508 3409 2725 3478; x_wconf 90' lang='lat' dir='ltr'><strong>quidem</strong></span> <span class='ocrx_word' id='word_1_561' title='bbox 2775 3409 2939 3464; x_wconf 89' lang='lat' dir='ltr'><strong>multa</strong></span> <span class='ocrx_word' id='word_1_562' title='bbox 2990 3425 3114 3464; x_wconf 89' lang='lat' dir='ltr'><strong>cum</strong></span> <span class='ocrx_word' id='word_1_563' title='bbox 3171 3410 3352 3463; x_wconf 78' lang='lat' dir='ltr'><strong>nutrix</strong></span> <span class='ocrx_word' id='word_1_564' title='bbox 3401 3409 3578 3481; x_wconf 78' lang='grc'>(259),</span> <span class='ocrx_word' id='word_1_565' title='bbox 3621 3425 3744 3464; x_wconf 85' lang='lat' dir='ltr'><strong>cum</strong></span> <span class='ocrx_word' id='word_1_566' title='bbox 3793 3409 3860 3463; x_wconf 85' lang='lat' dir='ltr'><strong>sit</strong></span> 
     </span>
    </p>
   </div>
   <div class='ocr_carea' id='block_1_89' title="bbox 3563 3500 3790 3574">
    <p class='ocr_par' dir='ltr' id='par_1_89' title="bbox 3563 3500 3790 3574">
     <span class='ocr_line' id='line_1_89' title="bbox 3563 3500 3790 3574; baseline -0.004 -19"><span class='ocrx_word' id='word_1_567' title='bbox 3563 3500 3790 3574; x_wconf 85' lang='lat' dir='ltr'><strong>[adulta.</strong></span> 
     </span>
    </p>
   </div>
   <div class='ocr_carea' id='block_1_90' title="bbox 2271 3591 3656 3666">
    <p class='ocr_par' dir='ltr' id='par_1_90' title="bbox 2271 3591 3656 3666">
     <span class='ocr_line' id='line_1_90' title="bbox 2271 3591 3656 3666; baseline 0.003 -20"><span class='ocrx_word' id='word_1_568' title='bbox 2271 3591 2382 3649; x_wconf 83' lang='lat' dir='ltr'><strong>Nec</strong></span> <span class='ocrx_word' id='word_1_569' title='bbox 2410 3610 2529 3664; x_wconf 74' lang='lat' dir='ltr'><strong>qua:</strong></span> <span class='ocrx_word' id='word_1_570' title='bbox 2558 3594 2706 3666; x_wconf 71' lang='grc'>(240)</span> <span class='ocrx_word' id='word_1_571' title='bbox 2739 3595 2973 3651; x_wconf 89' lang='lat' dir='ltr'><strong>nutritur</strong></span> <span class='ocrx_word' id='word_1_572' title='bbox 3003 3596 3202 3652; x_wconf 87' lang='lat' dir='ltr'><strong>lascivo</strong></span> <span class='ocrx_word' id='word_1_573' title='bbox 3237 3597 3406 3651; x_wconf 87' lang='lat' dir='ltr'><strong>fratre</strong></span> <span class='ocrx_word' id='word_1_574' title='bbox 3431 3598 3656 3666; x_wconf 87' lang='lat' dir='ltr'><strong>potitur.</strong></span> 
     </span>
    </p>
   </div>
   <div class='ocr_carea' id='block_1_91' title="bbox 2273 3685 3681 3758">
    <p class='ocr_par' dir='ltr' id='par_1_91' title="bbox 2273 3685 3681 3758">
     <span class='ocr_line' id='line_1_91' title="bbox 2273 3685 3681 3758; baseline 0.001 -16"><span class='ocrx_word' id='word_1_575' title='bbox 2273 3685 2398 3742; x_wconf 87' lang='lat' dir='ltr'><strong>Plus</strong></span> <span class='ocrx_word' id='word_1_576' title='bbox 2420 3693 2702 3741; x_wconf 78' lang='lat' dir='ltr'><strong>externum</strong></span> <span class='ocrx_word' id='word_1_577' title='bbox 2734 3703 2894 3757; x_wconf 87' lang='lat' dir='ltr'><strong>quam</strong></span> <span class='ocrx_word' id='word_1_578' title='bbox 2926 3704 3087 3758; x_wconf 87' lang='lat' dir='ltr'><strong>quem</strong></span> <span class='ocrx_word' id='word_1_579' title='bbox 3127 3689 3198 3742; x_wconf 91' lang='lat' dir='ltr'><strong>sit</strong></span> <span class='ocrx_word' id='word_1_580' title='bbox 3223 3689 3346 3756; x_wconf 83' lang='lat' dir='ltr'><strong>jure</strong></span> <span class='ocrx_word' id='word_1_581' title='bbox 3372 3698 3681 3757; x_wconf 86' lang='lat' dir='ltr'><strong>paternum.</strong></span> 
     </span>
    </p>
   </div>
   <div class='ocr_carea' id='block_1_92' title="bbox 2272 3775 3686 3852">
    <p class='ocr_par' dir='ltr' id='par_1_92' title="bbox 2272 3775 3686 3852">
     <span class='ocr_line' id='line_1_92' title="bbox 2272 3775 3686 3852; baseline 0.003 -21"><span class='ocrx_word' id='word_1_582' title='bbox 2272 3775 2381 3834; x_wconf 80' lang='lat' dir='ltr'><strong>Nec</strong></span> <span class='ocrx_word' id='word_1_583' title='bbox 2404 3779 2566 3834; x_wconf 90' lang='lat' dir='ltr'><strong>nimis</strong></span> <span class='ocrx_word' id='word_1_584' title='bbox 2593 3780 2694 3836; x_wconf 89' lang='lat' dir='ltr'><strong>hoc</strong></span> <span class='ocrx_word' id='word_1_585' title='bbox 2728 3781 2907 3850; x_wconf 87' lang='lat' dir='ltr'><strong>culpo,</strong></span> <span class='ocrx_word' id='word_1_586' title='bbox 2930 3783 3177 3851; x_wconf 87' lang='lat' dir='ltr'><strong>quamvis</strong></span> <span class='ocrx_word' id='word_1_587' title='bbox 3209 3783 3294 3837; x_wconf 90' lang='lat' dir='ltr'><strong>hic</strong></span> <span class='ocrx_word' id='word_1_588' title='bbox 3327 3783 3448 3836; x_wconf 88' lang='lat' dir='ltr'><strong>talia</strong></span> <span class='ocrx_word' id='word_1_589' title='bbox 3477 3783 3686 3852; x_wconf 88' lang='lat' dir='ltr'><strong>sculpo.</strong></span> 
     </span>
    </p>
   </div>
   <div class='ocr_carea' id='block_1_93' title="bbox 2271 3871 3730 3946">
    <p class='ocr_par' dir='ltr' id='par_1_93' title="bbox 2271 3871 3730 3946">
     <span class='ocr_line' id='line_1_93' title="bbox 2271 3871 3730 3946; baseline 0.002 -19"><span class='ocrx_word' id='word_1_590' title='bbox 2271 3871 2382 3928; x_wconf 79' lang='lat' dir='ltr'><strong>Nec</strong></span> <span class='ocrx_word' id='word_1_591' title='bbox 2411 3875 2704 3943; x_wconf 69' lang='lat' dir='ltr'><strong>prohibens</strong></span> <span class='ocrx_word' id='word_1_592' title='bbox 2729 3875 2858 3941; x_wconf 87' lang='lat' dir='ltr'><strong>vito,</strong></span> <span class='ocrx_word' id='word_1_593' title='bbox 2892 3891 3015 3930; x_wconf 90' lang='lat' dir='ltr'><strong>cum</strong></span> <span class='ocrx_word' id='word_1_594' title='bbox 3045 3875 3140 3930; x_wconf 81' lang='lat' dir='ltr'><strong>ﬁat</strong></span> <span class='ocrx_word' id='word_1_595' title='bbox 3169 3875 3332 3930; x_wconf 89' lang='lat' dir='ltr'><strong>invita</strong></span> <span class='ocrx_word' id='word_1_596' title='bbox 3359 3876 3478 3946; x_wconf 73' lang='lat' dir='ltr'><strong>(2-H</strong></span> <span class='ocrx_word' id='word_1_597' title='bbox 3512 3876 3730 3931; x_wconf 89' lang='lat' dir='ltr'><strong>marito.</strong></span> 
     </span>
    </p>
   </div>
   <div class='ocr_carea' id='block_1_94' title="bbox 2271 3965 3459 4037">
    <p class='ocr_par' dir='ltr' id='par_1_94' title="bbox 2271 3965 3459 4037">
     <span class='ocr_line' id='line_1_94' title="bbox 2271 3965 3459 4037; baseline 0.001 -17"><span class='ocrx_word' id='word_1_598' title='bbox 2271 3965 2466 4037; x_wconf 83' lang='lat' dir='ltr'><strong>Diligat</strong></span> <span class='ocrx_word' id='word_1_599' title='bbox 2483 3975 2532 4020; x_wconf 90' lang='lat' dir='ltr'><strong>et</strong></span> <span class='ocrx_word' id='word_1_600' title='bbox 2555 3965 2699 4034; x_wconf 86' lang='lat' dir='ltr'><strong>juste</strong></span> <span class='ocrx_word' id='word_1_601' title='bbox 2726 3965 2901 4022; x_wconf 74' lang='lat' dir='ltr'><strong>ftedus</strong></span> <span class='ocrx_word' id='word_1_602' title='bbox 2925 3967 3191 4022; x_wconf 86' lang='lat' dir='ltr'><strong>servando</strong></span> <span class='ocrx_word' id='word_1_603' title='bbox 3217 3976 3459 4022; x_wconf 82' lang='lat' dir='ltr'><strong>venuste.</strong></span> 
     </span>
    </p>
   </div>
   <div class='ocr_carea' id='block_1_95' title="bbox 2270 4057 3672 4130">
    <p class='ocr_par' dir='ltr' id='par_1_95' title="bbox 2270 4057 3672 4130">
     <span class='ocr_line' id='line_1_95' title="bbox 2270 4057 3672 4130; baseline 0.002 -19"><span class='ocrx_word' id='word_1_604' title='bbox 2270 4057 2404 4111; x_wconf 85' lang='lat' dir='ltr'><strong>Nam</strong></span> <span class='ocrx_word' id='word_1_605' title='bbox 2433 4073 2568 4127; x_wconf 92' lang='lat' dir='ltr'><strong>quos</strong></span> <span class='ocrx_word' id='word_1_606' title='bbox 2594 4057 2674 4112; x_wconf 81' lang='lat' dir='ltr'><strong>lex</strong></span> <span class='ocrx_word' id='word_1_607' title='bbox 2695 4057 2893 4128; x_wconf 78' lang='lat' dir='ltr'><strong>jungit,</strong></span> <span class='ocrx_word' id='word_1_608' title='bbox 2919 4059 3189 4113; x_wconf 88' lang='lat' dir='ltr'><strong>sententia</strong></span> <span class='ocrx_word' id='word_1_609' title='bbox 3217 4058 3358 4112; x_wconf 90' lang='lat' dir='ltr'><strong>nulla</strong></span> <span class='ocrx_word' id='word_1_610' title='bbox 3397 4061 3672 4130; x_wconf 83' lang='lat' dir='ltr'><strong>repungit.</strong></span> 
     </span>
    </p>
   </div>
   <div class='ocr_carea' id='block_1_96' title="bbox 2278 4147 3548 4214">
    <p class='ocr_par' dir='ltr' id='par_1_96' title="bbox 2278 4147 3548 4214">
     <span class='ocr_line' id='line_1_96' title="bbox 2278 4147 3548 4214; baseline -0.001 -10"><span class='ocrx_word' id='word_1_611' title='bbox 2278 4147 2345 4204; x_wconf 85' lang='lat' dir='ltr'><strong>Ut</strong></span> <span class='ocrx_word' id='word_1_612' title='bbox 2366 4148 2580 4204; x_wconf 87' lang='lat' dir='ltr'><strong>soboles</strong></span> <span class='ocrx_word' id='word_1_613' title='bbox 2604 4160 2834 4214; x_wconf 87' lang='lat' dir='ltr'><strong>crescat,</strong></span> <span class='ocrx_word' id='word_1_614' title='bbox 2865 4165 2932 4203; x_wconf 89' lang='lat' dir='ltr'><strong>ne</strong></span> <span class='ocrx_word' id='word_1_615' title='bbox 2963 4149 3260 4205; x_wconf 78' lang='lat' dir='ltr'><strong>defit-iendo</strong></span> <span class='ocrx_word' id='word_1_616' title='bbox 3287 4151 3548 4206; x_wconf 87' lang='lat' dir='ltr'><strong>tabescat.</strong></span> 
     </span>
    </p>
   </div>
   <div class='ocr_carea' id='block_1_97' title="bbox 2270 4239 3596 4313">
    <p class='ocr_par' dir='ltr' id='par_1_97' title="bbox 2270 4239 3596 4313">
     <span class='ocr_line' id='line_1_97' title="bbox 2270 4239 3596 4313; baseline 0.003 -19"><span class='ocrx_word' id='word_1_617' title='bbox 2270 4239 2454 4296; x_wconf 90' lang='lat' dir='ltr'><strong>Prima</strong></span> <span class='ocrx_word' id='word_1_618' title='bbox 2475 4241 2662 4312; x_wconf 80' lang='lat' dir='ltr'><strong>virago</strong></span> <span class='ocrx_word' id='word_1_619' title='bbox 2687 4243 2864 4308; x_wconf 89' lang='lat' dir='ltr'><strong>datur,</strong></span> <span class='ocrx_word' id='word_1_620' title='bbox 2889 4243 3170 4313; x_wconf 89' lang='lat' dir='ltr'><strong>primoque</strong></span> <span class='ocrx_word' id='word_1_621' title='bbox 3195 4245 3310 4298; x_wconf 88' lang='lat' dir='ltr'><strong>viro</strong></span> <span class='ocrx_word' id='word_1_622' title='bbox 3333 4245 3596 4300; x_wconf 88' lang='lat' dir='ltr'><strong>sociatur.</strong></span> 
     </span>
    </p>
   </div>
   <div class='ocr_carea' id='block_1_98' title="bbox 2273 4331 3457 4391">
    <p class='ocr_par' dir='ltr' id='par_1_98' title="bbox 2273 4331 3457 4391">
     <span class='ocr_line' id='line_1_98' title="bbox 2273 4331 3457 4391; baseline 0.003 -5"><span class='ocrx_word' id='word_1_623' title='bbox 2273 4331 2388 4388; x_wconf 91' lang='lat' dir='ltr'><strong>Tali</strong></span> <span class='ocrx_word' id='word_1_624' title='bbox 2417 4333 2629 4388; x_wconf 88' lang='lat' dir='ltr'><strong>fortuna</strong></span> <span class='ocrx_word' id='word_1_625' title='bbox 2653 4335 2758 4389; x_wconf 85' lang='lat' dir='ltr'><strong>duo</strong></span> <span class='ocrx_word' id='word_1_626' title='bbox 2791 4336 2902 4389; x_wconf 91' lang='lat' dir='ltr'><strong>sint</strong></span> <span class='ocrx_word' id='word_1_627' title='bbox 2929 4346 2985 4388; x_wconf 90' lang='lat' dir='ltr'><strong>ut</strong></span> <span class='ocrx_word' id='word_1_628' title='bbox 3013 4351 3175 4391; x_wconf 89' lang='lat' dir='ltr'><strong>carne</strong></span> <span class='ocrx_word' id='word_1_629' title='bbox 3204 4337 3302 4390; x_wconf 92' lang='lat' dir='ltr'><strong>sub</strong></span> <span class='ocrx_word' id='word_1_630' title='bbox 3329 4351 3457 4390; x_wconf 89' lang='lat' dir='ltr'><strong>una.</strong></span> 
     </span>
    </p>
   </div>
   <div class='ocr_carea' id='block_1_99' title="bbox 2201 4417 3474 4512">
    <p class='ocr_par' dir='ltr' id='par_1_99' title="bbox 2201 4417 3474 4512">
     <span class='ocr_line' id='line_1_99' title="bbox 2201 4417 3474 4512; baseline -0.002 -29"><span class='ocrx_word' id='word_1_631' title='bbox 2201 4449 2248 4502; x_wconf 72' lang='grc' dir='ltr'>ι)</span> <span class='ocrx_word' id='word_1_632' title='bbox 2273 4427 2389 4512; x_wconf 19' lang='grc' dir='ltr'><strong>[ει.</strong></span> <span class='ocrx_word' id='word_1_633' title='bbox 2413 4427 2486 4482; x_wconf 88' lang='lat' dir='ltr'><strong>ita</strong></span> <span class='ocrx_word' id='word_1_634' title='bbox 2515 4427 2690 4482; x_wconf 87' lang='lat' dir='ltr'><strong>divina</strong></span> <span class='ocrx_word' id='word_1_635' title='bbox 2722 4417 2998 4498; x_wconf 62' lang='lat' dir='ltr'><strong>praecepit,</strong></span> <span class='ocrx_word' id='word_1_636' title='bbox 3032 4443 3138 4483; x_wconf 89' lang='lat' dir='ltr'><strong>non</strong></span> <span class='ocrx_word' id='word_1_637' title='bbox 3169 4427 3474 4499; x_wconf 82' lang='lat' dir='ltr'><strong>peregrina.</strong></span> 
     </span>
    </p>
   </div>
   <div class='ocr_carea' id='block_1_100' title="bbox 2270 4519 3594 4591">
    <p class='ocr_par' dir='ltr' id='par_1_100' title="bbox 2270 4519 3594 4591">
     <span class='ocr_line' id='line_1_100' title="bbox 2270 4519 3594 4591; baseline 0 -17"><span class='ocrx_word' id='word_1_638' title='bbox 2270 4521 2453 4575; x_wconf 82' lang='lat' dir='ltr'><strong>Pinxit</strong></span> <span class='ocrx_word' id='word_1_639' title='bbox 2477 4521 2756 4591; x_wconf 84' lang='lat' dir='ltr'><strong>Scriptura</strong></span> <span class='ocrx_word' id='word_1_640' title='bbox 2795 4537 2913 4591; x_wconf 66' lang='lat' dir='ltr'><strong>qute</strong></span> <span class='ocrx_word' id='word_1_641' title='bbox 2939 4531 3063 4576; x_wconf 87' lang='lat' dir='ltr'><strong>sunt</strong></span> <span class='ocrx_word' id='word_1_642' title='bbox 3091 4519 3329 4575; x_wconf 86' lang='lat' dir='ltr'><strong>facienda</strong></span> <span class='ocrx_word' id='word_1_643' title='bbox 3364 4520 3550 4575; x_wconf 88' lang='lat' dir='ltr'><strong>futura</strong></span> <span class='ocrx_word' id='word_1_644' title='bbox 3580 4541 3594 4574; x_wconf 91' lang='lat'><strong>:</strong></span> 
     </span>
    </p>
   </div>
   <div class='ocr_carea' id='block_1_101' title="bbox 2269 4613 3674 4686">
    <p class='ocr_par' dir='ltr' id='par_1_101' title="bbox 2269 4613 3674 4686">
     <span class='ocr_line' id='line_1_101' title="bbox 2269 4613 3674 4686; baseline 0.004 -20"><span class='ocrx_word' id='word_1_645' title='bbox 2269 4613 2565 4683; x_wconf 85' lang='lat' dir='ltr'><strong>Postponat</strong></span> <span class='ocrx_word' id='word_1_646' title='bbox 2601 4623 2833 4685; x_wconf 87' lang='lat' dir='ltr'><strong>patrem,</strong></span> <span class='ocrx_word' id='word_1_647' title='bbox 2862 4623 3147 4686; x_wconf 80' lang='lat' dir='ltr'><strong>postponat</strong></span> <span class='ocrx_word' id='word_1_648' title='bbox 3175 4615 3402 4685; x_wconf 87' lang='lat' dir='ltr'><strong>denique</strong></span> <span class='ocrx_word' id='word_1_649' title='bbox 3435 4627 3674 4672; x_wconf 80' lang='lat' dir='ltr'><strong>matrem</strong></span> 
     </span>
    </p>
   </div>
   <div class='ocr_carea' id='block_1_102' title="bbox 2269 4704 3478 4777">
    <p class='ocr_par' dir='ltr' id='par_1_102' title="bbox 2269 4704 3478 4777">
     <span class='ocr_line' id='line_1_102' title="bbox 2269 4704 3478 4777; baseline 0.004 -21"><span class='ocrx_word' id='word_1_650' title='bbox 2269 4704 2524 4776; x_wconf 82' lang='lat' dir='ltr'><strong>Quisquis</strong></span> <span class='ocrx_word' id='word_1_651' title='bbox 2553 4713 2608 4760; x_wconf 89' lang='lat' dir='ltr'><strong>et</strong></span> <span class='ocrx_word' id='word_1_652' title='bbox 2633 4706 2786 4759; x_wconf 73' lang='lat' dir='ltr'><strong>uxori</strong></span> <span class='ocrx_word' id='word_1_653' title='bbox 2810 4707 3070 4776; x_wconf 78' lang='lat' dir='ltr'><strong>jungatur</strong></span> <span class='ocrx_word' id='word_1_654' title='bbox 3099 4721 3282 4760; x_wconf 89' lang='lat' dir='ltr'><strong>amore</strong></span> <span class='ocrx_word' id='word_1_655' title='bbox 3309 4707 3478 4777; x_wconf 88' lang='lat' dir='ltr'><strong>priori</strong></span> 
     </span>
    </p>
   </div>
   <div class='ocr_carea' id='block_1_103' title="bbox 2267 4795 3226 4853">
    <p class='ocr_par' dir='ltr' id='par_1_103' title="bbox 2267 4795 3226 4853">
     <span class='ocr_line' id='line_1_103' title="bbox 2267 4795 3226 4853; baseline 0 -3"><span class='ocrx_word' id='word_1_656' title='bbox 2267 4795 2396 4852; x_wconf 86' lang='lat' dir='ltr'><strong>Jure</strong></span> <span class='ocrx_word' id='word_1_657' title='bbox 2421 4797 2653 4853; x_wconf 88' lang='lat' dir='ltr'><strong>maritali</strong></span> <span class='ocrx_word' id='word_1_658' title='bbox 2677 4807 2926 4853; x_wconf 76' lang='lat' dir='ltr'><strong>servatur</strong></span> <span class='ocrx_word' id='word_1_659' title='bbox 2949 4798 3084 4853; x_wconf 86' lang='lat' dir='ltr'><strong>linea</strong></span> <span class='ocrx_word' id='word_1_660' title='bbox 3119 4798 3226 4851; x_wconf 77' lang='lat' dir='ltr'><strong>tali.</strong></span> 
     </span>
    </p>
   </div>
   <div class='ocr_carea' id='block_1_104' title="bbox 2343 4957 2949 5030">
    <p class='ocr_par' dir='ltr' id='par_1_104' title="bbox 2343 4957 2949 5030">
     <span class='ocr_line' id='line_1_104' title="bbox 2343 4957 2949 5030; baseline -0.003 -17"><span class='ocrx_word' id='word_1_661' title='bbox 2343 4957 2492 5030; x_wconf 66' lang='lat'><strong>(23!)</strong></span> <span class='ocrx_word' id='word_1_662' title='bbox 2527 4957 2949 5030; x_wconf 68' lang='lat' dir='ltr'><strong>Qltit&#39;ografamr.</strong></span> 
     </span>
    </p>
   </div>
   <div class='ocr_carea' id='block_1_105' title="bbox 2363 5023 3330 5094">
    <p class='ocr_par' dir='ltr' id='par_1_105' title="bbox 2363 5023 3330 5094">
     <span class='ocr_line' id='line_1_105' title="bbox 2363 5023 3330 5094; baseline -0.009 -11"><span class='ocrx_word' id='word_1_663' title='bbox 2363 5023 2492 5094; x_wconf 86' lang='grc'>252)</span> <span class='ocrx_word' id='word_1_664' title='bbox 2535 5023 2713 5080; x_wconf 66' lang='lat' dir='ltr'><strong>Partis</strong></span> <span class='ocrx_word' id='word_1_665' title='bbox 2733 5023 3065 5094; x_wconf 70' lang='lat' dir='ltr'><strong>prresult&#39;bus.</strong></span> <span class='ocrx_word' id='word_1_666' title='bbox 3091 5026 3155 5080; x_wconf 81' lang='lat' dir='ltr'><strong>ab</strong></span> <span class='ocrx_word' id='word_1_667' title='bbox 3187 5023 3330 5094; x_wconf 77' lang='lat' dir='ltr'><strong>ipsis.</strong></span> 
     </span>
    </p>
   </div>
   <div class='ocr_carea' id='block_1_106' title="bbox 2341 5033 2898 5168">
    <p class='ocr_par' dir='ltr' id='par_1_106' title="bbox 2341 5033 2898 5168">
     <span class='ocr_line' id='line_1_106' title="bbox 2363 5033 2898 5094; baseline -0.006 -11"><span class='ocrx_word' id='word_1_668' title='bbox 2363 5033 2492 5094; x_wconf 85' lang='grc'>252)</span> <span class='ocrx_word' id='word_1_669' title='bbox 2535 5033 2713 5080; x_wconf 78' lang='lat' dir='ltr'><strong>Partis</strong></span> <span class='ocrx_word' id='word_1_670' title='bbox 2733 5046 2898 5094; x_wconf 74' lang='lat' dir='ltr'><strong>prwsu</strong></span> 
     </span>
     <span class='ocr_line' id='line_1_107' title="bbox 2341 5033 2898 5168; baseline -0.002 -16"><span class='ocrx_word' id='word_1_671' title='bbox 2341 5033 2488 5168; x_wconf 55' lang='lat' dir='ltr'><strong>i235)</strong></span> <span class='ocrx_word' id='word_1_672' title='bbox 2529 5099 2898 5153; x_wconf 68' lang='lat' dir='ltr'><strong>Altcntissime.</strong></span> 
     </span>
    </p>
   </div>
   <div class='ocr_carea' id='block_1_107' title="bbox 2343 5168 2891 5230">
    <p class='ocr_par' dir='ltr' id='par_1_107' title="bbox 2343 5168 2891 5230">
     <span class='ocr_line' id='line_1_108' title="bbox 2343 5168 2891 5230; baseline 0.002 -9"><span class='ocrx_word' id='word_1_673' title='bbox 2343 5169 2490 5230; x_wconf 67' lang='grc'>(254)</span> <span class='ocrx_word' id='word_1_674' title='bbox 2527 5168 2891 5230; x_wconf 74' lang='lat' dir='ltr'><strong>Suﬁlngraule.</strong></span> 
     </span>
    </p>
   </div>
  </div>
