4010 5230
177 316 314 372 1169

748 428 974 484 CAPUT
1013 427 1180 482 XXIII
1196 467 1207 479 .

642 523 764 577 Dux
799 521 1110 574 Romaniam
1139 519 1298 574 tradit.

245 615 414 688 Igitur
461 612 867 668 famosissimus
913 609 1212 678 Apulorum
1259 617 1313 662 ct
1357 607 1622 664 Calabria:
1657 607 1764 660 dux

169 707 472 770 Robertus,
527 703 714 758 dictim
749 701 1044 770 instigante
1081 715 1140 754 se
1181 698 1444 754 Michacle
1474 698 1565 768 qui
1599 697 1666 750 ad
1709 711 1768 750 se

173 797 570 868 transfugerat.
597 803 658 850 ut
681 801 944 862 coeperat,
967 805 1156 846 versus
1183 789 1498 844 Ronraniam
1523 789 1764 842 animum

171 891 492 954 intendens,
509 903 650 942 anno
673 885 966 941 Dominica:
989 883 1386 939 lncarnatiouis
1408 881 1536 936 £08l
1553 923 1565 942 ,
1583 894 1766 933 mense

171 983 318 1038 i'ilaio
348 981 488 1052 apud
513 961 857 1050 llydruntum
893 978 1062 1040 venit,
1093 976 1480 1046 apparatisque
1511 989 1608 1044 pro
1641 987 1766 1044 pro-

173 1091 334 1130 cessu
367 1073 670 1143 sumptibus
712 1081 862 1126 tanto
897 1070 1157 1140 inemptui
1205 1069 1402 1138 dignis,
1452 1065 1762 1137 quindecim

177 1181 350 1222 naves
395 1175 546 1221 trans
601 1180 750 1219 mare
799 1165 1034 1234 aliquam
1091 1163 1278 1218 urbem
1329 1170 1760 1232 praeoccupatum

171 1261 364 1326 mittit,
395 1271 476 1322 ut,
506 1273 630 1314 cum
661 1258 778 1328 ipse
801 1273 924 1312 cum
954 1255 1164 1327 reliquo
1190 1255 1432 1310 exercitu
1458 1253 1758 1322 subseque-

170 1366 346 1418 retur,
379 1351 648 1408 imbecille
673 1350 882 1420 vulgus,
911 1347 1066 1418 cujus
1097 1364 1222 1419 pars
1253 1347 1486 1400 maxima
1519 1345 1570 1399 in
1601 1359 1760 1414 expe-

165 1446 378 1500 ditione
423 1451 562 1506 erat,
598 1457 704 1512 quo
743 1455 800 1497 se
829 1443 896 1495 ab
927 1439 1108 1494 hostili
1154 1441 1398 1500 incursu,
1443 1437 1488 1491 si
1542 1449 1760 1491 necesse

169 1536 340 1598 foret,
375 1541 641 1596 tueretur,
676 1531 920 1586 haberet.
968 1529 1044 1584 Illi
1079 1544 1206 1583 vero
1239 1529 1352 1582 vcla
1393 1527 1571 1580 ventis
1607 1541 1756 1579 com-

173 1625 459 1678 mittentes
489 1624 554 1678 de
594 1631 751 1677 nocte
781 1621 919 1692 apud
950 1619 1186 1676 Corofon
1219 1619 1510 1688 applicant.
1547 1616 1756 1670 Insula-

163 1731 279 1784 q-.:e
301 1715 368 1770 de
391 1715 524 1769 mari
550 1713 762 1768 eminus
791 1715 1057 1782 inSpecta,
1086 1709 1483 1765 multitudinem
1517 1709 1754 1763 hostium

163 1823 334 1876 quam
388 1807 712 1860 invenerunt
761 1805 1138 1864 abhorrentes,
1173 1802 1394 1856 minime
1441 1819 1470 1856 a
1527 1800 1756 1854 navibus

165 1897 423 1966 progredi
459 1903 808 1965 prmsunmnt,
833 1894 927 1948 sed
963 1895 1190 1947 reditum
1221 1891 1607 1956 accelerantes,
1635 1892 1758 1946 duci

161 1987 464 2055 piacidum,
501 1987 665 2040 etiam
721 1985 764 2040 si
819 1985 992 2053 major
1039 1993 1182 2038 esset
1230 1985 1524 2044 exercitus.
1563 1997 1760 2038 renun-

173 2081 336 2134 tiant.
367 2081 480 2134 Dux
512 2080 696 2149 itaque
725 2078 1012 2148 plurimum
1045 2077 1378 2132 exhilaratus
1407 2077 1580 2147 copiis
1609 2075 1757 2130 navi-

163 2170 608 2224 busintroductis
629 2169 861 2224 festinus
885 2185 1006 2225 cum
1034 2169 1178 2224 omni
1205 2169 1380 2224 classe
1406 2168 1758 2224 transfre:are

163 2261 469 2324 accelerat,
499 2259 745 2330 pluribus
785 2259 850 2315 ex
883 2261 1292 2315 remanentilms
1322 2261 1530 2323 amicis,
1563 2260 1760 2328 quibus

161 2349 416 2420 Apuliam
476 2348 897 2419 Calabriamque
967 2357 1322 2421 procuratum
1391 2350 1756 2420 delcgavcrat,

163 2442 369 2496 timore
421 2457 566 2504 eum,
617 2450 672 2496 et
727 2441 818 2510 qui
863 2457 985 2495 cum
1023 2442 1138 2510 ipso
1167 2443 1410 2506 abibant,
1452 2441 1754 2505 amittendi,

161 2548 340 2602 usque
387 2533 454 2586 ad
501 2533 614 2601 ipsa
667 2533 1028 2604 Iacrymarunt
1074 2533 1306 2597 indicia,
1354 2549 1489 2603 quas
1531 2532 1756 2590 affectus

161 2625 390 2696 pictatis
428 2624 768 2694 caprimebat
802 2625 1140 2691 dolentibus;
1177 2625 1500 2696 quibusdam
1531 2642 1660 2683 vero
1689 2643 1756 2682 ex

159 2720 230 2773 iis
263 2719 354 2790 qui
386 2735 506 2772 cum
542 2718 658 2788 ipso
687 2717 1170 2788 proﬁciscebantur
1199 2719 1394 2774 timore
1431 2727 1540 2774 tam
1581 2721 1756 2774 horri-

163 2810 286 2876 bili,
333 2810 400 2864 ad
431 2810 576 2880 quod
621 2809 936 2864 intendebat
979 2809 1270 2880 inemptas,
1321 2825 1384 2866 ac
1430 2811 1474 2866 si
1523 2809 1752 2866 febrium

161 2913 294 2974 typo
344 2910 724 2974 gravarentur.
777 2902 1042 2958 militibus
1095 2903 1330 2958 demisse
1376 2905 1750 2960 trementibus.

161 2997 306 3052 Nam
356 3005 574 3066 quantte
623 2996 900 3060 audacirc,
957 2997 1178 3068 cujusve
1236 2997 1487 3053 militaris
1525 2999 1752 3054 strenui-

161 3088 294 3142 tatis
323 3087 428 3141 dux
463 3087 565 3140 iste
607 3085 786 3148 fuerit,
821 3101 944 3140 cum
987 3101 1086 3155 per
1130 3085 1296 3140 multa
1323 3088 1582 3142 exercitia
1618 3089 1751 3144 satis
1781 3125 1824 3185 Ο

161 3180 490 3249 abundeque
553 3179 790 3246 clareat,
843 3179 1006 3233 etiam
1071 3180 1116 3234 si
1175 3179 1378 3250 reliqua
1434 3181 1614 3234 omnia
1681 3181 1752 3237 si-

165 3275 338 3340 leant,
397 3287 464 3325 cx
521 3271 623 3325 hoc
673 3270 1016 3340 potissimum
1081 3270 1450 3324 indubitanter
1503 3271 1750 3326 adnotari

171 3374 374 3434 potest,
427 3364 572 3433 quod
645 3376 766 3416 cum
847 3370 954 3416 tam
1029 3361 1346 3432 populosam
1423 3361 1747 3430 imperium.

163 3465 388 3524 tamque
413 3453 690 3522 copiosum
717 3455 1122 3523 imperatorem,
1151 3461 1296 3507 totve
1324 3451 1486 3506 millia
1513 3451 1748 3506 hostium

157 3559 334 3614 pauca
364 3557 523 3596 manu
556 3557 650 3612 spe
675 3540 997 3612 subjugandi
1020 3541 1158 3596 bello
1185 3543 1455 3596 lacessere
1480 3550 1746 3594 tentatum

159 3633 241 3686 ire
273 3633 657 3702 przcsumcbat,
687 3631 802 3700 ipse
843 3639 1065 3686 armata:
1092 3631 1296 3686 militiae
1325 3647 1432 3686 non
1463 3630 1746 3700 plusquam

155 3723 307 3779 mille
333 3733 602 3778 trecentos
639 3723 837 3778 milites
863 3737 1048 3777 secum
1104 3723 1378 3786 habuisse,
1415 3724 1482 3776 ab
1509 3738 1610 3785 eis,
1654 3722 1746 3792 qui

153 3815 336 3868 eidem
369 3813 584 3883 negotio
613 3813 1001 3878 interfuerunt,
1032 3821 1342 3868 attestatur.
1369 3813 1538 3868 Porro
1565 3815 1748 3882 copias

155 3907 230 3972 ei,
259 3905 513 3975 viresque
561 3919 696 3974 quas
731 3921 815 3960 res
857 3905 972 3974 ipsa
1015 3913 1355 3976 tempusque,
1388 3913 1650 3982 quantum
1679 3905 1749 3960 ad

155 4011 470 4062 numerum,
523 3997 802 4052 oculorum
853 3997 1050 4052 intuitu
1097 3999 1274 4052 minus
1300 3997 1628 4054 sullicienter
1655 3999 1749 4050 ad-

155 4091 524 4152 ministrabat,
557 4091 669 4161 ipsa
703 4090 830 4160 ejus.
851 4091 1032 4146 animo
1055 4091 1238 4146 innata
1271 4091 1521 4147 militaris
1548 4091 1748 4148 feroci-

157 4193 268 4250 tas,
303 4199 368 4239 ac
388 4185 432 4238 si
463 4183 582 4254 plus
609 4184 741 4254 ipsis
767 4184 1013 4240 hostibus
1037 4184 1363 4238 necessariis
1385 4185 1556 4254 c0piis
1575 4185 1746 4240 abun-

159 4275 340 4336 daret,
377 4271 712 4328 suﬂicicnter
754 4287 1024 4344 supraque
1065 4287 1190 4328 cum
1232 4271 1432 4327 habere
1459 4273 1511 4325 in
1565 4281 1746 4327 mente

157 4364 622 4436 repraesentabat;
664 4378 994 4433 suorumque
1024 4365 1236 4418 animos
1265 4377 1376 4434 pra:
1401 4363 1594 4417 timore
1643 4362 1743 4418 mi-

157 4473 264 4512 nus
295 4457 516 4524 hilares,
541 4457 721 4512 hetum
766 4457 970 4512 vultum
1001 4457 1362 4522 ostendendo,
1394 4455 1562 4527 largis
1597 4455 1740 4526 ejus-
1773 4469 1822 4529 ι)

157 4555 282 4609 dem
321 4555 560 4625 regionis
605 4554 1012 4624 posscssionum
1061 4553 1572 4620 thesaurorumque.
1601 4565 1666 4605 ac
1697 4551 1747 4604 si

151 4643 270 4714 jam
303 4647 707 4710 dcbcllavisset,
739 4643 1194 4717 promissionihus
1215 4644 1533 4708 recreando,
1557 4659 1652 4714 spe
1679 4656 1743 4696 ea

157 4736 210 4788 in
241 4743 519 4804 posterum
545 4735 860 4805 recipiendi,
895 4735 940 4788 si
981 4743 1204 4790 strenue
1249 4747 1433 4789 secum
1467 4747 1628 4802 agere
1651 4748 1746 4787 vo-

155 4824 296 4889 lunt,
329 4825 395 4878 ad
427 4824 680 4880 militaris
725 4826 1000 4881 exercitus
1045 4823 1288 4896 pericula
1319 4824 1598 4886 tentanda,
1626 4837 1746 4892 qua:

157 4914 508 4971 formidolosa
559 4917 850 4972 mstimatio
915 4917 1328 4980 dehortabatur,
1387 4915 1745 4986 promptiores

158 5006 440 5062 reddebat.
465 5005 651 5076 Copiis
681 5007 865 5076 itaque
912 5017 1066 5063 tanto
1117 5007 1378 5078 inemptui
1427 5006 1602 5078 dignis
1645 5021 1746 5077 pro

156 5114 251 5140 εημ
277 5100 554 5140 annui-nti:
606 5099 736 5140 dum
764 5115 930 5140 novae
976 5116 1072 5140 nor
1113 5115 1329 5140 mnnnrn
1369 5099 1634 5140 rut-urimur:
1663 5115 1742 5140 εισι.

1305 307 1620 364 IIlSTOlIIA
1667 305 1934 364 SICUIA.
1966 338 2034 348 —
2073 306 2201 362 LIB.
2239 306 2314 363 lli.

1799 429 1846 486 Α
1879 421 2072 476 Ilcrico
2102 421 2321 476 dicitur.
2355 419 2482 474 Post
2518 427 2700 472 autem
2751 419 2840 474 ubi
2889 417 3086 476 ﬂuvius
3138 415 3346 488 Bajosaa
3403 423 3455 478 in

3317 305 3454 364 H70

1873 529 2022 570 mare
2049 513 2256 578 deﬂuit,
2303 511 2518 581 placido
2569 510 2736 568 littori
2789 513 3138 570 transfertur.
3189 513 3306 570 Dux
3327 531 3459 586 ergo

1871 617 1970 671 pro
1999 601 2150 656 libitu
2175 615 2274 656 suo
2307 601 2521 671 placido
2545 599 2728 656 littore
2753 601 2978 672 potitus,
3010 600 3240 658 navibus
3277 603 3458 674 digre-

1871 693 2039 755 diens,
2121 706 2246 746 mox
2299 701 2358 744 ut
2413 699 2612 744 terram
2665 691 2892 761 pedibus
2959 693 3162 762 attigit,
3209 692 3456 764 inspecta

1869 785 2190 840 arnmnitate
2243 785 2462 854 situque
2517 786 2784 852 locorum,
2837 789 2950 844 suis
2981 789 3188 846 dixisse
3218 789 3395 846 fertur
3438 809 3450 842 :

1867 877 1912 930 0
1949 877 2232 934 fortissimi
2261 877 2484 940 milites,
2515 884 2572 932 et
2603 877 2824 934 honoris
2853 881 3314 948 praedecessorum
3345 896 3454 936 non

1865 970 2164 1040 degeneres
2207 971 2472 1038 ltaaredcs,
2509 971 2624 1026 ha'c
2651 979 2736 1026 est
2782 973 2928 1028 enim
2969 973 3258 1030 lia-reditas
3302 974 3454 1030 vobis

1865 1069 2204 1131 competens.
2247 1059 2354 1116 Pro
2390 1061 2492 1116 hac
2547 1062 2898 1133 adipiscenda
2955 1065 3126 1120 armis
3169 1066 3452 1122 decertan-

1865 1153 1992 1206 dum
2020 1159 2122 1206 est.
2165 1150 2283 1206 Non
2323 1167 2418 1208 vos
2449 1152 2727 1209 deterreat
2771 1154 3024 1226 ignobilis
3063 1157 3228 1228 vulgi,
3257 1165 3312 1213 et
3346 1158 3450 1212 im—

1866 1242 2094 1308 becillis,
2131 1244 2382 1314 quamvis
2429 1260 2754 1311 numerosae,
2785 1246 3152 1304 multitudinis
3187 1249 3449 1320 strepitus

1865 1335 2126 1400 hostium,
2157 1335 2251 1390 sed
2281 1335 2606 1392 adltortetur
2631 1339 2916 1407 specieset
2942 1339 3248 1398 fecunditas
3277 1341 3450 1398 hosti-

1863 1425 1930 1482 lis
1981 1427 2320 1497 adipiscendi
2371 1428 2768 1486 hzereditaliter
2821 1433 2964 1502 agri,
3029 1434 3348 1504 speciesque
3397 1447 3452 1490 et

1861 1518 2192 1574 abundantia
2221 1529 2342 1588 post
2363 1529 2666 1587 certamen,
2715 1523 2762 1578 si
2792 1533 3014 1580 strenue
3057 1526 3240 1595 agitis,
3295 1525 3447 1581 vobis

1861 1613 2166 1670 debitarum
2199 1630 2406 1670 rerum.
2441 1613 2568 1672 Haec
2597 1617 2810 1684 dicens,
2846 1627 3108 1681 castrum,
3158 1621 3303 1690 quod
3345 1619 3448 1674 Ca-
3537 1613 3540 1616 ’

1862 1705 2066 1775 sopolis
2093 1706 2298 1762 dicitur
2321 1708 2374 1762 in
2415 1707 2594 1764 insula
2642 1710 2822 1766 Caroli
2853 1725 3172 1782 oppugnatis
3205 1711 3368 1780 capit,
3397 1722 3454 1766 et

1863 1799 2009 1854 aliud
2035 1807 2300 1866 castrum,
2359 1802 2500 1871 quod
2531 1817 2600 1858 ex
2655 1803 2874 1859 nomine
2931 1805 3122 1860 insula:
3173 1804 3447 1860 Cal-ollam

1863 1907 2061 1946 nomen
2093 1896 2322 1965 accepit,
2349 1911 2474 1951 cum
2515 1905 2624 1952 tota
2661 1898 2837 1952 insula
2869 1913 2981 1953 sate
3012 1899 3284 1968 mancipat
3331 1915 3444 1954 ser-

1863 1983 2043 2040 vituti.
2067 1983 2196 2040 Inde
2228 1987 2586 2057 progrediens
2613 1987 2824 2054 urbem,
2857 2003 2978 2058 quae
3003 1989 3258 2044 Avolucia
3293 1989 3444 2060 (249.)

1861 2073 2085 2143 dicitur,
2113 2073 2270 2144 juxta
2299 2075 2624 2134 Pemachios
2651 2078 2800 2150 (ἰῶ)
2831 2094 3074 2150 campos,
3127 2080 3252 2150 quia
3279 2080 3450 2136 conti-

1861 2167 1952 2222 nio
1979 2183 2089 2237 quo
2117 2168 2454 2238 applicuerat
2477 2169 2732 2238 adjacens
2761 2181 2899 2234 erat,
2927 2186 3048 2226 mox
3073 2182 3456 2242 oppugnaturu-

1862 2261 2028 2316 vadit.
2054 2260 2226 2318 Porro
2251 2263 2400 2318 cives
2431 2265 2588 2320 ducis
2614 2265 2846 2320 adventu
2886 2264 3092 2329 audito,
3131 2264 3448 2335 prtcscntia-

1861 2367 1966 2423 que
1989 2353 2214 2408 nimium
2241 2356 2440 2421 territi,
2465 2357 2670 2414 viribus
2697 2358 2811 2412 suis
2835 2358 3100 2428 ignaviter
3119 2357 3444 2417 difﬁdentes.

1861 2445 2137 2502 deditione
2160 2462 2190 2502 a
2222 2461 2282 2503 se
2313 2449 2445 2518 ipsis
2469 2448 2610 2505 facta
2641 2449 2757 2519 ejus
2789 2449 2980 2505 ditioni
3003 2465 3126 2505 cum
3157 2451 3271 2519 ipsa
3311 2449 3448 2503 urbe

1862 2536 2187 2592 subdantur.
2239 2537 2490 2594 Castrum
2551 2543 2716 2596 etiam
2767 2541 3044 2611 quoddam
3101 2531 3235 2596 urbe
3293 2539 3442 2606 (ΞΗ)

1862 2625 2004 2682 haud
2039 2631 2228 2700 procul
2261 2631 2448 2698 situm,
2480 2635 2622 2702 quod
2650 2634 2835 2690 Canna
2881 2635 3182 2701 dicebatur,
3217 2650 3246 2688 a
3287 2634 3462 2707 (245).

1857 2720 2144 2788 praesentia
2179 2722 2334 2778 ducis
2384 2707 2576 2780 timore
2625 2723 2960 2794 languidum,
3021 2735 3078 2782 et
3115 2741 3182 2781 eo
3209 2725 3446 2781 maxime

1855 2809 2001 2879 quod
2038 2809 2334 2866 Avalonem
2365 2812 2536 2886 (246),
2569 2829 2690 2885 qua:
2731 2816 2939 2872 bellicis
2969 2817 3140 2886 copiis
3183 2831 3242 2871 se
3271 2817 3448 2871 abun-

1859 2901 2077 2958 dantior
2099 2913 2239 2970 erat,
2271 2905 2600 2962 deditionem
2633 2907 2842 2964 fecerat
2877 2909 3054 2982 (247),
3095 2909 3240 2964 haud
3288 2923 3456 2965 secus.

1855 2995 2127 3050 subditur.

2423 3091 2652 3149 CAPUT
2681 3094 2870 3151 XXIV.

2303 3181 2426 3237 Dux
2453 3183 2740 3239 Duratium
2767 3187 2987 3242 obsidet.

1957 3271 2252 3326 Fortunam
2282 3273 2386 3328 sibi
2420 3275 2526 3329 dux
2572 3277 2708 3332 satis
2746 3277 2886 3333 bene
2919 3279 3114 3333 cedere

1959 3367 2326 3438 Cognoscens,
2359 3367 2542 3436 adjicit
2582 3370 2810 3439 plurima
2841 3373 3040 3428 visere.

1959 3455 2158 3512 Duraci
2193 3458 2390 3512 muania
2420 3459 2658 3525 obsidet,
2703 3462 2940 3530 undique

2027 3549 2250 3602 Armata
2279 3548 2458 3619 populi
2489 3566 2671 3606 manu.

1963 3638 2054 3694 Sic
2085 3641 2216 3696 urbs
2237 3643 2568 3698 contremuit
2605 3645 2856 3702 hostibus
2883 3646 3090 3714 obsita,

1959 3732 2216 3788 Ditiidunt
2251 3734 2353 3790 sibi
2382 3735 2492 3804 jam
2523 3735 2686 3794 fortia
2711 3741 2934 3808 mmnia,

1955 3825 2216 3882 Insistunt
2241 3828 2454 3885 civibus
2481 3829 2586 3886 tela
2625 3833 2889 3889 minantia

2097 3917 2386 3976 Alternant
2417 3924 2518 3980 sibi
2545 3923 2758 3981 funera.

1957 4007 2064 4064 Sed
2093 4009 2214 4080 plus
2239 4014 2494 4069 atteritur
2517 4016 2910 4085 asperitatibus

1954 4100 2268 4157 Grzccorum
2291 4105 2522 4174 pepulus
2557 4107 2778 4162 territus
2801 4107 3072 4172 hostibus,

1955 4195 2065 4251 Nec
2097 4198 2275 4253 reddit
2304 4200 2526 4256 timidus
2550 4217 2741 4273 aspera
2776 4203 2998 4257 vulnera
3033 4221 3048 4256 :

2099 4285 2254 4342 Vires
2295 4289 2594 4345 abstulerat
2619 4291 2799 4346 timor.
2901 4325 2916 4360 -_
3091 4277 3094 4280 I

1951 4376 2476 4450 Constantinopolim
2503 4381 2748 4437 chartula
2777 4384 3012 4440 mittitur

1953 4467 2146 4523 Hostes
2166 4468 2220 4522 in
2251 4469 2436 4538 praelio
2457 4471 2647 4527 adfore
2675 4473 2898 4529 dicitur.

1951 4557 2212 4627 Ereptum
2244 4559 2470 4615 veniant
2489 4577 2610 4616 cum
2637 4565 2816 4633 pretio
2846 4565 2994 4638 (248)
3019 4567 3302 4635 qttteritur,

2094 4647 2172 4704 Ne
2197 4650 2500 4706 subdantur
2530 4653 2598 4708 ab
2631 4655 2900 4712 hostibus.

2413 4741 2643 4800 CAPUT
2682 4745 2862 4800 XXV.

2175 4835 2300 4890 Dux
2329 4851 2446 4889 cum
2484 4834 2782 4892 Venetianis
2815 4840 3059 4895 bellator.

1867 4969 1874 4974 .
1915 4921 2218 4994 Imperator
2247 4925 2454 4995 itaque,
2487 4925 2552 4980 de
2579 4929 2872 4996 praesentia
2922 4931 3164 4988 hostium
3216 4930 3446 4990 sinistro

1847 5009 2040 5074 nuntio
2069 5025 2293 5088 accepto
2317 5015 2588 5072 chartulis
2631 5020 3034 5088 expeditionem
3083 5025 3482 5080 submonens...

1848 5119 2019 5140 Caluum
2047 5107 2330 5140 :mnnninrn
2364 5105 2616 5140 cnllinilni
2641 5110 2934 5140 "\IIII:BlI-.A
2967 5109 3207 5140 -νεῖΙΙῗΙηυ-
3253 5105 3450 5140 ηλικιία
