4010 5230
565 263 691 317 “7|

1455 241 1799 300 GAUFllEDI
1831 227 2281 292 MALATERILE
2325 225 2628 284 MON.\CIII
2661 221 3016 278 BENEDICT.

3679 203 3814 258 “7'2

566 380 700 431 lima
734 375 910 431 classe.
943 369 1082 442 apud
1111 364 1398 423 Duracium
1439 360 1540 416 sibi
1565 363 1878 416 occurrant,
1909 360 1966 406 ut
1995 352 2038 404 si
2063 349 2134 404 ibi
2167 353 2211 410 Α
2241 345 2334 398 vit.
2361 322 3812 426 Ipsiinportuniurbis,undcexierant,regredienti";

567 470 704 522 forte
751 465 921 520 nostri
987 461 1126 516 bello
1165 459 1233 512 ab
1289 457 1406 524 ipso
1442 451 1659 514 devicti,
1717 447 1986 517 fugientes
2045 457 2138 511 per

567 575 716 614 mare
744 557 972 612 evadere
1013 551 1337 611 niterentur,
1372 545 1440 599 ab
1469 543 1600 613 ipsis
1631 539 1806 594 navali
1839 533 2138 589 certamine

567 647 843 718 praeventi,
869 643 1079 698 facilius
1107 639 1388 706 intercepti
1421 633 1835 706 perimcrcntur.
1862 623 1962 689 Qui
1988 622 2138 690 jussa

570 738 800 791 fideliter
835 732 1172 802 complentes
1207 731 1434 782 classem
1471 727 1802 786 accelerant,
1855 723 2140 788 triduoque

567 837 694 882 ante
722 826 820 880 sibi
851 823 1128 895 praefixum
1159 823 1226 876 ab
1253 821 1578 891 imperatore
1613 817 1926 877 terminum,
1951 825 2140 866 versus

567 919 852 972 Duracium
897 917 1193 970 adventare
1217 931 1246 968 a
1281 913 1478 967 nostris
1508 911 1720 967 eminus
1749 910 1801 962 in
1847 906 1981 961 mari
2013 919 2140 959 con-

565 1011 888 1080 spiciuntur.
914 1007 992 1062 Ad
1006 1021 1235 1076 quorum
1257 1005 1508 1059 intuitum
1537 1002 1700 1057 nostri
1729 1003 1780 1054 in
1805 1015 1956 1053 arma
1981 1013 2142 1054 ruen-

567 1113 670 1165 tes,
711 1099 885 1154 navali
909 1112 1200 1168 congressu
1234 1095 1540 1150 dimicaturi
1577 1093 1821 1148 hostibus
1851 1087 2142 1159 proneptis-

567 1192 700 1245 sime
725 1203 1013 1246 occurrere
1063 1187 1390 1242 accelerant.
1423 1184 1620 1253 Sicque
1649 1197 1744 1252 per
1776 1189 1943 1234 totam
1997 1179 2138 1232 diem

569 1283 820 1351 utrinque
851 1281 1118 1336 acerrime
1148 1291 1500 1348 congressum
1529 1286 1628 1330 est.
1665 1276 1732 1328 At
1758 1291 1881 1328 cum
1907 1272 2020 1342 jam
2053 1271 2139 1325 die

571 1375 926 1443 rcfrigerante
953 1374 1032 1429 sol
1063 1374 1128 1427 ad
1157 1387 1408 1428 occasum
1455 1385 1683 1439 vergens
1714 1369 1946 1438 liquidas
1973 1366 2143 1419 undas

565 1467 768 1522 Oceani
798 1467 949 1534 quasi
971 1465 1279 1520 subintrare
1301 1464 1598 1526 videretur,
1625 1461 1948 1531 prtevalente
1973 1461 2142 1514 hosti-

565 1559 668 1612 bus
723 1556 1048 1612 strenuitate
1105 1565 1440 1617 nostrorum,
1479 1551 1760 1608 Venetiani
1815 1549 2019 1605 viribus
2045 1565 2142 1605 ex-

565 1648 766 1712 hausti,
815 1646 1144 1702 deditionem
1185 1643 1526 1715 pollicentes,
1567 1657 1755 1712 pacem
1793 1641 2143 1709 induciasque

565 1755 734 1810 usque
779 1740 832 1794 in
863 1740 1184 1803 crastinum,
1215 1751 1352 1807 quos
1395 1737 1515 1790 duci
1553 1751 1648 1804 pro
1672 1735 1825 1789 libitu
1851 1749 1948 1788 suo
1975 1733 2142 1788 foede-

564 1843 758 1888 rcntur
783 1832 1147 1902 expostulent.
1174 1831 1395 1900 Sicque,
1425 1828 1626 1884 nostris
1647 1828 1788 1897 quod
1815 1825 2142 1895 expetebant

569 1925 872 1980 inconsulte
899 1922 1342 1986 concedentibus,
1369 1929 1646 1976 certamen
1675 1920 1775 1974 bac
1803 1920 1921 1975 vice
1942 1918 2141 1972 scindi-

569 2027 675 2081 tur,
735 2017 906 2072 nostri
949 2017 1001 2070 in
1053 2025 1267 2086 portum
1325 2029 1479 2069 suum
1542 2021 1906 2068 revertuntur.
1961 2010 2141 2066 Nostri

569 2111 772 2180 itaque,
825 2108 1116 2164 deditionis
1173 2107 1308 2162 falsa
1369 2105 1759 2177 pollicitatione
1798 2104 1993 2170 delusi,
2047 2119 2144 2172 per

567 2211 734 2254 totam
765 2210 1000 2260 noctem.
1051 2200 1206 2270 quasi
1243 2198 1354 2268 jam
1409 2201 1594 2255 hostes
1639 2198 2138 2269 triutnplravissent,

563 2293 879 2362 gloriantes,
917 2293 1046 2348 dum
1071 2309 1248 2363 ‘uSque
1293 2295 1344 2348 in
1375 2293 1671 2349 crastinum
1701 2294 1946 2348 securius
1973 2293 2142 2348 susti—

566 2392 716 2449 nent,
738 2385 1018 2440 Venetiani
1049 2400 1211 2441 naves
1229 2401 1354 2440 suas
1374 2386 1615 2454 pluribus
1627 2385 2019 2441 commeatibus
2045 2401 2141 2457 ag-

563 2484 842 2546 gregatas,
879 2485 1146 2531 nocturno
1189 2476 1407 2532 silentio
1432 2477 1778 2532 exonerando
1823 2476 2138 2548 levigantes,

563 2577 614 2622 et
655 2567 706 2620 in
751 2568 1068 2622 summitate
1095 2567 1220 2622 mali
1273 2567 1698 2639 uniuscujusque
1744 2568 1898 2624 navis
1949 2568 2140 2624 Solium

565 2660 816 2724 duorum,
867 2659 950 2713 vel
1007 2659 1169 2718 trium
1218 2659 1500 2714 hominum
1560 2669 1681 2715 arte
1731 2671 2142 2729 componentes,

567 2749 944 2818 lapidibusque
969 2759 1024 2804 et
1049 2750 1175 2820 pilis
1201 2751 1266 2805 ad
1289 2750 1583 2818 jacendum
1603 2751 1910 2806 munientes
1933 2767 2053 2806 sese
2077 2752 2144 2805 ad

568 2840 937 2894 defensionem
985 2841 1162 2909 potius
1207 2855 1368 2911 quam
1431 2843 1498 2896 ad
1555 2841 1878 2896 deditionem
1933 2851 2142 2910 aptant.

573 2934 684 2984 ltux
723 2947 874 2996 vero,
898 2933 1004 2987 doli
1036 2935 1279 3001 ignarus,
1313 2948 1523 2987 summo
1549 2933 1786 2987 diluculo
1815 2935 2145 3002 potentiores

2238 436 2412 491 nostri
2446 421 2596 500 vero,
2635 431 2728 488 ubi
2764 429 2914 501 prius
2949 424 3339 496 applicuerant,
3375 415 3704 490 persistunt.

2787 559 3014 618 CAPUT
3047 556 3236 614 XXVI.

2558 655 2678 711 Dux
2707 671 2822 708 cum
2859 653 3168 722 imperatore
3203 645 3474 719 pi'trliatur

2313 770 2480 826 Porro
2534 769 2586 822 in
2639 765 2876 823 crastino
2905 777 3118 819 summo
3173 758 3411 814 diluculo
3445 755 3818 808 illucescente.

2243 876 2428 916 mense
2459 859 2678 915 Octobri
2711 858 2965 922 instante,
2997 853 3121 906 dum
3166 866 3295 921 pars
3325 847 3603 904 exercitus
3649 840 3820 896 nostri

2241 952 2498 1024 pabulum
2549 950 2832 1020 quaesitum
2887 948 2968 1002 ire
3030 951 3374 1016 appararent,
3433 940 3822 1007 imperatorem

2243 1061 2364 1100 cum
2397 1041 2882 1098 innumerabilibus
2911 1039 3081 1109 copiis
3121 1036 3415 1090 adventare
3448 1046 3546 1102 per
3571 1028 3730 1097 signa
3765 1025 3820 1077 in

2244 1133 2648 1190 summitatibus
2699 1131 2974 1186 bastilium
3007 1129 3218 1183 eminus
3251 1121 3604 1180 eventilantia
3634 1119 3822 1186 depre-

2245 1228 2505 1282 hendunt.
2543 1225 2628 1280 Fit
2655 1239 2951 1279 concursus
2988 1231 3042 1278 et
3067 1220 3322 1289 strepitus
3351 1217 3405 1270 in
3444 1214 3684 1275 castris;
3735 1209 3822 1262 alii

2246 1325 2536 1380 terrentur,
2584 1313 2675 1368 alii
2749 1313 2932 1367 animo
2974 1311 3365 1381 promptiores,
3417 1305 3600 1360 minus
3659 1301 3826 1355 fortes

2245 1409 2616 1471 exhortantes,
2650 1403 2948 1459 recreando
2994 1400 3324 1455 robustiores
3354 1396 3509 1450 fiunt.
3543 1393 3666 1447 Dux
3698 1405 3828 1444 vero

2247 1504 2431 1560 videns
2460 1503 2562 1559 sibi
2585 1501 2711 1556 belli
2742 1509 3014 1556 certamen
3047 1497 3352 1558 imminere,
3383 1499 3442 1544 ut
3472 1488 3588 1544 suis
3607 1501 3824 1540 onmem

2247 1609 2398 1665 Spem
2433 1594 2569 1664 fuga:
2599 1590 2897 1646 auferendo
2927 1589 2992 1643 ad
3019 1586 3386 1642 defensionem
3428 1581 3510 1637 sui
3550 1576 3828 1633 ardentius

2177 1697 2218 1755 Β
2249 1687 2628 1752 inﬂammaret,
2670 1698 2836 1738 naves
2866 1696 2992 1738 suas
3019 1695 3047 1733 a
3074 1679 3208 1734 mari
3233 1683 3509 1746 prolectas
3539 1669 3696 1741 (259)
3723 1683 3828 1720 om-

2243 1794 2344 1834 nes
2373 1775 2694 1840 combussit,
2721 1789 2789 1828 ne
2811 1772 2951 1826 forte
2979 1785 3102 1826 cum
3137 1768 3315 1822 acrius
3343 1763 3592 1836 prazlium
3627 1757 3828 1813 nostris

2245 1869 2572 1930 immineret,
2607 1863 2780 1920 timidi
2812 1871 3086 1918 certamen
3135 1855 3480 1918 declinando,
3533 1866 3631 1922 spe
3657 1859 3826 1903 trans

2244 1959 2459 2015 meandi
2510 1957 2750 2011 illorsum
2774 1953 3114 2024 aufugerent.
3143 1949 3440 2018 Imperator
3471 1957 3610 1997 vero
3635 1952 3826 2008 appro-

2245 2051 2513 2120 pinquans
2537 2046 2679 2101 haud
2702 2043 2890 2115 procul
2915 2060 2942 2096 a
2974 2042 3164 2097 castris
3194 2048 3528 2094 nostrorum.
3555 2034 3654 2088 sed
3679 2027 3832 2099 quasi

2245 2119 2434 2196 stadiis
2461 2147 2692 2208 quatuor
2722 2131 3082 2202 interpositis,
3120 2136 3581 2191 castramctazur;
3624 2119 3829 2177 exerci-

2249 2241 2332 2286 tus
2362 2229 2428 2284 ab
2453 2227 2690 2299 undique
2719 2225 2833 2296 ipse
2859 2223 2989 2278 faeit
3019 2222 3190 2293 (250),
3212 2221 3427 2274 nemine
3459 2218 3712 2285 ipsorum
3742 2218 3830 2272 ad—

2244 2339 2459 2378 versum
2509 2331 2745 2381 nostros,
2775 2317 2870 2372 sed
2929 2330 3102 2383 neque
3157 2327 3222 2365 ex
3276 2309 3482 2366 nostris
3539 2307 3828 2362 adversum

2245 2419 2391 2486 ipsos
2417 2414 2531 2484 ipsa
2561 2413 2649 2468 die
2687 2409 2886 2479 aliquid
2935 2413 3316 2478 prmsumcnte.
3348 2401 3626 2471 Sequenti
3679 2411 3832 2454 nocte

2245 2509 2349 2562 dux
2375 2505 2575 2576 primas
2596 2503 2770 2560 noctis
2791 2501 2920 2556 facit
2944 2497 3230 2562 excubias;
3262 2493 3552 2558 secundas,
3579 2491 3832 2547 videlicet

2245 2615 2274 2654 a
2325 2598 2498 2652 media
2541 2603 2719 2660 nocte,
2774 2593 2946 2648 donec
2997 2590 3224 2652 diescat,
3283 2583 3642 2640 Boamundus
3699 2583 3830 2637 tilias

2247 2687 2417 2744 ducis.
2449 2687 2601 2742 Mane
2629 2695 2811 2739 autem
2838 2683 3006 2745 facto,
3031 2681 3138 2733 dux
3170 2678 3283 2748 ipse
3312 2675 3450 2731 lucis
3479 2675 3828 2744 crepusculo,

2245 2790 2539 2844 omnesque
2571 2773 2741 2828 nostri
2797 2777 3079 2841 surgentes
3121 2783 3242 2822 cum
3275 2781 3490 2820 summa
3547 2765 3830 2819 devotione

2249 2869 2479 2940 hymnos
2511 2865 2625 2929 Dei,
2677 2878 2796 2920 cum
2831 2861 3116 2916 missarum
3151 2855 3515 2911 celebratione
3567 2857 3824 2916 audiunt;

2247 2955 2575 3027 presbyteris
2617 2951 2994 3022 compunctive
3044 2947 3364 3004 confitentes
3417 2955 3672 3015 peccata,
3719 2959 3825 2996 mn-

569 3033 841 3078 excrcuus
869 3039 950 3079 sur
974 3039 1063 3092 qui
1091 3039 1185 3078 eos
1213 3039 1272 3078 se
1303 3040 1450 3094 Ipsos
1484 3024 1624 3078 sicut
1657 3025 2020 3094 promiserant
2047 3027 2142 3080 dc-
2175 3045 2218 3106 ε
2247 3024 2576 3102 ἧίωηήεειρτί
2605 3043 2786 3098 νίειιίοί
2815 3038 3145 3095 ministeriis,
3177 3037 3374 3105 Sicque
3395 3035 3673 3090 ordinari,-
3695 3035 3828 3087 acie.

570 3119 758 3172 dentes
781 3115 1138 3186 susciperent,
1174 3117 1416 3179 mittens,
1448 3115 1612 3170 salvis
1633 3117 1882 3170 onmibus
1909 3132 2032 3187 qua:
2061 3118 2142 3186 ip--

570 3225 752 3263 sorum
781 3217 958 3276 erant,
1001 3223 1175 3279 usque
1211 3209 1277 3263 ad
1307 3223 1366 3263 se
1413 3207 1682 3264 deducere
1722 3209 1984 3280 przccipit.
2039 3209 2146 3264 Sed

570 3299 980 3355 advenientibus
1013 3300 1296 3358 Venetiani
1337 3315 1492 3354 arma
1517 3302 1698 3370 potius
1723 3316 1884 3370 quam
1915 3301 2146 3356 deditio-

571 3409 692 3448 nem
733 3402 1090 3459 ostentantes,
1135 3394 1263 3450 dum
1305 3409 1502 3462 magno
1533 3395 1736 3463 impetu
1790 3409 1976 3448 versus
2003 3409 2146 3464 Ipsos

570 3494 902 3552 grassantur,
931 3485 1153 3550 nostris,
1181 3485 1306 3555 quia
1333 3485 1712 3554 imparatiores
1741 3495 2146 3553 processerant,

571 3585 844 3629 certamen
875 3576 1298 3643 declinantibus,
1337 3577 1440 3647 ipsi
1467 3577 1520 3630 in
1543 3586 1758 3646 portum
1782 3577 2146 3632 Duracensem

572 3669 636 3722 ad
671 3669 1016 3738 ignominiam
1043 3671 1404 3738 damnumque
1433 3679 1744 3725 nostrorum
1793 3669 2016 3739 impune
2056 3684 2149 3739 ap-

573 3760 800 3826 plicant,
857 3761 1042 3838 sicque
1095 3759 1406 3815 facultatem
1457 3761 1684 3816 liberam
1732 3762 1920 3816 urbem
1973 3761 2150 3832 ingre-

575 3851 754 3906 diendi
786 3851 1065 3917 habentes,
1090 3853 1328 3907 vicissim
1353 3863 1530 3908 nauta:
1552 3855 1927 3909 urbicensibus
1971 3861 2024 3908 et
2059 3870 2150 3908 ur-

577 3944 820 3996 biccnses
851 3944 1028 3998 nautis
1055 3944 1460 4010 consociantur,
1495 3945 1834 4014 invicemque
1859 3961 1956 4014 per
1979 3952 2148 4000 totam

579 4043 788 4087 noctem
841 4042 898 4088 et
943 4035 1086 4089 diem
1147 4033 1432 4090 consilium
1481 4044 1764 4103 captantes
1801 4037 1921 4104 plus
1971 4037 2152 4092 minus

577 4143 604 4178 a
631 4125 858 4180 mcdieta
869 4133 918 4180 te
939 4125 1114 4182 noctis
1135 4135 1427 4192 transacta,
1446 4128 1547 4182 sub
1566 4127 1771 4197 pallore
1785 4129 1922 4184 luna:
1938 4145 2150 4184 arman-

578 4229 686 4284 tur,
715 4218 1051 4289 navibusque
1091 4219 1275 4274 littorc
1303 4222 1456 4276 ocius
1491 4222 1712 4288 amotis,
1753 4223 1998 4277 buccinis
2023 4239 2151 4277 cou-

575 4314 847 4382 ercpando
903 4315 1106 4370 nostris
1157 4325 1432 4371 certamen
1481 4317 1676 4372 ollerre
1711 4319 2148 4388 progrediuntur,

2247 3138 2348 3194 bus
2374 3137 2439 3192 ad
2461 3146 2741 3192 certamen
2767 3131 3029 3202 gradatim
3057 3138 3108 3184 et
3139 3125 3588 3196 coniunctissime
3613 3139 3828 3194 progre-

2247 3227 2488 3281 diuntur.
2513 3225 2812 3295 Imperator
2851 3235 2976 3275 vero
3003 3217 3105 3273 sibi
3140 3232 3437 3272 occurrens
3465 3225 3621 3268 tanta
3653 3212 3830 3268 unthi-

2249 3319 2434 3375 tndine
2457 3319 2696 3388 undique
2727 3313 3075 3382 conspicatur
3100 3307 3273 3380 (251),
3303 3317 3360 3362 ut
3391 3307 3595 3361 nullius
3631 3305 3830 3360 montis

2247 3423 2504 3464 ascensus
2541 3409 2607 3460 ad
2643 3403 3095 3473 supervidendum
3137 3399 3542 3452 extremitatem
3575 3397 3696 3467 ejus
3723 3397 3828 3450 suf~

2251 3501 2411 3554 ﬁcere
2437 3499 2730 3554 videretur.
2764 3493 2918 3565 Angli
2971 3508 3117 3557 vero,
3151 3507 3288 3561 quos
3329 3490 3624 3560 Waringos
3653 3487 3830 3559 appel-

2248 3595 2382 3658 lant,
2411 3593 2479 3647 ab
2501 3599 2826 3662 nnperatorc
2850 3589 3121 3660 primitias
3142 3601 3467 3656 congressus
3491 3593 3830 3653 expetentes,

2250 3683 2545 3740 certamine
2603 3681 2757 3747 inito,
2813 3677 3058 3735 caudatis
3107 3675 3436 3738 bidentibus,
3479 3673 3682 3743 quibus
3733 3673 3830 3725 hor

2249 3789 2418 3845 genus
2447 3772 2722 3828 bomimnn
2749 3768 3093 3838 potissimum
3123 3766 3316 3830 utitur,
3345 3763 3706 3818 infestissime
3757 3761 3824 3815 iu-

2250 3874 2473 3930 stantes,
2523 3863 2724 3918 nostris
2773 3861 3066 3916 admodum
3133 3857 3428 3926 importuni
3482 3855 3664 3924 primo
3712 3867 3830 3907 esse

2251 3963 2562 4025 eruperunt,
2602 3969 2723 4008 cum
2756 3967 2883 4007 ecce
2928 3951 3172 4021 quaedam
3199 3949 3343 4002 acies
3374 3955 3564 4002 nostra
3623 3961 3690 3999 ex
3743 3945 3830 3997 ad-

2251 4067 2408 4106 verso
2440 4049 2545 4104 illis
2573 4049 2672 4103 sub
2723 4047 2866 4101 nudo
2915 4045 3084 4099 latere
3123 4055 3505 4112 prorumpens,
3539 4039 3670 4095 forti
3700 4053 3826 4092 coa-

2252 4159 2438 4215 grcssu
2471 4141 2762 4205 sauciatos,
2791 4149 2846 4194 ct
2873 4139 2940 4193 ab
2971 4139 3206 4208 incmpto
3233 4133 3526 4189 deterritos
3563 4133 3616 4186 in
3655 4131 3830 4200 fugam

2253 4239 2418 4310 cegit,
2446 4237 2535 4307 qui
2561 4251 2752 4290 versus
2779 4233 3064 4289 ecclesiam
3096 4229 3153 4284 S.
3185 4226 3414 4288 Nicolai,
3445 4241 3570 4294 quze
3601 4225 3676 4280 ibi
3707 4240 3830 4279 con-

2257 4331 2398 4399 tigua
2452 4335 2595 4391 erat,
2626 4325 2752 4378 vitze
2809 4321 3066 4376 auxilium
3115 4317 3262 4390 (252)
3314 4325 3659 4387 expetentes,
3711 4315 3828 4368 dum

575 4404 770 4473 quibus
799 4405 965 4460 nostri
1013 4406 1262 4460 certatim
1293 4419 1644 4462 occurrentes
1673 4411 1938 4463 acerrime
1977 4411 2148 4462 utrin-
2179 4399 2222 4454 Ι)
2251 4422 2362 4486 alii,
2395 4427 2654 4490 quantum
2687 4415 2960 4485 capacitas
2995 4409 3365 4482 permittebat,
3419 4405 3820 4462 subintrabant,

575 4513 680 4565 que
709 4497 1078 4567 congreditur.
1139 4498 1246 4553 Sed
1301 4499 1374 4552 illi
1413 4499 1702 4555 artificiose
1735 4502 1932 4570 ignem,
1993 4517 2150 4570 quem

575 4591 821 4644 Graecum
851 4591 1144 4660 appellant,
1178 4591 1268 4662 qui
1327 4607 1425 4646 nec
1453 4607 1593 4662 aqua
1645 4593 2024 4662 exstinguitur,
2060 4607 2152 4646 oc-

577 4682 734 4736 cultis
789 4683 1085 4738 fistularum
1142 4684 1411 4740 meatibus
1459 4684 1560 4740 sub
1637 4685 1810 4739 undas
1863 4683 2152 4753 perﬂantes

577 4773 865 4838 quamdam
925 4787 1116 4828 navem
1174 4775 1240 4829 de
1281 4776 1503 4838 nostris,
1534 4790 1696 4844 quam
1736 4774 1950 4829 Cattum
1981 4775 2153 4829 nomi-

577 4871 728 4929 nant,
752 4864 935 4920 dolose
971 4867 1110 4921 inter
1141 4869 1284 4937 ipsas
1310 4869 1496 4938 liquidi
1525 4868 1760 4937 mquoris
1801 4869 1972 4922 undas
2005 4883 2153 4922 co'n-

579 4957 798 5010 lmrunt.
827 4958 934 5012 Sed
971 4961 1142 5014 nostri
1170 4961 1294 5015 dolo
1315 4961 1558 5031 cognito,
1591 4959 1736 5015 facto
1762 4960 1962 5028 impetu
1991 4959 2152 5014 aliam

577 5063 768 5103 navem
799 5049 866 5103 de
917 5051 1026 5104 suis
1053 5067 1159 5105 non
1213 5053 1438 5108 minoris
1467 5055 1626 5122 pretii
1660 5053 1876 5123 penitus
1906 5053 1958 5106 in
2003 5067 2156 5108 mare

577 5139 952 5207 sulunergunt,
986 5141 1167 5208 sicque
1197 5142 1398 5196 damno
1427 5154 1615 5198 contra
1651 5145 1906 5197 damnum
1937 5157 2156 5210 compo-

2255 4513 2345 4566 alii
2376 4521 2520 4565 tanta
2557 4507 2904 4563 multitudine
2933 4511 3074 4557 tecta
3123 4496 3582 4569 superscandunt,
3621 4505 3682 4550 ut
3707 4509 3830 4565 pou-

2255 4604 2380 4658 dcre
2405 4602 2518 4672 ipsa
2563 4609 2702 4654 lecta
2749 4595 3005 4652 dissoluta
3053 4592 3492 4647 consubruantur
3521 4588 3696 4658 (255),
3725 4587 3830 4640 illos

2253 4693 2342 4762 qui
2396 4691 2861 4750 subintraverant,
2915 4683 3279 4753 Oppi-intentes
3329 4677 3573 4733 conclusi
3637 4677 3830 4746 pariter

2255 4781 2648 4835 suffocarentur
2677 4775 2847 4848 (254).
2881 4773 3048 4827 Porro
3072 4771 3366 4838 imperator
3393 4767 3588 4821 videns
3617 4766 3826 4821 Warin-

2255 4889 2368 4943 gos,
2403 4873 2456 4927 in
2487 4871 2684 4942 quibus
2732 4867 2833 4922 sibi
2889 4865 3120 4919 maxima
3175 4875 3299 4931 spes
3351 4860 3598 4913 victoriae
3641 4858 3825 4914 fuerat.

2255 4961 2526 5016 cnervitcr
2573 4965 2879 5027 superatos,
2923 4963 2976 5007 et
3007 4961 3227 5005 nostros
3263 4949 3615 5018 insequentes
3645 4948 3828 5001 advcr.

2255 5075 2373 5114 sum
2401 5071 2458 5111 se
2493 5057 2804 5117 adventare,
2847 5050 3063 5105 territus
3107 5047 3285 5116 fugam
3317 5045 3688 5122 potiusgquam
3717 5059 3826 5098 ee:-

2259 5159 2436 5202 tamcn
2469 5147 2639 5217 eligit,
2679 5143 2964 5211 omnisque
2987 5139 3264 5194 exercitus
3293 5136 3630 5197 Graecorum,
3667 5149 3828 5184 mum-
