4010 5230
259 315 400 371 “7'5
1381 311 1696 370 HISTORIA
1739 309 1998 364 SI(1'.L\.
2041 335 2106 350 -α
2143 309 2267 364 LIB.
2311 309 2392 364 Ill.
3337 302 3474 364 1174

253 433 464 492 pientes
529 425 790 496 perte-uti
849 432 1012 484 sunt,
1061 397 1176 482 ‘sed
1243 429 1308 484 ad
1367 439 1541 486 castra
1609 439 1796 484 eorum
1829 427 1872 484 Α
2459 417 2683 478 CAPUT
2725 421 2952 478 XXVIII.

251 500 514 566 regressi,
557 497 658 552 dux
715 498 766 550 in
811 497 1058 552 tentoriis
1083 499 1426 570 imperatoris
1485 503 1810 572 hospitatur;

1485 503 1810 572 ltospitattlt‘;
2375 513 2494 566 Dux
2535 514 2824 568 Centuriam
2864 512 2996 584 capit
3011 553 3023 564 .

252 591 438 646 creteri
469 589 558 659 qui
589 589 798 658 priores
826 590 1179 658 accedebant,
1227 593 1544 662 pretiosiora
1583 593 1812 663 hospitia

1987 605 2151 676 Igitur
2177 605 2280 660 dux
2313 606 2442 658 urbe
2473 606 2697 674 potitus,
2737 621 2834 676 pro
2873 605 3008 660 velle
3053 619 3152 660 suo
3199 604 3485 674 ordinans,

249 695 378 733 cum
415 679 602 748 εροιίὶε
651 692 928 749 usurpant.
971 679 1083 738 Dux
1147 695 1274 750 (περ
1333 683 1521 736 ﬁdens
1583 683 1812 738 hiemem
1917 699 2135 754 Fortino
2187 698 2252 752 de
2306 697 2518 752 Rosana
2569 697 2990 766 procurandum.
3017 695 3301 768 delegavit.
3342 696 3474 766 Ipse.

247 770 356 825 sibi
415 770 717 834 imminere,
766 771 966 826 mensis
1001 771 1146 826 enim
1193 781 1310 828 erat
1372 772 1640 838 Octobris,
1693 775 1814 830 inde

1918 804 2037 842 cuin
2067 788 2306 844 exercitu
2341 789 2478 842 ultra
2527 789 2904 858 progrediens,
2939 797 3102 842 totam
3147 789 3501 858 provinciam

249 874 568 930 progressus
598 875 758 930 super
787 861 1004 918 lintrium
1047 863 1437 919 Dzemoniorum
1482 877 1718 921 castrum
1747 869 1812 922 ad

1917 879 2230 936 debellanda
2273 879 2372 932 sibi
2426 879 2764 950 subjugatum
2813 879 2981 932 vadit.
3034 877 3184 934 Unde
3227 887 3284 934 et
3339 881 3500 949 apud.

247 953 602 1007 mstivandum
626 952 770 1022 (2'5)
802 955 1124 1020 construxit,
1155 957 1294 1024 quod
1319 973 1380 1012 ex
1407 977 1502 1012 suo
1529 963 1812 1030 agnomine
1915 969 2124 1034 Urbem,
2145 983 2263 1040 qua:
2285 969 2528 1026 Castoria
2557 970 2776 1032 dicitur,
2801 971 3046 1034 veniens,
3071 969 3196 1040 quia
3221 969 3500 1028 ditionem-

247 1059 471 1108 vocans,
505 1045 732 1098 Montem
767 1045 1046 1100 Guiscardi
1094 1049 1398 1118 apprlluvit,
1446 1068 1474 1104 a
1519 1069 1623 1122 quo
1649 1055 1808 1110 etiam
1913 1057 2030 1126 ejus
2088 1053 2270 1114 subire
2320 1059 2608 1124 recusavit,
2661 1060 2938 1114 obsidione
2977 1061 3298 1130 composita,
3355 1075 3500 1118 eam.

245 1135 440 1190 diatim
511 1151 680 1206 usque
750 1136 1036 1192 Duracium
1091 1149 1296 1194 armata
1367 1157 1532 1196 manu
1587 1161 1810 1216 pt'ogre-
1914 1147 2147 1216 undique
2195 1148 2444 1214 vallavit,
2489 1150 2756 1220 minisque
2815 1150 3070 1205 terrendo
3111 1159 3164 1204 et
3207 1150 3476 1206 interdum

243 1228 436 1291 dicas,
490 1227 714 1281 diversis
793 1229 1192 1285 incursionibus
1247 1234 1446 1288 crebro.
1497 1235 1806 1292 lacessebat.
1913 1240 2292 1298 blandimentis
2323 1241 2626 1308 mulcenda,
2659 1243 2932 1309 aliquanto
2959 1252 3202 1310 tempore
3248 1241 3498 1296 infestus.

239 1316 434 1371 Castra
463 1334 592 1375 vero
624 1322 834 1375 diversa
863 1321 1098 1390 ejusdem
1131 1326 1420 1392 provincia:
1450 1328 1564 1398 ejus
1591 1329 1811 1385 iufesta-
1911 1331 2224 1400 persistens,
2253 1331 2540 1401 plurimum
2569 1332 2857 1387 lacessivit.
2889 1333 3137 1388 Trecenti
3168 1333 3310 1386 enim
3345 1332 3476 1386 Wa-

240 1415 446 1468 tionem
475 1413 616 1470 ferre
641 1431 746 1469 non
774 1417 1034 1484 valentes,
1069 1417 1269 1476 ﬁndere
1301 1435 1422 1474 cum
1455 1423 1569 1490 ipso
1593 1439 1810 1494 compo-
1913 1423 2048 1490 ringi
2080 1421 2131 1476 in
2175 1423 2360 1479 eadem
2404 1425 2536 1476 urbe
2563 1417 2898 1490 habitabant,
2942 1424 3190 1478 custodes
3215 1422 3284 1478 ab
3309 1423 3480 1493 impc-

235 1507 374 1574 site,
401 1507 724 1564 deditionem
765 1508 1024 1568 facientes
1053 1513 1151 1568 sibi
1177 1515 1554 1570 conciliantur.
1913 1521 2092 1566 ratore
2112 1512 2374 1582 deputati,
2406 1529 2632 1584 quorum
2663 1514 2934 1582 prazsidio,
2966 1522 3020 1566 et
3047 1529 3212 1584 opere
3239 1529 3342 1568 non
3373 1516 3478 1570 mi-

1913 1604 2114 1658 nimum
2143 1603 2544 1664 defensabatur.
2573 1603 2640 1657 At
2662 1619 2783 1658 cum
2813 1605 3096 1658 nostrosin
3120 1606 3500 1676 oppugnando.

791 1665 1016 1725 CAPUT
1057 1671 1264 1730 xxvn-
1851 1759 1867 1762 _
1910 1691 2259 1762 persistentes
2315 1692 2496 1747 viJent
2525 1733 2562 1756 ,.
2589 1693 3019 1747 machinamenta
3047 1733 3064 1756 ,
3119 1665 3313 1762 quibus
3349 1695 3498 1758 urbs.

733 1758 856 1814 Dux
881 1762 1168 1818 Durarium
1197 1767 1352 1836 cupit.
1839 1759 1878 1817 εἶ
1911 1758 2119 1837 facilius
2153 1781 2316 1838 debea

1911 1758 2119 1837 facilius
2153 1781 2346 1838 debeat
2372 1782 2650 1848 debellari,
2679 1793 2735 1838 et
2763 1783 2954 1838 debeat
2988 1758 3247 1853 apparere
3287 1786 3475 1841 timen—

313 1865 442 1921 Erat
464 1875 642 1925 autem
673 1885 736 1926 ea
785 1881 1103 1938 tempestate
1143 1877 1280 1948 apud
1313 1879 1597 1934 Durat‘ium
1633 1879 1804 1938 Vene-
1913 1881 2009 1937 ιοδι
2033 1879 2265 1944 (31031)la
2297 1873 2428 1926 urbe
2457 1869 2606 1942 Delus
2637 1871 2812 1928 Γοθάυδ
2838 1873 2992 1936 inire.
3023 1873 3123 1928 Sibi
3159 1874 3210 1927 ίιι
3237 1873 3474 1927 {Ulmum

235 1955 418 2011 tianus
458 1960 695 2027 quidam,
749 1964 968 2019 nomine
1011 1965 1341 2032 Dominicus,
1394 1971 1556 2026 “ob”;
1589 1989 1804 2042 genere,
1909 1969 2292 2030 prtecaventes,
2341 1961 2542 2016 foedere
2581 1959 2846 2027 confecto,
2888 1961 3212 2018 deditionem
3251 1961 3476 2022 faciunt.

231 2045 392 2112 cujus
418 2051 767 2116 providentia:
791 2055 964 2125 major
989 2059 1152 2112 turris
1184 2060 1248 2112 ad
1281 2063 1532 2116 tuendum
1563 2065 1806 2136 delegata

1910 2053 2094 2122 sicque
2146 2053 2278 2108 urbe
2313 2053 2618 2124 subjugata,
2661 2069 2850 2108 omnes
2881 2055 3303 2124 circumquaque
3353 2070 3479 2126 pro-

233 2145 377 2191 erat.
410 2136 580 2209 liujus
621 2143 858 2198 animum
892 2147 1018 2210 dux,
1051 2149 1282 2218 quadam
1311 2151 1664 2210 collocutione
1709 2157 1806 2210 ba-

1908 2143 2096 2198 vincite
2141 2158 2260 2200 cum
2301 2143 2540 2198 finitimis
2575 2145 2765 2199 castris
2794 2145 2912 2214 ejus
2950 2145 3140 2200 ditioni
3185 2144 3475 2218 subiugan-

235 2225 350 2280 bita
401 2227 544 2285 inter
593 2247 650 2287 se
697 2234 883 2290 frivola
941 2240 1260 2310 quantispcr
1308 2242 1651 2314 diguoscens,
1710 2246 1808 2302 ali-
1911 2245 2016 2290 ιιιτο
2045 2235 2163 2306 Ipse
2207 2236 2404 2306 quippe
2449 2252 2636 2292 omnes
2685 2237 2774 2306 (ιιιὶ
2818 2237 2882 2290 ad
2933 2237 3504 2294 εθ-είιηνθτιευθηῑυττ

231 2321 473 2388 quando,
504 2323 597 2378 sed
647 2325 822 2382 rarius
861 2343 958 2398 per
983 2345 1059 2394 se,
1091 2329 1376 2402 aliquando
1406 2351 1501 2404 per
1541 2337 1694 2402 alios,
1739 2353 1807 2394 ne
1907 2343 2028 2382 cum
2058 2342 2264 2381 summa
2312 2327 2718 2381 honorificentia
2747 2327 2998 2392 habebat,
3033 2327 3343 2380 muneribus
3376 2341 3474 2380 au-

235 2407 380 2464 l'orte
407 2409 556 2467 fraus
587 2415 654 2469 ab
683 2415 801 2471 aliis
833 2418 972 2472 inter
1001 2420 1146 2489 ipsos
1167 2427 1414 2493 componi
1442 2427 1806 2498 deprellende-
1907 2421 2088 2492 gebat,
2113 2436 2298 2476 eorum
2328 2419 2549 2474 consilio
2577 2421 2628 2474 in
2662 2421 2725 2474 iis
2754 2435 2871 2489 qitze
2901 2419 3140 2474 facienda
3170 2426 3326 2474 erant
3352 2417 3472 2486 plu-

233 2507 408 2564 retur,
438 2509 709 2560 attentans
756 2505 986 2564 diversis
1025 2511 1075 2563 in
1110 2515 1573 2580 conventionibus,
1604 2519 1668 2572 de
1699 2527 1806 2572 tra-
1910 2513 2102 2566 rimum
2134 2513 2402 2566 utebatur.
2437 2510 2502 2566 Et
2529 2513 2628 2565 hoc
2655 2527 2718 2566 ex
2767 2511 3050 2580 industria,
3092 2518 3151 2564 ut
3192 2509 3304 2570 alii,
3352 2523 3478 2584 cum

231 2588 442 2644 ditione
467 2585 618 2649 urbis
639 2595 930 2653 sollicitare
953 2603 1138 2672 cmpit.
1158 2604 1381 2661 Animus
1407 2623 1535 2662 vero
1557 2609 1806 2680 cupidine
1907 2603 2008 2658 ista
2037 2605 2306 2670 audirent,
2335 2603 2542 2658 facilius
2565 2603 2665 2658 sibi
2693 2603 3114 2674 applicarentur,
3142 2601 3354 2672 agebat.
3385 2599 3474 2654 Ti-

231 2693 398 2748 fcger,
432 2692 540 2737 uta
568 2689 1008 2756 promittentibus
1040 2697 1279 2750 avaritiae
1302 2697 1512 2754 luxuria
1543 2703 1805 2758 admisce-
1905 2714 2022 2754 mor
2063 2708 2240 2754 autem
2287 2699 2402 2770 ejus
2445 2707 2612 2754 totum
2650 2698 2956 2768 imperium,
2997 2710 3166 2768 usque
3208 2695 3276 2750 ad
3302 2695 3498 2766 ipsam-

233 2777 343 2832 ""3
371 2770 532 2860 facile
562 2788 867 2850 corruptus,
900 2797 928 2835 a
965 2784 1107 2840 bono
1156 2787 1488 2858 honestoque
1530 2794 1802 2860 proposito
1907 2789 2106 2860 regiam
2139 2789 2324 2846 urbem
2359 2798 2590 2844 tremere
2621 2788 2872 2846 faciebat.

233 2859 486 2926 prorlivis
543 2863 594 2917 iu
651 2867 889 2924 deterius
954 2873 1193 2944 dilapsus
1245 2886 1346 2932 est.
1407 2859 1802 2952 Dux’deuique
1976 2859 1987 2860 ί
2465 2899 2690 2956 CAPUT
2715 2899 2904 2956 xm.

231 2960 444 3020 neptem
475 2958 736 3025 speciosa:
761 2960 946 3017 formae
975 2965 1208 3035 habens,
1227 2969 1395 3028 ﬁliam
1423 2971 1672 3027 videlicet
1694 2973 1801 3028 fra-

1937 2987 2190 3046 Benarcet
2219 2990 2500 3046 traditione
2521 2989 2990 3054 Catmmuintrat,
3013 2999 3060 3042 et
3085 2988 3242 3058 paulo
3264 2997 3374 3056 post
3405 3001 3454 3040 αι
3481 3021 3485 3028 ι

235 3045 336 3098 tris
367 3047 448 3100 sui
485 3049 750 3106 Guilielmi
791 3055 1125 3126 principatus
1160 3063 1394 3126 comitis,
1423 3074 1480 3120 ut
1517 3067 1562 3120 ei
1597 3067 1648 3124 in
1687 3083 1800 3120 ma-
1825 3101 1866 3159 ο
2056 3045 2076 3046 ἡ
2404 3063 2592 3116 nostris
2625 3070 2975 3131 recuperatur.

233 3137 546 3226 trimonitlm
599 3159 719 3198 cum
762 3145 1076 3205 barreditate
1116 3153 1303 3220 puella:
1364 3159 1683 3226 compcleuli
1713 3175 1798 3214 so-
1825 3137 1866 3159 ν
1973 3152 2104 3206 Cum
2136 3152 2236 3206 ista
2267 3151 2404 3221 apud
2433 3151 2751 3206 Rontaniam
2776 3167 2803 3204 ει
2832 3151 2968 3206 duce
2994 3159 3303 3220 agerentur.
3331 3149 3468 3202 Sici-

235 3225 483 3282 ciandum
517 3245 572 3285 se
622 3231 750 3288 dare
794 3241 1100 3308 spopondit,
1137 3258 1234 3310 pro
1273 3244 1422 3297 libitu
1473 3225 1573 3298 suo
1619 3245 1800 3301 favore
1903 3242 2055 3304 lieusi
2085 3243 2284 3296 comite
2313 3243 2546 3310 Rogerio
2585 3243 2725 3310 apud
2775 3239 3079 3296 Calabriam
3125 3250 3182 3295 et
3223 3241 3468 3308 Apuliam

233 3337 384 3386 usus,
419 3329 774 3384 sacramentis
797 3332 864 3385 ab
895 3333 1141 3402 utrisque
1172 3337 1414 3404 partibus
1442 3337 1602 3402 datis,
1629 3337 1717 3390 illo
1744 3345 1800 3391 ut

1901 3333 2151 3387 fraternis
2179 3332 2426 3402 negotiis,
2457 3333 2532 3386 uti
2559 3333 2669 3386 suis
2691 3372 2705 3397 ,
2742 3331 2972 3396 intento,
3005 3332 3291 3393 Be‘narvet,
3331 3329 3469 3398 apud

231 3411 420 3465 urbem
459 3415 654 3480 tradat,
709 3418 810 3472 isto
845 3428 906 3474 ut
931 3429 1142 3489 neptem
1167 3422 1664 3490 conferatjurante,
1691 3441 1798 3480 nox
1903 3420 2140 3476 Siciliam
2170 3421 2478 3476 Christiano
2515 3421 2718 3475 nomini
2770 3419 3016 3486 infestus,
3055 3419 3218 3474 multa
3263 3419 3472 3474 incum--

231 3513 330 3566 per
359 3503 701 3560 traditionem
731 3509 918 3562 urbem
945 3511 1285 3566 subintrandi
1319 3513 1656 3568 terminatur.
1684 3515 1795 3570 Dux
1901 3513 2055 3566 moda
2083 3512 2363 3568 inferebat.
2389 3513 2516 3568 Erat
2547 3513 2929 3568 callidissimus
2963 3522 3016 3568 et
3050 3511 3269 3566 militari
3315 3525 3473 3566 exer-

231 3589 298 3644 de
323 3594 682 3652 nanciscenda
715 3601 846 3654 urbe
881 3611 1085 3668 certus,
1114 3605 1287 3658 scalas
1317 3605 1384 3658 ad
1414 3608 1801 3662 transcenden—
1901 3604 2028 3658 citio
2052 3605 2284 3672 deditus,
2315 3605 2514 3670 audax,
2565 3603 2846 3671 subdolus,
2880 3603 3023 3658 aliud
3072 3603 3250 3674 lingua
3295 3602 3472 3672 profe-

227 3679 354 3736 dum
380 3684 722 3757 (256jmuros
749 3707 812 3746 ex
842 3691 984 3764 ligno
1008 3697 1798 3770 componitNenctianus(257)
1905 3712 2050 3761 rens,
2083 3696 2224 3750 aliud
2259 3698 2420 3752 tacito
2455 3705 2674 3766 pectore
2705 3695 3024 3752 occultando
3050 3710 3262 3766 gerens,
3309 3694 3468 3765 Syra-

229 3783 411 3830 autem
437 3777 490 3831 in
515 3778 836 3847 adiutorium
863 3785 1014 3840 ducis
1039 3803 1104 3842 ex
1136 3787 1350 3843 funibus
1371 3791 1625 3858 perlexas
1651 3791 1800 3862 (2.38)
1905 3788 2018 3843 cusi
2049 3796 2102 3842 et
2132 3787 2252 3842 Noti
2285 3788 2562 3858 princeps;
2605 3787 2758 3857 cujus
2795 3785 3020 3842 consilio
3044 3799 3233 3840 omnes
3271 3785 3467 3840 Sarra-

231 3869 640 3926 advenientibus
681 3875 924 3932 hostibus
945 3878 1010 3934 de
1049 3896 1200 3934 muro
1223 3884 1586 3950 dependentes
1625 3886 1798 3953 porri-
1899 3877 2038 3942 εοιιῖ,
2068 3877 2156 3946 (Ιυί
2185 3879 2358 3933 adhuc
2389 3878 2440 3932 Ῐη
2484 3877 2669 3933 Sicula
2702 3876 2928 3932 rebelles
2957 3884 3135 3942 erant.
3161 3874 3480 3938 ἱηηὶῑεῦθηέ

225 3960 323 4030 git.
349 3961 414 4016 Et
435 3963 560 4032 quia
591 3965 670 4019 sic
697 3965 844 4038 (259)
869 3971 1126 4040 scriptum
1151 3985 1236 4026 est
1266 3991 1278 4025 :
1305 3972 1502 4028 Nullus
1531 3977 1796 4045 pernicio-

1925 3983 2003 4020 ur.
2021 3967 2418 4038 llicquemdam
2435 3983 2725 4039 paganum,
2741 3967 2956 4022 nomine
2971 3965 3282 4026 Bencimine
3298 3965 3505 4036 (264)”

225 4054 337 4105 sior
359 4055 519 4110 hostis
540 4069 614 4112 est
642 4061 710 4112 ad
734 4063 1020 4116 nocendum
1041 4081 1194 4132 quam
1215 4067 1496 4135 [nuntiaris
1517 4070 1796 4135 inimicus;

1897 4076 2055 4130 quem
2085 4075 2266 4115 comes
2299 4062 2438 4132 apud
2473 4063 2730 4116 Catanam
2765 4061 3024 4130 majorem
3065 4059 3186 4114 urbi
3219 4059 3472 4128 praefece~

225 4142 296 4196 ab
321 4144 436 4214 ipso
463 4148 554 4217 qui
585 4149 633 4202 vi
667 4152 804 4206 tueri
830 4154 1106 4221 debuerat,
1141 4155 1308 4211 libera
1329 4157 1584 4213 facultate
1609 4160 1794 4214 urbem
1899 4165 2001 4220 rat,
2053 4155 2260 4210 callidis
2287 4155 2842 4212 .circumventionibus
2871 4153 3210 4224 aggrediens,
3251 4153 3316 4206 ad
3362 4160 3472 4204 tra-

227 4243 612 4310 prorumpcndi
655 4243 902 4300 hostibus
955 4261 1234 4312 concessa,
1289 4250 1390 4304 sub
1420 4252 1636 4305 nomine
1661 4250 1796 4304 Gui-
1899 4233 2123 4302 deudam
2175 4248 2366 4302 urbem
2425 4247 2608 4302 multis
2665 4260 2946 4300 munerum
2999 4243 3468 4314 posscssiouumve

226 4330 428 4396 scardi,
457 4332 680 4388 sinistro
701 4335 938 4391 clamore
957 4342 1158 4406 saepius
1185 4339 1530 4408 ingeminato,
1557 4342 1796 4396 buccinis
1897 4339 2235 4408 pactionibus
2278 4338 2626 4393 sollicitabat.
2677 4339 2921 4408 Daganus
2947 4351 3078 4390 vero
3113 4335 3346 4389 nominis
3384 4334 3464 4386 sui

224 4413 674 4488 concrepantibus
718 4423 848 4480 urbs
882 4434 994 4480 tota
1049 4429 1318 4483 turbatur.
1347 4429 1508 4484 Cives
1559 4429 1612 4482 in
1641 4446 1789 4484 arma
1823 4436 1869 4494 υ
1896 4437 2207 4498 competens
2253 4428 2509 4493 imitator,
2558 4428 2784 4482 avaritia
2816 4436 3068 4491 emeatus,
3120 4424 3242 4479 fidei
3281 4439 3463 4478 sacra-

223 4516 460 4574 rucntes,
495 4512 667 4580 ignari
692 4517 834 4584 quod
868 4517 1050 4572 hostes
1071 4517 1182 4585 jam
1210 4535 1393 4574 secum
1419 4519 1560 4574 infra
1585 4537 1792 4586 muros,
1899 4527 2312 4587 mentorumqne
2353 4533 2472 4586 qum
2517 4518 2700 4572 comiti
2752 4517 2976 4572 dederat
3015 4514 3234 4580 oblitus,
3266 4523 3467 4582 statuto

221 4613 278 4658 Cl
305 4605 358 4660 in
391 4606 566 4662 alliori
601 4611 734 4664 turri
762 4622 968 4678 essent,
995 4613 1268 4670 incassum
1313 4632 1618 4686 repugnare
1646 4617 1794 4690 (260)
1899 4611 2150 4675 termino,
2177 4609 2313 4664 infra
2353 4611 2499 4682 (265)
2524 4611 2710 4666 urbem
2736 4611 2880 4665 illum
2914 4626 3034 4666 cum
3071 4610 3304 4666 maxima
3335 4607 3469 4662 mul—

219 4693 486 4750 ltilunlttr.
518 4696 718 4754 Triduo
741 4707 919 4756 tamen
947 4719 1043 4772 pro
1081 4719 1237 4773 posse
1265 4705 1435 4778 (261),
1467 4708 1559 4761 sed
1591 4707 1792 4762 frustra
1899 4699 2121 4754 titudiue
2175 4715 2394 4756 suorum
2446 4700 2813 4756 fraudulenter
2850 4703 2913 4754 de
2967 4708 3124 4754 nocte
3175 4697 3466 4768 accipiens,

219 4792 518 4846 renitentes
548 4794 761 4848 laudem
794 4796 846 4849 vi
887 4800 1078 4861 coacti,
1115 4799 1318 4855 fcedere
1347 4803 1666 4869 composito,
1695 4806 1792 4858 de-
1897 4793 2203 4848 traditionis
2227 4809 2418 4848 nomen
2441 4793 2539 4848 sibi
2571 4793 2954 4864 perpetualiter
2981 4791 3291 4846 vindicavit.
3318 4791 3470 4856 Quod

217 4881 478 4936 ditionem
513 4883 648 4952 ipsis
681 4883 1002 4944 facientibus
1031 4887 1202 4958 (262),
1233 4891 1424 4946 ditioni
1475 4891 1626 4945 ducis
1657 4895 1794 4948 colla
1897 4885 2094 4938 Γίιειηῐη
2125 4899 2245 4938 CUI"
2277 4898 2371 4953 DCI"
2403 4893 2568 4937 ιοιῐιιη
2617 4882 2845 4937 insulam
2890 4881 3280 4954 PBI'SOIllliSSCl.
3302 4879 3472 4956 Chl‘l‘

210 4969 534 5026 submittunt
563 4972 736 5044 (265).
1894 4975 2054 5030 stiani
2077 4976 2292 5046 quidem
2317 4988 2380 5027 eo
2410 4973 2549 5043 quod
2575 4981 2683 5027 tam
2717 4970 3133 5042 neiaudapfraus
3165 4973 3304 5026 inter
3331 4969 3476 5038 ipsos

1894 5075 2104 5134 reperta
2141 5067 2231 5128 sit,
2261 5063 2548 5134 plurimum
2577 5064 3003 5126 erubescebant;
3056 5057 3344 5116 Sarracetti
3380 5072 3474 5108 au-

1897 5169 2000 5212 tem
2031 5159 2228 5216 nassim
2262 5157 2326 5211 de
2359 5163 2508 5211 tanta
2551 5154 2846 5212 Christiani
2895 5153 3132 5212 nominis
3185 5148 3488 5216 ignominia.
