4010 5230
526 325 664 382 H75

1380 331 1726 392 GAUFREDI
1769 337 2217 395 MALATERRE
2273 341 2576 402 MONACHI
2623 347 2972 415 BENEDICTa

3675 360 3806 418 “76

529 438 920 494 subsanaando
951 440 1416 498 exbilarabantur.
1453 444 1621 503 Porro
1667 447 1935 506 .lordanns
1981 451 2122 508 filius
2151 457 2195 510 Α
2226 453 2325 508 sibi
2357 461 2661 528 attrahens,
2694 471 2748 518 et
2775 467 3130 524 sacramentis
3167 469 3310 526 datis
3357 479 3410 526 et
3461 473 3710 542 acceptis
3753 475 3804 530 in

531 531 774 596 comitis,
801 539 856 586 et
882 531 1154 588 Robertus
1176 535 1242 588 de
1267 534 1441 590 Surda
1473 537 1638 604 valle,
1664 549 1718 595 et
1749 541 1894 597 Elius
1919 541 2112 597 Carlo-

529 624 734 679 mensis
781 622 954 694 (266),
1000 625 1088 694 qui
1139 639 1206 680 es
1255 624 1572 683 Sarracenis
1602 631 1670 684 ad
1704 631 1863 687 fidem
1912 633 2114 688 Christi

530 727 843 774 conversus,
871 721 1057 782 postea
1083 703 1224 783 apud
1251 715 1502 772 Castrum
1527 718 1751 776 Joannis
1777 737 1810 775 a
1835 737 1930 776 sua
1954 731 2116 792 gente

528 803 800 858 hostiliter
827 804 1184 874 interceptus,
1235 808 1359 878 quia
1411 811 1656 881 negando
1703 822 1948 881 apostata
1997 815 2114 868 fieri

529 894 730 961 noluit,
763 897 1026 967 martyrio
1050 899 1216 950 vitam
1251 899 1595 956 laudabiliter
1641 901 1836 970 finivit,
1868 906 2114 960 exercitu

529 987 746 1042 admoto
783 1001 973 1042 versus
1023 987 1287 1045 Catanam
1339 991 1444 1047 iter
1495 993 1800 1050 intendunt.
1851 997 2116 1052 Bcnarvet

528 1093 660 1134 vero
691 1093 784 1134 eos
817 1079 1077 1135 advenire
1123 1098 1221 1152 per
1263 1084 1630 1154 speculatores
1664 1103 1809 1150 suos,
1842 1104 1978 1158 quos
2013 1106 2115 1144 un-

527 1170 694 1240 dique
751 1171 932 1224 omnia
991 1173 1166 1228 visum
1217 1177 1608 1245 praeminebat,
1663 1179 1910 1246 audiens,
1961 1192 2113 1236 extra

527 1261 718 1316 urbem
783 1263 994 1332 cupiam
1049 1279 1270 1318 suorum
1331 1267 1396 1320 ad
1453 1267 1802 1338 praeliaudum
1856 1271 2115 1325 ordinans

529 1352 886 1408 dimicaturus
919 1355 1180 1410 occurrit.
1217 1355 1430 1413 Pedites
1469 1358 1688 1428 quidem
1725 1375 1898 1430 usque
1930 1362 1996 1416 ad
2030 1363 2113 1416 vi-

527 1443 660 1512 ginti
695 1443 862 1498 mill-ia
891 1448 1082 1500 dextro
1111 1446 1280 1502 latere
1311 1463 1410 1502 suo
1454 1448 1506 1503 in
1555 1463 1846 1509 occursum
1879 1451 2114 1507 hostium

528 1535 806 1604 paulisper
836 1545 1199 1606 anteponens,
1228 1539 1340 1608 ipse
1381 1555 1504 1594 cum
1545 1541 1782 1609 equestri
1822 1541 2034 1614 legione
2059 1543 2116 1598 in

530 1627 756 1682 sinistro
793 1643 962 1683 cornu
1026 1629 1166 1685 fixus
1215 1645 1463 1696 manens,
1525 1635 1710 1690 hostes
1753 1637 2112 1705 priestolatur.

529 1718 708 1774 Nostri
740 1729 920 1776 autem
965 1737 1086 1775 cum
1134 1732 1352 1777 centum
1402 1726 1687 1795 sexaginta
1743 1729 2120 1784 tantmumodo

2222 547 2459 602 amicitia
2491 551 2889 610 coufmderans.
2921 557 3074 624 Quod
3122 574 3244 614 cum
3293 562 3478 616 comiti
3525 567 3806 620 renuntia-

2224 649 2334 692 tum
2368 639 2584 708 fuisset,
2615 645 2958 702 insolentiam
2989 649 3106 718 ejus
3153 652 3620 720 auimadvertens,
3645 666 3704 712 ct
3749 658 3802 710 in

2223 731 2458 790 futurum
2493 737 2689 794 timens
2733 757 2800 797 ne
2851 740 2991 800 forte
3038 743 3232 800 fiducia
3278 747 3445 802 turris
3489 749 3546 802 in
3583 749 3806 818 aliquod

2220 823 2457 880 deterius
2488 829 2770 884 consilium
2803 840 3187 900 reverteretur,
3229 835 3418 890 turrim
3473 837 3528 891 in
3581 839 3804 893 modum

2220 917 2410 972 domus
2441 919 2755 977 habitabilis
2783 923 3052 992 deponere
3089 925 3368 982 humiliter
3409 928 3591 997 jubet,
3625 929 3806 983 incre-

2217 1023 2354 1078 pans
2381 1024 2502 1064 cum
2531 1011 2673 1082 quod
2704 1027 2760 1067 se
2790 1014 3094 1070 inconsulto
3126 1015 3230 1071 tale
3251 1018 3379 1086 quid
3417 1018 3806 1088 praesumpsis-

2219 1109 2323 1155 sct.
2370 1101 2462 1156 ille
2488 1118 2636 1170 vero,
2668 1119 2790 1158 cum
2830 1105 3228 1166 Geracensibus
3257 1109 3543 1164 consilium
3571 1110 3807 1172 habens,

2219 1207 2383 1263 prave
2410 1193 2634 1248 definito
2665 1196 2798 1266 ipsis
2823 1212 2882 1252 se
2911 1197 3060 1270 (270)
3091 1199 3192 1256 sibi
3243 1200 3448 1256 laturos
3479 1203 3808 1272 promitten-

2221 1285 2386 1349 tibus,
2433 1285 2681 1342 beneficii
2729 1289 2830 1343 sibi
2865 1289 3066 1356 collati,
3097 1299 3156 1344 ut
3205 1292 3404 1347 assolet
3455 1295 3602 1348 inter
3639 1293 3806 1362 dege-

2219 1389 2396 1438 neres,
2437 1376 2634 1430 oblitus
2663 1389 2850 1433 contra
2886 1381 3139 1435 comitem
3183 1383 3554 1449 recalcitrare,
3595 1385 3808 1453 potius-

2219 1479 2378 1535 quam
2415 1467 2634 1523 obedire
2671 1469 2986 1525 indecenter
3028 1471 3188 1543 elegit
3241 1473 3410 1546 (271).
3467 1475 3626 1541 Quod
3687 1491 3808 1529 cum

2219 1557 2402 1612 comiti
2446 1571 2782 1629 compertum
2815 1561 3024 1626 fuisset,
3066 1561 3460 1620 Geracensibus
3501 1575 3564 1620 ut
3613 1566 3808 1618 turrim

2219 1649 2504 1706 destruant
2533 1653 2992 1724 etAngelmarum
3025 1656 3172 1726 (272)
3217 1656 3452 1726 captioni
3495 1673 3610 1712 sua:
3657 1671 3812 1710 man-

2221 1741 2352 1796 dent
2375 1742 2642 1812 imperat;
2673 1743 2870 1814 quibus
2901 1761 3006 1800 non
3047 1756 3154 1801 tam
3184 1747 3442 1801 fidelitate
3467 1747 3808 1818 Angelmari,

529 1811 732 1866 "limes
775 1822 976 1876 essent»
1028 1813 1101 1867 ll“
1147 1818 1432 1882 Γθιῐιοτέιῑὶι
1463 1827 1764 1888 Certamen.
1813 1821 1981 1876 Deum
2015 1822 2116 1877 Sibi
2149 1821 2196 1882 Β
2225 1834 2317 1888 sed
2347 1811 2470 1903 quia
2488 1851 2650 1892 omne
2672 1811 2840 1908 genus
2865 1848 3062 1894 nostra:
3085 1839 3260 1910 gentis
3291 1840 3395 1894 illis
3415 1839 3812 1904 invisumerat,

531 1903 828 1970 propitium
863 1903 1202 1971 invocantes,
1251 1907 1466 1963 ineunt.
1516 1909 1810 1980 Tcrtioque
1840 1927 2002 1982 super
2028 1927 2122 1984 pe-

531 1993 676 2048 dites
728 1995 930 2064 impctu
985 1996 1150 2064 facto,
1200 2014 1321 2054 cuni
1375 1999 1724 2058 immobiliter
1771 2005 2124 2076 persistentes

529 2083 753 2142 ﬂectere
805 2099 1105 2157 nequeunt,
1162 2091 1498 2149 declinantes
1535 2110 1648 2159 eos,
1697 2112 1860 2167 super
1911 2098 2123 2168 equites

533 2175 764 2237 irruunt,
799 2177 1116 2250 fortiterque
1138 2185 1552 2252 congredientes
1579 2187 1747 2241 multa
1778 2195 1961 2259 strage
1977 2187 2122 2242 facta

533 2265 586 2318 in
631 2265 813 2336 fugam
857 2279 1098 2336 vertunt,
1150 2287 1286 2340 quos
1334 2273 1684 2344 insequentes
1733 2285 1789 2331 ct
1846 2286 2124 2334 extremos

531 2373 775 2426 quosque
803 2361 1090 2428 caedentes,
1123 2379 1295 2434 usque
1326 2366 1378 2420 in
1423 2377 1638 2437 portam
1667 2368 1906 2424 civitatis
1935 2370 2124 2440 impel-

531 2451 668 2504 lunt.
697 2451 964 2508 Benarvet
991 2469 1120 2510 vero
1149 2456 1230 2512 sic
1253 2472 1348 2527 per
1371 2457 1551 2530 fugam
1577 2461 1664 2515 vix
1689 2461 1872 2530 elapso
1894 2459 1960 2516 de
1981 2463 2124 2531 pedi-

536 2541 684 2598 tibus
731 2545 970 2600 triaximu
1024 2556 1235 2618 strages
1274 2549 1416 2604 facta
1467 2559 1569 2606 est.
1619 2549 1798 2606 Nostri
1844 2567 1973 2607 vero
2001 2562 2125 2609 ante

533 2631 722 2686 urbem
757 2636 994 2688 tentoria
1032 2636 1264 2706 figentes
1293 2639 1664 2695 obsessionem
1693 2643 2122 2712 prmgravabant.

535 2721 642 2777 Sed
691 2723 958 2780 Benarvet
1001 2728 1138 2781 clam
1175 2729 1242 2784 de
1286 2739 1444 2785 nocte
1473 2730 1608 2787 urbe
1644 2732 1952 2800 digrediens
2002 2750 2124 2788 cum

534 2827 744 2881 pagano
777 2815 1039 2872 traditore
1067 2817 1276 2888 fugiens
1308 2819 1564 2892 Syracusi
1594 2837 1653 2876 se
1685 2824 1906 2893 recepit.
1928 2823 2126 2894 Sicque

537 2903 677 2957 urbs
707 2920 734 2956 a
769 2907 974 2961 nostris
1017 2920 1390 2980 recuperatur.
1422 2912 1673 2983 Paganus
1706 2915 1937 2969 traditur
1965 2931 1993 2970 a
2025 2916 2128 2970 Be-

539 3003 730 3048 narvct
753 3009 820 3050 ne
847 2994 1195 3068 Syracusani,
1226 3003 1368 3056 sicut
1393 3001 1656 3058 Catanam
1687 3005 2128 3075 fecerat,tradat,

541 3087 668 3142 dum
700 3091 920 3159 przumia
949 3091 1188 3163 pollicita
1214 3096 1462 3165 requirit,
1497 3103 1798 3154 truncatur.

1129 3205 1358 3262 CAPUT
1387 3209 1558 3264 XXX.

613 3295 960 3368 Angelmarus
1019 3300 1163 3363 apud
1221 3299 1499 3356 (feracium
1555 3313 1740 3357 contra
1813 3306 2054 3359 comitem

791 3441 796 3446 ι
1219 3373 1462 3443 insurgit.

613 3459 907 3530 Gregarius
936 3471 1116 3517 autem
1171 3465 1326 3520 miles
1355 3467 1610 3535 quidam,
1660 3467 1879 3522 nomine
1931 3466 2128 3537 Angel-

545 3567 730 3606 marus
777 3554 947 3624 (267),
982 3556 1166 3610 comiti
1211 3557 1298 3611 diu
1331 3559 1615 3626 servierat,
1644 3561 1728 3614 cui
1783 3560 1896 3630 ipse
1924 3575 2126 3624 comes,

543 3631 792 3715 quamvis
823 3647 1109 3704 infimioris
1147 3651 1363 3719 generis
1397 3661 1560 3716 esset,
1591 3663 1809 3721 propter
1839 3654 2126 3707 militarem

546 3745 730 3790 tamen
779 3737 1184 3803 strenuitatem,
1233 3755 1394 3808 quam
1445 3739 1498 3794 in
1549 3755 1614 3796 eo
1659 3741 1896 3801 videbat,
1947 3741 2130 3797 volens

546 3826 830 3880 servitium
860 3843 1016 3880 suum
1044 3829 1293 3892 honeste,
1339 3839 1398 3884 ut
1442 3830 1543 3886 sibi
1576 3846 1790 3902 semper
1839 3847 1955 3887 mos
2010 3831 2128 3894 fuit,

551 3930 920 3978 remunerare,
977 3932 1200 3971 uxorem
1267 3920 1478 3988 nepotis
1530 3921 1610 3974 sui
1663 3921 1904 3976 Serlonis
1960 3921 2127 3992 (268),

547 4005 800 4060 videlicet
828 4009 968 4078 apud
1021 4007 1262 4064 Siciliam
1316 4029 1346 4065 a
1405 4011 1724 4067 Sarracenis
1778 4013 2132 4083 interemptus

547 4097 746 4163 fuerat,
773 4115 894 4156 cum
917 4103 1062 4157 omni
1081 4101 1228 4172 (269)
1257 4103 1356 4158 sibi
1389 4105 1743 4173 competenti,
1768 4105 1879 4174 ipsa
1907 4107 2132 4161 multum

549 4187 837 4258 renitente,
853 4193 905 4249 in
931 4195 1333 4250 matrimonium
1357 4197 1456 4251 sibi
1488 4199 1780 4264 concessit,
1805 4209 1860 4252 ut
1884 4215 1976 4269 per
1997 4216 2136 4270 pra:-

546 4281 680 4338 clari
709 4287 924 4355 generis
951 4287 1256 4352 mulierem,
1285 4298 1404 4343 erat
1447 4290 1590 4344 enim
1627 4290 1740 4345 filia
1785 4290 1996 4344 ltadulli
2029 4291 2132 4344 Ba-

541 4375 788 4443 janensis
833 4379 1074 4444 comitis,
1104 4377 1296 4434 militis
1339 4381 1678 4450 generositas
1729 4381 1874 4436 inter
1925 4381 2136 4436 sodales

545 4465 744 4520 clarior
771 4467 946 4523 fieret.
991 4469 1082 4524 Ille
1113 4485 1244 4524 vero
1276 4472 1415 4540 apud
1449 4472 1759 4539 Geracium,
1792 4473 1946 4544 cujus
1995 4489 2131 4542 qua-

545 4555 710 4630 drans
737 4573 803 4611 ex
833 4559 957 4612 dote
985 4560 1229 4615 mulieris
1259 4562 1358 4616 sibi
1389 4563 1754 4629 competebat,
1803 4564 2007 4632 nuptiis
2045 4579 2132 4618 so-

545 4647 795 4702 lemniter
831 4649 1144 4716 celebratis,
1195 4667 1302 4706 non
1341 4651 1455 4720 jam
1507 4653 1830 4708 humilitatis
1877 4656 2134 4707 honorem

547 4753 791 4804 servans,
818 4744 884 4795 ad
915 4745 998 4797 sui
1037 4746 1255 4814 generis
1279 4743 1611 4800 debilitatem
1646 4755 1882 4800 mentem
1913 4748 2134 4801 reduce-

549 4829 664 4892 bat,
697 4831 790 4886 sed
823 4834 1012 4888 uxoris
1042 4837 1463 4906 generositatem
1515 4837 1567 4891 in
1598 4838 1780 4891 animo
1810 4837 1911 4891 sibi
1963 4839 2132 4892 vindi-

547 4937 699 4986 cans,
731 4924 993 4992 aequalem
1025 4942 1106 4994 se,
1140 4938 1194 4981 et
1215 4943 1434 4999 genere,
1467 4937 1522 4983 et
1563 4929 1829 5000 dignitate
1861 4931 1935 4983 illi
1981 4931 2133 5001 cujus

547 5027 708 5066 antea
739 5029 876 5068 uxor
905 5016 1104 5080 fuerat,
1151 5017 1363 5085 jactans
1389 5027 1640 5090 proterve
1683 5019 1990 5090 appetebat.
2035 5019 2133 5076 llic

547 5108 688 5184 apud
719 5107 1154 5171 Geracium,'ubi
1198 5127 1384 5167 comes
1433 5113 1624 5166 turrim
1677 5113 2008 5178 firmaverat,
2042 5114 2133 5166 de-

548 5193 696 5230 II'IIII"
729 5193 1117 5230 alnrnncn‘n:lnm
1143 5197 1412 5230 :nnznzt‘n‘n
1463 5203 1721 5230 I\n-n‘nl:m
1766 5203 2107 5230 η-ιΛ-ιιιιιΛ-ιιιη

2223 1935 2276 1982 et
2305 1927 2475 1999 magis
2506 1927 2805 1984 discordias
2835 1931 2977 1986 inter
3007 1941 3222 1986 nostros
3260 1947 3421 2000 quam
3455 1947 3654 2001 pacem
3697 1931 3812 1985 fieri

2223 2019 2571 2088 exaptabant,
2603 2019 2669 2074 ad
2715 2019 2763 2074 id
2797 2022 3195 2086 recusantibus,
3243 2036 3444 2084 comes,
3485 2020 3814 2091 legalitatem

2225 2127 2375 2168 suam
2405 2127 2650 2172 servans.
2696 2113 2960 2170 hactenus
3001 2115 3206 2170 homini
3237 2129 3336 2170 suo
3364 2113 3724 2168 diffidentiam
3763 2114 3814 2168 in

2223 2211 2498 2274 posterum
2532 2204 2776 2273 mandat,
2825 2205 3011 2274 sicque
3057 2204 3275 2260 admoto
3326 2205 3574 2259 exercitu
3629 2218 3816 2258 versus

2223 2293 2512 2350 Geracium
2543 2295 2822 2351 obsessum
2855 2296 3047 2367 pergit.
3077 2295 3436 2367 Angelmarus
3481 2309 3644 2360 vero,
3695 2303 3814 2348 astu

2225 2383 2618 2441 Geraceusium
2645 2387 2852 2442 animos
2881 2387 3212 2450 demulcens,
3251 2385 3532 2456 aliquanto
3569 2394 3816 2453 tempore

2227 2493 2338 2532 sua:
2379 2477 2594 2548 ineptia:
2622 2479 2914 2548 complices
2943 2478 3193 2534 detinuit.
3229 2477 3300 2532 At
3323 2479 3450 2532 dum
3483 2477 3678 2531 vident
3707 2489 3764 2529 se
3784 2490 3812 2528 a

2227 2567 2423 2623 comite
2453 2569 2693 2625 exterius
2747 2569 3080 2640 interiusque
3127 2569 3480 2640 prmgravari,
3533 2573 3816 2637 cmperunt

2227 2668 2280 2714 et
2311 2659 2410 2730 ipsi
2441 2676 2470 2714 a
2516 2661 2683 2718 stulto
2726 2661 3005 2732 preposito
3035 2662 3265 2716 deficere
3291 2669 3346 2715 et
3386 2659 3633 2730 fatigari.
3667 2659 3814 2726 Quod

2226 2751 2585 2822 Angelmarus
2615 2755 2923 2818 advertens,
2973 2753 3196 2809 territus
3230 2769 3296 2808 ne
3334 2753 3402 2808 ab
3455 2751 3594 2822 ipsis
3631 2750 3812 2807 comiti

2229 2845 2536 2912 traderetur
2561 2853 2614 2899 et
2638 2845 2737 2915 ipsi
2765 2846 3262 2908 reconciliarentur,
3293 2843 3557 2914 profugus
3579 2857 3814 2912 evagans

2229 2933 2496 2988 discessit.
2536 2933 2681 2990 Uxor
2711 2946 2889 2989 autem
2927 2933 3063 3004 ejus,
3128 2937 3194 2988 ad
3237 2933 3676 2988 misericordiam
3727 2947 3814 2986 co-

2231 3024 2378 3078 mitis
2409 3025 2648 3088 veniens,
2683 3024 2771 3093 pia
2813 3025 3187 3078 recordatione
3225 3023 3436 3093 nepotis
3473 3021 3634 3090 cujus
3684 3037 3816 3074 uror

2232 3109 2430 3176 fuerat,
2489 3113 2652 3168 salvis
2700 3113 2950 3168 omnibus
2982 3131 3102 3184 qua:
3150 3113 3401 3176 habebat,
3449 3112 3518 3165 ad
3561 3111 3814 3164 maritum

2229 3203 2556 3257 conductum
2605 3204 2836 3270 meruit;
2902 3219 3086 3258 comes
3141 3219 3269 3258 vero
3337 3199 3818 3258 recouciliantibus

2227 3293 2431 3350 Graecis
2460 3293 2749 3350 Ccracium
2783 3296 3004 3366 recepit.

2779 3425 3004 3481 CAPUT
3045 3425 3235 3480 XXXI.

2611 3515 2866 3571 Turribus
2901 3517 2953 3570 Μ
2961 3535 3144 3570 essum:
3175 3519 3439 3586 ﬁrmatur.

2301 3606 2502 3662 Eodem
2529 3623 2670 3662 anno
2705 3609 2845 3662 idem
2883 3623 3084 3674 comes,
3117 3607 3420 3678 sumptibus
3447 3607 3699 3676 pluribus
3729 3621 3818 3675 ap-

2231 3699 2456 3768 paratis,
2499 3701 2856 3768 undecunque
2903 3709 3168 3755 terrarum
3217 3699 3534 3753 artificiosis
3583 3713 3812 3752 caemen-

2233 3790 2387 3844 tariis
2433 3791 2752 3854 conductis,
2804 3790 3150 3845 futulamcuta
3185 3831 3200 3856 ,
3247 3789 3470 3844 castella
3532 3799 3818 3856 turresque

2233 3880 2373 3948 apud
2425 3878 2722 3934 Messanam
2774 3880 2961 3934 urbem
3000 3879 3238 3948 jaciens,
3289 3878 3568 3933 aedificare
3621 3879 3818 3946 comit;

2234 3973 2318 4027 cui
2361 3972 2510 4042 operi
2539 3971 2810 4027 studiosos
2856 3974 3220 4043 magistratus,
3271 3973 3361 4042 qui
3406 3971 3680 4040 operariis
3716 3983 3816 4023 ut“

2235 4065 2506 4128 deessent,
2548 4063 2831 4132 deputans,
2881 4063 3151 4118 interdum
3199 4061 3312 4132 ipse
3365 4061 3544 4114 visum
3581 4061 3796 4114 veniens

2237 4157 2384 4228 ipsos
2431 4172 2527 4226 per
2567 4156 2917 4226 semetipsum
2977 4157 3313 4212 cohortando
3343 4196 3358 4222 ,
3415 4154 3818 4209 festinautiorcs

2239 4249 2487 4312 reddens,
2539 4249 2690 4302 brevi
2729 4257 2972 4317 tempore
3005 4249 3244 4302 turribus
3291 4255 3348 4301 et
3398 4244 3818 4317 propugnaculis

2239 4342 2516 4396 immensa:
2543 4340 2841 4395 altitudinis
2865 4339 3098 4396 mirifico
3120 4354 3287 4408 opere
3313 4339 3746 4401 consummavit,
3765 4344 3814 4389 et

2237 4431 2364 4501 quia
2393 4432 2554 4496 hanc,
2586 4432 2737 4500 quasi
2767 4431 2970 4485 clavem
3009 4429 3209 4484 Sicilia-
3242 4429 3555 4484 aestimabat
3587 4444 3699 4497 pne
3725 4441 3814 4480 cm-

2165 4514 2210 4570 D
2241 4522 2371 4576 teris
2401 4522 2624 4576 urbibus
2655 4537 2790 4591 quas
2835 4522 3088 4586 habebat,
3119 4519 3364 4574 fidelibus
3413 4520 3692 4572 tutoribus
3733 4517 3818 4570 de-

2238 4614 2442 4684 putatis
2461 4614 2679 4668 arctiori
2705 4613 2950 4668 custodia
2979 4605 3320 4668 observabat.
3336 4610 3642 4665 Ecclesium
3665 4609 3818 4663 etiam

2238 4705 2292 4760 in
2329 4705 2534 4760 honore
2571 4705 2628 4759 S.
2663 4704 2866 4759 Nicolai
2909 4707 2961 4760 in
3003 4704 3192 4758 eadem
3241 4704 3375 4756 urbe
3429 4717 3562 4756 cum
3619 4715 3820 4755 summa

2237 4797 2650 4854 honorificentia
2681 4809 3001 4854 construens
3039 4805 3094 4850 et
3125 4795 3352 4852 diversis
3392 4793 3820 4864 possessionibus

2237 4890 2484 4962 augendo
2520 4892 2734 4955 dotatis,
2765 4889 2976 4944 clericis
3027 4890 3093 4943 ad
3141 4885 3486 4941 serviendum
3535 4883 3820 4954 deputatis,

2235 4982 2534 5052 pontificali
2565 4982 2692 5036 sede
2727 4981 2954 5050 aptavit,
2985 4981 3080 5034 sed
3110 4993 3234 5034 eam
3257 4993 3380 5033 cum
3409 4975 3702 5029 Traineusi
3731 4987 3817 5027 ca-

2239 5073 2423 5128 thedra
2450 5071 2638 5126 univit.

2773 5208 2810 5230 l"
2829 5209 2846 5230 Δ
2868 5209 3002 5230 nIY'I‘
3053 5207 3143 5230 νιν
3159 5206 3247 5230 γη
