4010 5230
228 293 362 347 ΗΠ

238 499 366 551 tlter
412 497 594 551 omnia
640 497 738 550 sibi
777 491 1108 562 subjugando
1146 506 1333 559 agens,
1364 505 1506 543 anno
1541 485 1802 541 inearnati

236 588 399 643 Verbi
429 587 580 650 £082,
614 602 644 640 a
691 586 946 640 Romamn
991 584 1132 638 sedis
1174 581 1468 651 apostolico
1517 580 1634 633 viro
1670 578 1804 635 Gre-

231 679 387 750 gorio
410 678 602 732 litteris
619 675 1020 731 continentibus
1043 673 1344 742 angustiam
1369 686 1521 727 suam
1547 667 1801 738 acceptis,

239 780 302 824 ut
331 770 387 824 in
422 767 745 836 adjutorium
775 764 830 820 S.
865 764 1120 818 Romamn
1155 761 1407 816 Ecclesia:
1444 760 1675 814 reditum
1712 772 1802 810 ac.

233 860 456 924 celeret,
487 859 668 913 multis
694 857 942 926 precibus
975 855 1308 910 cohortatur.
1339 851 1632 920 Imperator
1655 861 1806 902 nan:-

234 967 343 1024 que
373 951 795 1006 Alamannorum
820 947 1101 1011 Ilenricus,
1134 944 1454 1015 quibusdam
1491 951 1806 998 controver-

233 1042 334 1098 siis
378 1042 518 1096 iuter
568 1055 626 1095 se
663 1040 796 1094 ortis
842 1037 1067 1092 Romam
1099 1052 1220 1090 cum
1274 1034 1515 1090 exercitu
1561 1031 1803 1096 veniens,

232 1133 460 1189 obsessa
505 1131 704 1186 diutius
746 1129 897 1194 urbe,
929 1127 1172 1182 eamdem
1217 1125 1432 1180 fortuna
1481 1122 1808 1194 suffragante

234 1223 544 1293 irruperat,
604 1219 968 1288 Romanisque
1024 1215 1414 1287 potentioribus
1472 1215 1573 1268 sibi
1630 1213 1808 1284 injun-

235 1314 414 1384 gendo
445 1312 592 1382 (273)
625 1309 1030 1371 conftrderatis,
1064 1309 1236 1377 ipsum
1260 1305 1610 1375 apostolicum
1635 1305 1806 1358 virum

234 1406 294 1458 in
325 1404 456 1458 turri
489 1401 744 1474 quadam,
777 1418 895 1472 qum
938 1399 1235 1454 Cresccnlii
1269 1399 1490 1461 dicitur,
1539 1396 1806 1450 reclusum

230 1498 543 1559 obsederat,
577 1495 846 1564 aliumque
894 1493 947 1547 in
992 1493 1110 1546 loco
1144 1490 1281 1560 ejus,
1321 1489 1807 1558 archiepiscopum,

231 1587 486 1643 videlicet
513 1586 898 1649 Ravennatem,
933 1582 1244 1638 Umbertum
1279 1582 1515 1644 nomine,
1553 1593 1609 1633 re
1645 1577 1812 1633 indis-

232 1694 416 1740 cussa,
449 1687 634 1732 contra
659 1685 872 1730 sanctos
892 1673 1303 1742 canones,quod
1335 1671 1486 1727 nefas
1510 1671 1810 1738 estdicere,

231 1769 508 1824 cathedra:
540 1768 679 1822 beati
711 1766 856 1821 Petri
884 1739 1291 1836 subrogaverat.
1325 1765 1444 1836 Ipse
1485 1779 1613 1818 vero
1662 1770 1809 1816 tanta
1843 1739 1884 1797 η

230 1859 517 1914 obsidione
548 1858 983 1929 pra-gravabatur
1013 1867 1074 1912 ut
1101 1872 1274 1923 neque
1303 1856 1404 1910 sibi
1436 1870 1660 1924 usquam
1688 1869 1810 1924 pro-

232 1951 514 2022 grediendi
546 1951 682 2006 liber
712 1951 972 2005 transitus
1003 1959 1231 2018 pateret.
1263 1948 1378 2002 Dux
1427 1963 1581 2009 vero,
1621 1962 1811 2015 quam-

234 2043 323 2097 vis
353 2043 416 2096 ad
443 2044 493 2097 id
519 2043 661 2112 quod
694 2051 929 2112 cmperat
973 2041 1250 2096 intendere
1287 2040 1540 2094 omnibus
1569 2036 1814 2092 utilitati-

232 2133 338 2187 bus
387 2133 440 2186 in
489 2133 669 2187 animo
701 2132 936 2203 praefert,
993 2142 1168 2187 tamen
1212 2131 1572 2187 calamitatem
1611 2137 1814 2183 sancta:

230 2223 494 2279 Romana:
526 2224 778 2280 Ecclesia
819 2224 1064 2290 audiens,
1095 2234 1150 2279 et
1180 2224 1454 2279 dominum
1499 2237 1678 2286 suum,
1714 2221 1814 2275 sub

233 2333 349 2388 quo
377 2317 554 2372 oumia
598 2332 719 2386 quaa
755 2317 987 2372 habebat
1013 2316 1290 2388 possidere
1331 2332 1390 2370 se
1435 2313 1814 2385 cognoscebat.

231 2411 293 2464 in
345 2418 550 2462 tantum
602 2409 899 2479 angustari,
961 2409 1118 2465 fidem
1150 2411 1444 2473 datam,-et
1491 2405 1814 2476 Iegalitatem

234 2518 394 2558 suam
425 2518 648 2557 servans
678 2502 868 2558 maluit
896 2518 1016 2568 sua,
1064 2502 1311 2572 quamvis
1337 2502 1523 2567 chara,
1574 2500 1640 2554 ad
1674 2509 1812 2553 tem-

231 2610 339 2665 pus
369 2609 583 2663 ponere,
617 2603 672 2648 et
705 2605 908 2650 sancta:
935 2593 1330 2668 Dei‘Ecclcsize.
1367 2590 1447 2644 vel
1477 2590 1678 2645 domini
1729 2589 1813 2644 sui

241 2683 664 2739 necessitatibus
693 2683 980 2738 inservire.
1013 2681 1209 2752 Sicque
1243 2681 1351 2737 lilio
1379 2696 1480 2735 suo
1505 2678 1820 2734 Boamnnlo

231 2775 615 2830 strenuissimo
650 2775 806 2828 militi
855 2791 974 2845 qua:
1009 2781 1249 2843 coeperat
1295 2769 1634 2842 exsequenda
1667 2784 1820 2824 com-

234 2868 480 2932 mittens,
526 2867 696 2938 copiis
733 2867 981 2922 omnibus
1037 2867 1136 2921 sibi
1205 2865 1482 2934 delcgatis,
1541 2863 1655 2933 ipse
1697 2877 1820 2916 cum

234 2957 426 3028 paucis
467 2958 676 3028 placito
707 2958 908 3030 remige
939 2972 1136 3013 versus
1168 2958 1440 3027 Apuliam,
1487 2969 1678 3011 versus
1708 2951 1821 3024 11]-

242 3049 500 3104 druntum
525 3066 612 3122 ap,
632 3049 779 3105 licat.

778 3233 1005 3292 CAPUT
1057 3231 1294 3288 XXXIII.

394 3371 541 3426 Duce
573 3382 855 3426 reuertente
893 3369 1042 3439 fraus
1075 3366 1384 3438 populorum
1413 3374 1683 3437 prenntur.
1707 3392 1738 3414 .---

323 3505 398 3565 Ea
437 3517 755 3579 tempestate
789 3507 994 3578 plures,
1025 3505 1164 3576 apud
1193 3503 1439 3574 Apuliam
1478 3511 1696 3574 propter
1735 3501 1829 3556 ab-

254 3601 488 3657 sentiam
537 3601 688 3656 ducis
717 3597 1026 3662 insolentes,
1074 3596 1333 3652 adversus
1378 3611 1501 3650 eum
1552 3593 1831 3662 conspira-

251 3700 466 3757 verant,
493 3690 738 3746 volentes
780 3703 841 3744 ea
871 3703 992 3758 quae
1020 3685 1136 3756 ejus
1165 3684 1302 3756 juris
1349 3693 1504 3739 erant
1545 3698 1828 3753 usurpare,

251 3791 504 3852 putantes
532 3797 654 3836 eum
691 3779 975 3836 altioribus
1017 3780 1246 3850 negotiis
1290 3778 1555 3832 intentum
1604 3775 1830 3830 ulterius

246 3874 585 3945 regrediendi
618 3873 744 3928 illuc
782 3888 888 3926 non
919 3887 1130 3928 curare.
1166 3871 1316 3928 Unde
1346 3883 1402 3926 et
1433 3868 1725 3927 Gaufridus
1763 3869 1830 3924 de

245 3965 592 4018 Conversana
626 3963 767 4033 apud
817 3961 1028 4027 urbem,
1087 3977 1205 4032 qua:
1257 3959 1386 4016 Oria
1417 3961 1636 4026 dicitur,
1686 3959 1829 4014 haud

247 4052 408 4124 longe
438 4069 466 4107 a
497 4053 772 4124 provincia
800 4053 1091 4110 Tarentina
1113 4054 1444 4108 obsidionem
1463 4066 1685 4123 ponens,
1711 4052 1830 4121 plu-

245 4143 445 4198 rimum
468 4141 788 4199 lacessendo
821 4143 1206 4200 infestissimus
1236 4152 1372 4197 erat.
1393 4143 1507 4196 Dux
1527 4157 1656 4196 vero
1687 4141 1831 4210 apud

246 4232 584 4303 Hydruntum
621 4233 933 4302 applicans,
984 4233 1166 4288 audito
1209 4232 1327 4285 urbi
1359 4231 1696 4286 obsidionem
1731 4231 1831 4284 im-

247 4325 478 4390 minere,
515 4325 755 4381 illorsum
794 4342 917 4381 cum
950 4325 1138 4397 paucis
1166 4325 1488 4394 appropiare
1537 4321 1826 4377 azeelcrat.

245 4415 420 4471 Porro
448 4415 522 4470 illi
554 4417 644 4486 qui
673 4417 972 4471 obsidionis
999 4415 1242 4487 primarii
1274 4405 1452 4478 erant,
1473 4429 1570 4482 per
1593 4415 1825 4484 legatum

249 4506 442 4561 ducem
473 4508 851 4562 adventantem
891 4513 1294 4576 cognoscentes,
1337 4503 1676 4574 praesentiam
1714 4503 1829 4573 ejus

247 4601 702 4657 exhorrescentes
730 4601 799 4655 ab
853 4601 1088 4670 incoepta
1138 4599 1415 4663 deterriti,
1464 4613 1585 4652 cum
1649 4597 1830 4667 plures

249 4702 454 4758 essent,
484 4694 765 4748 obsidione
792 4693 950 4748 solita
978 4692 1207 4763 quisque
1227 4691 1409 4761 fugam
1441 4688 1748 4742 accelerans
1776 4688 1828 4743 in

253 4798 351 4838 sua
383 4783 654 4840 dilabitur.
685 4782 840 4838 Cives
873 4791 1074 4848 autem,
1104 4782 1181 4836 sic
1208 4780 1521 4835 obsessione
1548 4793 1652 4846 qua
1685 4794 1829 4847 pra:-

251 4879 617 4945 gravabantur
636 4877 799 4942 eruti,
831 4875 1137 4930 advenienti
1173 4873 1294 4928 duci
1343 4885 1635 4926 occurrere
1672 4886 1831 4928 acce-

253 4969 458 5038 lerant;
490 4988 610 5027 cum
643 4969 839 5041 gaudio
866 4978 918 5022 et
947 4969 1092 5023 omni
1115 4966 1375 5035 obsequio
1395 4962 1692 5031 excipiunt.
1722 4963 1830 5023 Sed

253 5075 351 5130 per
383 5065 692 5120 universam
735 5058 982 5114 Apuliam
1017 5059 1324 5120 seditiones,
1370 5070 1504 5126 quas
1540 5053 1832 5119 inﬁdelitas

249 5155 500 5178 a---l-----_.
540 5167 555 5180 ι
627 5173 653 5180 -
692 5154 975 5184 ηηωοηιιιῖη
1023 5152 1138 5188 hinc
1190 5152 1388 5190 cminlen
1438 5147 1488 5192 in
1535 5161 1827 5196 Ωοιιςηρριιι

278 5155 500 5178 ---ι-----έ
540 5167 555 5180 ι
627 5173 653 5180 -
692 5154 975 5184 -ηνηηοηιιιέη
1023 5152 1138 5188 hinc
1190 5152 1388 5190 culinis“

1357 282 1677 338 HISTORIA
1721 279 1984 335 SICULA.
2033 312 2099 320 —
2132 280 2256 335 LIB.
2282 282 2363 337 Ill.

228 409 484 478 princeps
513 405 782 461 Robertus
816 401 1171 462 Guiscardus,
1216 399 1354 469 apud
1388 398 1642 469 llalgaros
1693 397 1804 450 for-
1836 401 1884 456 Α

3346 284 3480 339 H73

2442 400 2668 456 CAPUT
2709 401 2944 456 XXXIV.

1943 491 2063 545 Dux
2106 492 2272 560 fratre
2315 497 2566 548 arcessito
2615 512 2773 561 super
2808 495 3117 563 Capuanum
3163 495 3445 564 principem

2619 567 2776 618 radit.

1976 669 2145 726 Porro
2173 681 2300 738 oux,
2333 672 2501 728 fratre
2526 675 2720 728 comite
2757 689 2787 728 a
2842 672 3023 729 Sicilia
3066 674 3345 737 arcessito,
3393 672 3484 727 ad-

1906 772 2053 817 moto
2100 763 2334 834 plurimo
2361 767 2628 828 exercitu,
2682 780 2846 834 super
2891 763 3187 819 Jordanum
3237 775 3482 834 nepotem

1907 869 2061 909 suum
2117 856 2412 927 principem
2469 856 2687 911 Aversa:
2743 871 2946 911 messes
2994 865 3262 910 vastatum
3314 855 3482 910 vadit.

1909 943 2042 998 Nam
2073 962 2194 1000 cum
2245 957 2401 1001 antea
2452 947 2596 1002 inter
2637 947 2782 1017 ipsos
2827 947 3058 1002 diversis
3101 946 3486 1002 controversiis

1910 1036 2206 1091 inimicitia:
2237 1029 2637 1103 etferbuissent,
2665 1038 2767 1093 hoc
2795 1039 2873 1093 ira
2910 1038 2962 1093 in
2995 1038 3291 1108 principem
3321 1037 3490 1106 pluri-

1910 1146 2055 1186 mum
2082 1130 2462 1194 incalescebat,
2489 1131 2632 1201 quod
2660 1131 2871 1186 noviter
2896 1132 2948 1184 in
2981 1131 3238 1185 damnum
3270 1137 3488 1198 aposto-

1910 1221 2021 1288 lici,
2073 1223 2416 1293 imperatoris
2462 1224 2737 1279 hominem
2782 1224 2956 1295 ipsum
2997 1223 3266 1286 ell‘ectum,
3299 1230 3354 1276 et
3385 1231 3490 1276 ter-

1911 1325 2026 1364 ram
2056 1325 2208 1365 suam
2239 1312 2338 1366 sub
2363 1310 2479 1380 ipso
2508 1311 2918 1367 deserviendam
2950 1311 3254 1382 suscepisse
3305 1311 3488 1364 audie-

1914 1412 2020 1458 rat.
2055 1401 2290 1458 Veniens
2315 1405 2498 1475 itaque
2543 1419 2666 1460 cum
2699 1405 2939 1460 exercitu
2989 1412 3115 1459 ante
3155 1405 3342 1458 urbem
3389 1402 3491 1458 Ca-

1911 1512 2165 1566 puanam,
2215 1505 2269 1550 et
2318 1495 2569 1549 Castrum
2624 1495 2767 1564 quod
2824 1495 3029 1551 Aversa
3088 1494 3317 1558 dicitur,
3376 1491 3492 1562 ipso

1914 1587 2104 1652 invito,
2135 1602 2233 1640 nec
2263 1585 2580 1656 propulsare
2611 1585 2844 1652 valente,
2883 1600 2981 1653 per
3024 1594 3146 1640 octo
3183 1592 3239 1639 et
3284 1597 3349 1638 eo
3379 1597 3494 1636 am-

1912 1679 2052 1748 plius
2083 1680 2198 1735 dies
2241 1694 2612 1744 commorans,
2655 1678 2822 1734 multa
2868 1677 3284 1749 depopulatione
3327 1684 3494 1732 totam

1914 1772 2247 1843 provinciam
2287 1772 2582 1827 lacessivit.
2631 1769 2738 1827 Sed
2769 1771 2895 1842 quia
2939 1770 3061 1840 ipse
3087 1768 3353 1825 Jordanus
3389 1767 3501 1822 ele-

1916 1865 2266 1937 gantissimus
2290 1864 2444 1920 miles
2475 1871 2592 1917 erat
2622 1872 2675 1920 et
2709 1861 3140 1934 elegantissimos
3178 1874 3360 1914 secum
3399 1859 3499 1912 ha-

1917 1960 2094 2022 bebat,
2128 1958 2293 2013 multa
2320 1957 2625 2012 militariter
2655 1956 2886 2011 diversis
2919 1953 3298 2025 congressibus
3327 1949 3501 2004 utrin-~

1916 2065 2019 2120 que
2051 2058 2358 2119 perpetrata
2397 2057 2544 2103 sunt.
2575 2048 2702 2102 lude
2733 2045 2935 2116 itaque,
2968 2044 3182 2099 rediens
3213 2055 3308 2111 per
3336 2047 3503 2094 totam

1915 2139 2161 2211 Apuliam
2191 2150 2248 2194 et
2292 2138 2624 2202 Calabriam,
2654 2137 2952 2193 exercitum
2988 2133 3333 2205 perscribens
3378 2128 3503 2183 sub-

1917 2241 2119 2298 monet,
2176 2243 2233 2284 ut
2281 2231 2528 2301 proxima
2561 2237 2787 2284 ventura
2825 2218 3014 2282 aestate
3057 2240 3240 2280 secum
3273 2222 3501 2276 Romam

1918 2340 2080 2395 super
2112 2323 2497 2396 imperatorem
2543 2320 2671 2377 ituri
2701 2333 2966 2391 expensas
2991 2324 3324 2373 commeatus
3354 2321 3504 2386 apta-

1920 2425 2063 2473 rent.

2451 2521 2680 2581 CAPUT
2718 2519 2936 2578 XXXV.

2203 2619 2481 2676 Jordanus
2525 2629 2707 2674 contra
2743 2627 2943 2688 patrem
2979 2613 3202 2684 insurgit

1994 2714 2214 2777 Comes,
2266 2727 2296 2766 a
2344 2711 2512 2766 fratre
2550 2709 2765 2766 noviter
2813 2724 2844 2762 a
2891 2706 3141 2776 Bulgaria
3196 2709 3504 2756 revertcnle

1927 2806 2209 2870 invitatus,
2243 2803 2347 2859 sibi
2374 2815 2663 2858 occurrere
2685 2814 2875 2854 versus
2907 2795 3156 2867 Apuliam
3189 2792 3503 2854 intendens,

1925 2900 2164 2957 Jordano
2188 2899 2301 2954 (Ilio
2331 2914 2430 2954 suo
2460 2896 2703 2952 Siciliam
2727 2890 3120 2964 procuramlam
3161 2887 3393 2956 delegat,
3425 2884 3509 2937 in-

1927 2993 2202 3050 terdicens
2226 2990 2482 3046 omnibus
2512 3003 2579 3042 ne
2603 2987 2724 3058 quis
2753 2986 2807 3040 in
2831 2985 2896 3039 iis
2920 2998 3039 3054 quae
3066 2979 3382 3051 prmeiperct
3405 2973 3505 3028 sibi

1851 3118 1898 3182 ο
1928 3085 2237 3144 contrarius
2274 3099 2395 3140 esse
2436 3087 2812 3152 przesumeret.
2856 3077 2988 3132 Erat
3023 3082 3200 3128 autem
3243 3068 3508 3125 Jordanus

1931 3195 1999 3235 ex
2027 3177 2351 3238 concubina,
2391 3182 2574 3228 tamen
2627 3185 2834 3240 magna:
2881 3167 3012 3221 viris
3049 3164 3195 3235 (274)
3244 3159 3408 3215 animi
3455 3166 3509 3211 et

1927 3269 2198 3339 corporis,
2240 3274 2296 3321 ct
2322 3277 2640 3334 magnarum
2671 3275 2853 3315 rerum
2881 3256 3086 3325 glorim,
3121 3267 3229 3306 sum
3265 3249 3508 3305 domina-

1933 3359 2094 3415 tionis
2142 3356 2443 3428 appetitor;
2487 3362 2541 3408 et
2575 3351 2893 3422 jamdudum
2936 3345 3168 3402 consilio
3217 3355 3508 3412 pravorum

1931 3451 2033 3507 sibi
2065 3446 2456 3505 adhaarentium
2492 3444 2754 3514 juvenum
2782 3440 2946 3494 tacito
2973 3437 3074 3491 sub
3103 3442 3323 3505 pectore
3351 3447 3506 3490 usus,

1933 3537 2243 3610 insurgendi
2287 3535 2746 3605 conspirationem
2792 3544 3041 3593 versans,
3080 3528 3158 3582 sic
3199 3522 3509 3579 discedente

1931 3639 2107 3704 patre,
2135 3630 2309 3685 locum
2348 3641 2460 3682 suae
2490 3639 2670 3697 prava:
2699 3619 3086 3692 dispositionis.
3127 3625 3186 3670 ut
3223 3615 3323 3669 sibi
3361 3612 3511 3666 diee-

1931 3723 2112 3787 batur,
2140 3729 2353 3785 nactus,
2391 3717 2575 3788 plures
2604 3715 2794 3774 callide
2821 3709 3314 3772 circumvenieudo,
3350 3705 3509 3760 fidem

1933 3814 2172 3880 illorum,
2217 3811 2449 3867 necdum
2499 3808 2716 3880 negotio
2755 3820 2969 3876 aperto,
3000 3812 3118 3857 astu
3160 3799 3425 3854 abstrahit
3453 3806 3513 3850 ut

1934 3917 2268 3976 quaecunque
2291 3900 2440 3972 (275)
2467 3900 2579 3969 ipse
2603 3898 2749 3969 prior
2779 3895 3066 3964 inciperet,
3093 3892 3190 3961 ipsi
3217 3887 3511 3958 complices

1935 3997 1988 4051 in
2043 3992 2373 4065 perficiendo
2417 3991 2796 4062 persisterent.
2857 3984 3080 4041 Talibus
3125 3983 3308 4050 itaque
3358 3977 3510 4049 (276)

1935 4085 2201 4156 deceptis,
2255 4082 2478 4138 tandem
2542 4080 2724 4136 dolum
2773 4077 2868 4130 diu
2926 4073 3248 4142 dispositum
3302 4068 3504 4136 aperit.

1931 4179 2069 4235 Cum
2108 4175 2432 4246 quibusdam
2467 4169 2804 4242 displicuerit
2833 4166 3009 4238 (277),
3031 4163 3272 4236 pluribus
3312 4159 3507 4229 placet.

1936 4267 2142 4334 Quibus
2172 4263 2318 4335 (278)
2350 4263 2579 4333 quisque
2617 4258 2766 4330 (279)
2803 4256 3004 4311 talibus
3045 4251 3313 4309 assentire
3366 4247 3511 4301 reni-

1935 4368 2054 4412 tens
2093 4356 2336 4425 improbe
2366 4351 2517 4423 (280)
2561 4351 2810 4404 hortatur
2842 4362 2908 4401 ne
2937 4346 3093 4400 fidem
3131 4343 3313 4396 datam
3360 4352 3514 4391 men-

1860 4459 1909 4519 ι)
1937 4450 2022 4503 tiri
2048 4447 2195 4511 velit,
2223 4452 2560 4501 sacramenta
2575 4441 2716 4512 patri
2735 4438 2972 4494 exhibita
2998 4437 3053 4490 in
3077 4434 3179 4488 hoc
3201 4431 3347 4487 salva
3369 4428 3508 4487 fure.

1931 4538 2075 4609 quod
2107 4536 2459 4604 proficiscens
2494 4530 2754 4601 quidquid
2777 4527 3048 4583 Jordanus
3073 4523 3236 4578 vellet
3261 4518 3344 4574 vel
3372 4531 3510 4609 pne-

1932 4607 2160 4697 ciperet,
2202 4624 2454 4680 omnibus
2484 4622 2706 4677 obedire
2729 4621 2926 4674 debere
2962 4617 3349 4684 imperaverat.
3385 4607 3510 4662 Jor-

1935 4718 2076 4774 dano
2102 4717 2255 4786 plura
2303 4713 2680 4786 promittente,
2715 4709 2796 4767 sic
2832 4707 2986 4779 pravi
3017 4703 3224 4760 consilii
3257 4711 3518 4754 assensus

1935 4812 2075 4866 inter
2104 4811 2284 4880 plures
2310 4823 2340 4861 a
2365 4805 2609 4863 .Iordano
2639 4805 2692 4859 in
2723 4804 2792 4859 iis
2818 4817 2938 4870 qua:
2965 4795 3134 4869 patris
3157 4800 3338 4853 erant,
3373 4788 3516 4840 ultra

1933 4919 2096 4976 quam
2141 4906 2382 4967 deceret,
2435 4897 2524 4955 vel
2555 4897 2624 4952 ab
2653 4899 2771 4970 ipso
2822 4906 2980 4963 patre
3006 4889 3519 4976 concessum-erat,

1934 4971 2301 5066 prmsuniitur.
2342 4991 2479 5047 Nam
2512 4999 2756 5045 castrum
2799 4985 2984 5040 Sancti
3014 4980 3184 5038 Marci
3219 4987 3277 5032 et
3314 4971 3528 5026 Mistre—

1939 5100 2047 5145 tam
2076 5091 2176 5146 sibi
2201 5100 2498 5154 usurpans,
2523 5082 2742 5141 detecta
2766 5080 2978 5142 fraude,
3008 5078 3221 5144 praedas
3241 5082 3339 5141 per
3363 5073 3533 5154 ιξιθῐξι

2013 5197 2027 5199 _
2074 5181 2177 5200 οη-.
2255 5197 2268 5199 -
2304 5175 2508 5200 uda)-..“
2550 5173 2694 5200 ius..-
2717 5170 2844 5200 Ιηιιῖι
2918 5166 3024 5200 Qui.
3064 5175 3116 5200 ΩΙ
3157 5169 3351 5200 verens
3378 5150 3537 5200 ΤΙὫῘ-

2255 5197 2268 5199 -
2304 5175 2508 5200 μέλεα.
2550 5170 2822 5200 :..-....1....:
