4010 5230
535 281 668 349 1179

1414 284 1759 342 GAUFREDI
1800 282 2247 342 MALATERRE
2285 282 2593 343 MONACHI
2637 283 2994 343 BENEDICT.

3656 285 3785 348 H83

534 391 833 451 frustratus
863 434 878 461 ,
953 410 1156 452 vacuus
1213 396 1368 451 redit.
1428 396 1562 452 Nam
1616 399 1796 455 ﬁdeles
1857 398 2102 463 comitis,
2132 407 2177 463 Α
2208 399 2385 454 minus
2415 400 2704 465 suﬁictens,
2750 408 2804 456 et
2825 399 3193 457 Romanorum
3230 401 3497 469 fraudem,
3535 404 3785 474 quamvis

520 476 729 541 fraude
760 495 1060 557 comperta,
1088 487 1245 541 simul
1283 488 1684 555 convenientes,
1718 487 1987 545 hostiliter
2015 503 2104 543 ac-

534 567 815 632 cedentem
840 579 907 631 ab
943 578 1072 647 ipsis
1095 575 1292 633 ﬁnibus
1340 587 1547 634 arcent.
1592 579 1743 646 Quod
1792 595 1914 635 cum
1962 579 2102 650 patri

535 667 901 721 renuntiatum
947 666 1159 733 fuisset,
1213 669 1440 723 reditum
1482 669 1773 736 accelerat,
1828 681 2008 741 atque,
2046 678 2104 723 ut

533 760 615 813 vir
648 761 882 830 sapiens,
913 762 1134 832 provide
1157 777 1344 834 agens,
1378 779 1444 819 ne
1469 764 1607 821 ﬁlius
1634 765 1855 819 territus
1874 765 1940 819 ad
1968 762 2100 818 Sar-

534 865 778 916 racenos,
803 852 894 921 qui
927 852 1104 907 adhuc
1141 854 1370 908 rebelles
1398 864 1577 921 erant,
1609 856 1888 921 transiret,
1916 869 2103 910 versus

532 955 652 994 eum
684 940 954 997 hostiliter
978 941 1059 997 ire
1075 942 1410 1008 dissimulat;
1437 942 1527 998 sed
1553 944 1732 998 omnia
1756 960 1874 1013 qua:
1901 942 2104 1001 fecerat

530 1031 693 1095 ﬁlius,
720 1033 944 1101 juvenili
987 1040 1152 1089 astate
1178 1042 1232 1089 et
1260 1034 1592 1107 indulgentia
1652 1036 1809 1104 digna
1857 1034 2100 1089 ascribit.

529 1120 596 1174 At
629 1136 749 1174 cum
798 1122 910 1176 tilio
935 1136 1051 1192 quae
1087 1121 1292 1178 fecerat
1327 1133 1537 1194 patrem
1575 1124 1762 1179 leviter
1792 1124 1933 1179 ferre
1962 1139 2102 1178 nun-

533 1215 717 1279 tiatur,
777 1215 957 1270 minus
1018 1215 1085 1271 iis
1132 1216 1222 1286 qui
1281 1231 1464 1272 secum
1521 1226 1678 1272 erant
1746 1216 2099 1287 prospiciens,

530 1302 691 1358 ﬂebili
739 1304 943 1360 ﬁndere
989 1305 1306 1377 interposito
1345 1309 1411 1362 ad
1441 1319 1651 1378 patrem
1680 1308 1906 1362 accedit.
1940 1307 2103 1363 Pater

530 1397 596 1450 ad
634 1407 842 1468 tempus
875 1399 1009 1453 iram
1053 1400 1420 1464 dissimulans,
1450 1400 1755 1456 advenienti
1787 1399 1897 1455 ﬁlio
1925 1399 2100 1453 laetum

529 1488 734 1543 vultum
797 1489 1052 1545 ostendit.
1117 1490 1224 1546 Sed
1276 1492 1464 1561 paucis
1514 1490 1705 1546 diebus
1771 1490 2102 1561 interpositis

529 1588 705 1649 pater,
734 1580 784 1634 in
812 1579 1054 1636 futurum
1083 1583 1423 1653 prospiciens
1460 1600 1528 1638 ne
1559 1583 1601 1639 si
1635 1584 1667 1637 ii
1697 1583 1788 1654 qui
1816 1582 1920 1638 tale
1967 1600 2093 1639 con-

528 1672 705 1725 silium
740 1672 847 1727 ﬁlio
881 1674 1170 1744 complices
1200 1673 1326 1729 facti
1363 1674 1621 1729 dederant
1651 1675 1867 1747 impune
1918 1685 2099 1731 trans-

500 1832 506 1838 ι
529 1764 691 1829 irent,
719 1765 809 1819 alii
833 1764 899 1820 ad
923 1765 1097 1821 simile
1121 1766 1321 1835 aliquid
1345 1774 1734 1837 praesumentes
1761 1777 2099 1839 raperentur,

529 1854 806 1909 nesciente
859 1855 1003 1919 ﬁlio,
1069 1848 1351 1912 duodecim
1405 1856 1614 1927 priores
1670 1856 1829 1927 hujus
1876 1859 2100 1926 erroris,

530 1960 692 1998 unum
740 1956 863 2016 post
913 1947 1076 2004 alium
1121 1962 1426 2015 arcessens,
1478 1951 1652 2007 oculis
1699 1952 1902 2021 privari
1949 1951 2096 2008 fecit.

528 2036 646 2115 Quo
678 2029 823 2093 facio
870 2038 1038 2093 ﬁlium
1073 2041 1235 2095 etiam
1271 2040 1361 2095 tali
1412 2041 1647 2112 incmpto
1691 2042 1917 2098 ulterius
1947 2059 2099 2099 com-

527 2138 755 2194 pescere
800 2130 1056 2184 terrendo
1108 2130 1315 2199 volens,
1373 2132 1712 2198 arcessitum,
1766 2132 1906 2188 idem
1939 2149 2099 2190 causa

517 2214 743 2283 justitize
770 2215 948 2273 facere
979 2218 1186 2286 ﬁngens
1212 2220 1467 2274 minatur.
1503 2221 1608 2275 Sed
1632 2238 1661 2274 ιι
1695 2221 1941 2277 ﬁdelibus
1964 2223 2097 2287 suis,

526 2305 725 2375 quibus
768 2322 834 2361 ex
865 2308 1127 2364 industria
1174 2310 1315 2365 idem
1347 2326 1508 2381 agere
1532 2312 1880 2383 prmdixerat,
1915 2324 2098 2369 reten-

525 2408 633 2463 tus,
666 2398 855 2454 territo
885 2398 1016 2461 ﬁlio,
1042 2400 1105 2454 de
1141 2413 1339 2455 caetero
1361 2417 1462 2471 pro
1484 2401 1639 2457 libitu
1671 2417 1789 2467 suo,
1814 2413 1873 2457 ut
1895 2404 2095 2470 decuit,

524 2502 654 2543 usus
679 2497 791 2555 est;
830 2506 955 2545 nam
1000 2491 1280 2562 disciplina
1309 2503 1363 2547 et
1392 2493 1535 2564 rigor
1559 2491 1784 2561 iustitiae
1820 2507 1941 2548 cum
1967 2509 2099 2564 pace

523 2580 958 2635 communionem
987 2582 1204 2646 habent,
1235 2582 1518 2639 Psalmista
1537 2594 1846 2653 attestantc,
1869 2587 1959 2657 qui
1982 2585 2056 2639 ait
2080 2603 2095 2642 :

522 2671 888 2728 Misericordia
934 2685 983 2729 et
1034 2678 1229 2730 veritus
1270 2678 1603 2733 obviaverunt
1635 2680 1756 2745 sibi,
1799 2681 2012 2750 justitia
2048 2690 2096 2734 et

519 2781 624 2834 pax
648 2766 899 2820 osculata:
935 2778 1056 2821 sunt
1097 2768 1267 2840 (Psal.
1300 2786 1521 2836 Lxxxw,
1556 2772 1664 2837 ll).
1698 2772 1788 2826 Sic
1813 2773 1956 2826 enim
1997 2772 2097 2827 mi-

521 2853 810 2909 sericordia
837 2858 1090 2912 sectanda
1113 2867 1197 2913 est
1221 2866 1277 2911 ut
1301 2858 1508 2927 iustitia
1539 2860 1813 2915 remissior
1834 2861 1887 2914 in
1912 2861 2074 2926 ultra,

518 2958 682 3012 quam
734 2946 908 3011 decet,
943 2961 1046 3000 non
1083 2948 1170 3011 sit,
1220 2963 1291 3003 ne
1340 2950 1471 3003 vitia
1519 2950 1746 3005 nimium
1775 2951 2096 3007 inolescant.

521 3034 680 3090 Unde
726 3047 781 3092 et
810 3039 1068 3107 providus
1093 3049 1268 3110 pater,
1299 3049 1358 3096 ut
1400 3042 1616 3112 sapiens
1657 3042 1918 3108 medicus,
1952 3044 2096 3099 hunc

522 3129 696 3198 ipsum
740 3129 905 3183 tilium
952 3145 1128 3196 suum,
1192 3140 1305 3189 uta
1363 3134 1633 3203 pravitate
1691 3144 2086 3205 compesceret,

521 3228 673 3276 tanto
706 3222 885 3292 rigore
917 3224 1164 3278 territum
1196 3225 1423 3280 attrivit.

1042 3315 1269 3372 CAPUT
1309 3316 1542 3372 XXXVI.

911 3401 1051 3460 θη
1068 3406 1289 3461 Romam
1316 3409 1454 3463 vadit
1480 3419 1533 3463 et
1555 3411 1670 3479 capi
1681 3422 1719 3466 '.

588 3494 745 3549 Anno
779 3494 963 3565 itaque
1001 3496 1297 3552 Dominicze
1342 3496 1743 3556 lncarnationis
1788 3500 1947 3566 l083,
1982 3515 2097 3556 om-

520 3586 681 3640 nibus
709 3586 859 3657 (231)
914 3588 1327 3645 accuratissime
1366 3593 1660 3661 apparatis,
1700 3595 1943 3664 equestri
1975 3595 2094 3665 plu-

518 3679 660 3733 rimo
701 3681 971 3747 exercitu,
1023 3681 1117 3735 sed
1165 3689 1220 3735 et
1271 3683 1511 3752 peditum
1561 3683 1710 3755 (282)
1765 3687 1937 3757 copiis
1988 3678 2096 3742 dux

517 3785 709 3825 versus
756 3772 981 3827 Romam
1020 3773 1089 3826 ad
1119 3774 1489 3829 oltSessionetn
1533 3776 1680 3847 (283)
1731 3779 2095 3848 imperatoris,

521 3859 929 3929 iuﬁdeliumque
959 3862 1326 3917 Romanorum
1353 3863 1503 3935 (284)
1531 3881 1723 3936 papam
1753 3867 2094 3940 Gregorium,

523 3950 615 4017 qui
646 3959 701 4004 et
740 3950 1096 4008 lldebrandus
1137 3962 1264 4008 ante
1293 3964 1605 4025 susceptum
1644 3958 1797 4030 (285)
1840 3969 2096 4031 papatum

530 4041 836 4108 dicebatur,
887 4053 1079 4099 contra
1126 4044 1277 4117 (286)
1325 4047 1618 4115 Cmsarem,
1668 4051 1714 4104 si
1763 4067 1986 4107 necesse
2029 4053 2101 4108 sit

520 4131 709 4203 ($87),
757 4143 810 4187 et
853 4135 955 4190 nisi
1018 4137 1212 4200 cedat,
1262 4138 1576 4194 dimicatum
1630 4140 1840 4196 leonina
1896 4143 2098 4198 feroci-

519 4234 629 4280 tate
656 4225 803 4297 (288)
832 4227 936 4282 iter
962 4228 1216 4285 intendit.
1291 4231 1362 4287 At
1394 4246 1517 4286 cum
1544 4229 1658 4301 jam
1688 4248 1854 4303 prope
1878 4244 2097 4290 ventum

515 4325 617 4383 est,
651 4317 864 4373 incaute
890 4320 1142 4376 incedere
1172 4321 1381 4387 volens,
1403 4322 1668 4378 ordinatis
1691 4323 1930 4388 aciebus,
1956 4325 2098 4383 inille

2207 490 2577 545 indelicientes
2606 490 2677 543 illi
2714 489 2906 546 adesse
2940 492 3338 561 promitterent,
3368 494 3791 561 pertimescens,

2205 597 2328 637 cum
2362 583 2599 639 maximo
2634 583 2824 639 dolore
2855 584 3018 638 animi
3062 583 3282 650 cedens,
3313 584 3465 640 Urbe
3506 585 3787 656 digressus

2199 674 2312 744 jam
2356 684 2483 751 ante
2515 673 2748 729 triduum
2782 684 3105 730 recesserat.
3138 676 3253 729 Dux
3294 677 3477 745 itaque
3507 676 3784 730 neminem

2205 764 2328 832 sibi,
2361 774 2421 833 ut
2445 765 2844 834 suslwicabatur,
2877 777 3255 821 occursantcm
3304 767 3575 822 hostiliter
3615 764 3786 821 οπω-

2205 855 2359 922 deus,
2402 854 2574 910 libero
2610 854 2677 909 ad
2710 855 2898 910 urbem
2931 870 3151 911 accessu
3198 872 3349 923 usus,
3379 867 3506 912 ante
3545 866 3783 927 portam,

2204 962 2310 1017 qua
2370 948 2454 999 via
2508 943 2812 1000 Tusculana
2864 946 3183 1017 porrigitur,
3224 946 3379 1016 juxta
3426 948 3785 1018 aqumductus

2204 1046 2661 1103 eastrametatur,
2687 1036 2774 1092 ubi
2811 1037 2988 1091 triduo
3023 1047 3406 1095 commoratus.
3441 1038 3587 1095 Urbe
3627 1040 3787 1093 undi-

2204 1144 2309 1199 que
2343 1129 2864 1197 circumconspecta,
2893 1129 3125 1199 quodam
3153 1130 3388 1186 diluculo
3410 1146 3533 1187 cum
3562 1130 3711 1184 mille
3729 1138 3786 1185 et

2208 1219 2465 1274 trecentis
2493 1218 2750 1273 militibus
2778 1219 2845 1272 ad
2873 1230 3107 1287 portam,
3140 1236 3259 1291 quae
3290 1220 3348 1276 S.
3382 1220 3665 1276 Laurentii
3704 1220 3786 1274 div

2204 1308 2367 1373 citur,
2396 1308 2497 1362 sub
2528 1307 2848 1377 aqumductu
2891 1306 3048 1376 juxta
3074 1309 3336 1374 Tiberim,
3373 1309 3463 1364 ubi
3514 1310 3783 1365 minorem

2203 1399 2524 1465 custodiam,
2556 1399 2771 1455 nemine
2812 1400 2864 1455 iu
2909 1399 2995 1455 illa
3036 1409 3189 1470 parte
3223 1400 3422 1471 aliquid
3447 1400 3801 1468 suspicante,

2204 1491 2495 1560 persensit,
2524 1492 2812 1560 accedens,
2847 1494 3007 1549 scalis
3036 1494 3260 1547 silenter
3298 1491 3563 1563 appositis
3600 1506 3787 1547 muros

2206 1584 2573 1649 transcendit,
2603 1584 2881 1654 portisque
2932 1584 3076 1639 ferro
3110 1584 3315 1654 apertis
3361 1598 3489 1638 suos
3538 1583 3786 1637 introdu-

2203 1690 2368 1743 ccns,.
2400 1690 2497 1745 per
2537 1675 2745 1745 plateas
2775 1676 2925 1730 urbis
2964 1660 3134 1746 usque
3184 1674 3248 1729 ad
3289 1682 3530 1745 pontem,
3572 1672 3628 1725 in
3679 1686 3785 1741 quo

2137 1753 2177 1811 Β
2206 1778 2339 1819 suus
2355 1767 2627 1821 exercitus
2650 1764 3058 1836 przestolabatur
3078 1763 3430 1820 Guiscardum
3453 1761 3791 1817 clamoribus

2207 1854 2612 1925 ingeminando,
2645 1856 2899 1925 civesque
2936 1854 3208 1920 terrendo,
3236 1862 3498 1924 portaque
3525 1852 3573 1905 vi
3605 1851 3789 1922 potius

2203 1947 2379 2002 fracta
2412 1962 2574 2017 quam
2614 1954 2855 2003 reserata
2883 1961 3009 2002 suos
3048 1945 3440 2009 intromittens,
3468 1942 3677 1998 Urbem
3709 1942 3783 1996 iro

2204 2039 2426 2116 rumpit.
2481 2038 2682 2109 Sicque
2730 2039 2941 2094 directo
2990 2037 3194 2108 impetu
3244 2049 3416 2105 usque
3466 2034 3537 2089 ad
3590 2033 3785 2087 turrim

2202 2128 2499 2185 Crescentii
2555 2143 2884 2200 percurrens
2929 2142 3123 2200 papam
3192 2124 3374 2195 eripit,
3423 2125 3792 2192 eductumque

2202 2220 2430 2283 honore,
2469 2221 2577 2288 quo
2625 2218 2855 2274 decebat
2883 2219 3159 2274 abducens
3187 2214 3387 2288 palatio
3416 2212 3785 2269 Lateranensi

2204 2310 2459 2376 restituit,
2493 2311 2582 2366 ubi
2618 2311 2724 2364 dux
2753 2310 2921 2379 prior,
2948 2316 3001 2363 et
3035 2322 3212 2363 omnis
3254 2306 3552 2371 exercitus,
3592 2303 3787 2358 subse-

2200 2411 2427 2471 quenter
2454 2416 2575 2456 cum
2609 2399 2969 2456 oblationibus
3000 2399 3066 2453 ad
3098 2398 3260 2468 pedes
3290 2395 3406 2467 eius
3427 2395 3614 2449 debito
3638 2408 3792 2448 more

2201 2494 2491 2564 provoluti,
2537 2494 2829 2566 plurimum
2863 2494 3174 2548 thesaurum
3206 2489 3576 2545 contulerunt.
3617 2486 3788 2541 Porro

2201 2587 2427 2642 Romani
2477 2586 2683 2641 viribus
2736 2579 3502 2653 resumptis,,con5piratione
3553 2577 3786 2631 invicem

2201 2679 2364 2746 facta,
2397 2679 2554 2733 tertia
2589 2678 2675 2732 die
2703 2685 2825 2748 post
2854 2673 3191 2746 congregati,
3221 2686 3319 2743 per
3341 2671 3553 2726 medias
3582 2668 3791 2740 plateas-

2202 2771 2365 2828 Urbis
2396 2772 2598 2842 impetu
2633 2769 2776 2825 facto
2822 2783 2985 2837 super
3010 2774 3224 2821 nostros
3254 2765 3466 2818 irruere
3494 2771 3781 2816 cernantur.

2198 2863 2287 2916 Fit
2321 2863 2530 2923 clamor
2575 2870 2631 2917 et
2669 2860 2930 2931 strepitus
2958 2859 3009 2912 in
3049 2857 3214 2913 Urbe.
3267 2855 3470 2919 Nostri,
3518 2869 3548 2908 a
3584 2853 3784 2907 mensis

2198 2952 2394 3021 quibus
2443 2949 2775 3014 assidebam,
2821 2954 3261 3019 prorumpentes,
3308 2941 3460 2997 ocius
3514 2942 3570 2995 in
3628 2956 3777 2995 arma

2198 3050 2380 3105 ruunt,
2409 3039 2655 3095 hostibus
2685 3040 2868 3093 hostes
2891 3044 3173 3097 corruunt,
3199 3035 3334 3089 dura
3364 3035 3514 3088 frons
3543 3033 3617 3085 ab
3646 3031 3781 3085 dura

2199 3131 2376 3186 fronte
2417 3131 2687 3186 obviatur.
2735 3128 2997 3200 Rogerius
3036 3127 3179 3181 ﬁlius
3222 3125 3398 3189 ducis,
3446 3137 3576 3177 cum
3630 3121 3774 3175 mille

2197 3225 2470 3295 equitibus
2505 3222 2780 3278 nesciente
2817 3228 2970 3291 patre
3019 3228 3171 3274 extra
3219 3217 3422 3272 Urbem
3451 3230 3481 3269 λ
3514 3214 3775 3269 Romanis

2199 3318 2469 3385 infestari,
2510 3316 2811 3373 citissimus
2842 3329 2965 3370 cum
3013 3313 3212 3382 impetu
3240 3309 3476 3365 advolat.
3512 3307 3623 3362 Sed
3675 3306 3781 3361 Bo-

2198 3409 2373 3465 manis
2417 3408 2632 3464 fortiter
2671 3404 3047 3462 insistentibus
3093 3403 3274 3457 nullus
3303 3402 3539 3470 impetus
3572 3414 3776 3468 praera-

2200 3504 2361 3569 lcbat,
2389 3501 2559 3557 donec
2603 3500 2710 3554 dux
2741 3498 2917 3570 ignem
2949 3495 3280 3558 exclamans,
3335 3492 3478 3547 Urbe
3525 3506 3775 3553 accensa,

2200 3595 2346 3648 ferro
2371 3600 2427 3648 et
2455 3592 2669 3646 ﬂamma
2710 3588 2933 3643 insistit.
2965 3586 3117 3641 Tunc
3153 3585 3366 3640 demum
3410 3581 3669 3645 llninani,
3699 3580 3775 3632 in-

2197 3676 2449 3740 ccndium
2494 3681 2639 3736 ferre
2686 3695 2792 3735 non
2829 3678 3093 3740 valentes,
3138 3677 3188 3729 in
3238 3674 3417 3744 fugam
3470 3683 3771 3727 verzuntur.

2200 3774 2315 3833 Dux
2345 3775 2611 3848 fugientes
2635 3780 2913 3827 extremos
2949 3782 3193 3839 quosque
3228 3765 3483 3823 credendo
3512 3779 3686 3833 usque
3711 3763 3774 3815 ad

2198 3885 2230 3941 p
2268 3879 2411 3923 ntem
2434 3864 2796 3937 perscquizur.
2824 3862 2965 3918 Urbs
2977 3861 3209 3915 maxima
3233 3873 3297 3912 ex
3322 3865 3477 3926 parte
3501 3856 3770 3918 incendio,

2200 3967 2359 4017 vento
2387 3957 2621 4011 admisto
2647 3960 3016 4016 accrescente,
3057 3948 3426 4013 consumitur;
3461 3947 3635 4001 nostri
3666 3946 3773 4000 vic-
3799 3985 3802 3989 η

2201 4060 2344 4105 tores
2373 4046 2516 4117 apud
2547 4045 2872 4099 Lateranum
2912 4048 3276 4095 revertuntur.
3307 4037 3536 4092 Romani
3574 4037 3781 4106 itaque,

2202 4145 2382 4199 hostes
2436 4138 2575 4194 infra
2633 4151 2818 4191 muros
2859 4134 2961 4190 sibi
3021 4132 3306 4187 imminere
3357 4137 3669 4192 cernentes,
3722 4137 3774 4181 et

2200 4247 2388 4290 eorum
2420 4226 2856 4285 infestationibus
2886 4221 3212 4295 praegravari
3245 4219 3472 4274 ulterius
3502 4215 3649 4272 ferre
3670 4231 3769 4271 non

2201 4323 2466 4386 valentes,
2495 4316 2720 4374 consilio
2747 4317 2886 4370 inter
2907 4329 2964 4368 se
2987 4311 3359 4382 prudentiores
3382 4309 3544 4364 Urbis
3567 4309 3768 4369 hab’ta,

514 4408 713 4464 electos
763 4409 986 4475 milites,
1048 4426 1172 4465 cum
1224 4411 1446 4466 totidem
1490 4411 1700 4468 vexillis
1742 4416 2090 4483 praemittens,
2124 4436 2172 4494 ι)
2202 4415 2408 4482 eligunt
2447 4411 2628 4465 sanius
2658 4406 2951 4478 apostolico
2989 4419 3088 4459 suo
3121 4402 3766 4494 confcederandorecou-

519 4498 680 4552 aliam
729 4500 903 4555 aciem
945 4516 1066 4555 cum
1113 4502 1286 4556 tribus
1326 4502 1563 4557 millibus
1596 4503 1924 4572 pedetentim
1965 4506 2092 4561 sub-
2147 4562 2155 4567 ,

517 4590 668 4658 sequi
697 4591 963 4661 prmcipit.
997 4592 1136 4661 Ipse.
1161 4604 1284 4646 cum
1325 4591 1537 4661 reliquo
1580 4594 1820 4649 exercitu
1854 4595 2091 4665 peditum

512 4680 699 4748 copias
718 4690 772 4735 et
800 4697 1028 4751 quaeque
1055 4680 1348 4737 inﬁrmiora
1379 4691 1505 4737 ante
1534 4696 1592 4737 se
1614 4698 1841 4752 ponens,
1869 4687 2091 4755 provide

518 4768 885 4838 subsequitur.
944 4773 1205 4828 Audierat
1252 4774 1452 4843 qu'ppe
1501 4772 1702 4827 milites
1751 4774 2092 4842 imperatoris

517 4859 618 4913 sibi
678 4859 730 4913 in
781 4876 1095 4928 occursum,
1152 4862 1381 4917 Rouuaui
1435 4877 1501 4917 ex
1548 4871 1703 4933 parte
1748 4866 2091 4933 aqumductus

512 4950 693 4986 nriccn
761 4954 852 4986 call
903 4954 1007 4986 "nn
1056 4955 1153 4986 ιεῖιιῖ
1189 4956 1323 4986 fulua
1367 4955 1595 4986 nnlnlnn\
1630 4964 1739 4986 nui-nl
1798 4955 1930 4986 Νηητ
1976 4957 2088 4986 ἷνιιυι

2196 4503 2373 4559 ciliari
2400 4515 2560 4572 quam
2588 4498 2791 4555 diutius
2830 4497 2882 4550 in
2914 4496 3149 4565 incoepta
3188 4493 3387 4565 ineptia
3427 4491 3768 4562 persistendo

2193 4591 2370 4647 hostili
2424 4588 2602 4659 gladio
2648 4585 2795 4641 nullo
2825 4593 3033 4654 qumstu
3071 4581 3350 4637 ventilari.
3404 4580 3608 4650 Sicque
3642 4596 3767 4652 pace

2193 4682 2449 4754 expedita
2471 4680 2765 4735 allocutum
2788 4675 3129 4738 accedentes,
3158 4672 3400 4744 pluribus
3425 4673 3763 4727 circumven-

2194 4773 2428 4829 tionibus
2473 4771 2540 4825 de
2569 4767 2920 4825 excusatione
2950 4764 3157 4819 fraudis
3195 4764 3302 4828 usi,
3350 4763 3567 4817 tandem
3615 4764 3763 4818 venia

2192 4866 2477 4933 impetrata
2527 4857 2964 4915 reconciliantur.
3027 4853 3399 4907 Sacramentis
3448 4867 3550 4921 pro
3609 4852 3762 4907 libito

2190 4970 2340 4986 suanm
2401 4962 2450 4986 nl
2486 4953 2634 4986 Annia
2693 4949 2908 4986 nltlinnti
2962 4946 3299 4986 fnulnrnnlnr
3354 4944 3567 4986 Nnelric
3615 4960 3763 4986 mon-
