4010 5230
1419 72 1740 130 ιίιδτοιυΑ
1775 69 2040 128 SICULA.
2067 101 2136 112 ~—
2174 73 2300 128 ΜΒ.
2341 71 2424 128 ηε.

3439 75 3570 132 1182

293 187 662 242 Romanorum
687 185 930 240 fraudem
953 185 1228 242 declinare
1259 185 1436 256 (289).
1461 203 1624 257 quam
1659 187 1730 242 ibi
1751 201 1874 256 per-
1905 196 1948 252 Α
1977 199 2159 257 gat-os,
2215 187 2306 242 ubi
2349 203 2380 240 a
2431 193 2586 254 patre
2629 186 2850 242 relictus
2888 195 3028 252 erat,
3083 195 3306 244 strenue
3350 205 3568 258 gerens,

291 281 540 334 sisteudo.
561 289 612 334 et
653 279 822 334 libera
855 278 1114 334 facultate
1147 279 1232 334 eis
1261 293 1518 334 concessa
1569 281 1634 334 de
1675 295 1734 334 se
1767 281 1883 348 ipso

285 373 590 442 periculum
617 372 868 426 faciendo
893 383 1077 426 utrum
1101 387 1164 428 ea
1189 387 1308 442 quae
1337 373 1730 442 promittebant
1754 373 1886 429 iide-

293 465 418 516 litcr
445 479 514 517 an
551 479 658 518 non
707 472 1058 518 servarentur
1089 473 1324 528 tentare,
1368 463 1462 518 sed
1507 477 1630 518 cum
1663 463 1800 518 duce
1830 463 1882 518 in

295 555 542 624 Apuliam
589 553 850 607 secedens
895 554 1034 622 apud
1079 553 1450 608 Beneventum
1477 553 1663 618 venit;
1697 553 1883 624 sicque

293 647 348 700 in
379 645 584 714 Apulia!
623 645 870 712 partibus
907 659 1078 713 usque
1108 643 1176 698 ad
1205 652 1511 699 extremum
1536 643 1658 698 vitae
1707 643 1880 698 [iouia

296 736 464 790 invisa
491 735 812 804 permansit.

811 847 1041 904 CAPUT
1077 847 1340 903 XXXVII.

727 941 948 996 Romani
989 943 1456 1012 reprehenduntur.

299 1051 490 1119 Roma,
529 1051 798 1122 quondam
825 1051 1146 1122 bellipotens
1169 1061 1278 1107 toto
1301 1053 1431 1108 orbe
1460 1051 1670 1114 ﬂorida,

291 1142 442 1196 Colla
467 1144 828 1212 superborum
859 1143 1087 1197 domans
1118 1143 1486 1214 pcrlnstrabas
1515 1144 1755 1206 climata,

299 1233 470 1306 Leges
497 1235 688 1298 dabas,
713 1244 765 1288 et
803 1233 1033 1290 habenis
1061 1235 1407 1304 lemperabas
1429 1235 1632 1288 omnia.

293 1325 432 1378 Ante
461 1334 512 1378 te
541 1325 842 1378 tremebant
865 1325 1052 1390 duces,
1077 1325 1372 1394 principes,
1405 1325 1654 1394 imperia,

294 1413 674 1469 Curvabantur
696 1412 834 1468 colla
860 1429 1046 1482 regum
1079 1415 1208 1468 loris
1237 1415 1344 1468 tuis
1368 1415 1598 1470 domita.

293 1505 379 1561 Nil
407 1507 638 1576 superba
665 1507 1008 1570 resistebant,
1039 1523 1168 1564 ense
1197 1517 1287 1564 tuo
1317 1509 1524 1562 territa.

289 1598 593 1656 Ordinabas
624 1601 766 1670 quod
797 1599 942 1670 (290)
969 1601 1220 1667 volebas;
1247 1601 1414 1656 duces
1440 1601 1554 1655 sive
1581 1601 1856 1672 principes

291 1693 607 1764 Depoaebas
632 1693 778 1764 (291)
804 1711 938 1764 quos
966 1695 1188 1750 volebas
1215 1709 1404 1750 servos
1426 1695 1562 1750 dans
1587 1693 1840 1748 humiles.

289 1785 513 1840 Artibus
541 1785 689 1857 (292)
716 1787 1008 1842 exercuisti
1041 1785 1218 1856 justos
1247 1787 1456 1842 habens
1476 1785 1708 1854 iudices.

299 1876 544 1947 Dumque
567 1876 718 1947 justa
748 1879 1074 1944 sectabaris,
1107 1877 1378 1936 frucbaris
1401 1877 1698 1950 prosperis.

297 1968 470 2039 Leges
492 1987 522 2024 a
557 1981 609 2026 te
641 1971 992 2041 requirebant
1019 1987 1210 2026 omnes
1239 1985 1394 2042 reges
1421 1969 1626 2026 saeculi.

295 2059 576 2118 Sententia
605 2078 702 2132 per
731 2071 784 2118 te
811 2065 933 2118 data
963 2063 1192 2120 indivisa
1219 2063 1472 2134 perstitit.

292 2151 560 2220 Tempore
587 2152 728 2207 haud
761 2151 920 2226 longo
947 2153 1148 2208 talibus
1173 2153 1365 2208 studiis
1391 2151 1540 2224 (295)

289 2243 588 2315 lmplicaris
615 2245 802 2300 fraude
836 2255 922 2300 tua
951 2247 1196 2315 turpibus
1225 2247 1490 2316 negotiis;

291 2334 508 2391 Fraude
541 2346 629 2390 tua
659 2337 995 2392 clarescente
1023 2353 1222 2392 mmres
1248 2337 1398 2408 (294)
1436 2337 1798 2408 despicabilis.

295 2427 370 2482 Te
395 2427 506 2498 jam
540 2429 670 2481 nulli
706 2430 1118 2498 pertimescunt,
1152 2440 1295 2502 terga
1326 2429 1532 2500 przebes
1553 2430 1824 2484 onmibus.

289 2519 454 2574 Arma
489 2532 576 2574 tua
614 2521 862 2576 hebetata
895 2533 1082 2578 carent
1115 2524 1484 2578 acuminibus.

291 2613 450 2684 Leges
483 2625 585 2668 tutv
611 2617 933 2684 depravata',
955 2616 1123 2686 plena!
1149 2617 1498 2688 falsitatibus,

291 2704 358 2758 In
389 2712 437 2758 te
462 2715 646 2758 cuncta
673 2721 834 2774 prava
861 2707 1050 2776 vigent,
1081 2705 1260 2770 (uitta,
1295 2707 1544 2772 avaritia,

291 2795 456 2852 Fides
484 2797 654 2861 nulla,
683 2797 860 2852 nullus
885 2799 1050 2862 ordo;
1077 2800 1234 2870 pestis
1265 2797 1570 2853 Simoniaca

291 2887 484 2942 Gravat
517 2905 694 2944 omnes
717 2890 847 2958 ﬁnes
871 2907 1026 2955 suos;
1057 2901 1243 2944 cuncta
1271 2901 1388 2944 sunt
1416 2891 1638 2944 venatio.

297 2979 402 3032 Per
429 2990 477 3033 te
505 2981 606 3034 ruit
635 2997 785 3034 sacer
813 2982 966 3050 ordo,
989 2999 1127 3053 aqua
1155 2983 1382 3054 primum
1407 2983 1622 3050 prodiit.
1662 2981 1807 3053 (295)

287 3071 409 3128 Non
435 3072 632 3128 sufﬁcit
661 3089 796 3145 papa
825 3090 986 3142 unus,
1011 3077 1152 3131 binis
1179 3075 1382 3146 gaudes
1407 3073 1618 3130 infulis.

295 3165 456 3222 Fides
489 3175 576 3220 tua
609 3167 876 3222 solidatur
904 3169 1206 3238 sumptibus
1233 3167 1512 3223 exhibitis.

293 3257 428 3312 Dum
460 3258 552 3312 dat
580 3259 702 3324 iste,
736 3249 922 3327 pulsas
949 3259 1120 3322 illum,
1153 3261 1252 3316 hoc
1285 3268 1535 3315 cessante
1573 3275 1818 3320 revocas.

291 3346 400 3403 ιιιο
424 3350 584 3402 istaut
615 3352 904 3410 minitaris.
933 3353 1006 3404 sic
1033 3351 1213 3418 imples
1247 3353 1568 3422 marsupias,

289 3439 500 3494 Cuncto
521 3441 638 3494 orbi
654 3442 788 3497 dans
801 3457 1045 3498 errorem
1063 3443 1176 3496 haec
1193 3443 1470 3498 miscendo
1484 3443 1778 3498 schismata
1789 3481 1802 3496 .

291 3531 354 3584 Ni
382 3544 690 3590 cessassent
715 3535 868 3588 bona:
892 3534 1028 3589 artis
1054 3535 1106 3588 in
1133 3543 1182 3588 te
1207 3536 1382 3604 prima
1410 3535 1607 3602 studia,

291 3626 432 3682 Nulli
462 3629 570 3698 regi
599 3629 666 3684 de
695 3638 746 3684 te
767 3630 1022 3686 cessisset
1045 3630 1192 3701 i296)
1221 3631 1469 3686 victoria.

1601 3721 1874 3794 [ξηροί-δι,

291 3807 446 3861 Miles
485 3808 704 3876 quidem
741 3811 843 3864 iste
885 3811 1034 3880 (297)
1073 3811 1436 3878 Normannus,
1466 3815 1557 3885 qui
1589 3823 1641 3870 te
1675 3816 1876 3872 victam

293 3895 408 3950 Non
433 3905 602 3952 terret
627 3907 678 3952 te
709 3900 1074 3968 apostolorum
1099 3917 1254 3956 sacra
1277 3905 1589 3974 praesentia.

289 3987 403 4044 Nec
427 3992 765 4046 revocantab
779 3992 1032 4062 incoeptis
1047 4001 1096 4046 te
1115 3993 1262 4064 (298)
1289 4005 1600 4051 sanctorum
1628 3998 1872 4068 pignora.

297 4078 442 4134 Fons
470 4083 734 4150 qumtdam
764 4085 922 4138 totius
945 4083 1143 4148 laudis,
1178 4101 1315 4142 nunc
1344 4102 1396 4140 es
1429 4086 1634 4155 fraudis
1655 4088 1826 4158 fovea,

291 4169 529 4225 Moribus
553 4189 606 4226 es
635 4174 920 4243 depravata
949 4175 1204 4230 exhausta
1235 4175 1513 4242 nobilibus,

295 4259 480 4316 Pravis
511 4265 702 4318 studiis
729 4267 966 4331 inservis,
1000 4283 1093 4321 nec
1119 4277 1194 4320 est
1220 4267 1391 4337 pudor
1417 4268 1702 4336 frontibus.

289 4355 484 4426 Surge,
513 4357 672 4413 Petrc
703 4373 914 4412 summe
945 4367 1152 4428 pastor,
1181 4359 1341 4414 ﬁnem
1372 4375 1512 4430 pone
1545 4361 1764 4416 talibus.

819 4471 1050 4530 CAPUT
1087 4472 1378 4528 XXXVIII.

449 4565 794 4622 Boamandus
817 4568 1182 4636 imperatorem
1209 4576 1420 4637 superat
1448 4574 1714 4620 certantia.

361 4679 510 4735 Duce
545 4680 732 4751 itaque
758 4681 898 4749 apud
948 4681 1174 4735 Romam
1214 4682 1530 4754 apostolicis
1574 4684 1876 4738 necessita-

301 4769 448 4826 tibus
488 4771 840 4836 inservientc,
877 4769 1224 4829 Boamnndus
1261 4775 1401 4830 ﬁlius
1435 4774 1552 4844 ejus
1579 4775 1720 4844 apud
1749 4773 1871 4832 Bul~

363 4906 695 4988 (2.89)_C._P.
727 4915 778 4960 et
829 4905 882 4958 in
921 4910 1234 4963 monasterio
1282 4913 1585 4970 Cassiuensi
1635 4918 1874 4988 ponti/ca:

287 4978 374 5031 diu
405 4979 670 5036 habitavit.

378 5047 502 5114 290)
543 5051 706 5114 Quos.

1911 1548 1958 1606 B

1985 279 2162 350 patris
2221 279 2367 334 vices
2399 279 2540 332 haud
2601 281 2842 347 graviter
2881 285 3305 352 exsequebatur,
3346 286 3564 338 urbem-

1989 387 2116 442 que,
2169 387 2290 442 quze
2319 373 2452 426 Arta
2483 371 2634 442 (299)
2680 373 2900 440 dicitur,
2939 374 3219 442 obsidens,
3275 377 3572 445 plurimum

1987 461 2222 518 iniestus
2252 463 2620 532 pcrsistendo,
2668 479 2866 534 capere
2909 467 3162 521 omnilms
3191 469 3398 522 arti—bus
3431 469 3570 524 nite-

1985 557 2166 610 batur.
2219 555 2392 612 Porro
2452 557 2748 628 imperator
2791 559 3018 616 audiens
3071 561 3262 615 urbem
3313 561 3392 616 sui
3435 561 3574 630 juris

1985 648 2231 703 hostibus
2277 651 2630 720 prmgravari,
2687 651 3014 722 ducemque,
3069 669 3230 724 quem
3281 655 3571 724 plurinunn

1985 739 2439 808 pertimescebat,
2483 741 2802 806 recessisse,
2833 743 3077 798 absentia
3111 744 3227 814 ejus
3259 745 3464 800 viribus
3491 760 3574 798 rc-

1985 831 2236 899 sumptis,
2256 832 2494 886 exercitu
2519 833 2759 897 admoto,
2785 835 2905 888 urbi
2937 836 3370 890 succurrendum
3390 837 3574 892 multis

1985 923 2158 991 copiis
2202 933 2376 992 parat.
2437 925 2544 980 Sed
2577 926 2812 980 venienti
2861 925 3212 982 Boamnndus
3255 943 3572 994 occurrens,

1987 1015 2288 1070 certamine
2333 1015 2490 1081 inito,
2541 1018 2742 1072 bellum
2783 1021 3247 1092 comperit(30ti).
3288 1021 3344 1076 in
3389 1023 3570 1092 primo
3645 1049 3650 1054 -

1983 1123 2303 1180 congressu,
2357 1109 2452 1178 qui
2503 1111 2738 1180 primunt
2784 1112 2934 1184 (301)
2977 1123 3347 1178 accesserant,
3395 1115 3570 1169 collisi

1986 1209 2329 1266 slcrrmutur,
2356 1203 2754 1272 subsequentes
2783 1206 2902 1258 visu
2945 1215 3222 1261 terrentur
3247 1207 3420 1278 (502),
3449 1206 3569 1276 fuga

1987 1293 2172 1347 initur.
2209 1293 2510 1362 Imperator
2557 1311 2679 1349 cum
2717 1298 2908 1366 primis
2937 1297 3266 1368 fugientibus
3293 1315 3414 1356 esse
3441 1301 3572 1356 utile

1989 1385 2160 1440 ducit.
2195 1385 2532 1458 lmperatore
2580 1387 2764 1460 fugato
2813 1391 2960 1462 (505)
2993 1393 3342 1450 Boamundus
3390 1395 3564 1450 victor

1985 1477 2240 1534 eflicitur.

2510 1569 2742 1628 CAPUT
2781 1573 3021 1628 XXXIX.

2336 1661 2459 1716 Dux
2489 1661 2800 1718 Romanium
2834 1667 3020 1720 iterum
3054 1668 3214 1721 vadit.

2061 1751 2216 1818 Quod
2265 1769 2388 1806 cum
2447 1756 2570 1810 duci
2623 1772 2744 1810 cum
2799 1759 3110 1828 triumphali
3145 1759 3310 1830 gloria
3343 1776 3370 1812 a
3403 1760 3573 1816 Roma

1985 1847 2275 1900 revertenti
2310 1837 2346 1900 r.
2373 1847 2678 1903 nuntiatum
2712 1849 2930 1916 fuisset,
2969 1853 3136 1906 tilium
3171 1868 3199 1906 a
3249 1868 3308 1908 se
3341 1869 3446 1906 non
3477 1853 3574 1908 de-

1982 1951 2242 2008 generare
2274 1954 2612 2009 cognoscens
2639 1951 2694 1996 et
2733 1943 2784 1996 in
2819 1944 2922 1998 hoc
2951 1945 3184 1998 maxime
3213 1946 3354 2014 quod
3390 1961 3496 2000 uno
3522 1947 3574 2000 in

1985 2035 2228 2098 tempore
2301 2033 2536 2086 duorum
2606 2033 2994 2104 imperatorum
3067 2034 3190 2106 fuga
3262 2037 3571 2106 triumphali

1983 2118 2152 2190 gloria
2201 2121 2316 2177 laus
2361 2123 2461 2178 sibi
2510 2123 2732 2193 suisque
2791 2141 3048 2181 concessa
3097 2127 3203 2194 sit,
3261 2128 3488 2182 veniens
3521 2129 3573 2182 in

1983 2211 2232 2282 Apuliam
2287 2214 2570 2272 ministros
2623 2231 2751 2272 suos
2814 2219 3172 2287 undecunque
3219 2233 3570 2282 convocans,

1983 2303 2239 2358 omnibus
2301 2307 2415 2360 suis
2483 2307 2890 2364 ordinatissime
2963 2309 3278 2378 dispositis,
3341 2310 3572 2381 plurimo

1981 2395 2222 2448 exercitu
2247 2411 2437 2452 versus
2467 2397 2755 2464 Grzeciam,
2805 2416 2924 2470 quce
2957 2411 3220 2470 cmperat,
3255 2413 3571 2458 exsecutum

1983 2487 2292 2541 accelerare
2313 2487 2566 2556 disponit.
2597 2489 2833 2545 Navibus
2860 2493 3090 2560 denique
3115 2508 3301 2548 mense
3318 2493 3570 2562 Septem-

1985 2575 2067 2630 bri
2102 2593 2130 2629 a
2167 2587 2278 2630 tota
2329 2577 2541 2646 Apulia.
2574 2578 2850 2646 Calabria,
2889 2580 3002 2634 sive
3047 2580 3232 2636 Sicilia
3287 2582 3427 2650 apud
3469 2583 3576 2654 ily-

1985 2667 2236 2721 druntnm
2291 2667 2558 2733 conﬂatis,
2619 2671 2898 2740 copiisque
2949 2673 3275 2728 necessariis
3337 2674 3576 2730 introdu-

1983 2759 2109 2824 ctis,
2147 2774 2405 2830 prospera
2434 2775 2565 2815 aura
2598 2761 2950 2833 suffragante,
3001 2773 3190 2834 optato
3217 2775 3378 2836 portu
3405 2767 3577 2837 appli-

1987 2872 2115 2912 cans
2147 2857 2310 2912 filium
2351 2867 2406 2911 et
2429 2874 2568 2928 quos
2599 2875 2722 2914 cum
2767 2859 2884 2928 ipso
2914 2862 3054 2930 apud
3089 2871 3368 2916 extremas
3393 2870 3577 2932 partes

1985 2947 2287 3014 dimiserat,
2315 2951 2380 3004 de
2427 2951 2602 3004 redittt
2659 2966 2758 3004 suo
2802 2951 3148 3006 sollicitando
3175 2951 3424 3016 anhelos,
3453 2951 3574 3022 plu-

1987 3038 2180 3092 rimum
2233 3039 2434 3094 hetitia:
2484 3055 2543 3094 se
2595 3041 2769 3109 ipsum
2830 3044 3270 3112 repraasentando
3319 3045 3574 3100 reddidit.

1985 3126 2181 3198 Sicque
2204 3131 2270 3184 ad
2291 3131 2438 3200 quod
2463 3142 2688 3186 venerat
2717 3147 3044 3202 exsequens,
3083 3148 3298 3188 omnem
3341 3136 3572 3203 patriam

1982 3235 2082 3274 suo
2111 3221 2284 3276 reditu
2317 3223 2588 3288 turbabat,
2616 3224 2841 3278 urbibus
2884 3223 3134 3290 infestus,
3161 3225 3576 3282 obscssionibus

1981 3310 2284 3366 indefessus
2317 3311 2488 3386 (50-5),
2519 3314 2906 3384 congressibus
2955 3314 3126 3384 prior,
3159 3317 3406 3370 excubiis
3435 3330 3572 3370 nus-

1981 3415 2144 3470 quam
2193 3403 2412 3470 abscns,
2471 3421 2616 3460 nunc
2665 3405 2826 3460 minis
2863 3405 3150 3470 terrendo,
3184 3422 3326 3460 [tunc
3365 3407 3574 3462 blandi-

1983 3496 2184 3549 mentis
2209 3496 2494 3552 mulcendo
2523 3499 2810 3569 imperium
2858 3498 3148 3554 sollicitum
3181 3499 3416 3556 reddens
3447 3508 3574 3556 ante

1979 3602 2038 3642 se
2063 3594 2294 3642 tremere
2321 3589 2574 3646 faciebat.

2577 3703 2805 3761 CAPUT
2841 3703 2954 3760 XL.

1979 3788 2206 3862 Eclipsis
2253 3793 2383 3850 solis
2414 3796 2494 3864 ﬁt.
2545 3795 2706 3920 Papal
2727 3799 2972 3862 moritur,
3003 3807 3050 3850 et
3079 3797 3212 3860 dux,
3251 3807 3298 3850 et
3345 3813 3435 3850 rea:
3463 3795 3572 3850 An-

2655 3885 2686 3920 a
2711 3884 2886 3920 orttm.

2653 3884 2886 3938 gtorum.

2058 3957 2302 4013 Mirabile
2353 3958 2624 4026 quoddam
2671 3956 3210 4026 pl'mSagiumhquod
3261 3971 3356 4025 per
3399 3965 3568 4012 totam

1976 4051 2248 4122 Apuliam,
2305 4049 2612 4104 Calabriam
2665 4048 2780 4104 sive
2829 4047 3070 4102 Siciliam
3105 4047 3278 4100 visum
3311 4056 3416 4110 est,
3443 4046 3570 4100 huic

1976 4143 2126 4212 operi
2179 4142 2419 4195 inserere
2462 4140 2678 4208 dignum
2726 4138 3002 4204 duximus,
3059 4135 3296 4191 maxime
3323 4135 3465 4205 quod
3501 4153 3566 4190 ea

1903 4249 1952 4307 ι)
1979 4249 2099 4302 qua:
2133 4232 2237 4286 tale
2280 4232 2494 4302 signum
2543 4229 2930 4300 portendebat,
2989 4245 3087 4283 nos
3136 4243 3200 4282 ex
3255 4238 3410 4298 parte
3454 4244 3568 4286 non

1974 4326 2226 4394 ignorare
2267 4331 2540 4392 putamus.
2593 4319 2752 4376 Anno
2799 4320 3031 4389 denique
3083 4320 3350 4374 incarnati
3379 4319 3568 4372 Salva-

1976 4416 2111 4472 toris
2145 4415 2299 4484 1084,
2329 4426 2486 4470 sexto
2512 4415 2598 4470 die
2625 4412 2908 4468 Februarii
2955 4413 3098 4468 inter
3145 4421 3360 4468 sextam
3385 4422 3440 4466 et
3471 4428 3572 4482 no-_

1976 4523 2102 4564 nam
2131 4507 2210 4564 sol
2239 4507 2562 4562 obseuratns
2588 4513 2670 4559 est
2693 4521 2790 4576 per
2815 4504 3050 4573 spatium
3085 4505 3252 4559 trium
3283 4503 3568 4571 horarum,

1977 4599 2028 4652 in
2062 4608 2270 4654 tantum
2321 4607 2380 4652 ut
2428 4598 2520 4668 qui
2571 4595 2712 4651 infra
2753 4598 2943 4652 domos
2968 4596 3128 4652 alicui
3161 4597 3312 4669 operi
3357 4597 3578 4652 insuda-

1977 4692 2127 4758 bant,
2158 4707 2262 4746 non
2295 4691 2396 4744 nisi
2441 4690 2739 4746 luminibus
2781 4689 3024 4744 accensis
3063 4690 3278 4746 interim
3307 4703 3427 4758 quae
3457 4703 3573 4742 ﬁtP-

1976 4795 2190 4855 perant,
2219 4784 2442 4852 exsequi
2487 4793 2747 4853 posseut'
2798 4782 2875 4836 mi
2929 4797 3057 4837 vero
3087 4784 3152 4840 de
3189 4787 3348 4840 domo
3379 4778 3443 4834 ad
3477 4781 3578 4836 do-

2051 4921 2199 4992 mo
2241 4919 2446 4992 rosm-

2050 4989 2196 5060 (297)
2240 4989 2466 5053 Quidam
2497 4997 2596 5041 est.

2049 5059 2196 5131 (9.98)
2240 5059 2354 5131 Τοι-
