4010 5230
509 333 646 390 Η85

507 463 656 502 mum
709 446 1103 517 transmigrar‘e
1159 445 1412 500 vomitant
1465 445 1726 500 lanteruis
1779 454 1834 499 et.
1882 443 2090 500 facibus
2120 447 2164 504 Α

505 535 810 592 uterentur.
833 537 940 592 Sed
971 546 1259 606 antequam
1289 551 1461 591 annus
1487 535 1896 606 pertransisset,
1925 535 2094 606 signi-

505 629 687 683 ficatio
716 628 836 682 talis
888 627 1105 698 eclipsis
1147 627 1198 684 in
1239 636 1500 698 quantum
1533 643 1632 682 nos
1657 635 1908 698 putamus
1930 625 2096 697 pluri-

503 717 608 772 bus
652 733 776 772 cum
830 717 1066 771 maxime
1113 715 1311 772 damno
1357 717 1690 786 praeclaruit.
1735 716 1867 771 Nam
1904 715 2093 772 eodem

503 823 644 862 anno
675 807 1000 864 venerabilis
1047 821 1184 876 papa
1234 803 1533 876 Gregorius
1560 847 1604 872 ,,
1637 806 1792 874 cujus
1843 807 2093 877 superius

505 901 707 954 mentio
745 899 881 954 facta
908 909 1011 962 est,
1047 899 1379 954 infirmitatis
1403 913 1514 958 suae
1542 915 1570 952 a
1599 898 1826 954 medicis
1857 899 2096 953 medica-

503 1001 744 1046 mentum
787 1000 1067 1061 expeteus,
1121 990 1402 1046 frustratis
1451 991 1903 1047 medicaminibus
1937 991 2090 1047 obiit.

501 1083 642 1146 Dux,
671 1081 814 1138 Julio
839 1098 1048 1149 mense,
1079 1093 1132 1138 et
1161 1084 1561 1141 famosissimas
1593 1102 1685 1141 rex
1715 1085 2010 1155 Anglorum
2039 1096 2092 1141 et

499 1172 955 1230 Nortmannorum
969 1176 1074 1230 dux
1097 1175 1436 1238 Guilielmus,
1462 1193 1604 1231 nono
1629 1178 1716 1233 die
1731 1177 2087 1248 Septembris,

501 1265 830 1320 moriuntur.
864 1267 1028 1323 Ducis
1051 1283 1184 1323 vero
1210 1269 1498 1340 exsequias
1519 1306 1526 1312 α
1547 1287 1685 1324 uxor
1730 1269 1900 1341 Gayta
1939 1270 2088 1343 (505)

499 1371 624 1408 tum
655 1356 767 1410 lilio
797 1357 1050 1429 Rogerio,
1082 1360 1172 1430 qui
1204 1368 1332 1416 tunc
1353 1377 1474 1416 cum
1506 1362 1622 1432 ipso
1651 1363 1792 1433 apud
1831 1363 2089 1435 Bulgaros

497 1449 836 1516 morabatur,
876 1459 928 1506 et
967 1453 1147 1508 caeteri
1197 1454 1433 1509 barones
1482 1456 1597 1526 ejus
1640 1455 1824 1512 debito
1860 1457 2085 1525 honore,

497 1553 602 1592 non
656 1550 836 1595 tamen
891 1541 1009 1598 siue
1055 1542 1266 1612 justitia
1318 1545 1468 1618 (506)
1515 1555 1900 1616 exsequentes,
1925 1547 2086 1603 funus

498 1643 888 1690 transmeatum
914 1634 1208 1692 Venusium
1243 1639 1523 1694 humatum
1551 1639 1848 1708 perferunt.
1875 1640 2084 1698 Grzeria

497 1723 744 1779 hostibus
783 1727 1161 1781 recedentibus
1201 1727 1369 1784 libera
1449 1729 1565 1784 l-.eta
1613 1731 1838 1800 quievit,
1891 1731 2081 1802 Apulia

499 1823 606 1868 tota
637 1815 750 1872 sive
773 1817 1023 1874 Calabria
1051 1822 1325 1876 turbatur.

1357 329 1708 388 GAI'FREDI
1743 325 2194 385 MALATERILE
2230 321 2540 380 ΜΟΝΜῖΠί
2579 320 2937 377 BENEDICT.

3651 319 3788 374 Il“

2769 434 2996 490 CAPUT
3052 436 3208 493 XLII.

2659 533 2916 604 Rogerius
2943 533 3054 587 dua:
3073 533 3312 602 eﬁicitur.

2183 667 2190 670 -
2265 625 2382 680 Jam
2413 625 2558 696 (507)
2593 624 2853 680 fratribus
2879 624 3112 695 Rogerio
3158 633 3214 679 et
3255 623 3606 688 Boamundo,
3641 633 3790 678 utro-

2195 731 2300 787 que
2328 718 2580 772 ducatum
2607 718 3066 787 appetente,inter
3090 732 3148 772 se
3175 716 3562 772 dissidentibus
3589 725 3646 770 et
3665 715 3788 784 plu-

2197 811 2346 864 ribus
2371 825 2513 864 nunc
2545 809 2613 864 ab
2650 810 2776 874 isto,
2799 825 2941 865 nunc
2992 810 3060 865 ab
3101 810 3193 864 illo
3235 810 3574 864 incrementa
3609 824 3788 879 expen

2196 903 2373 964 tendo,
2407 901 2614 956 lucrum
2653 917 2809 956 suum
2844 901 3236 971 quaarentibus,
3265 901 3555 956 multorum
3581 901 3786 971 Apulo-

2195 1010 2312 1048 rum
2341 992 2472 1048 lides
2495 993 2681 1063 quanti
2707 990 2870 1048 fuerit
2894 993 3263 1064 experimento
3285 992 3785 1064 claruit.Rogerius

2195 1085 2407 1140 tandem
2443 1083 2710 1148 adiutorio
2764 1085 3014 1140 avunculi
3066 1085 3146 1140 sui
3194 1083 3500 1139 Siculorum
3561 1085 3784 1138 co-nitis

2189 1175 2430 1248 Rogerii,
2463 1175 2554 1246 qui
2600 1175 2812 1232 vivente
2861 1173 3048 1241 fratre,
3083 1175 3222 1230 idem
3277 1174 3378 1230 sibi
3427 1174 3780 1244 promiserat,

2191 1269 2296 1322 dux
2327 1265 2575 1323 eﬂicitur.
2607 1267 2797 1323 Omnia
2829 1267 3048 1322 castella
3077 1265 3363 1331 Calabrite,
3390 1281 3623 1334 quorum
3655 1279 3782 1318 nec-

2189 1363 2316 1414 dum
2368 1359 2470 1414 nisi
2539 1359 2845 1414 medietatis
2895 1357 3212 1428 cujusquam
3264 1371 3446 1412 comes
3511 1355 3784 1426 Rngerius

2190 1450 2462 1518 habebat,
2497 1467 2528 1506 a
2573 1461 2772 1521 nepote
2798 1451 2864 1506 ad
2897 1451 3114 1521 plenum
3149 1450 3250 1505 sibi
3299 1465 3558 1505 concessa
3595 1448 3780 1503 consi-

2187 1551 2436 1614 gnantur.
2471 1541 2623 1598 Nunc
2663 1545 2844 1614 itaque
2873 1544 2997 1614 quia
3036 1560 3284 1614 suprema
3313 1545 3428 1599 dies
3457 1545 3592 1599 tanti
3625 1543 3776 1614 prin-

2186 1635 2322 1704 cipis
2347 1635 2598 1703 loquendi
2635 1635 2701 1690 de
2751 1635 2897 1704 ipso.
2947 1645 3206 1704 quantum
3260 1636 3326 1691 ad
3381 1635 3580 1690 librum
3617 1635 3778 1688 finem

2185 1723 2338 1789 facit,
2386 1725 2508 1780 linis
2537 1741 2768 1796 quoque,
2804 1735 2862 1780 ut
2901 1727 3030 1781 mihi
3065 1726 3295 1790 videtur,
3327 1723 3487 1793 hujus
3541 1725 3634 1780 hic
3681 1741 3780 1794 po-

2117 1829 2161 1889 B
2192 1816 2397 1870 nendus
2445 1825 2528 1870 est
2579 1815 2724 1884 libri,
2776 1825 2855 1885 ut,
2909 1817 2975 1870 de
3026 1831 3163 1871 novo
3214 1817 3350 1871 duce
3398 1816 3616 1869 mixtim
3659 1831 3782 1871 cum

2191 1909 2387 1964 comite
2409 1909 2714 1980 loquentes,
2746 1925 2942 1964 novum
2973 1910 3167 1966 librqu
3198 1911 3588 1979 obscquamur.

1808 1995 2042 2066 Explicit
2090 1997 2220 2054 liber
2262 1999 2468 2055 tertius.

1431 2171 1897 2262 INCIPIT
1947 2173 2309 2264 LIBER
2373 2174 2962 2283 QUARTUS.

564 2353 619 2409 Si
663 2363 807 2410 esset
856 2357 999 2413 unde
1035 2373 1170 2412 nova
1219 2368 1274 2414 et
1325 2359 1626 2432 elegantior
1677 2363 1882 2432 poetria
1925 2363 2073 2434 (308)
2104 2365 2148 2429 C
2179 2363 2668 2424 circumveniendo
2733 2367 3056 2439 opprimat,
3125 2368 3302 2438 primo
3364 2370 3451 2426 die
3521 2369 3752 2427 Oetohr’

493 2459 632 2500 novo
668 2446 790 2502 duci
845 2447 1147 2504 adhibenda
1179 2459 1356 2520 esset,
1407 2461 1467 2508 ut
1509 2451 1794 2508 facundior
1841 2470 2021 2511 sermo
2047 2469 2078 2510 a

485 2533 686 2604 juvene
717 2553 1004 2606 novorum,
1033 2549 1090 2595 ut
1118 2541 1170 2594 in
1203 2541 1293 2596 tali
1324 2550 1484 2598 altato
1530 2542 1750 2610 assolet,
1782 2544 2080 2614 appetitore

493 2628 671 2698 (309),
707 2643 846 2683 novo
890 2629 1029 2701 stylo
1075 2647 1246 2686 novos
1287 2631 1498 2688 favores
1535 2649 1634 2689 suo
1681 2635 1878 2690 merito
1901 2643 2081 2690 extor-

494 2735 702 2795 queret.
742 2723 848 2780 Sed
899 2741 967 2782 ne
1015 2727 1214 2799 stylum
1273 2730 1533 2784 mutando
1567 2731 1669 2786 hoc
1709 2731 1861 2800 quasi
1895 2730 2083 2786 adula—

496 2817 641 2872 tione
669 2815 848 2873 facere
883 2817 1150 2884 dicamur,
1203 2819 1404 2890 prioris
1434 2822 1656 2891 poetrire
1703 2821 1851 2892 (510)
1881 2822 2075 2878 ordine

493 2915 728 2974 servato,
753 2908 1015 2966 orationis
1043 2909 1242 2964 seriem
1270 2925 1649 2980 exsequamur.

1009 3021 1239 3078 CAPUT
1276 3023 1568 3082 PRIMUM.

882 3111 1140 3167 Benarvet
1187 3111 1466 3168 Nicotrum
1499 3124 1686 3170 uastat.

559 3224 730 3295 Igitur
761 3224 994 3296 Bogerio
1025 3227 1222 3282 comite
1253 3227 1464 3296 nepotis
1496 3227 1842 3295 utilitatibus,
1871 3237 1930 3286 ut
1951 3243 2073 3284 eum

488 3317 698 3387 plenius
743 3317 795 3371 in
831 3319 1028 3373 ducatu
1057 3317 1396 3385 Calabrensi,
1447 3319 1532 3376 vel
1583 3329 1734 3377 certe
1783 3322 1836 3376 in
1875 3321 2074 3391 princi-

483 3420 616 3479 patu
663 3419 720 3465 et
776 3411 1146 3467 dominatione
1204 3413 1412 3484 Apuliae
1475 3424 1662 3470 contra
1743 3415 2072 3470 voluntatem

485 3502 802 3558 tumulorum
855 3517 1078 3559 suorqu
1134 3505 1439 3572 solidaret,
1489 3505 1836 3561 intendenda
1868 3521 2073 3576 praeoc-

485 3606 702 3665 cupato,
737 3597 1008 3654 Benarvet
1055 3599 1313 3672 Syracusi
1343 3602 1557 3674 navigio
1581 3611 1862 3673 apparate,
1897 3603 2069 3657 navali

482 3687 723 3742 exercitu
747 3688 885 3758 apud
915 3687 1194 3744 Nicotrum
1216 3692 1456 3758 veniens,
1483 3709 1510 3747 a
1538 3693 1721 3749 radice
1744 3693 2072 3750 destruendo

483 3777 750 3832 devastat.
805 3779 1042 3850 Direptis
1097 3783 1350 3838 omnibus
1397 3799 1519 3854 qua
1573 3786 1770 3855 potuit,
1819 3787 1964 3842 viros
2015 3795 2068 3842 ct

483 3869 741 3925 mulieres
791 3872 1034 3940 captivos
1075 3883 1339 3944 asportat.
1380 3875 1579 3946 Sicque
1626 3887 1752 3933 ante
1803 3877 2066 3949 Rhegium

483 3958 748 4026 veniens,
803 3960 1085 4016 ecclesiam
1141 3962 1284 4018 haud
1339 3964 1494 4035 longe
1553 3967 1606 4020 in
1657 3967 1863 4022 honore
1921 3969 2065 4023 beati

483 4049 714 4118 Nicolai,
751 4061 806 4106 et
833 4053 991 4108 aliam
1021 4055 1072 4108 in
1105 4055 1248 4110 beati
1286 4056 1504 4128 Georgii
1547 4058 1706 4114 sitam
1751 4059 2064 4130 depopulat,

482 4159 668 4200 sacras
717 4145 980 4216 imagines
1029 4147 1368 4217 deturpando
1418 4149 1723 4216 conculcat,
1767 4167 1953 4207 sacras
1976 4167 2067 4208 ve-

461 4245 612 4300 stes,
641 4235 722 4292 vel
751 4253 902 4304 vasa,
931 4254 1151 4294 suorum
1179 4241 1368 4296 usibus
1387 4243 1620 4312 aptaudo
1649 4255 1910 4314 asportat.
1941 4245 2068 4302 lude

479 4339 795 4396 progressus
835 4329 1124 4399 quamdam
1173 4332 1666 4388 sanctimonialium
1710 4337 1980 4392 abbatiam
2013 4337 2066 4392 in

479 4419 688 4475 honore
737 4433 940 4477 sancta:
981 4423 1074 4478 Dei
1125 4423 1417 4482 Genitricis
1446 4436 1500 4481 et
1531 4428 1770 4500 Virginis
1800 4428 1981 4485 Maria:
2013 4431 2064 4485 in
2100 4443 2146 4502 ι)

480 4511 715 4566 corrfiuio
761 4511 1133 4585 Scyllaciensi,
1181 4515 1299 4572 loco
1353 4517 1444 4587 qui
1495 4517 1638 4574 Roca
1669 4521 1821 4576 Asini
1871 4521 2071 4578 dicitur

479 4603 648 4668 (5H),
678 4615 1054 4660 consecratam
1103 4609 1422 4679 aggrediens
1470 4609 1736 4677 devastat,
1777 4615 2071 4670 sanctimo-

471 4692 649 4753 niaies
673 4695 932 4751 abductas
964 4697 1100 4768 turpi
1138 4707 1324 4769 stupro
1354 4700 1735 4756 deboncstatas
1761 4703 1996 4760 abducit.

1083 4829 1310 4888 CAPUT
1362 4832 1425 4886 ll.

764 4917 947 4975 Comes
989 4939 1105 4976 cum
1149 4923 1402 4978 Bcuarvct
1427 4927 1784 4996 congreditur.

2186 2465 2374 2528 aptare
2403 2458 2689 2529 incipiens,
2714 2455 2974 2515 vicesimo
3003 2461 3088 2516 die
3123 2460 3280 2514 Madii
3319 2461 3562 2530 perlicit;
3595 2464 3776 2532 sicqut

2186 2560 2305 2602 sese
2337 2546 2640 2619 alliigendo,
2695 2565 2902 2604 summa
2942 2551 3226 2606 devotione
3255 2552 3306 2606 in
3347 2552 3576 2616 litaniis,
3621 2555 3782 2608 nudis

2186 2639 2436 2710 pedibus,
2483 2656 2578 2710 per
2609 2641 2854 2696 diversas
2900 2641 3158 2697 ecclesias
3198 2642 3578 2712 processiones
3617 2661 3778 2699 esse-

2186 2747 2382 2802 quens,
2412 2733 2576 2788 multa
2625 2733 2889 2788 beneﬁcia
2929 2735 3125 2806 iudigis
3177 2734 3422 2806 largitus,
3474 2735 3657 2789 navali
3691 2749 3778 2804 pe-

2187 2822 2360 2877 riculo
2406 2837 2526 2878 sese
2577 2823 2955 2886 committens,
3017 2839 3207 2879 versus
3267 2822 3600 2895 Syracusani
3663 2824 3778 2877 vela

2185 2911 2389 2982 dirigit.
2421 2911 2716 2967 Jordauum
2769 2927 2900 2966 vero
2954 2911 3120 2966 lilium
3174 2927 3328 2966 suum
3377 2909 3500 2966 eum
3533 2915 3776 2982 equestri

2179 3002 2420 3058 exercitu
2475 3002 2601 3056 illuc
2647 3004 2748 3058 sibi
2799 3003 3016 3058 obvium
3076 3005 3190 3058 lieri
3241 3005 3530 3074 praecipit,
3583 3005 3774 3060 videas

2180 3105 2346 3147 naves
2377 3100 2510 3147 nutu
2557 3093 2650 3146 Dei
2684 3093 2792 3161 agi,
2831 3102 2885 3147 et
2936 3095 3080 3148 nulla
3121 3109 3249 3148 aura
3287 3093 3370 3149 vel
3411 3097 3622 3166 remige
3675 3097 3772 3149 im-

2179 3183 2470 3254 pingente,
2529 3183 2746 3255 rapidas
2798 3199 3076 3254 aequorum
3128 3186 3302 3240 undas
3350 3200 3382 3240 e
3420 3195 3574 3240 recto
3620 3185 3768 3257 (3l2)

2178 3273 2408 3340 sulcare,
2451 3283 2509 3329 ut
2552 3275 2708 3330 facile
2756 3277 3115 3346 perpenderet
3171 3277 3316 3331 hanc
3368 3277 3770 3347 expeditionem

2177 3365 2273 3421 Dei
2303 3364 2540 3420 favorem
2591 3367 2740 3438 (515)
2787 3366 3058 3432 comitari,
3093 3375 3147 3422 et
3181 3366 3428 3422 hostibus
3477 3367 3770 3437 praevalere

2177 3457 2394 3512 debere.
2423 3457 2620 3512 Comes
2659 3457 2847 3526 igitur,
2891 3457 3156 3514 honsione
3187 3457 3336 3528 (5M)
3367 3456 3433 3511 de
3473 3457 3768 3512 obtinenda

2176 3550 2400 3604 victoria
2427 3551 2628 3605 certior
2655 3549 2850 3614 factus,
2881 3551 3052 3620 prima
3081 3561 3236 3606 nocte
3270 3549 3582 3604 Tui-oneum
3619 3549 3768 3619 ('5I5)

2174 3643 2454 3711 applicat;
2509 3643 2744 3697 secunda
2805 3657 2933 3698 vero
2991 3643 3136 3711 apud
3183 3641 3552 3711 Lougrevam,
3609 3633 3767 3696 t‘ertia

2175 3733 2451 3789 Resesalix
2511 3733 2684 3804 (516).
2743 3733 2841 3789 llic
2889 3733 3161 3789 Jordauus
3219 3733 3362 3788 lilius
3411 3749 3584 3798 suus,
3643 3749 3766 3788 cum

2173 3825 2412 3881 exercitu
2447 3825 2682 3894 equestri
2713 3825 2814 3880 sibi
2842 3825 3034 3879 obvius
3082 3825 3276 3886 factus,
3315 3825 3484 3878 multa
3540 3825 3684 3878 inter
3709 3839 3766 3879 se

2172 3917 2241 3972 de
2273 3917 2338 3973 iis
2389 3933 2508 3987 quae
2560 3917 2804 3972 facienda
2864 3927 3022 3972 erant
3060 3917 3284 3972 consilio
3341 3917 3530 3971 habito
3581 3916 3764 3972 confe-

2175 4019 2376 4072 rentes,
2417 4007 2719 4079 Philippum
2757 4009 2926 4064 lilium
2954 4007 3170 4080 Georgii
3199 4010 3374 4080 patrui
3413 4009 3591 4080 (517),
3629 4025 3749 4064 cum

2175 4103 2518 4158 velocissima
2555 4103 2784 4174 sagctia,
2819 4118 3006 4159 versus
3037 4101 3365 4174 Syracusani
3397 4119 3620 4158 omnem
3651 4117 3758 4156 rem

2173 4193 2510 4265 exploratum
2543 4195 2826 4250 mandant.
2863 4194 2986 4262 Qui,
3016 4193 3167 4262 jussa
3201 4193 3434 4249 fideliter
3463 4194 3760 4264 complens,

2173 4285 2240 4340 de
2267 4295 2423 4340 nocte
2453 4285 2593 4340 inter
2617 4286 2847 4340 classem
2883 4284 3331 4349 Sarracenorum,
3364 4299 3426 4339 ac
3453 4284 3498 4339 si
3533 4300 3674 4338 unus
3698 4299 3760 4338 ex

2175 4380 2307 4452 ipsis
2329 4389 2493 4446 esset,
2516 4381 2976 4450 circumnavigat;
3003 4395 3125 4434 nam
3149 4388 3202 4433 ct
3224 4379 3404 4450 lingua
3430 4394 3624 4433 eorum
3653 4379 3760 4449 ipse

2172 4483 2228 4528 et
2255 4481 2432 4528 nauta:
2462 4487 2652 4528 omnes
2682 4471 2774 4542 qui
2818 4487 2942 4528 cum
2976 4472 3094 4544 ipso
3131 4481 3520 4542 processerant
3547 4470 3762 4542 peritis-

2172 4565 2292 4620 simi
2327 4571 2520 4631 erant,
2571 4564 2931 4636 omnibusque
2987 4563 3292 4635 prudenter
3315 4561 3752 4632 circumspectis.

2170 4656 2385 4711 rediens
2433 4666 2709 4710 certamen
2747 4665 2994 4726 paratum
3037 4655 3314 4710 renuntiat
3359 4654 3472 4708 Deo
3523 4655 3758 4725 prepitio

2171 4745 2306 4800 nihil
2335 4744 2558 4815 periculi
2606 4746 2913 4800 imminere.
2963 4745 3221 4800 Hostibus
3251 4743 3513 4798 audacter
3561 4759 3750 4798 occur-

2171 4837 2394 4890 rendum
2453 4835 2737 4903 hortatur;
2786 4845 2906 4893 erat
2962 4847 3142 4892 autem
3199 4835 3518 4892 Sabbatum.
3565 4835 3755 4892 Comes

2169 4936 2352 4982 autem
2402 4944 2530 4986 suos
2589 4945 2944 4986 commoneas
2996 4931 3170 4996 prima
3227 4929 3348 4984 luce
3405 4929 3752 4985 illucescente
