4010 5230
233 347 374 404 1185

1383 345 1700 405 liiSTOillA
1739 347 2004 406 SICULA.
2047 383 2114 390 —
2159 349 2286 406 LIB.
2325 349 2409 406 IV.

3375 357 3510 412 1186

235 459 434 532 quenti
465 471 622 516 nocte
653 459 948 526 mediante,
980 475 1196 530 aequore
1242 463 1496 518 ancnoris
1541 449 1826 528 extractis,
1859 461 1902 522 Α
1932 463 2054 518 vide
2076 465 2296 534 agebat:
2328 472 2382 518 et
2410 461 2658 534 quamvis
2687 462 2911 533 juvenili
2940 473 3096 521 :etate
3118 477 3285 532 esset,
3315 483 3504 524 secuu~

233 571 363 610 cum
395 553 612 608 silentio
645 552 1022 624 procedentes,
1057 553 1179 608 luna
1209 552 1553 608 illucescente
1584 553 1822 625 Syracu-

236 661 382 710 sam,
415 647 504 700 ubi
531 645 796 700 Benarvet
829 646 1094 702 acerrime
1117 661 1238 702 cum
1269 647 1440 702 classe
1472 663 1566 702 sua
1603 658 1821 718 prassto-

233 737 488 801 labatur,
549 745 856 800 venerunt,
921 745 1196 792 certamen
1265 737 1501 804 ineunt;
1571 739 1825 808 utrinque

231 829 604 898 congreditur.
639 828 908 882 Beuarvet
957 829 1214 886 instinctu
1250 829 1472 896 diaboli,
1524 831 1614 900 qui
1649 831 1818 886 vitam

231 921 347 986 ejus
365 919 480 986 jam
511 921 714 974 misera
737 929 910 974 morte
937 919 1226 976 terminare
1247 921 1482 986 volebat,
1500 937 1606 991 quo
1631 937 1822 976 navem

233 1011 460 1070 comitis
515 1011 728 1066 eminus
787 1011 1028 1080 agnovit,
1077 1027 1277 1084 magno
1323 1012 1524 1084 impetu
1569 1027 1824 1084 grassans

237 1103 484 1159 illorsnm
516 1101 696 1166 irruit,
722 1101 924 1156 acriter
965 1099 1222 1166 bellatur;
1273 1104 1366 1157 sed
1409 1103 1589 1158 acrius
1623 1103 1825 1174 excipi-

231 1208 336 1254 tur.
365 1193 504 1250 Nam
543 1211 574 1248 a
600 1193 808 1264 Lupino
835 1192 1067 1264 quodam
1111 1193 1344 1264 primum
1383 1193 1566 1265 jaculo
1612 1193 1828 1250 confos-

227 1300 344 1349 sus,
377 1285 505 1338 dum
533 1297 560 1336 a
600 1282 798 1336 comite
825 1283 918 1352 qui
949 1283 1128 1337 navim
1162 1281 1278 1353 ejus
1317 1283 1583 1340 insilierat
1625 1283 1823 1340 minaci

227 1390 358 1432 ense
384 1373 752 1444 persequitur,
784 1374 900 1444 ipse
929 1375 1232 1443 proximam
1291 1391 1482 1432 navem
1525 1377 1590 1431 de
1619 1375 1732 1430 suis
1757 1375 1823 1430 ad

229 1465 542 1537 fugiendum
589 1463 728 1520 saltu
783 1475 1074 1536 appetens,
1119 1467 1172 1520 in
1219 1481 1370 1520 mare
1414 1483 1536 1522 cum
1586 1468 1824 1537 pondere

233 1557 362 1611 ferri
387 1556 741 1624 demergitur,
788 1555 972 1626 sicque
1021 1555 1296 1626 injuriant,
1342 1575 1504 1628 quam
1537 1559 1645 1613 Deo
1673 1575 1822 1614 arro-

229 1653 421 1714 ganter
455 1643 649 1704 intulit.
687 1645 870 1700 divino
909 1645 1114 1715 judicio
1144 1647 1409 1720 condigna
1459 1647 1663 1704 ultione
1692 1647 1822 1702 mul-

233 1747 377 1790 tatur
407 1751 598 1808 poenas
644 1736 862 1800 lnendo,
911 1753 1218 1810 perpessus.
1271 1737 1484 1812 Reliqui
1529 1757 1658 1796 vero
1699 1742 1820 1796 dum

1927 553 2054 608 dum
2093 557 2235 626 quod
2275 555 2492 625 agebat,
2524 571 2645 610 cum
2687 571 2790 610 non
2825 555 2938 625 jam
2969 557 3244 626 juvenem,
3273 559 3364 613 sed
3399 575 3508 616 mo-

1929 644 2076 699 ribus
2105 645 2452 700 senissimum
2477 645 2724 714 judicare
2757 664 2966 718 posses.
3003 649 3202 706 Militia:
3240 651 3510 716 assiduus,

1925 733 2288 804 frequentiam
2346 737 2578 792 militum
2635 753 2858 807 amans,
2929 741 3197 812 colloquio
3253 743 3511 812 affabilis,

1925 827 2242 882 muneribus
2299 827 2516 898 largus,
2577 827 2746 884 labori
2801 831 3108 904 vigiliisque
3167 833 3512 904 indeliciens,

1927 915 2289 972 Eeelesiarnm
2362 917 2633 986 defensor,
2689 937 2984 993 pauperum
3049 932 3100 979 et
3169 927 3514 982 merentium

1925 1007 2253 1074 consolator,
2307 1009 2420 1064 suis
2473 1011 2718 1083 clypeus,
2769 1014 3017 1069 hostibus
3074 1015 3325 1080 aculeus,
3369 1015 3517 1086 juste

1919 1097 2174 1168 judicans
2215 1103 2430 1168 omnia,
2471 1114 2699 1174 excepto
2739 1106 2882 1174 quod
2927 1106 3145 1176 pietatis
3179 1107 3372 1162 affectu
3420 1107 3518 1164 ob-

1925 1192 2110 1248 viaute
2165 1193 2218 1248 in
2277 1195 2456 1264 rigore
2505 1193 2731 1264 justiti-.1:
2783 1195 3176 1266 aliquantulum
3240 1199 3518 1254 remissior

1927 1291 2068 1336 erat.
2095 1281 2191 1338 llis
2219 1283 2430 1340 artibus
2459 1285 2510 1338 in
2540 1303 2599 1342 se
2628 1288 3066 1343 accrescentibus
3088 1289 3325 1343 omnium
3353 1293 3518 1345 bono-

1929 1387 2049 1426 rum
2081 1372 2318 1429 favorcm
2343 1374 2493 1430 brevi
2521 1375 2775 1431 obtinuit.
2803 1375 2902 1432 llic
2925 1379 3270 1436 Boamundus
3291 1379 3518 1436 fratrem

1928 1477 2082 1518 suum
2115 1463 2411 1520 ambitione
2441 1465 2667 1520 ducatus
2697 1484 2724 1520 a
2759 1482 2817 1520 se
2837 1467 3252 1534 desciscentem,
3281 1471 3370 1542 qui
3403 1469 3516 1538 jam

1928 1557 2144 1622 urbem,
2173 1572 2291 1626 quze
2325 1556 2449 1612 Oria
2484 1557 2706 1622 dicitur,
2741 1559 3031 1616 traditione
3061 1562 3258 1617 civium
3293 1564 3520 1634 adeptus

1929 1660 2066 1711 erat,
2091 1665 2188 1720 per
2229 1665 2388 1720 quam
2426 1651 2763 1721 provinciam
2796 1652 3148 1710 Tarentinam
3187 1665 3239 1712 ct
3271 1655 3518 1728 llydrun-

1932 1739 2101 1792 tinam
2130 1755 2226 1809 spe
2255 1739 2448 1808 praeda:
2488 1741 2846 1812 complicibus
2876 1745 3228 1815 undequaque
3260 1745 3360 1799 sibi
3400 1745 3520 1799 allio

227 1827 416 1900 fugere
449 1829 717 1892 nituntur,
747 1845 776 1882 a
813 1831 1018 1886 nostris
1073 1831 1244 1886 citato
1301 1833 1508 1904 remige
1552 1834 1824 1906 persecuti
1859 1817 1901 1876 Β
1932 1830 2072 1900 gulis
2099 1829 2428 1894 infestabat.
2477 1831 2656 1886 minus
2711 1833 2995 1889 adversm“
3039 1851 3097 1890 se
3139 1835 3403 1906 proficere
3443 1835 3522 1890 vi-

233 1911 574 1976 trnucantur.
603 1922 658 1976 Si
683 1921 950 1980 Jordanus
970 1924 1187 1979 interim
1213 1927 1402 1980 urbem
1428 1935 1822 1998 Oppugnasset,

231 2013 477 2084 profecto
534 2013 690 2070 facile
729 2015 994 2070 debellata
1033 2017 1454 2082 succubuisset;
1515 2019 1610 2072 sed
1673 2030 1828 2088 pater

243 2111 418 2163 minus
453 2109 674 2178 provide
731 2109 1088 2164 interdixerat
1133 2109 1232 2163 sibi
1269 2125 1336 2164 ne
1378 2109 1550 2164 fieret.
1601 2111 1642 2163 A
1689 2109 1826 2164 Maio

237 2201 400 2272 igitur
429 2217 602 2272 usque
653 2201 705 2256 in
753 2201 1043 2258 Octobrem
1097 2203 1410 2258 obsessione
1455 2203 1576 2257 urbi
1623 2203 1824 2268 dedita,

233 2291 346 2362 ipsa
377 2291 608 2346 multum
642 2293 1045 2358 rccalcitrante,
1079 2291 1307 2364 plurima
1341 2293 1620 2347 infestatio
1653 2293 1824 2346 utrin-

233 2399 336 2453 que
367 2383 512 2438 facta
544 2393 646 2439 est.
677 2383 836 2440 Cives
868 2399 1019 2448 vero,
1074 2383 1417 2440 Christianos
1475 2383 1739 2454 plurimos
1771 2383 1823 2438 in

239 2473 486 2542 captione
537 2473 677 2528 infra
727 2475 913 2529 urbem
968 2474 1267 2540 habentes,
1330 2473 1534 2530 solutos
1572 2475 1638 2528 ab
1691 2474 1825 2528 urbe

231 2561 476 2630 ejiciunt,
503 2563 606 2618 rati
645 2573 862 2618 nostros
885 2563 962 2618 sic
987 2561 1144 2620 facile
1172 2561 1240 2618 ab
1282 2565 1415 2619 urbe
1451 2579 1823 2634 processuros.

237 2655 306 2708 At
337 2657 460 2710 dum
492 2657 847 2713 nihilominus
877 2659 1170 2728 persistere
1211 2657 1419 2726 vident,
1453 2673 1590 2713 uxor
1621 2657 1824 2713 Bonar-

239 2755 324 2801 vct
353 2763 474 2802 eum
501 2748 610 2802 tilio
633 2757 684 2802 et
713 2749 1029 2806 melioribus
1055 2750 1222 2814 urbis,
1257 2751 1484 2806 navibus
1524 2751 1732 2806 duabus
1761 2751 1826 2802 de

243 2851 396 2893 nocte
427 2855 525 2910 per
551 2841 759 2896 medias
789 2855 954 2896 naves
987 2851 1202 2896 nostras
1247 2843 1590 2912 rapidissimo
1623 2843 1828 2910 remige

241 2929 536 2984 evadentes
587 2945 706 2986 sese
767 2931 959 2986 [Votum
1011 2931 1297 3002 rccipiunt.
1361 2931 1572 3002 Reliqui
1623 2931 1828 2986 fmalrre

241 3019 538 3088 composito
588 3021 862 3076 deditione
906 3037 964 3075 se
1011 3032 1064 3076 et
1110 3022 1300 3076 urbem
1355 3023 1622 3084 reddunt,
1683 3035 1826 3075 anno

245 3110 532 3167 Dominieze
626 3113 1022 3170 lncarnationis
1111 3115 1400 3170 millesimo
1491 3113 1826 3186 Oclogcsima

241 3203 448 3271 quinto.

855 3319 1082 3376 CAPle
1141 3321 1226 3375 Ill.

251 3409 427 3466 l‘isuni
477 3413 716 3484 Africam
771 3423 1110 3552 away/riunt,
1171 3424 1218 3468 et
1277 3413 1452 3466 comiti
1505 3413 1829 3468 retincudmu

914 3501 942 3536 0
990 3493 1162 3537 erunt.

914 3493 1162 3537 offerunt.

251 3567 258 3572 ’
313 3573 444 3628 Cum
483 3575 584 3630 ista
619 3585 908 3644 geruntur,
927 3573 1106 3628 Pisani
1155 3574 1246 3645 qui
1286 3575 1424 3646 apud
1473 3575 1710 3630 Africam
1741 3589 1832 3629 ne-

247 3663 496 3732 gotiandi)
545 3663 1060 3734 proficiscebantur,
1091 3665 1352 3734 quasdam
1384 3665 1611 3734 injurias
1665 3668 1831 3736 passi,

248 3755 482 3809 exercitu
537 3763 904 3827 congregato,
955 3755 1142 3810 urbem
1210 3756 1352 3825 regis
1401 3756 1602 3812 Tunitii
1663 3773 1832 3829 oppu‘

249 3855 494 3914 gnantes,
527 3861 696 3917 usque
719 3847 786 3902 ad
815 3847 1076 3917 majorem
1109 3847 1302 3903 turrim
1327 3862 1431 3919 qua
1459 3863 1548 3904 rex
1579 3849 1834 3906 defende-

251 3935 405 3991 batur
430 3937 670 4008 capiunt.
703 3937 808 3993 Sed
841 3939 966 4008 quia
998 3955 1094 3994 sua
1145 3940 1348 3994 virtute
1369 3939 1503 3994 urbe
1528 3949 1834 4011 expugnata

253 4026 475 4092 patriam
537 4027 772 4082 retinere
821 4027 1002 4084 minus
1053 4028 1406 4096 sufﬁcientes,
1457 4030 1642 4086 comiti
1693 4029 1836 4084 Sici-

255 4109 440 4180 liensi,
458 4133 620 4187 quem
655 4117 850 4174 talibus
871 4118 1220 4188 prmvalidum
1248 4121 1668 4192 cognoscebant,
1693 4135 1834 4182 eam,

255 4205 298 4257 si
345 4209 589 4276 recipere
637 4209 788 4274 velit,
855 4223 954 4278 per
995 4208 1198 4280 legatos
1243 4211 1537 4266 invitantcs
1581 4209 1834 4267 offerunt.

257 4294 418 4352 Porro
451 4298 542 4354 ille
571 4301 695 4370 quia
723 4301 832 4370 regi
861 4301 1064 4356 Tunitii
1101 4303 1248 4372 (518)
1284 4303 1579 4358 amicitiam
1621 4319 1682 4358 se
1725 4317 1839 4356 ser-

253 4397 498 4447 vaturum
525 4395 756 4460 dixerat,
781 4393 1108 4464 legalitatcm
1131 4409 1285 4450 suant
1317 4411 1542 4450 servans
1565 4396 1618 4450 in
1639 4394 1839 4449 damno

1930 1920 2086 1984 deus,
2117 1935 2222 1975 non
2252 1923 2392 1990 quod
2423 1922 2576 1976 miles
2605 1923 3042 1994 elegantissimus
3073 1943 3176 1982 non
3205 1925 3388 1992 fuerit,
3421 1927 3518 1980 sed

1929 2012 2056 2080 quia
2097 2023 2342 2082 sumptus
2373 2013 2439 2066 ad
2469 2013 2522 2066 id
2554 2013 2758 2082 negotii
2785 2016 3080 2070 necessarii
3117 2018 3293 2072 minus
3320 2033 3520 2088 suppe-

1933 2101 2136 2166 tebant,
2169 2101 2408 2156 fraterna
2439 2102 2640 2173 pietate
2681 2115 3008 2173 commotus,
3052 2108 3316 2161 arcessito
3351 2107 3416 2160 ad
3458 2123 3517 2163 se

1930 2199 1984 2244 et
2015 2191 2386 2256 rcconciliato,
2411 2201 2620 2262 partem
2647 2203 2884 2264 paterna:
2911 2197 3241 2252 hmredilatis
3271 2197 3518 2264 contulit,

1931 2299 2176 2339 annuens
2219 2283 2268 2339 ei
2313 2285 2486 2356 ipsam
2530 2285 2713 2342 Oriatn
2767 2289 3149 2357 urbemquam
3186 2299 3519 2360 pervaserat,

1930 2375 2195 2445 adjicicns
2241 2375 2538 2432 Tarentum
2582 2387 2634 2433 et
2683 2377 3046 2450 Hydruntum,
3079 2381 3193 2434 sive
3232 2380 3520 2452 Galipolim

1929 2481 2052 2524 eum
2084 2470 2336 2524 omnibus
2367 2469 2703 2540 appendiciis
2741 2481 2796 2525 et
2837 2471 3100 2541 quidquid
3135 2471 3426 2528 Gaufridus
3458 2475 3524 2528 de

1929 2561 2278 2616 Conversana
2304 2561 2404 2616 sub
2427 2563 2543 2631 ipso
2567 2562 2795 2619 habebat
2823 2581 2944 2620 cum
2971 2565 3232 2620 famulatu
3258 2565 3519 2635 ejusdem.

1932 2653 2188 2724 Reliquos
2221 2669 2373 2716 vero,
2403 2653 2446 2708 si
2489 2655 2578 2724 qui
2609 2655 2906 2712 adversarii
2949 2665 3123 2722 erant,
3157 2651 3255 2714 sua
3288 2659 3524 2712 strenui-

1934 2755 2042 2800 tate
2087 2745 2396 2811 sternebat;
2432 2745 2518 2801 ubi
2573 2763 2701 2802 vero
2747 2747 2925 2804 minus
2969 2765 3064 2820 per
3103 2765 3162 2805 se
3203 2749 3521 2814 sulliciebat,

1933 2833 2204 2890 Siciliensi
2238 2837 2465 2902 comite,
2494 2838 2650 2907 quasi
2693 2854 2792 2909 pro
2821 2839 3048 2896 verbere
3076 2843 3142 2896 ad
3175 2841 3309 2898 alios
3337 2841 3525 2911 subju-

1931 2929 2136 2999 gandos
2161 2931 2438 2992 utebatur,
2471 2930 2626 3000 cujus
2665 2931 2864 2987 virtute
2895 2933 3140 3002 pluribus
3175 2933 3381 2990 territis
3416 2934 3522 2989 mi-

1931 3035 2034 3076 nus
2068 3021 2323 3076 resistere
2351 3025 2777 3093 prarsmnebant.

2555 3109 2784 3166 CAPUT
2825 3111 2888 3166 ν.

2203 3201 2388 3256 Comes
2417 3202 2754 3273 Agrigentum
2783 3203 2980 3258 obsidet
3009 3214 3056 3258 et
3081 3206 3239 3276 capit.

1947 3285 1950 3288 ’
2002 3291 2198 3348 Comes
2228 3309 2358 3362 ergo
2393 3293 2692 3363 Rogerius,
2729 3311 2918 3351 omnes
2952 3297 3285 3367 potentiores
3327 3297 3526 3354 Sicilia:

1934 3399 1963 3437 a
1993 3399 2052 3438 se
2101 3383 2400 3439 debellatos
2444 3385 2709 3456 gaudens,
2749 3393 2804 3441 et
2840 3388 3077 3452 nomine,
3113 3397 3338 3458 excepto
3380 3389 3524 3444 Cha-

1935 3483 2104 3540 muto,
2137 3475 2451 3545 superstite,
2493 3476 2560 3532 ad
2615 3477 2718 3532 hoc
2747 3479 2962 3533 assidua
3009 3479 3398 3549 deliberatione
3445 3481 3528 3535 in-

1935 3568 2110 3624 tendit
2167 3575 2227 3621 ut
2284 3567 2400 3636 ipso
2453 3567 2930 3624 circumveniendo
2986 3570 3254 3626 debellato
3305 3586 3524 3628 omnem

1935 3659 2038 3716 sibi
2083 3659 2150 3714 de
2189 3668 2388 3715 cartero
2429 3659 2672 3716 Siciliam
2712 3661 2926 3717 subdat.
2967 3661 3120 3718 Unde
3149 3665 3392 3720 exercitu
3425 3665 3526 3720 ad-

1935 3762 2104 3817 moto,
2131 3751 2246 3823 ipso
2273 3753 2412 3823 apud
2442 3753 2694 3808 Castrum
2735 3753 2962 3810 Joannis
3005 3754 3352 3824 immorante,
3391 3771 3528 3812 uxo-

1937 3859 2051 3898 rem
2095 3843 2212 3914 ejus
2259 3858 2324 3900 ac
2361 3842 2564 3900 liberos
2607 3845 2747 3915 apud
2773 3845 3184 3918 Agrigentinum
3213 3848 3400 3904 urbem
3434 3847 3531 3904 ob—

1937 3953 2148 3994 sessum
2179 3938 2359 4004 vadit,
2407 3955 2550 3998 anno
2575 3939 2886 3995 'Dominicaa
2923 3939 3317 3995 lncarnationis
3355 3939 3532 3995 mille-

1937 4027 2077 4083 simo
2115 4027 2453 4098 octogesimo
2501 4041 2692 4096 sexto,
2743 4030 2917 4101 prima
2964 4031 3051 4086 die
3083 4029 3320 4100 Aprilis;
3365 4045 3530 4100 quam

1939 4121 2179 4192 undique
2228 4123 2472 4176 exercitu
2523 4123 2764 4188 vallans,
2811 4121 3022 4177 diutina
3067 4123 3416 4192 oppressione
3459 4121 3533 4174 la-

1941 4216 2183 4280 cessivit,
2207 4215 2496 4286 studioque
2524 4215 2982 4270 machinamentis
3006 4216 3074 4270 ad
3099 4215 3288 4270 urbem
3311 4215 3535 4284 capien-

1941 4309 2065 4364 dam
2114 4307 2419 4378 apparatis,
2463 4307 2683 4362 tandem
2725 4307 2984 4364 vicesima
3023 4307 3211 4376 quinta
3252 4305 3340 4361 die
3403 4303 3535 4360 Julii

1939 4401 2149 4456 viribus
2207 4401 2471 4456 exhausta
2535 4401 2944 4458 imminentibus
3003 4401 3252 4458 hostibus
3310 4399 3531 4470 patuit;

259 4479 396 4540 illius
450 4489 714 4543 assentire
769 4487 996 4543 distulit.
1051 4487 1164 4544 Rex
1215 4503 1348 4545 vero
1387 4489 1636 4544 Tunitius
1665 4487 1836 4558 (519),
1871 4511 1916 4569 D
1943 4508 2081 4548 uxor
2102 4493 2354 4548 Chamnti
2379 4507 2502 4548 cum
2527 4493 2714 4550 liberis
2735 4479 2948 4550 comitis
2972 4495 3186 4550 inventa
3215 4499 3297 4548 est
3327 4489 3538 4560 captio-

267 4587 384 4630 eum
417 4579 672 4634 certando
699 4581 950 4636 resistere
975 4583 1183 4651 nequit,
1221 4583 1398 4652 pretio
1423 4597 1610 4652 pacem
1633 4596 1841 4636 merca-

261 4659 370 4734 tus,
414 4687 550 4741 quos
601 4675 749 4746 (590)
789 4677 956 4730 armis
1005 4677 1184 4732 minus
1229 4677 1559 4742 sufficiebat,
1607 4679 1837 4748 pecunia

263 4757 430 4816 classe
449 4764 596 4836 (52!)
625 4767 758 4822 fines
787 4767 1079 4822 Christiani
1109 4770 1346 4824 nominis
1374 4785 1660 4839 pervasum
1691 4771 1842 4842 (322)

263 4849 481 4910 ulterius
519 4867 750 4922 tentare,
775 4867 830 4912 et
860 4873 997 4930 quos
1017 4859 1256 4928 ejusdem
1289 4859 1566 4932 religionis
1597 4863 1846 4934 captivos

263 4943 472 4998 tenebat
493 4958 718 5004 coaetus
753 4957 838 5004 est
865 4949 1168 5006 absolvere.

858 5059 896 5084 n
911 5061 932 5084 Δ
951 5062 1086 5084 ἰὶῐῗοτῑ
1123 5064 1139 5084 1
1151 5063 1190 5084 Ιτ

1945 4585 2029 4640 nis
2063 4585 2231 4656 (523i.
2273 4585 2470 4641 Comes
2517 4585 2726 4656 itaque,
2781 4583 2836 4640 in
2888 4587 3021 4640 urbe
3073 4601 3173 4656 pro
3226 4583 3380 4638 libitu
3437 4597 3542 4638 suo

1949 4690 2178 4750 posuus,
2206 4695 2428 4734 uxorem
2463 4679 2712 4734 Chamnti
2746 4678 2896 4734 omni
2925 4677 3372 4734 dehonestatione
3407 4689 3514 4744 pro
3539 4707 3552 4718 -

1949 4774 2116 4830 hibita
2161 4775 2274 4830 suis
2322 4773 2734 4829 custodiendam
2763 4773 3050 4838 deliberat,
3093 4773 3270 4828 sciens
3297 4769 3564 4825 Chamu—

1951 4874 2063 4919 tum
2108 4864 2210 4920 sibi
2257 4862 2472 4920 facilius
2519 4862 2886 4928 reconciliari,
2911 4862 2954 4918 si
2985 4877 3106 4916 eam
3139 4864 3348 4932 absque
3375 4857 3593 4916 deho-

1955 4958 2262 5013 nestatione
2293 4955 2609 5028 cognoverit
2653 4953 2956 5012 attractari.
2991 4951 3193 5011 Urbem
3223 4955 3407 5022 itaque
3447 4966 3614 5020 pro

2257 5047 2516 5082 nmlinnnc
2569 5045 2796 5082 nocInIln
2827 5039 3140 5082 ﬁrmiceimn
3177 5042 3348 5080 munit
3404 5041 3620 5080 ναιι..

1953 5047 2090 5084 unua
2128 5047 2227 5082 nnis
