4010 5230
410 158 567 225 μετ,
690 185 701 191 -
1206 119 1212 127 ’
1258 152 1609 212 GAUFREDI
1651 149 2008 207 MALATERI

2151 151 2458 210 MONACHI
2507 155 2862 221 BENEDICT.
3557 159 3580 213 l
3596 158 3697 217 l88

410 276 556 330 mina
588 292 600 327 :
635 272 917 338 Platonio,
971 271 1186 336 Missor,
1236 267 1511 338 Gastajel,
1546 252 1769 334 'Satuti,
1808 267 1997 333 Racel,
2028 270 2078 329 Α
2106 284 2313 338 amare,
2350 272 2621 343 justitiam
2669 274 2916 345 exsequi,
2959 272 3246 330 veritatem
3287 275 3569 345 amplecti,
3601 292 3697 332 ec-

411 364 579 430 Bil’ar,
613 362 840 418 Muclofe
869 360 1039 432 (524),
1068 361 1231 423 Garo,
1256 359 1615 420 Calatcnissa.
1641 359 1784 428 quod
1818 366 2005 412 nostra

413 460 594 529 lingua
623 457 1037 527 interpretatum
1079 452 1393 519 resolvitur,
1421 450 1609 507 Castra
1639 450 1789 521 (325)
1826 447 2004 503 Femi-

414 565 626 616 narum,
661 547 883 614 Lerata,
919 545 1135 602 Remise
1167 544 1339 614 (326).

1021 633 1251 692 CAPUT
1305 634 1389 690 Vl.

449 730 672 787 Chamut
700 714 1030 785 Christianus
1056 727 1148 796 ﬁt;
1184 724 1429 781 Castrum
1454 725 1679 781 Joannis
1710 725 1969 780 redditur.

483 824 680 879 Comes
726 823 943 892 itaque,
998 820 1101 876 sibi
1152 821 1333 877 omnia
1377 835 1635 891 prospere
1683 820 1878 875 cedere
1912 818 2009 874 Dei

417 916 768 970 miseratione
825 929 1195 985 cognoscens,
1250 911 1436 981 adjicit
1489 912 1745 969 Castrum
1786 909 2011 966 Joannis

415 1006 518 1061 sibi
548 1015 644 1061 aut
668 1006 1019 1077 oppressione
1043 1014 1135 1059 aut
1161 1014 1310 1060 certe
1337 1012 1482 1069 astu,
1506 1004 1686 1075 aliqua
1711 1004 2009 1073 composita

418 1096 923 1160 confmdcratione,
978 1097 1079 1152 sibi
1137 1096 1433 1167 applicare.
1477 1096 1629 1152 Unde
1676 1105 1731 1150 et
1777 1095 2008 1166 quodam

414 1188 654 1243 diluculo
704 1203 828 1242 cum
889 1198 1111 1243 centum
1177 1190 1445 1246 militibus
1514 1205 1704 1245 versus
1758 1188 2009 1245 Castrum

415 1276 643 1334 Joannis
686 1294 1021 1349 properans,
1072 1281 1400 1336 (Jhamutum
1444 1281 1649 1336 fwdcre
1692 1281 2012 1349 interposito

417 1371 656 1427 locutum
691 1372 903 1427 invitat.
940 1372 1112 1441 Quem
1163 1373 1400 1429 diversis
1442 1376 1728 1428 verborum
1773 1372 2010 1427 circum-

418 1462 679 1519 itionibus
707 1471 1012 1526 attentans,
1057 1464 1333 1519 deditione
1368 1463 1545 1519 Castri
1572 1473 1623 1519 et
1656 1463 2013 1519 conversione

418 1556 487 1610 ad
511 1554 711 1611 Christi
746 1555 1087 1625 baptismatis
1116 1558 1581 1628 regenerationem
1612 1556 1811 1627 pulsat.
1840 1554 2013 1611 Porro

419 1647 532 1708 ille,
559 1661 895 1717 cognoscens
934 1647 1310 1717 experimento
1341 1648 1406 1704 de
1434 1649 1560 1703 aliis
1591 1656 1807 1717 sumpto
1844 1646 2013 1702 comi-
2041 1617 2088 1677 Β

421 1748 529 1794 tem
560 1738 627 1793 ad
658 1738 1018 1809 quodcunque
1050 1740 1373 1805 intenderet,
1399 1740 1615 1795 fortuna
1640 1739 1855 1795 favente
1881 1738 2012 1793 nihil

419 1829 622 1886 frustra
665 1831 788 1897 niti,
814 1829 1204 1900 aliquantulum
1247 1833 1411 1888 etiam
1445 1832 1512 1887 de
1544 1832 1900 1887 conversione
1936 1831 2012 1885 ad

418 1924 583 1978 fidem
619 1923 786 1979 tacito
824 1925 922 1978 sub
960 1934 1182 1994 pectore
1231 1925 1547 1996 inspiratus,
1580 1923 1717 1980 clam
1759 1923 1874 1979 suis
1901 1923 2013 1993 agit

418 2025 478 2069 ut
498 2024 712 2071 statuto
748 2015 984 2070 termino
1029 2032 1248 2081 comes,
1297 2032 1419 2073 cum
1465 2017 1709 2072 exercitu
1749 2024 1874 2071 ante
1913 2030 2035 2072 ca--

417 2120 591 2165 strum
640 2109 893 2173 veniens,
939 2109 1115 2180 ipsum
1167 2125 1289 2165 cum
1340 2125 1487 2165 omm
1538 2109 1859 2180 supellectili
1915 2124 2012 2165 sua

416 2196 483 2255 ad
517 2216 586 2256 se
642 2201 1090 2273 transfugientem
1140 2203 1421 2272 suscipiat.
1469 2203 1718 2258 Timebat.
1758 2203 1903 2258 enim
1944 2216 2012 2257 ne

416 2296 460 2350 si
497 2297 550 2349 in
593 2295 879 2367 propatulo
909 2295 1082 2361 fieret,
1114 2297 1258 2366 quod
1287 2305 1526 2351 castrum
1568 2297 1793 2353 reddere
1833 2295 1915 2351 vel
1945 2294 2013 2350 ad

419 2387 579 2442 fidem
608 2387 931 2443 catholicam
964 2389 1195 2443 transire
1224 2388 1514 2452 niteretur,
1546 2404 1575 2443 a
1608 2389 1832 2443 suismet
1863 2386 2010 2457 peri-

410 2484 682 2535 ineretur.
745 2479 941 2535 Comes
999 2496 1027 2534 a
1090 2480 1183 2535 tali
1233 2482 1596 2551 promissione
1662 2480 1815 2536 lactus
1870 2479 2011 2551 apud

420 2570 776 2641 Agrigentum
807 2572 977 2637 redit;
1017 2580 1223 2626 statuto
1251 2572 1484 2627 termino
1515 2573 1741 2627 silenter
1768 2575 2010 2628 exercitu

414 2662 672 2727 conﬂato,
706 2663 850 2717 haud
893 2664 1083 2732 procul
1118 2678 1147 2717 a
1182 2662 1374 2718 Castro
1413 2663 1671 2732 Joannis,
1713 2664 1832 2720 loco
1870 2664 2012 2719 inter

416 2765 476 2806 se
514 2760 816 2822 praenotato
864 2752 1079 2807 insidiis
1123 2752 1450 2808 occultatur.
1493 2754 1728 2809 Chamut
1758 2754 2011 2810 omnibus

418 2845 532 2900 suis
576 2845 735 2899 mulis
771 2854 829 2900 et
870 2845 1027 2915 equis
1073 2847 1431 2916 superpositis
1467 2848 1623 2918 quasi
1676 2848 2010 2919 aliquorsum

417 2951 807 3005 processurus,
861 2937 994 2992 urbe
1048 2937 1371 3008 digreditur,
1418 2955 1481 2995 ex
1529 2939 1793 2994 industria
1846 2955 2010 3011 super

418 3025 641 3080 insidias
664 3035 976 3082 nostrorum
1001 3028 1215 3095 incidit,
1239 3044 1265 3083 a
1294 3030 1496 3085 nostris
1523 3031 1815 3102 excipitur.
1846 3030 2011 3087 Com-

415 3129 572 3189 perto
601 3118 856 3174 Castrum
886 3119 1115 3176 Joannis
1145 3136 1175 3176 a
1207 3123 1409 3176 nostris
1449 3132 1809 3195 oppugnatur.
1838 3122 2010 3179 Porro

416 3212 564 3267 cives
612 3211 702 3267 tali
747 3212 891 3269 facto
937 3212 1146 3269 viribus
1191 3215 1444 3271 exhausti
1492 3224 1787 3284 terrentur,
1820 3233 1919 3289 pro
1951 3232 2010 3273 re

415 3313 578 3375 atque
612 3314 854 3376 tempore
884 3306 1170 3362 consilium
1204 3316 1408 3378 aptant.
1450 3308 1679 3365 Foedere
1708 3310 2010 3379 composito

412 3398 602 3453 comiti
650 3398 1093 3455 reconciliantur.
1129 3398 1378 3456 Castrum
1425 3401 1681 3457 deditioni
1730 3401 2008 3473 adjicitur.

415 3490 609 3546 Comes
661 3489 913 3545 Castrum
969 3491 1207 3560 adeptus
1269 3492 1421 3547 hctus
1480 3492 1742 3558 ellieitur;
1810 3502 2010 3551 nostra:

416 3583 563 3655 genti
622 3582 690 3635 ad
756 3582 1013 3636 tuendum
1065 3580 1324 3637 fortiores
1389 3592 1567 3639 turres
1636 3584 2006 3656 assignantur.

415 3671 649 3725 Chamut
683 3686 805 3725 eum
855 3685 1025 3725 uxore
1060 3681 1116 3726 et
1152 3671 1342 3728 liberis
1383 3671 1728 3731 Christianus
1754 3662 2008 3742 ellicitur,

417 3762 520 3816 hoc
543 3760 659 3817 solo
683 3759 1029 3816 conventioui
1059 3762 1378 3833 interposito
1405 3765 1546 3834 quod
1574 3782 1711 3822 uxor
1739 3782 1857 3835 sua,
1888 3784 2009 3840 quae

418 3852 522 3910 sibi
560 3853 794 3924 quadam
834 3854 1326 3925 consanguinitatis
1373 3856 1516 3912 linea
1555 3858 2008 3933 conjungebatur,

419 3945 474 4000 in
507 3954 783 4015 posterum
815 3945 918 4000 sibi
949 3962 1057 4001 non
1091 3947 1529 4003 interdiceretur.
1569 3949 1825 4014 Chamut,
1869 3951 2011 4008 inter

419 4051 548 4093 suos
578 4037 807 4093 ulterius
836 4039 1166 4094 commorari
1202 4039 1285 4095 vel
1315 4040 1591 4104 dill'erens,
1624 4042 1709 4096 vel
1741 4042 1849 4097 dilIi
1874 4046 2005 4108 lens,

416 4145 487 4184 ue
518 4129 729 4196 comiti,
760 4131 916 4200 quasi
953 4131 1188 4201 aliquam
1210 4131 1493 4193 fallaciam
1534 4135 1791 4201 miscens,
1822 4153 2011 4207 suSpe-

415 4231 540 4276 ctus
584 4220 759 4289 fieret,
791 4222 877 4278 vel
926 4224 1105 4279 minus
1150 4225 1488 4292 crederetur,
1519 4228 1662 4296 apud
1701 4228 2007 4285 Calabriam

2108 363 2331 419 clesiam
2371 364 2718 435 frequentare
2761 381 2885 421 cum
2925 364 3233 432 devotione,
3266 367 3437 421 sacris
3479 368 3699 439 hymnis

2109 467 2319 523 astare,
2370 454 2760 512 decimationes
2811 456 3052 511 omnium
3109 456 3413 512 redditnum
3471 473 3709 519 suorum

2113 549 2283 604 sacris
2313 547 2559 604 ccclesiis
2609 548 2942 614 attribuere,
2989 547 3270 603 viduarum
3319 557 3373 603 ct
3420 549 3701 620 orphano-

2114 655 2260 707 rum,
2308 642 2402 696 sed
2449 648 2506 697 et
2554 640 2896 695 maerentium
2937 656 3059 695 cum
3106 641 3312 695 ratione
3358 642 3699 696 consolator.

2113 731 2380 787 Ecclesras
2420 731 2624 803 passim
2673 745 2772 801 per
2821 730 3132 786 universam
3172 728 3413 786 Siciliam
3458 741 3701 800 reparat,

2113 825 2226 894 ipse
2259 823 2507 894 pluribus
2548 822 2598 877 in
2641 821 2773 877 locis
2814 823 2880 877 de
2907 836 3005 877 suo
3044 833 3311 892 sumptus,
3339 824 3539 893 quibus
3571 823 3706 877 faci-

2112 916 2217 971 lius
2250 915 2403 980 ﬁant,
2433 914 2707 970 attribuit.
2748 912 2805 968 In
2848 914 2984 969 urbe
3024 911 3376 984 Agrigentina
3414 912 3707 984 pontiﬁca-

2112 1006 2250 1064 libus
2289 1007 2473 1063 infulis
2502 1007 2816 1062 cathedram
2861 1002 3140 1070 sublimat,
3171 1006 3350 1071 terris,
3378 1005 3614 1060 decimis
3652 1015 3709 1059 ct

2113 1097 2344 1155 diversis
2383 1097 2577 1168 copiis,
2606 1112 2728 1168 qua)
2766 1095 3007 1168 pontifici
3044 1103 3100 1150 et
3135 1094 3284 1151 clero
3325 1105 3710 1167 competenter

2111 1187 2393 1260 designata
2429 1186 2718 1253 sufficiant,
2749 1187 3139 1242 hrcreditaliter
3174 1187 3559 1258 chirographis
3591 1188 3709 1240 suis

2113 1282 2284 1347 dotat,
2316 1280 2658 1335 ornanentis
2711 1288 2765 1334 et
2819 1279 2963 1334 sacri
3017 1279 3207 1335 altaris
3256 1279 3585 1334 utensilibus
3640 1279 3709 1333 ad

2113 1375 2330 1443 plenum
2400 1372 2755 1443 consignatis.
2831 1370 2966 1427 Huic
3039 1370 3296 1427 Ecclesia:
3370 1371 3709 1427 Gcrlandunt

2114 1465 2434 1537 quemdam,
2485 1464 2709 1518 natione
2758 1462 3140 1535 Allobrogum,
3179 1463 3387 1530 viuum,
3429 1472 3490 1517 ιιι
3532 1463 3708 1525 aiunt,

2116 1570 2325 1627 magna:
2353 1555 2638 1611 cbaritatis
2665 1563 2719 1608 et
2749 1554 3138 1610 ecclesiasticis
3177 1555 3481 1625 disciplinis
3525 1555 3712 1609 erudi-

2117 1658 2230 1703 tum
2255 1648 2568 1719 episcopum
2594 1646 2872 1710 ordinans,
2901 1644 3163 1716 praefecit.
3191 1646 3345 1701 Haud
3372 1661 3536 1702 secus
3564 1646 3711 1716 apud

2115 1737 2387 1793 Mazaram
2435 1737 2617 1793 facere
2659 1738 2888 1803 addens,
2918 1739 3174 1794 omnibus
3201 1754 3322 1809 qua:
3357 1738 3461 1793 rite
3488 1737 3629 1791 snfli.
3649 1752 3712 1789 e-

2116 1839 2237 1886 rent
2274 1828 2497 1900 praelato
2524 1835 2577 1885 et
2610 1828 2822 1884 clericis
2860 1829 2929 1883 ad
2971 1832 3188 1900 plenum
3226 1828 3547 1900 designatis,
3582 1826 3712 1883 Steo

2115 1925 2353 1994 phanum
2403 1921 2690 1991 quemdam
2744 1919 3264 1992 Rothomagensem,
3297 1921 3545 1975 honesta:
3587 1921 3713 1974 vita:

2114 2015 2288 2069 virum
2328 2014 2642 2083 episcopum
2675 2012 2971 2067 ordinavit.
3007 2011 3163 2082 Apud
3202 2009 3535 2082 Syracusam
3583 2025 3715 2064 vero

2116 2106 2257 2161 idem
2297 2105 2562 2176 adjiciens
2603 2103 2896 2174 Rogerium
2944 2104 3209 2159 decanum
3252 2102 3511 2157 Ecclesia:
3555 2100 3714 2155 Trai-

2116 2200 2319 2266 nensis,
2352 2200 2594 2254 honesta:
2622 2197 2948 2253 eruditionis
2978 2196 3258 2260 clericum,
3292 2205 3348 2251 et
3375 2196 3504 2251 boni
3538 2195 3713 2250 moris

2114 2305 2168 2351 et
2197 2292 2531 2349 all‘abilitatis
2558 2292 2733 2346 virum
2780 2290 2835 2345 in
2869 2289 3158 2345 Provincia
3187 2298 3392 2355 ortum,
3424 2288 3717 2359 pontifica-

2114 2385 2256 2441 libus
2279 2382 2462 2438 infulis
2485 2381 2825 2447 sublimavit;
2861 2380 3253 2436 Trainensibus
3281 2395 3388 2434 non
3422 2378 3711 2432 minimum

2113 2481 2180 2536 de
2208 2484 2326 2551 ejus
2356 2479 2652 2535 amissione
2678 2476 3006 2539 dolentibus,
3039 2473 3239 2545 quippe
3269 2471 3425 2542 cujus
3456 2473 3712 2528 dortrina

2112 2584 2168 2632 et
2196 2572 2446 2645 exemplo
2477 2573 2543 2627 ad
2576 2571 2799 2626 meliora
2831 2582 3046 2639 semper
3084 2566 3461 2628 hortabantur,
3496 2576 3555 2619 et
3584 2578 3715 2619 con-

2114 2671 2235 2727 silio
2274 2680 2329 2725 et
2365 2665 2675 2737 eloquentia
2705 2664 2868 2718 etiam
2901 2663 2954 2717 in
2997 2661 3127 2731 ipsis
3156 2658 3516 2715 saecularibus
3550 2671 3715 2728 nego-

2116 2764 2227 2827 tiis,
2248 2761 2403 2833 quasi
2430 2775 2529 2832 pro
2554 2757 2746 2814 baculo
2775 2754 3205 2819 sustentationis,
3233 2751 3551 2817 utebantur,
3582 2768 3707 2804 nam

2112 2868 2168 2914 et
2200 2856 2426 2912 absente
2456 2854 2709 2924 episcopo
2745 2850 2892 2906 vices
2938 2847 3043 2905 sibi
3087 2846 3365 2918 delegatus
3396 2860 3524 2899 cum
3558 2843 3707 2897 ontni

2036 2978 2083 3042 ο
2113 2948 2402 3022 prudentia
2449 2956 2506 3002 et
2550 2943 2923 3000 moderatione
2972 2939 3390 3010 exsequebatur.
3441 2937 3605 3040 Apud
3651 2936 3707 2988 S.

2113 3043 2468 3114 Euphemiam
2523 3053 2653 3095 vero
2708 3035 3034 3092 monachum
3103 3032 3423 3104 quemdam,
3489 3031 3712 3084 natione

2113 3136 2411 3200 Britonem,
2445 3132 2623 3187 virum
2672 3127 3018 3199 religiosum,
3052 3132 3174 3196 post
3214 3122 3501 3187 abbatem,
3540 3129 3709 3175 totam

2111 3229 2412 3288 Ecclesiam
2458 3224 2712 3297 prudenti
2752 3220 3124 3279 moderamine
3172 3219 3418 3283 audiens,
3460 3226 3524 3272 ut
3567 3218 3711 3272 hunc

2112 3322 2367 3380 Ecclesia:
2395 3316 2687 3375 Catanensi
2734 3314 3034 3385 impetrare
3083 3309 3230 3383 (327)
3271 3317 3459 3380 queat,
3490 3307 3708 3378 episco-

2112 3430 2243 3489 pum
2278 3413 2535 3470 ordinare
2570 3408 2720 3482 (528)
2750 3405 3004 3462 intendit.
3044 3403 3225 3472 Quare
3271 3409 3327 3456 et
3361 3415 3464 3470 per
3501 3406 3708 3453 semet-

2112 3512 2289 3582 ipsum
2342 3507 2468 3562 illue
2517 3502 2815 3567 accedens,
2870 3498 2958 3553 vix
3015 3493 3232 3552 tandem
3274 3490 3562 3547 monachis
3607 3491 3709 3543 hoc

2112 3617 2301 3660 carere
2341 3598 2672 3661 volentibus.
2716 3594 2836 3666 ipso
2873 3582 3038 3647 etiam
3079 3602 3192 3660 prae
3227 3585 3441 3643 czcteris
3470 3583 3708 3653 amplius

2113 3694 2435 3757 reluctante,
2467 3688 2721 3746 obtinuit.
2754 3684 2954 3755 Sicque
2983 3678 3300 3738 solemniter
3325 3676 3703 3747 episcopatum

2111 3785 2435 3850 concedens,
2464 3779 2609 3852 quod
2636 3777 2769 3835 nulli
2797 3775 3177 3846 episcoporum
3202 3768 3398 3824 fecisse
3422 3762 3706 3835 cognosci-

2113 3888 2223 3946 tur,
2257 3885 2421 3933 totam
2458 3873 2648 3929 urbem
2681 3870 2797 3926 sedi
2836 3882 2950 3923 suae
2979 3880 3103 3921 cum
3144 3860 3399 3919 omnibus
3439 3857 3703 3930 appendi-

2112 3971 2212 4027 ciis
2252 3966 2505 4024 suissth
2543 3960 2909 4033 chirographo
2946 3966 3003 4014 et
3041 3956 3273 4012 testibus
3311 3950 3707 4008 hmreditaliter

2112 4056 2490 4130 possidendam
2518 4050 2833 4123 assignavit.
2866 4048 3038 4104 Porro
3061 4046 3168 4110 ille,
3200 4042 3492 4099 ecclesiam
3524 4039 3704 4093 minus

2111 4151 2332 4214 cultam,
2365 4154 2550 4217 utpote
2580 4159 2611 4198 a
2638 4141 2890 4197 faucibus
2919 4135 3211 4194 incredula:
3250 4132 3429 4204 gentis
3467 4142 3700 4195 erutam,

2110 4242 2433 4311 suscipiens,
2461 4236 2602 4306 juris
2633 4234 2827 4290 studiis
2858 4230 3035 4303 primo
3073 4226 3363 4284 studiosius
3405 4222 3702 4311 inhaarens,

420 4312 472 4369 in
504 4313 782 4382 provincia
815 4312 1070 4368 Melitana
1114 4331 1143 4369 a
1175 4316 1372 4371 comite
1423 4327 1620 4373 terram
1660 4320 1775 4375 suis
1820 4320 2008 4377 usibus

2114 4310 2273 4391 brevi
2304 4328 2595 4388 ecclesiam
2630 4324 2885 4382 omnibus
2916 4317 3245 4376 necessariis
3271 4314 3605 4386 provehens,
3638 4310 3701 4363 ad

416 4403 775 4459 sutlicicntem
824 4404 1052 4473 expetit.
1098 4404 1251 4472 Quod
1291 4421 1475 4462 eomes
1505 4409 1606 4463 sibi
1639 4408 1871 4465 libenter
1906 4428 2006 4467 an-

420 4508 595 4548 nuens
634 4493 760 4550 illuc
797 4496 1055 4562 secessit;
1098 4495 1288 4565 sicque
1333 4507 1522 4568 postea
1567 4499 1726 4570 longo
1765 4510 2006 4571 tempore

419 4581 628 4647 vivens,
660 4584 727 4637 ab
755 4587 900 4639 omni
927 4582 1118 4641 fraude
1150 4601 1339 4641 versus
1369 4584 1614 4642 uestram
1642 4600 1855 4661 gentem
1885 4606 2007 4649 sese

423 4674 957 4743 irreprchensibilcm
989 4677 1246 4748 deinceps
1275 4679 1542 4737 exhibuit.

1032 4788 1259 4844 CAPUT
1298 4789 1408 4845 VII.

654 4873 839 4930 Comes
866 4877 1128 4947 episwpos
1154 4896 1247 4949 per
1271 4880 1511 4937 Siciliam
1542 4884 1773 4941 ordinat.

494 4964 713 5032 Comes,
740 4967 931 5022 videns
960 4970 1341 5039 propitiationc
1370 4975 1465 5031 Dei
1494 4992 1710 5032 omnem
1743 4978 2001 5043 Siciliam,

417 5065 648 5127 excepta
679 5055 876 5110 Butera
919 5066 974 5111 et
1009 5056 1144 5113 Noto
1177 5075 1289 5116 sua:
1335 5062 1527 5119 ditioni
1570 5069 1850 5123 subeundo
1889 5084 2008 5123 ces-

413 5153 584 5213 sisse,
615 5164 682 5205 ne
718 5148 963 5219 ingratus
1008 5150 1142 5204 tanti
1179 5151 1430 5210 beneficii
1470 5157 1572 5213 sibi
1613 5175 1641 5212 a
1676 5161 1784 5214 Deo
1823 5158 2003 5215 collati

2109 4427 2291 4482 Mariae
2322 4424 2469 4478 vices
2498 4436 2623 4477 cum
2655 4417 2868 4473 Martha
2899 4412 3049 4486 (529)
3079 4407 3488 4478 exsequendum
3522 4414 3700 4458 trans-

2110 4520 2197 4584 iit;
2232 4516 2620 4572 monachorum
2654 4509 2864 4565 turbam
2894 4522 3000 4562 non
3038 4502 3306 4559 modicam
3349 4498 3451 4553 sibi
3501 4498 3699 4551 οοειιιιι-

2111 4602 2267 4675 nans,
2302 4607 2563 4663 districta:
2599 4601 2797 4673 regula:
2826 4599 2987 4670 jugo,
3009 4597 3174 4652 verbo
3203 4603 3259 4649 et
3288 4589 3543 4661 exemplo
3582 4586 3704 4643 Sub-

2109 4716 2249 4769 esse,
2278 4708 2341 4756 ut
2371 4697 2543 4753 fidelis
2573 4704 2780 4767 pastor,
2814 4690 3011 4760 coegit.

2709 4804 2941 4863 CAPUT
2980 4800 3113 4857 Vlll.

2147 4905 2258 4963 Rea:
2301 4904 2631 4959 Francorum
2679 4898 2970 4977 Philippus
3003 4894 3173 4963 ﬁbam
3207 4887 3414 4944 comitis
3449 4900 3665 4939 uxorem

2803 4974 3012 5018 exucta.

2803 4977 3012 5038 expetit.

2180 5068 2255 5123 Ea
2288 5072 2610 5133 tempestate
2639 5059 2921 5130 Philippus
2962 5069 3054 5109 rex
3099 5052 3437 5108 Francorum
3476 5059 3701 5101 uxorem

2110 5164 2318 5220 habens
2395 5156 2690 5228 legitimam
2754 5161 2808 5206 et
2864 5146 3112 5221 praeclari
3169 5142 3423 5216 generis,
3484 5138 3701 5230 Bertam
