4010 5230
241 225 384 306 usa

243 469 412 524 gnum
449 465 570 524 post
607 469 666 510 se
705 453 908 510 habere
935 453 1338 522 designaverat,
1365 465 1556 510 contra
1579 453 1671 524 jus
1703 455 1842 528 legi—

245 546 392 602 timae
437 547 834 616 conjunctionis
879 561 1104 600 exosam
1149 546 1348 602 habere
1401 547 1564 610 fecit,
1607 557 1662 604 et
1703 565 1730 602 a
1779 564 1838 604 sc

241 647 432 694 contra
459 653 730 694 canonum
755 647 964 694 statuta
995 638 1176 693 libello
1221 641 1428 708 repudii
1473 649 1705 696 conatur
1747 657 1832 698 re-

239 729 468 800 pellere,
505 731 640 784 nihil
669 731 918 786 criminis
946 729 1182 799 objecta.
1207 743 1432 802 excepto
1451 736 1594 804 quod
1619 737 1842 806 sangui-

241 819 472 874 nitatem
495 819 632 876 falso
657 835 1020 876 annumerare
1043 823 1312 886 tentabat,
1337 839 1436 878 nec
1459 833 1692 892 poterat.
1713 825 1832 892 ilic,

241 908 452 978 legatos
497 911 640 979 apud
687 911 930 966 Siciliam
967 913 1034 966 ad
1081 913 1338 968 comitem
1379 914 1640 984 dirigens,
1669 916 1834 972 ﬁliam

238 999 382 1068 ejus,
419 1002 640 1057 nomine
667 1003 936 1068 Emittam,
965 1019 1130 1074 quam
1183 1007 1250 1060 de
1290 1005 1462 1076 prima
1499 1023 1670 1064 uxore
1711 1025 1838 1080 spe-

237 1093 708 1164 ciosampuellam
739 1097 1008 1161 habebat,
1047 1097 1150 1152 sibi
1197 1097 1252 1152 iu
1294 1099 1702 1156 matrimonium
1735 1118 1828 1158 co-

241 1184 536 1254 potandam
565 1189 790 1258 expetit.
821 1188 1018 1244 Comes
1041 1205 1196 1256 vero,
1219 1189 1428 1248 fraudis
1452 1208 1614 1263 quam
1643 1211 1834 1252 versus

239 1276 540 1347 legitimam
593 1295 822 1336 uxorem
875 1281 1112 1338 habebat
1161 1285 1422 1356 ignarus,
1475 1303 1598 1342 cum
1649 1289 1834 1346 multis

239 1370 588 1438 sponsalibus
633 1385 692 1426 se
731 1371 832 1428 sibi
881 1373 1134 1428 daturum
1185 1379 1480 1443 concessit,
1520 1389 1832 1452 statutoque

241 1461 500 1528 termino,
533 1463 760 1518 navibus
801 1466 1096 1534 apparatis,
1127 1481 1248 1522 eam
1289 1485 1462 1541 usque
1499 1474 1565 1528 ad
1609 1473 1666 1528 S.
1707 1475 1832 1546 Egi-

237 1553 390 1607 dium
433 1569 556 1608 cum
593 1554 836 1624 pluribus
873 1557 1254 1613 thesaurorum
1293 1562 1563 1628 cnxeuiis,
1595 1579 1704 1634 quo
1733 1581 1830 1622 rex

239 1659 300 1698 se
321 1643 542 1698 obvium
575 1645 690 1700 ticri
723 1647 958 1715 dixerat,
984 1650 1260 1704 maritimo
1291 1667 1454 1708 cursu
1485 1658 1824 1714 transmittit.

239 1733 598 1804 Habebatque
637 1737 892 1794 liduciam
921 1738 976 1794 in
1015 1741 1216 1802 comite
1259 1742 1501 1812 ejusdem
1538 1748 1832 1816 provincia:

237 1825 578 1892 Raimundo,
629 1830 774 1897 quod
823 1845 944 1885 eam
989 1833 1104 1903 regi
1155 1833 1386 1890 honeste
1436 1839 1778 1909 consignaret
1809 1873 1860 1909 ,-

237 1932 364 1972 nam
379 1928 444 1974 et
469 1919 772 1989 ipse-aliam
801 1921 966 1978 filiam
994 1925 1212 1981 comitis
1231 1927 1550 1997 jamdudum
1575 1932 1828 1990 duxerat.

237 2010 356 2066 Rex
397 2027 550 2079 vero,
595 2023 890 2084 pravorum
927 2019 1160 2074 consilio
1187 2036 1339 2086 usus,
1367 2023 1436 2078 ad
1467 2023 1584 2080 haec
1625 2027 1830 2083 niteba-

235 2111 324 2157 tur
357 2113 420 2158 ut
454 2106 726 2162 thesauris
755 2110 1026 2180 susceptis
1061 2121 1118 2166 et
1155 2113 1410 2170 comitem
1449 2115 1515 2170 de
1559 2115 1689 2182 lilia,
1723 2133 1830 2174 non

233 2195 508 2265 ducendo,
543 2199 868 2256 ludiﬁcaret.
901 2201 1072 2258 Porro
1101 2219 1286 2261 comes
1317 2205 1656 2264 Raimundus
1685 2211 1832 2280 regia

235 2287 430 2344 fraude
471 2301 748 2362 comperta
801 2295 970 2363 cepit
1021 2305 1076 2350 et
1119 2297 1234 2366 ipse
1277 2298 1634 2355 nihilominus
1667 2301 1830 2356 aliam

233 2380 484 2436 fraudem
529 2381 933 2452 eonjecturare,
973 2387 1226 2444 videlicet
1273 2397 1352 2453 ut,
1399 2391 1630 2458 puellam
1675 2393 1832 2448 dissi-

237 2471 442 2527 mulata
481 2471 673 2530 fraude
701 2490 826 2530 cum
863 2475 1074 2533 honore
1110 2479 1436 2550 suscipiens,
1467 2481 1624 2536 alteri
1664 2483 1830 2552 probo

227 2566 356 2621 viro
389 2567 440 2620 in
471 2568 882 2622 matrimonium
909 2570 1286 2640 consignaret;
1317 2572 1430 2640 ipse
1455 2587 1586 2628 vero
1614 2588 1829 2628 munem

235 2656 528 2724 pecuniam
549 2666 862 2726 usurparet.
887 2658 993 2714 Sed
1019 2661 1314 2729 prudentes
1339 2663 1461 2729 viri,
1487 2678 1624 2733 quos
1647 2679 1830 2721 comes

235 2761 360 2800 cum
401 2745 606 2801 familia
649 2749 913 2816 miserat,
975 2765 1136 2821 prece
1195 2753 1386 2822 puella:
1447 2757 1678 2825 pecunia
1735 2773 1830 2814 ex-

239 2847 492 2909 portata,
566 2841 814 2898 fraudem
891 2859 1014 2914 qua:
1075 2847 1340 2917 agebatur
1394 2851 1826 2920 comperientes,

235 2932 498 2988 anchoris
525 2935 801 2999 extractis,
835 2936 952 2992 vela
991 2940 1164 2994 ventis
1195 2941 1620 3009 committentes,
1649 2945 1824 3015 puella

239 3039 366 3079 cum
413 3025 614 3082 furoris
655 3029 852 3084 marito
897 3031 1112 3097 relicta,
1145 3033 1352 3102 placida
1389 3051 1520 3090 aura
1555 3037 1821 3104 sumente,
1853 3067 1900 3128 ρ

231 3133 360 3172 cum
393 3123 810 3190 pretiosioribus
837 3126 1108 3182 thesauris
1127 3131 1198 3182 ad
1221 3131 1476 3186 cornitem
1506 3134 1556 3188 in
1586 3135 1824 3192 Siciliam

231 3220 604 3266 revertuntur.
636 3215 831 3270 Comes
863 3229 994 3273 vero
1029 3217 1362 3276 Itaimundus
1384 3263 1400 3288 ,
1441 3223 1626 3280 fraude
1663 3242 1824 3296 quam

227 3304 656 3362 machinabatur
691 3323 760 3362 ex
809 3319 964 3378 parte
1011 3311 1332 3380 frustratus,
1373 3317 1604 3385 puellam
1641 3319 1826 3376 comiti

227 3395 600 3454 Claramontis
645 3401 908 3470 legalibus
937 3406 1142 3476 nuptiis
1172 3405 1464 3476 cepulavit,
1497 3409 1681 3480 sicque
1711 3411 1826 3468 sola

231 3491 328 3548 Dei
380 3492 792 3563 dispensatione
843 3497 1162 3554 solemniter
1221 3501 1514 3568 maritata,
1567 3513 1622 3560 et
1675 3515 1830 3576 pater

213 3587 548 3656 ropprobrio,
581 3590 725 3657 quod
771 3605 864 3644 rex
913 3593 1352 3661 macbinabatur,
1387 3605 1442 3650 et
1479 3595 1588 3652 ﬁlia
1629 3598 1832 3655 inordi-

211 3688 358 3733 =nata
408 3690 462 3742 et
493 3691 702 3739 contra
739 3682 832 3753 jus
876 3687 1070 3757 quavis
1120 3687 1274 3760 legali
1314 3689 1658 3760 copulatione
1696 3693 1830 3748 libe-

225 3779 356 3824 ratu
363 3786 409 3827 1⁵.

855 3889 1084 3946 CAPUT
1119 3891 1208 3948 IX.

693 3975 900 4032 lli/tera
942 3978 996 4032 Μ
1003 3981 1144 4050 ajam
1187 3985 1369 4039 intrat.

303 4085 512 4141 Millera
567 4102 698 4144 vero
753 4089 896 4146 filius
936 4091 1178 4162 Ilngouis
1231 4093 1456 4162 Foloch,
1487 4099 1570 4153 vir
1618 4115 1828 4170 magna}

231 4176 500 4245 levitatis,
533 4179 630 4236 sed
655 4181 1095 4252 elegantissimus
1125 4185 1296 4251 miles,
1325 4187 1452 4242 laeva
1477 4206 1580 4260 pro
1608 4191 1825 4248 dextera

231 4279 410 4332 utens,
449 4271 692 4326 Roberto
731 4275 868 4329 duce
914 4273 1172 4330 defuncto
1221 4277 1273 4331 in
1326 4277 1668 4334 insolentiam
1701 4296 1826 4349 pro-

229 4376 515 4432 rumpens,
549 4363 759 4419 vicinos
811 4366 1234 4436 circumquaque
1285 4369 1478 4440 praedis
1508 4379 1560 4424 et
1598 4371 1828 4428 diversis

235 4451 646 4506 incursionibus
699 4453 1014 4510 lacessendo
1055 4467 1310 4526 appetere
1349 4459 1531 4530 coepit.
1580 4461 1827 4516 Posside-

231 4543 324 4596 bat
366 4543 512 4598 enim
563 4553 692 4601 tunc
745 4548 1002 4616 temporis
1039 4557 1217 4602 castra
1259 4550 1358 4604 sibi
1401 4565 1428 4603 a
1463 4561 1616 4622 patre
1655 4553 1825 4610 l1;ch-

233 4634 481 4690 ditaliter
512 4635 702 4691 relicta
734 4636 1134 4705 Catantiarum,
1167 4648 1218 4694 et
1249 4641 1513 4708 Roecam;
1549 4642 1669 4712 plus
1697 4659 1825 4700 Vt'l'O

234 4730 408 4784 armis
462 4732 740 4798 ambiens,
789 4735 841 4787 in
893 4735 1008 4805 ipso
1058 4735 1224 4790 etiam
1280 4737 1414 4792 duce
1469 4753 1821 4808 praesumens,

234 4831 506 4887 castrum,
545 4826 688 4894 quod
731 4824 867 4878 Maia
911 4826 1130 4893 dicitur,
1167 4828 1455 4884 traditione
1493 4829 1691 4885 civium
1723 4833 1826 4888 sibi

233 4927 510 4981 usurpans
541 4914 816 4983 irrumpit.
858 4914 964 4970 Sed
998 4917 1112 4972 suis
1149 4918 1355 4974 viribus
1396 4919 1594 4974 auxilia
1628 4921 1828 4982 addere

231 5005 454 5069 volens,
502 5005 804 5061 Boamundi
857 5005 1040 5063 fratris
1098 5009 1279 5076 ducis,
1333 5011 1422 5082 qui
1465 5007 1578 5077 jam
1624 5011 1827 5074 foedere

231 5105 402 5165 rupto
439 5097 701 5152 adversus
739 5094 965 5150 fratrem
1000 5100 1422 5170 conspiraverat,
1461 5101 1622 5158 homo
1664 5103 1826 5164 cilici-

255 5203 323 5212 η..
399 5187 586 5212 ισ..ε,....
665 5205 822 5212 -.-.-...
875 5205 1114 5212 ..μ--.----

1443 243 1766 302 lllSTOlllA
1827 245 2094 305 SltIL'LA.
2135 283 2202 290 -—
2235 251 2361 308 LIB.
2397 253 2485 310 IV.

241 363 422 418 sinum
459 361 632 432 (350),
661 361 748 416 cui
795 361 962 418 etiam
1009 359 1080 414 ab
1123 361 1376 416 omnibus
1411 361 1714 418 curialibus
1751 377 1833 417 re-
1863 363 1912 422 Α

3396 261 3532 320 1190

2560 339 2788 423 εΑιδυΤ
2829 369 2896 424 x.

2281 456 2622 516 Buamundus
2649 461 2930 516 Cuseutum
2955 465 3210 534 pervadit.

2009 547 2078 600 At
2117 547 2481 616 Boamuudus,
2527 554 2824 610 ambitione
2871 557 3356 614 tuniciscemlarum
3409 577 3529 632 pero

1941 639 2160 698 vasione
2187 655 2348 708 super
2373 641 2594 696 fratrem
2643 645 2856 699 urbium
2890 647 3100 716 avidus,
3137 666 3259 704 cum
3290 651 3529 708 Consen-

1941 729 2066 784 tiuis
2097 740 2308 786 secreto
2338 733 2402 786 de
2435 733 2726 790 traditione
2760 738 2910 790 urbis
2941 739 3071 808 agit,
3109 741 3431 808 promittens
3471 761 3529 798 se

1938 823 2218 877 castellum
2277 825 2418 892 quod
2477 827 2580 880 dux
2625 827 2728 882 illis
2773 829 3003 883 invisum
3056 831 3105 884 in
3151 832 3338 885 eadem
3397 833 3530 888 urbe

1939 911 2268 979 ﬁrmaverat,
2295 915 2340 970 si
2379 931 2564 970 eorum
2594 917 2796 972 auxilio
2827 935 3023 988 capere
3063 921 3256 990 possit,
3292 921 3530 980 fumlitus

1935 1001 2174 1057 dirutum
2219 1004 2308 1058 iri.
2361 1006 2476 1072 Qua
2521 1007 2882 1076 promissione
2919 1009 2992 1062 illi
3026 1009 3092 1062 ad
3135 1010 3376 1064 fraudem
3405 1027 3532 1082 pro-

1935 1092 2070 1148 clive
2101 1094 2288 1158 illecti,
2315 1095 2626 1151 Boamundo
2664 1099 3043 1164 assentientes,
3075 1099 3220 1154 illum
3261 1101 3399 1155 infra
3435 1121 3525 1156 ur-

1938 1183 2054 1238 bem
2097 1199 2224 1238 cum
2271 1201 2366 1240 sua
2415 1187 2614 1241 virtute
2663 1193 2984 1257 suseipiunt.
3027 1187 3396 1246 Sacramentis
3425 1195 3524 1248 sibi

1934 1273 2398 1330 confoederantur.
2425 1275 2716 1332 Castellum
2751 1280 3010 1336 vallantes
3040 1295 3403 1354 oppugnatum
3437 1301 3528 1339 va-

1933 1365 2086 1419 dunt.
2114 1365 2265 1432 Quod
2296 1383 2416 1422 cum
2449 1368 2570 1422 duri
2601 1371 2652 1424 in
2689 1369 2960 1441 Apuliam,
2991 1375 3078 1428 ubi
3122 1385 3248 1429 tunc
3278 1377 3526 1430 moraba-

1935 1465 2042 1520 tur,
2085 1458 2394 1512 nuuliatum
2450 1459 2658 1524 fuisset,
2692 1464 2990 1516 exercitum
3039 1465 3334 1518 admovens
3377 1465 3524 1518 illor-

1933 1564 2049 1604 sum
2083 1551 2372 1618 accelerat,
2400 1552 2833 1623 avunculumque
2875 1555 2972 1608 sibi
3008 1555 3060 1609 in
3089 1556 3348 1609 auxi-lium
3385 1556 3524 1610 invi<

1935 1647 2054 1694 tans
2103 1652 2160 1694 ut
2200 1642 2299 1695 sibi
2350 1643 2490 1710 apud
2529 1641 2824 1699 Cusentum
2872 1647 3063 1701 obvius
3114 1649 3230 1701 fieri
3274 1663 3378 1702 non
3427 1649 3528 1702 dif-

1933 1733 2072 1788 ferat
2101 1733 2337 1790 mandat.
2371 1734 2525 1799 Nam,
2574 1746 2630 1791 ut
2675 1737 2932 1802 diximus,
2965 1747 3149 1792 contra
3196 1755 3383 1794 omnes
3424 1741 3526 1794 sibi

1933 1827 2284 1882 adversantes
2323 1827 2433 1892 illo,
2479 1829 2632 1898 quasi
2681 1845 2778 1900 pro
2821 1827 3053 1900 flagello,
3101 1831 3166 1884 ad
3215 1834 3524 1886 terrentium

1931 1917 2066 1972 alios
2101 1919 2366 1972 utebatur.
2409 1921 2604 1976 (Ζοίιίοε
2648 1936 2796 1986 vero,
2837 1921 3162 1976 militaribus
3199 1933 3248 1976 et
3279 1917 3526 1993 peditum

1931 2009 2100 2078 COpiis
2131 2011 2428 2078 apparatis,
2456 2011 2702 2066 invitanti
2730 2028 2786 2066 se
2812 2015 2990 2083 nepoti
3022 2015 3210 2068 obvius
3237 2015 3351 2069 fieri
3379 2029 3528 2071 accc-

1931 2095 2088 2152 lerat.
2149 2099 2254 2156 Sed
2301 2113 2590 2171 antequam
2641 2105 2708 2157 ab
2758 2113 2987 2174 utroque
3038 2107 3314 2170 exercitu,
3375 2109 3526 2163 ducis

1931 2189 2182 2245 videlicet
2213 2193 2326 2246 sive
2355 2193 2594 2256 comitis,
2627 2193 2752 2248 illuc
2783 2205 3100 2264 perventum
3142 2208 3246 2260 est,
3282 2208 3522 2252 castrum

1931 2282 2072 2351 quod
2103 2285 2540 2354 oppugnabatur,
2575 2285 2702 2338 dum
2745 2301 2842 2356 pro
2879 2301 3038 2356 posse
3087 2297 3368 2359 repugnat,
3405 2304 3522 2342 ma-

1932 2371 2296 2427 thinamentis
2335 2373 2614 2442 appositis,
2664 2375 2872 2440 viribus
2911 2378 3234 2432 exhaustum
3275 2377 3524 2432 hostibus

1931 2461 2116 2527 cessit,
2141 2461 2520 2532 funditusque,
2543 2472 2602 2518 ut
2631 2481 2662 2518 a
2685 2463 3008 2522 Boamundo
3034 2467 3356 2536 promissum
3382 2477 3520 2532 erat,

1932 2554 2168 2608 dirutum
2199 2553 2275 2606 fit.
2297 2552 2466 2610 Porro
2483 2554 2613 2618 dux,
2637 2555 2738 2609 sibi
2763 2555 3016 2612 tantilem
3041 2555 3262 2610 obvium
3291 2557 3520 2620 balteus,

1933 2643 2252 2712 Bassaniam,
2291 2660 2410 2716 quae
2456 2645 2800 2702 Cousentinis
2845 2648 2898 2702 in
2939 2647 3128 2702 fratulc
3171 2649 3518 2714 assentiebat,

1931 2753 2244 2808 oppugnatis
2285 2738 2450 2808 capit,
2480 2739 2730 2794 incendio
2769 2739 2950 2794 omnia
2992 2753 3338 2810 percurrens.
3379 2741 3518 2796 Boa-

1933 2835 2162 2888 muudus
2187 2835 2388 2904 itaque,
2419 2851 2486 2890 ne
2515 2836 2796 2892 obsidione
2827 2837 2967 2892 intra
3015 2837 3202 2893 urbem
3241 2837 3520 2892 claudere-

1931 2935 2038 2992 tur,
2063 2927 2310 2982 devitans
2337 2927 2614 2998 llugonem
2638 2928 3020 2995 Claramontis,
3043 2930 3132 2998 qui
3155 2928 3520 2985 Consentinus

1931 3018 1984 3072 in
2009 3034 2104 3073 sua
2129 3018 2388 3074 ﬁdelitate
2419 3021 2674 3086 retineat,
2699 3021 2838 3090 apud
2865 3019 3158 3076 Cusentum
3188 3021 3516 3090 relinquens.

1933 3111 2164 3166 floccum
2185 3112 2430 3165 secessit.
2467 3111 2584 3164 Dux
2621 3127 2749 3166 vero
2789 3119 2844 3166 et
2881 3126 3084 3176 comes,
3119 3120 3368 3180 putantes
3395 3125 3518 3164 eum

1929 3203 2068 3271 apud
2101 3201 2292 3272 Majam
2325 3203 2646 3272 digressum,
2689 3201 2815 3256 illuc
2853 3216 3234 3272 prmoccupare
3281 3201 3520 3256 volentes

1929 3294 2211 3348 accedunt.
2248 3293 2354 3347 Sed
2381 3309 2502 3348 cum
2533 3309 2636 3348 non
2669 3293 2738 3347 ibi
2780 3309 2900 3348 esse
2943 3295 3301 3364 comperiunt,
3331 3309 3520 3348 versus

1933 3385 2164 3440 Boream
2201 3397 2573 3457 properantes,
2609 3387 2728 3440 loco
2767 3387 2858 3456 qui
2893 3385 3078 3440 Lucus
3106 3383 3352 3456 Calupnii
3385 3387 3520 3440 dici-

1933 3487 2038 3544 tur,
2065 3478 2294 3534 lentoria
2327 3477 2518 3548 ﬁgunt,
2559 3478 2648 3532 ubi
2687 3493 2786 3548 per
2819 3477 3200 3542 internuntios,
3241 3493 3374 3548 pace
3401 3477 3518 3547 qui-

1931 3571 2050 3626 dem
2077 3573 2146 3626 ab
2172 3571 2411 3642 utrisque
2434 3573 2678 3642 partibus
2709 3571 3047 3640 interposita,
3095 3573 3232 3640 apud
3263 3571 3520 3626 Sanctam

1933 3665 2284 3736 Euphemiam
2311 3665 2662 3722 conveniendi
2687 3674 2740 3720 et
2769 3664 2978 3735 plenius
3005 3665 3386 3720 reconciliandi
3416 3674 3516 3720 ter.

1932 3756 2136 3810 mitium
2163 3764 2434 3810 statuunt.
2469 3755 2573 3812 Sed
2602 3755 2810 3812 Mihera
2843 3755 2968 3811 huic
3001 3757 3230 3812 termino
3263 3757 3519 3822 assensit,

1934 3861 2038 3900 non
2061 3857 2238 3901 autem
2269 3847 2630 3904 Boamundus.
2663 3848 2776 3918 Ipse
2806 3848 2971 3911 enim,
3005 3847 3342 3903 reconciliari
3367 3847 3520 3903 dill’e-

1933 3951 2072 3999 rens,
2107 3935 2218 4004 jam
2264 3937 2558 3993 Tarentum
2593 3948 2908 3995 recesserat.
2941 3935 3180 3993 Instante
3229 3941 3408 4008 itaque
3434 3939 3522 3991 die

1925 4028 2173 4098 praefixo,
2214 4029 2414 4084 Mihera
2459 4031 2806 4094 conductum,
2858 4045 2965 4098 quo
3009 4029 3213 4083 findere
3263 4029 3521 4083 accedere

1931 4121 2012 4176 vel
2064 4121 2317 4176 recedere
2369 4122 2550 4184 liceat,
2601 4121 2829 4190 expetit.
2883 4120 3229 4183 Conceditur,
3280 4119 3516 4183 accedit;

1932 4213 2244 4268 Boamundo
2289 4213 2614 4276 inconsulto,
2643 4213 2764 4267 duci
2793 4212 3195 4267 reconciliatur.
3227 4211 3362 4281 Mztju
3396 4212 3518 4263 red-

1932 4304 2068 4369 dita,
2096 4305 2241 4368 (luci,
2267 4303 2350 4357 cui
2373 4301 2496 4372 jure
2523 4303 2887 4372 compctcbat,
2923 4302 3348 4371 recousignatur.
3389 4301 3532 4354 Fra-.

1863 4421 1908 4463 α.
1936 4405 2046 4452 tres
2073 4397 2254 4464 itaque
2293 4403 2414 4464 post
2455 4395 2658 4450 biennii
2702 4395 3090 4450 dissensionem
3123 4396 3346 4450 consilio
3372 4403 3517 4448 utro-

1932 4503 2158 4556 rumque
2187 4486 2424 4541 fidelium
2465 4487 2910 4542 reconciliantur.
2947 4487 2991 4541 A
3027 4486 3186 4552 duce,
3215 4498 3272 4541 ut
3305 4502 3517 4556 semper

1929 4577 2046 4630 viro
2075 4577 2382 4648 largissimo
2411 4576 2749 4644 Boamundo,
2776 4578 3070 4633 Cusentum
3113 4587 3168 4632 et
3217 4577 3354 4646 Maja
3392 4593 3516 4631 ron-

1929 4667 2160 4733 ceditur,
2193 4669 2290 4724 sed
2319 4669 2637 4724 brevissimo
2669 4668 2978 4734 intervallo,
3018 4669 3144 4739 quia
3177 4667 3519 4723 Boamundus

1929 4759 2235 4816 Cusentinis
2281 4761 2560 4832 jnraverat
2601 4769 2842 4816 castrum
2881 4761 2952 4815 ibi
2985 4775 3041 4817 se
3079 4775 3186 4815 non
3229 4760 3517 4824 facturum,

1929 4860 1983 4906 et
2010 4849 2115 4906 dux
2148 4853 2288 4908 idem
2337 4867 2396 4906 se
2427 4851 2775 4914 Barensibus,
2820 4851 3032 4906 cambio
3084 4850 3223 4908 inter
3249 4867 3312 4906 se
3351 4848 3518 4912 facto,

1930 4943 2039 4998 dux
2066 4944 2361 4999 Cusentum
2391 4943 2618 5011 recipit;
2668 4941 2863 4996 Barum
2913 4941 3068 4996 fratri
3102 4955 3286 4998 mutua
3313 4939 3518 4994 vicissi-

1933 5035 2117 5091 tudine
2154 5033 2404 5090 concedit
2447 5043 2504 5086 ut
2550 5031 2700 5086 salvo
2729 5031 2956 5103 quisque
2993 5033 3045 5087 in
3083 5048 3183 5090 suo
3207 5033 3330 5103 jure
3357 5029 3520 5082 libera

1931 5137 2202 5195 potestate
2229 5123 2370 5194 quod
2401 5124 2544 5178 volet
2577 5123 2807 5178 faciendi
2841 5135 3056 5188 utatur;
3105 5126 3292 5197 sicque
3334 5119 3524 5174 amici-
