4010 5230
519 275 648 331 “9|

1363 260 1708 320 GAL'FREDI
1743 255 2192 315 MALATERRAE
2235 251 2542 311 MONACIII
2579 251 2929 308 BENEDICT.

3655 251 3792 310 ΗΕΒ

516 358 1412 436 cctli(55l)sibiinfestantibusdiu
1431 352 2107 420 rebellis,vidensoﬂensas
2140 358 2182 411 A
2213 348 2301 402 illo
2327 347 2618 417 apostolica
2655 345 3032 401 benedictione
3079 342 3180 398 snb
3219 341 3339 400 vice
3368 343 3572 410 Mariae,
3611 344 3704 400 ille
3725 349 3794 402 ab

520 473 645 512 suas
695 456 912 510 modum
969 449 1428 507 reconciliationis
1478 447 1818 509 excessisse,
1874 443 2102 497 ulterius

520 549 664 604 ferre
694 563 798 602 non
827 546 1009 600 valens
1043 544 1170 598 Adae
1207 541 1314 596 lilio
1357 555 1453 596 suo
1483 554 1698 594 omnem
1725 549 1923 592 terram
1949 552 2101 590 suam

521 643 785 712 assignat,
815 649 1008 710 putans
1035 653 1158 692 eum
1187 633 1388 688 auxilio
1417 649 1480 686 ex
1505 639 1658 702 parte
1689 629 1881 683 matris
1909 643 2102 697 paren-

523 744 636 788 tum
682 733 892 786 facilius
931 730 1184 785 resistere
1237 726 1504 788 hostibus,
1538 731 1632 776 aut
1675 729 1823 775 certe
1859 719 2104 774 reconci-

522 825 673 889 liari;
724 824 836 892 ipse
882 837 1012 876 vero
1067 821 1430 874 Beneventum
1482 816 1740 869 secedens
1787 809 2104 866 monachice

522 917 864 972 consociatus
902 913 1144 968 habitum
1182 909 1374 964 induit.
1407 907 1540 961 Nam
1569 919 1741 974 neque
1767 903 1893 968 dux,
1927 915 2104 971 neque

521 1009 887 1072 Boamundus,
933 1007 1059 1076 quia
1089 1003 1325 1058 vicissim
1357 1011 1649 1069 utrumque
1697 996 1901 1051 ftedere
1946 1003 2104 1064 rupto

521 1099 910 1162 luditicaverat,
943 1095 1101 1150 amici
1148 1103 1332 1159 erant;
1384 1090 1452 1144 ob
1479 1104 1640 1160 quam
1683 1101 1794 1141 rem
1830 1099 2010 1141 comes
2051 1094 2106 1139 et

520 1192 793 1247 Robertus
852 1189 1139 1254 Loracelli,
1177 1186 1286 1257 jam
1333 1202 1362 1239 a
1412 1185 1548 1240 duce
1598 1189 1792 1235 terram
1841 1177 1956 1248 ejus
2002 1176 2102 1232 sibi

519 1284 700 1337 datam
760 1281 824 1335 iri
869 1289 1217 1351 expetentes,
1255 1277 1464 1333 facilius
1509 1274 1874 1330 obtinuerant.
1911 1269 2105 1325 Comes

517 1389 670 1440 vero,
705 1374 902 1428 milites
946 1389 1070 1428 suos
1110 1371 1339 1427 Rodnlfo
1391 1366 1650 1444 Loracelli
1694 1365 1916 1418 ductore
1944 1376 2106 1429 super

518 1466 689 1522 Adam
721 1467 958 1530 mittens,
987 1465 1206 1519 diutinis
1235 1460 1636 1540 incursionibus
1667 1458 1943 1526 aliquanto
1970 1465 2104 1509 teni-

519 1574 650 1628 porc
681 1565 1066 1629 repugnantem
1106 1557 1317 1610 tandem
1363 1551 1586 1622 penuria
1622 1547 1804 1604 allicit.
1839 1547 1939 1614 Qui
1977 1561 2100 1600 cum

521 1652 660 1707 videt
710 1668 768 1707 se
807 1653 1032 1707 ulterius
1069 1650 1213 1706 ferre
1262 1647 1504 1718 nequire,
1551 1645 1805 1716 palatium
1851 1657 2006 1698 suum
2050 1648 2104 1696 et

521 1764 712 1804 omnes
743 1750 995 1805 meliores
1017 1731 1207 1803 domos
1230 1756 1405 1808 nocte,
1433 1743 1520 1798 tibi
1553 1737 1983 1814 Oppugnabatur.
2017 1739 2102 1793 in-

519 1841 714 1893 cendio
763 1841 1066 1904 destruens,
1104 1847 1282 1892 castro
1335 1836 1522 1891 relicto
1569 1835 1832 1896 hostibus,
1881 1831 2105 1886 recessit

523 1943 666 1982 anno
714 1929 862 2000 (552)
923 1928 1078 1983 Verbi
1127 1926 1390 1982 incarnati
1441 1924 1727 1979 millesimo
1774 1921 2105 1991 octogesimo

517 2030 694 2090 sexto.
717 2020 909 2076 Comes
931 2036 1056 2076 vero
1078 2031 1130 2075 ct
1159 2017 1418 2074 Itodnlfus
1443 2015 1702 2072 Loraeelli
1739 2025 1938 2070 terrain
1965 2012 2102 2083 ejus,

517 2119 580 2164 ut
615 2126 644 2165 a
668 2111 802 2168 duce
828 2129 1142 2168 concessum
1184 2121 1300 2166 erat
1325 2110 1494 2183 (5⁵55),
1524 2110 1666 2164 inter
1698 2123 1754 2164 se
1783 2107 2104 2174 dividentes,

519 2201 770 2274 deinceps
793 2214 974 2274 utpote
998 2219 1092 2259 sua
1127 2203 1275 2274 (554)
1310 2209 1455 2257 sttnt.

1123 2331 1352 2390 CAPUT
1392 2331 1502 2388 Xll.

957 2426 1204 2480 Buleram
1243 2441 1414 2479 comes
1446 2425 1664 2480 obsidet.

517 2553 520 2556 -
590 2518 756 2590 Igitur
801 2535 984 2576 comes
1027 2520 1294 2590 Roget-ius
1321 2519 1464 2574 omni
1509 2519 1692 2574 Sicilia
1731 2519 2018 2590 adversum
2047 2533 2106 2573 se

513 2609 721 2665 foedere
763 2613 1062 2682 composito
1104 2613 1314 2676 sedata,
1359 2621 1586 2681 excepto
1635 2611 1778 2681 quod
1818 2609 2102 2673 Notcnses,

516 2716 622 2770 quo
652 2719 788 2758 uxor
808 2703 1072 2760 Beuarvet
1105 2721 1228 2760 cum
1265 2705 1374 2760 lilio
1413 2703 1800 2774 transfugerat,
1847 2713 1901 2758 et
1947 2704 2108 2757 Bute-

517 2807 708 2850 renscs
765 2798 939 2852 adhuc
991 2815 1090 2868 pro
1143 2813 1304 2868 posse
1353 2800 1626 2854 Incassum
1669 2795 2102 2860 recalcitrabanl,

515 2887 760 2940 exercitu
825 2887 1040 2944 admoto
1093 2889 1348 2944 Buteram
1399 2890 1680 2944 obsessum
1732 2887 1908 2950 vadit,
1960 2903 2105 2942 anno

515 2975 812 3030 uDominica:
859 2977 1250 3034 Iurat-nationis
1305 2977 1592 3034 millesimo
1632 2979 1959 3050 octogesimo
2008 2993 2103 3032 oc-

519 3077 668 3134 tavo,
697 3069 987 3125 inchoante
1019 3071 1207 3140 Aprili.
1261 3135 1270 3147 '

1106 3204 1336 3261 CAPUT
1373 3203 1508 3259 XIII.

589 3293 738 3368 Papa
766 3295 1012 3352 Urbanus
1051 3297 1226 3352 comiti
1247 3297 1476 3351 locutum
1517 3295 1571 3350 in
1604 3293 1838 3350 Siciliam
1871 3295 2023 3349 venit.

507 3459 512 3464 Δ
587 3393 992 3458 Prudentcrque
1037 3397 1246 3442 armata
1300 3403 1494 3452 manu,
1543 3386 1813 3440 hostiliter
1861 3385 2100 3454 undique

509 3481 1023 3556 _val|ans,aliquanto
1051 3488 1291 3550 tempore
1319 3479 1555 3532 inclusos
1573 3475 1801 3531 diversis
1830 3475 2101 3529 calamita-

518 3579 660 3631 tibus
686 3573 894 3628 alllixit.
917 3571 1023 3626 Sed
1047 3571 1172 3626 dum
1203 3565 1654 3623 machinamentis
1672 3567 1737 3620 ad
1758 3575 1995 3619 castrum
2028 3563 2102 3617 af-

517 3668 801 3740 ﬂigcndum
827 3664 1098 3734 apparatis
1116 3663 1373 3718 attentius
1397 3661 1693 3723 insudaret,
1719 3659 1926 3729 legatus
1950 3671 2099 3728 papa:

519 3759 739 3822 Urbani,
759 3773 879 3812 cum
905 3755 1097 3809 litteris
1126 3756 1191 3808 ab
1215 3755 1331 3824 ipso
1353 3751 1596 3822 sigillatis
1621 3751 1936 3816 adveniens,
1962 3767 2100 3803 nun-

509 3851 615 3922 tiat
657 3847 902 3902 eumdem
949 3844 1297 3914 apostolicum
1348 3845 1521 3896 virum
1556 3841 1794 3897 Siciliam
1845 3841 2098 3904 intrasse,

519 3943 678 4009 eique
705 3948 763 3992 ut
799 3939 936 4008 apud
970 3935 1221 3990 Traiuam
1277 3935 1376 3988 sibi
1425 3934 1658 3987 locutum
1698 3932 1920 3986 accedat
1948 3947 2101 3985 man-

501 4031 648 4098 .darc
670 4045 812 4096 cum,
837 4029 994 4099 longo
1023 4027 1213 4081 itinere
1233 4025 1546 4096 fatigatum;
1576 4039 1605 4076 a
1635 4023 1928 4078 Terracina
1955 4021 2098 4076 enim

519 4120 826 4191 digrediens
871 4117 1212 4182 adveniebat,
1260 4131 1370 4186 pra:
1407 4114 1726 4169 lassitudine
1776 4113 2017 4183 corporis
2047 4121 2102 4166 et

499 4210 788 4288 montosis
815 4207 1059 4263 saltubns
1085 4207 1260 4262 adhuc
1290 4206 1590 4276 interpositi
1619 4205 1826 4260 itineris
1850 4203 2100 4275 progredi

516 4305 678 4359 nolle.
703 4303 896 4358 Comes
917 4317 1068 4366 vero,
1092 4300 1218 4370 quid
1242 4299 1578 4368 potissimum
1604 4307 1788 4367 ageret
1816 4297 2096 4363 sollicitus,

2205 439 2307 494 isto
2345 439 2396 492 in
2432 439 2516 492 his
2543 453 2662 507 qua:
2697 437 2912 506 corpori
2969 435 3272 491 necessaria
3317 445 3476 491 erant
3519 437 3796 507 obsequiis

2207 534 2461 599 Marthae;
2509 534 2562 588 in
2603 533 3010 600 crastinumque
3062 545 3276 586 summo
3319 531 3556 588 diluculo
3599 546 3798 588 conve-

2204 624 2436 689 nientes,
2469 633 2636 694 agunt
2679 623 2748 678 ad
2790 623 3026 678 invicem
3053 623 3120 678 de
3161 623 3376 694 negotio
3399 624 3544 694 quod
3575 633 3800 692 aposto-

2205 715 2370 771 licum
2399 715 2696 769 accessisse
2722 713 3077 782 compulerat.
3109 713 3244 768 Nam
3287 714 3428 770 idem
3464 715 3800 786 apostolicus

2203 813 2330 860 ante
2355 819 2556 874 paucos
2581 803 2698 860 dies
2737 804 3004 871 Alexium,
3053 805 3434 875 imperatorem
3481 805 3798 862 Constanti-

2207 895 2594 965 n0politanum,
2627 908 2720 964 per
2763 895 3043 950 Nicolaum
3093 897 3344 951 abbatem
3395 895 3614 968 Cryptte
3657 898 3794 952 Fer-

2205 996 2367 1052 rataz,
2417 995 2474 1041 et
2525 985 2815 1056 Rogerium
2861 986 3148 1042 diaconum
3193 989 3526 1046 conveniens
3569 999 3798 1060 paterna

2205 1078 2574 1148 increpatione
2603 1089 3011 1134 contmonuerat
3039 1081 3182 1150 quod
3211 1080 3540 1137 Christianis
3561 1081 3796 1149 Latinis,

2205 1169 2298 1238 qui
2330 1169 2382 1222 in
2417 1184 2512 1224 sua
2549 1168 2828 1240 provincia
2873 1171 3244 1234 morabantur,
3289 1186 3484 1242 azymo
3523 1172 3798 1226 immolari

2206 1259 2580 1324 interdixerat,
2615 1259 2937 1328 pra-cipicns
2983 1261 3033 1315 in
3079 1261 3366 1316 sacriﬁciis
3393 1275 3546 1317 more
3577 1261 3800 1318 Graeco

2206 1367 2324 1406 rum
2351 1352 2672 1408 fermentato
2695 1353 2806 1416 uti;
2837 1353 2979 1421 quod
3007 1365 3190 1408 nostra
3225 1353 3412 1425 religio
3435 1355 3661 1409 omnino
3691 1369 3796 1408 non

2205 1445 2384 1500 habet.
2425 1444 2723 1513 Imperator
2743 1459 2894 1510 vero,
2929 1445 3350 1516 increpationetn
3371 1447 3489 1516 ejus
3515 1447 3800 1502 humiliter

2205 1535 2528 1605 suscipiens,
2565 1536 2752 1592 invitat
2773 1549 2894 1590 eum
2925 1551 3020 1605 per
3049 1539 3266 1590 eosdem
3293 1536 3500 1607 legatos
3529 1537 3800 1594 chartulis

2205 1626 2387 1681 aureis
2441 1625 2642 1680 litteris
2703 1625 2962 1696 scriptis,
3007 1633 3070 1680 ut
3109 1626 3330 1681 veniens
3389 1641 3512 1680 cum
3567 1626 3800 1680 eruditis

2136 1701 2178 1760 Β
2205 1715 2469 1772 catholice
2493 1715 2628 1772 viris
2660 1715 2892 1782 Latinis,
2924 1715 3528 1785 Constantinopolitano
3565 1717 3800 1772 concilio

2205 1817 2554 1880 congregato,
2583 1809 2880 1878 disputatio
2901 1809 3052 1863 ﬂeret
3073 1809 3212 1862 inter
3231 1807 3449 1863 Graecos
3467 1815 3526 1862 et
3549 1807 3798 1870 Latinos,

2205 1909 2264 1958 ut
2291 1901 2564 1956 communi
2595 1899 2908 1956 definitione
2949 1899 3000 1955 in
3029 1899 3268 1955 Ecclesia
3297 1898 3392 1954 Dei
3421 1897 3554 1952 illud
3583 1898 3800 1954 scinde-

2206 2002 2357 2048 retur
2405 1993 2548 2063 quod
2597 1991 2770 2048 Caeci
2813 1991 3159 2056 fermentato,
3205 1990 3380 2045 Latini
3425 2005 3559 2045 vero
3607 2005 3802 2059 azyma

2207 2085 2592 2150 immolabant,
2649 2098 2865 2154 unaque
2907 2083 3147 2138 Ecclesia
3213 2081 3304 2136 Dei
3362 2097 3526 2136 unum
3589 2096 3800 2135 morem

2209 2183 2455 2240 teneret,
2505 2176 2692 2230 dicens
2741 2189 2804 2230 se
2861 2174 3092 2230 libenter
3141 2171 3422 2228 catholica:
3471 2170 3802 2226 discussioni

2206 2269 2496 2334 assentire,
2527 2277 2580 2324 et
2609 2268 2754 2337 quod
2783 2266 3110 2322 authenticis
3135 2265 3418 2320 sententiis
3440 2264 3804 2334 praesentibus

2205 2359 2412 2416 Grtecis
2443 2370 2498 2416 et
2541 2361 2750 2415 Latinis
2795 2359 3045 2414 assentiri
3093 2357 3412 2413 definiretur
3437 2357 3560 2412 sine
3581 2371 3802 2426 azyma,

2205 2451 2321 2507 sive
2371 2452 2694 2508 fermentata
2750 2450 3136 2506 immolandum
3201 2457 3382 2512 esset,
3443 2463 3503 2504 se
3543 2448 3804 2516 deinceps

2205 2545 2500 2598 observare
2521 2543 2679 2600 velle.
2713 2542 3027 2598 Tcrminum
3051 2541 3214 2596 etiam
3235 2555 3343 2610 quo
3361 2555 3500 2610 papa
3531 2539 3798 2595 accedere

2206 2636 2428 2691 deberet
2444 2637 2652 2701 statuit,
2669 2635 2795 2690 anni
2819 2634 3070 2690 videlicet
3092 2643 3147 2688 et
3169 2631 3398 2687 dimidii.
3423 2629 3626 2686 Comes
3651 2645 3802 2694 vero,

2207 2735 2264 2780 ut
2287 2735 2493 2781 tantum
2519 2728 2754 2782 schisma
2784 2727 2852 2780 ab
2875 2724 3118 2780 Ecclesia
3156 2722 3250 2778 Dei
3276 2731 3610 2792 amputetur,
3631 2721 3798 2778 eundi

2206 2818 2494 2874 cansilium
2534 2818 2702 2874 dedit.
2732 2817 2836 2874 Sed
2871 2814 3286 2886 impedientibus
3327 2813 3564 2869 inimicis
3595 2824 3800 2870 sancta“.

2207 2912 2302 2966 Dei
2339 2910 2617 2974 Ecclesiae,
2663 2910 2754 2980 qui
2809 2908 2994 2964 Roma:
3039 2907 3140 2962 sibi
3190 2903 3371 2961 infesti
3405 2905 3798 2976 persistebant,

2206 3003 2310 3058 iter
2337 3002 2667 3073 prohibitum
2713 3009 2815 3056 est.
2861 3000 3056 3054 Comes
3098 2998 3276 3066 itaque
3325 3011 3519 3067 papam
3550 2995 3798 3066 pluribus

2204 3093 2442 3150 donariis
2467 3093 2792 3148 honoratum
2822 3107 2850 3146 a
2878 3107 2934 3148 se
2963 3089 3196 3154 dimisit;
3231 3089 3346 3159 ipse
3369 3103 3515 3151 vero,
3543 3087 3798 3142 Buteram

2211 3187 2462 3252 rediens,
2515 3184 2762 3242 hostibus
2813 3183 3040 3240 infestus
3097 3182 3310 3236 tandem
3353 3181 3420 3236 ad
3467 3180 3797 3237 deditionem

2203 3281 2412 3350 coegit;
2439 3281 2626 3352 sicque
2655 3289 2836 3336 castro
2865 3277 3072 3348 potitus
3103 3291 3200 3346 pro
3237 3275 3388 3330 libitu
3410 3289 3510 3330 suo
3537 3275 3798 3344 disponit,

2201 3371 2648 3441 potentioresque
2689 3371 2744 3426 in
2793 3369 3098 3424 Calabriam
3147 3381 3432 3423 mansuros
3471 3367 3680 3430 mittit,
3733 3381 3798 3420 ne

2201 3461 2304 3518 sibi
2326 3463 2523 3518 ibidem
2553 3461 3104 3530 manentes,aliquam
3131 3457 3375 3515 fraudem
3401 3457 3793 3522 machinando,

2201 3555 2622 3611 commotionem
2651 3553 2913 3610 facerent.

2801 3643 3027 3700 CAPUT
3069 3642 3204 3698 XIV.

2472 3735 2656 3791 Comes
2693 3735 3004 3788 Adelaidum
3036 3735 3088 3787 in
3127 3749 3338 3786 uxorem
3369 3732 3530 3790 ducit.

2271 3827 2428 3880 Anno
2464 3826 2626 3897 igitur
2653 3827 2924 3880 incarnati
2956 3824 3250 3879 Salvatoris
3282 3823 3436 3887 l089,
3473 3837 3664 3878 comes
3689 3822 3794 3876 Ito-

2201 3920 2403 3990 gerius,
2433 3933 2602 3974 uxore
2625 3919 2946 3990 Elcmburga
2969 3917 3140 3990 (555),
3163 3916 3265 3970 ﬁlia
3289 3915 3792 3970 Guilielmicomitis

2202 4010 2567 4067 Mortonensis
2590 4010 2737 4082 (536)
2777 4009 3049 4074 defuncta,
3083 4008 3242 4062 aliam
3267 4007 3442 4072 duxit,
3470 4007 3786 4060 Adelaidem

2203 4103 2350 4176 (557)
2383 4105 2618 4170 nomine,
2665 4115 2878 4173 neptem
2928 4101 3190 4156 Bonifacii
3246 4099 3592 4154 famosissimi
3635 4098 3792 4153 Italo-

2203 4210 2323 4248 rum
2359 4195 2714 4259 marchionis,
2749 4194 2912 4248 filiam
2952 4193 3202 4247 videlicet
3245 4190 3424 4244 fratris
3453 4190 3573 4260 ejus
3597 4190 3792 4259 juveno

2201 4285 2403 4348 cuiam,
2436 4285 2674 4338 honesta:
2723 4283 3012 4338 admodum
3057 4281 3238 4344 faciei,
3287 4282 3530 4347 duasque
3573 4293 3792 4332 sorores

483 4385 640 4454 'nam
673 4397 854 4452 sedem
885 4385 1006 4450 belli
1034 4395 1284 4450 deserere
1322 4393 1642 4448 damnosum
1675 4391 1925 4456 ducebat,
1949 4403 2099 4459 paptc
2130 4374 2438 4452 DieiIISdC‘m
2467 4375 2660 4445 pile"?c
2692 4374 2902 4429 dlIObus
2942 4373 3064 4429 “ms
3098 4373 3227 4434 εηίε»
3260 4370 3496 4426 corrc“
3543 4369 3792 4424 νίάθίῖοθί

515 4505 664 4556 vero,
697 4490 784 4560 qui
818 4505 846 4544 a
879 4497 1028 4543 tanto
1059 4485 1342 4542 intervallo
1382 4486 1622 4541 locorum
1650 4485 1714 4538 ad
1744 4499 1800 4539 se
1829 4482 2096 4548 veniebat,

517 4597 621 4633 non
647 4595 956 4644 occurrere,
989 4577 1198 4632 modico
1223 4577 1430 4631 itineris
1455 4574 1774 4644 interposito
1798 4573 2100 4644 indignum,

499 4681 576 4736 ut
620 4670 916 4724 catholicus
951 4669 1038 4722 vir
1079 4667 1398 4723 aestimabat.
1455 4663 1694 4719 Tandem
1745 4661 1973 4718 consilio
2017 4662 2101 4715 vir

516 4762 751 4832 prudens
781 4771 1000 4833 accepto
1031 4762 1164 4833 agit,
1205 4769 1264 4815 ut
1291 4774 1468 4830 neque
1496 4757 1678 4813 sedem
1707 4757 1832 4812 belli
1864 4758 2094 4820 deserat,

499 4847 694 4922 neque
719 4853 1014 4922 apostolico
1044 4869 1148 4906 non
1178 4851 1513 4906 occurrendo
1544 4847 1855 4903 inobediens
1877 4850 2097 4904 existat.

516 4945 770 5002 Exercitu
807 4961 998 5016 nempe
1025 4945 1271 5001 fidelibus
1322 4945 1436 5000 suis
1479 4940 1833 5012 prudentibus
1874 4937 2007 4993 viris
2043 4946 2100 4992 et

519 5039 712 5074 lniilulc
737 5039 962 5074 nnnnliic
991 5039 1172 5074 nnrilic
1198 5033 1439 5074 a‘n‘nrrnln
1505 5037 1686 5074 hnctnc
1729 5033 1987 5074 infnclnrp
2019 5033 2099 5074 in-

2201 4465 2515 4522 ctJordano
2541 4467 2592 4519 in
2621 4465 3025 4519 matrimonium
3065 4462 3360 4531 copulavit;
3395 4459 3486 4514 sed
3529 4459 3786 4522 Gofredo,

2191 4555 2492 4626 antequam
2537 4556 2748 4610 nubilcs
2781 4571 2951 4610 annos
2999 4553 3284 4623 attigisset
3323 4551 3466 4621 quod
3515 4550 3672 4604 dolor
3707 4557 3788 4602 est

2200 4649 2400 4714 dicere,
2434 4648 2623 4702 morbo
2670 4648 3014 4716 prohibente,
3063 4633 3283 4700 minime
3331 4631 3451 4698 eam
3497 4641 3782 4714 cognovit;

2199 4739 2466 4796 Jordanus
2496 4749 2677 4794 autem
2716 4738 3046 4793 solemnibus
3068 4737 3268 4806 nuptiis
3297 4735 3470 4789 duxit.

2801 4827 3030 4886 CAPUT
3061 4826 3178 4904 xv,

2542 4921 2797 4978 Nolenses
2821 4923 2998 4976 comiti
3029 4919 3456 4974 reconciliantur.

2267 5016 2436 5073 Porro
2469 5015 2728 5072 Notenses
2756 5015 3002 5068 videntes
3037 5027 3254 5067 omnem
3287 5008 3529 5064 Siciliam
3564 5007 3665 5062 sub
3692 5021 3782 5061 co-
