4010 5230
200 292 337 349 119⁸5

1409 292 1724 349 HISTORIA
1751 289 2032 350 'SICULA.
2083 327 2148 337 -
2185 296 2309 350 LIB.
2346 295 2418 350 IV.

3328 299 3467 357 ιιοι

201 418 314 462 tezn
354 405 614 476 dirigunt,
661 422 751 474 qm
808 406 948 476 apud
995 405 1253 468 Melitam,
1304 406 1390 460 ubi
1438 415 1563 460 tunc
1610 422 1791 461 eomes
1821 416 1865 472 Α
1897 425 2090 465 aureos
2135 412 2336 466 solidos
2372 412 2438 466 de
2481 428 2580 466 suo
2622 413 2852 481 accepit,
2891 423 2948 468 ut
2983 429 3103 468 eum
3147 428 3174 467 a
3209 413 3302 469 tali
3335 431 3474 486 prte-

198 498 537 559 morabatur,
582 499 922 558 accedentes,
957 512 1144 566 pacem
1193 497 1397 550 faciunt
1441 513 1582 550 anno
1612 496 1790 550 Domi-

197 593 336 647 nicin
383 589 779 645 lncarnationis
825 589 978 644 1090.
1030 588 1323 643 Februario
1363 604 1565 644 mense.
1599 587 1792 642 Comes

198 682 408 750 itaque,
448 695 670 734 censum
719 683 946 733 duorum
997 693 1259 733 annorum
1306 678 1410 732 illis
1457 679 1788 742 condonans,

199 771 504 826 Jordauum
537 771 700 824 filiam
728 785 906 831 suum,
939 770 1023 824 cui
1055 770 1219 824 etiam
1253 778 1451 824 terram
1483 778 1538 823 et
1570 783 1790 822 uxorem

198 862 448 925 dederat,
491 870 550 914 ut
599 860 785 914 urbem
837 860 968 927 ipsis
1024 861 1340 916 dedentibus
1399 861 1622 929 recipiat
1671 874 1792 913 eum

199 954 334 1022 ipsis
365 954 564 1007 mittit:
601 953 690 1022 qui
719 971 744 1005 a
774 961 926 1020 patre
956 953 1195 1007 edoctus.
1247 953 1380 1008 urbe
1424 963 1674 1020 suscepta
1702 968 1794 1006 ca-

197 1046 358 1098 stello
405 1044 577 1098 munit
649 1059 853 1114 proque
889 1043 1043 1098 lihitu
1085 1061 1183 1100 suo
1225 1045 1274 1100 in
1323 1046 1491 1114 patris
1537 1044 1794 1098 ﬁdelitate

201 1136 474 1205 disponit;
505 1150 644 1188 uxor
671 1143 848 1190 autem
879 1135 1143 1190 Benarvet
1173 1152 1296 1190 cum
1324 1137 1434 1190 ﬁlio
1468 1137 1520 1190 in
1551 1136 1791 1190 Africam

200 1225 516 1295 transfugit.
547 1225 743 1279 Sedata
777 1225 958 1294 itaque
994 1225 1140 1279 omni
1175 1225 1385 1290 Sicilia,
1412 1240 1594 1280 comes
1617 1224 1792 1294 Roge-

200 1316 336 1379 rius,
381 1313 560 1368 collati
596 1313 696 1367 sibi
748 1328 778 1366 a
804 1313 911 1367 Deo
942 1314 1191 1368 beneﬁcii
1245 1330 1349 1367 non
1398 1315 1640 1381 ingratus
1674 1311 1794 1368 ixi;

199 1417 374 1468 stens,
433 1402 760 1466 omnimode,
817 1406 1111 1458 secundum
1151 1404 1293 1472 quod
1326 1403 1623 1458 inuudialcs
1648 1418 1795 1457 cura:

199 1499 401 1569 quibus
443 1497 810 1566 occupabatur
848 1496 1261 1566 permittebant,
1313 1495 1424 1551 Deo
1473 1495 1639 1566 coepit
1674 1511 1795 1550 sese

199 1591 455 1642 devotum
480 1587 758 1651 exhibere,
776 1597 828 1640 et
844 1594 1046 1655 quanto
1070 1587 1314 1656 ampliori
1340 1587 1544 1639 honore
1577 1595 1793 1639 terreno

200 1695 261 1734 sc
303 1695 332 1732 a
385 1677 495 1733 Deo
546 1685 856 1746 provectum
914 1678 1290 1747 cognoscebat,
1347 1687 1496 1732 tanto
1545 1675 1790 1747 ampliori

201 1769 386 1823 studio
422 1766 613 1839 agebat
647 1774 706 1819 ut
746 1768 798 1820 in
832 1765 1089 1836 perfecta:
1127 1767 1448 1822 humilitatis
1482 1775 1624 1822 statu
1667 1781 1792 1836 per-
1827 1749 1868 1808 Β

200 1863 406 1915 sistens
435 1875 673 1928 gressum
705 1871 902 1914 mentis
952 1860 1098 1929 ﬁgat.
1147 1859 1405 1914 Militibus
1440 1861 1618 1930 itaque
1655 1860 1788 1926 suis,

200 1968 437 2022 quorum
465 1951 664 2004 auxilio
689 1951 821 2004 tanti
855 1951 1074 2006 honoris
1103 1951 1312 2005 culmen
1338 1951 1564 2021 adeptus
1593 1957 1790 2016 fuerat,

199 2043 486 2097 accersitis
513 2045 717 2113 gratias
747 2058 869 2097 cum
896 2043 1040 2096 omni
1083 2043 1497 2096 mansuetudine
1528 2045 1790 2108 referens,

201 2135 529 2206 quibusdam
557 2135 715 2188 terris
734 2144 788 2188 et
809 2133 972 2205 largis
993 2134 1440 2204 possessionibus.
1471 2133 1792 2203 quibusdam

197 2243 336 2282 vero
369 2227 487 2281 aliis
525 2227 753 2282 diversis
796 2227 1034 2298 praemiis
1070 2226 1274 2283 laboris
1321 2226 1404 2282 sui
1454 2228 1678 2282 sudores
1709 2239 1792 2282 rc-

203 2328 548 2390 compensat.

791 2432 1019 2490 CAPUT
1065 2433 1200 2488 XVI.

689 2529 873 2584 Comes
905 2529 1127 2582 Multam
1154 2529 1312 2583 radit.

279 2622 373 2678 Sic
411 2632 590 2692 Itaque
635 2621 780 2675 omni
833 2620 1015 2675 Sicilia
1064 2635 1160 2690 pro
1209 2619 1362 2674 libitu
1395 2633 1492 2673 suo
1523 2617 1795 2684 sapienter

199 2713 530 2783 camposita,
575 2727 778 2776 comes,
830 2710 1154 2764 militaribus
1202 2709 1478 2765 exercitiis
1521 2721 1792 2772 assueitts,

199 2802 406 2878 quietis
436 2806 742 2876 impatiens,
792 2805 993 2860 laboris
1037 2815 1315 2875 appetens,
1366 2803 1530 2857 lucris
1559 2803 1794 2867 inhians,

201 2913 406 2966 corpus
455 2898 523 2951 ab
574 2895 806 2950 assuetis
861 2896 1136 2949 exercrtiis
1196 2895 1418 2948 minime
1477 2893 1795 2948 desuesccrc

203 3005 400 3060 passus
425 2998 537 3054 est;
572 2989 666 3044 sed
693 3004 812 3057 qua:
839 2989 1201 3043 transmarina
1231 3004 1395 3059 regna
1424 2988 1596 3058 prima
1623 2987 1794 3056 potis-

204 3082 406 3134 simum
437 3079 537 3132 sibi
569 3077 901 3146 subjuganda
931 3087 1137 3133 attento
1175 3078 1378 3142 animo,
1412 3076 1523 3146 jugi
1562 3075 1794 3130 medita-

211 3172 361 3224 tione
391 3170 790 3225 tractat.-llnde
820 3179 874 3223 et
913 3168 1148 3222 Melitam
1192 3170 1421 3222 insulam
1452 3185 1481 3222 a
1515 3155 1795 3222 referenti?

204 3264 312 3318 bus
339 3264 654 3319 viciniorem
681 3263 893 3317 caeteris
918 3262 1018 3316 sibi
1041 3277 1389 3332 cognoscens,
1419 3261 1668 3325 classem,
1691 3277 1794 3330 qua

210 3370 336 3409 eam
369 3361 623 3417 attentet,
663 3352 971 3407 accelerare
1002 3353 1253 3421 imperat,
1304 3351 1562 3405 militibus
1603 3351 1714 3405 suis
1742 3360 1800 3404 ut

203 3461 267 3500 se
291 3445 356 3498 ad
386 3444 434 3498 id
458 3443 704 3498 exercitii
733 3453 914 3514 aptent
947 3444 1302 3514 praecipiendo
1330 3445 1632 3498 denuntiat.
1663 3445 1798 3498 Dum

205 3537 316 3591 ista
353 3545 642 3606 geruntur,
680 3534 988 3598 Mainerius,
1030 3535 1251 3590 berenti
1296 3551 1323 3588 a
1367 3535 1565 3589 comite
1603 3545 1659 3589 ut
1695 3535 1798 3589 sibi

203 3627 452 3681 locutum
478 3627 663 3681 veniat
693 3626 971 3690 invitatus,
997 3626 1255 3680 accedere
1281 3625 1478 3690 dilfert,
1504 3642 1624 3681 cum
1651 3642 1802 3681 arro-

206 3717 449 3787 gatione,
485 3727 751 3787 praesente
790 3716 965 3769 adhuc
997 3715 1170 3786 legato
1205 3715 1441 3781 comitis,
1472 3716 1802 3787 respondens

210 3821 274 3860 se
305 3821 580 3876 nunquam
613 3805 785 3874 ipsum
811 3805 910 3858 nisi
934 3813 990 3858 ut
1013 3805 1290 3869 damnum,
1319 3805 1360 3858 si
1395 3807 1582 3874 possit,
1609 3805 1804 3862 inferat

204 3896 388 3949 visum
410 3894 570 3949 velle.
602 3894 752 3961 Quod
781 3893 1048 3949 referente
1070 3894 1245 3966 legato
1273 3894 1364 3964 qui
1388 3895 1582 3950 missus
1610 3895 1801 3961 fuerat,

205 3999 396 4038 comes
423 3985 666 4048 audiens,
699 3985 987 4054 plurimum
1020 3987 1350 4057 indignatus,
1383 3986 1636 4053 lestiuus,
1665 3989 1803 4043 mari

208 4057 567 4140 transmeato,
609 4091 639 4129 a
684 4077 865 4130 Sicilia
911 4077 967 4131 in
1021 4078 1326 4133 Calabriam
1379 4081 1551 4145 venit;
1587 4083 1804 4134 l'elrnm

209 4171 662 4236 Moritunensem,
689 4173 775 4226 cui
804 4173 950 4227 vices
975 4189 1100 4226 snas
1124 4174 1411 4243 plurimum
1434 4180 1803 4241 commiserat,

211 4278 272 4322 ut
299 4284 397 4337 per
430 4269 673 4324 Siciliam
707 4271 1004 4324 exercitum
1038 4285 1382 4325 commovens
1413 4281 1530 4340 post
1559 4287 1616 4324 se
1655 4286 1806 4324 acce-

211 4361 356 4413 leret
387 4361 572 4414 mittit.
604 4360 705 4427 Qui
734 4363 1026 4430 prudenter
1057 4361 1292 4428 injuncta
1324 4361 1630 4432 pet-ﬁciens,
1665 4361 1805 4416 infra

210 4461 341 4505 octo
373 4450 489 4504 dies
524 4452 593 4503 ab
622 4453 769 4504 omni
801 4452 983 4505 Sicilia
1039 4451 1256 4520 copioso
1300 4451 1541 4505 exercitu
1583 4467 1808 4522 congrc-
1839 4451 1886 4510 Ι)

213 4553 365 4612 gnto,
412 4542 463 4594 in
516 4540 655 4594 Maio
708 4542 854 4613 (558)
907 4542 972 4595 ad
1017 4543 1271 4597 comitem
1324 4541 1576 4608 adduxit;
1627 4544 1812 4612 sicque

215 4650 403 4689 comes
430 4650 619 4689 versus
649 4634 960 4689 Gerentiam
993 4636 1306 4690 accelerans
1335 4676 1350 4698 ,
1404 4646 1642 4691 castrum
1699 4648 1810 4692 ter-

218 4727 364 4782 ribili
421 4726 707 4782 obsidione
776 4726 1020 4780 vallavit.
1097 4727 1213 4794 Qua
1278 4728 1346 4783 de
1409 4743 1468 4782 re
1525 4727 1813 4783 Maiaerios

221 4818 485 4881 territus,
545 4833 604 4872 se
660 4815 826 4870 stulte
876 4825 931 4870 et
983 4817 1176 4872 fecisse
1224 4827 1278 4871 et
1325 4818 1562 4872 locutum
1614 4833 1814 4886 cogno-

222 4925 412 4975 scens,
468 4909 695 4982 supplex
748 4909 814 4963 ad
866 4909 1292 4966 misericordiam
1347 4911 1564 4968 comitis
1626 4911 1810 4977 venit,

221 5019 419 5075 equos,
470 5004 674 5068 mulos,
721 5003 1006 5057 thesauros
1050 5013 1106 5058 et
1151 5005 1331 5058 omnia
1384 5019 1504 5076 qnze
1549 5004 1809 5067 habebat,

223 5099 432 5151 veniam
486 5105 697 5162 petens,
749 5094 799 5146 in
843 5092 962 5162 ejus
1005 5096 1358 5162 dispositione
1387 5095 1560 5162 ponit.
1596 5096 1812 5161 Comes,

1892 501 2195 569 suniptione
2238 511 2515 566 coerceat;
2553 502 2738 572 sicque
2767 518 2864 572 per
2908 505 3074 558 ardua
3113 505 3472 573 adiacentium

1894 589 2160 643 muntium
2207 589 2330 644 inde
2379 591 2688 661 digrediens
2727 590 3024 647 Cusentum
3062 597 3228 658 venit,
3260 605 3313 650 et
3343 599 3472 666 quia

1894 679 2082 734 incola:
2119 682 2412 751 provincizc
2459 682 2598 736 illius
2640 683 2761 738 duci
2801 683 3238 753 recaleitrabant,
3288 687 3470 744 triduo

1893 771 2071 824 vineta
2119 781 2174 826 et
2215 770 2410 825 oliveta
2456 788 2642 827 eorum
2684 775 3025 846 exstirpans,
3065 776 3187 830 inde
3245 777 3473 832 Aratam

1897 859 2140 923 secessit,
2176 861 2265 913 ubi
2294 876 2415 913 cum
2448 861 2562 916 suis
2591 861 2876 917 consilium
2911 875 3139 933 captans
3166 867 3470 922 exercitum

1895 949 2044 1004 brevi
2077 958 2316 1020 tempore
2342 952 2520 1015 solvit,
2551 954 2874 1024 praecipiens
2909 965 2968 1010 ut
3001 959 3370 1030 unusquisque
3403 960 3473 1017 ad

1894 1039 2290 1108 expeditionem
2314 1056 2503 1097 versus
2533 1042 2768 1098 Melitam
2798 1045 2942 1100 domi
2975 1056 3212 1115 aptatum
3237 1051 3474 1116 recedat,

1897 1130 2126 1186 termino
2144 1130 2451 1200 quindecim
2477 1134 2684 1188 dierum
2710 1135 3046 1204 interposito,
3074 1153 3180 1205 quo
3203 1138 3304 1192 sibi
3330 1141 3475 1208 apud

1896 1218 2331 1283 Resacrambam,
2367 1221 2491 1276 illuc
2521 1223 2666 1277 enim
2721 1224 2949 1279 classem
2991 1241 3146 1279 suam
3183 1228 3477 1282 convenire

1896 1306 2138 1373 fecerat,
2187 1309 2331 1363 obvii
2396 1310 2546 1366 ﬁant.
2607 1312 2804 1368 Portus
2857 1324 3038 1368 autem
3105 1315 3159 1369 in
3213 1317 3476 1373 ariditate

1893 1409 2100 1454 natura
2138 1417 2167 1454 a
2206 1406 2416 1455 caeteris
2437 1401 2633 1465 diﬁ‘ert,
2675 1404 2748 1458 ita
2784 1413 2841 1458 ut
2869 1406 2914 1460 si
2947 1406 3092 1475 quis,
3117 1407 3475 1477 experientia

1893 1507 2053 1547 causa
2073 1508 2303 1546 cannam
2329 1493 2413 1546 vel
2430 1493 2632 1564 aliquid
2656 1509 2953 1550 concavum
2975 1499 3267 1567 accipiens,
3295 1500 3476 1557 cubita

1894 1583 1998 1638 duo
2026 1585 2174 1654 (559)
2199 1601 2227 1638 a
2260 1585 2376 1655 ripa
2409 1586 2461 1641 in
2493 1601 2644 1642 mare
2669 1596 2828 1644 terra:
2856 1598 3008 1644 tenus
3039 1591 3217 1660 palmo
3241 1601 3477 1648 tantum-

1896 1675 2056 1729 modo
2081 1675 2464 1744 profunditatis
2484 1679 2633 1748 ﬁgat,
2663 1687 2826 1733 tanta:
2854 1679 3208 1748 longitudinis
3231 1692 3290 1737 ut
3320 1683 3478 1738 desu-

1895 1782 1992 1837 per
2015 1769 2185 1823 undas
2205 1784 2440 1824 concava
2466 1772 2748 1826 summitas
2773 1781 3033 1842 quantum
3056 1773 3200 1829 volet
3223 1775 3477 1845 attingat,

1893 1872 2018 1912 cum
2063 1873 2212 1913 mare
2257 1859 2617 1914 salsissimum
2659 1860 2753 1926 sit,
2793 1859 3136 1917 dulcissimas
3178 1872 3235 1918 et
3263 1863 3479 1931 putabi-

1896 1945 1975 2000 les
2019 1962 2190 2016 aquas
2226 1963 2323 2018 per
2366 1947 2771 2018 .concavitatem
2819 1950 2873 2004 in
2919 1950 3088 2005 altum
3131 1951 3358 2006 ebullire
3397 1951 3481 2007 vi-

1896 2035 2022 2090 dent
2057 2035 2226 2105 (540).

1968 2123 2067 2179 llic
2108 2126 2196 2179 die
2241 2128 2550 2193 terminato,
2595 2129 2664 2183 ab
2706 2130 2853 2184 omni
2892 2129 3075 2186 Sicilia
3126 2141 3183 2187 et
3227 2131 3478 2188 Calabria

1895 2215 2127 2287 plurimo
2183 2217 2428 2272 exercitu
2484 2217 2626 2273 Julio
2675 2235 2860 2276 mense
2911 2221 3184 2288 conﬂato,
3240 2225 3476 2294 quodam

1897 2323 2116 2377 vespere
2141 2323 2324 2364 comes
2350 2324 2514 2364 naves
2549 2311 2768 2382 aggredi
2791 2309 2938 2387 (541)
2984 2312 3274 2368 accelerat.
3305 2314 3480 2369 Porro

1895 2397 2164 2454 Jordanus
2198 2399 2340 2455 ﬁlius
2365 2402 2606 2468 comitis,
2634 2419 2759 2458 cum
2786 2404 2975 2460 classis
3004 2415 3241 2477 aptatur,
3265 2422 3481 2478 semper

1896 2489 2177 2558 suspicans
2205 2499 2326 2544 erat
2353 2493 2606 2547 comitem
2631 2491 2849 2563 quidem
2880 2509 3073 2550 versus
3105 2493 3341 2550 Melitam
3371 2511 3481 2550 non

1898 2583 2121 2648 iturum,
2166 2584 2259 2638 sed
2292 2584 2394 2638 sibi
2425 2593 2486 2640 ut
2517 2601 2630 2656 ipse
2661 2586 2962 2642 exercitum
2993 2589 3238 2644 illorsum
3279 2590 3484 2644 condu-

1897 2682 2044 2726 ceret
2083 2672 2520 2728 commissurum.
2552 2673 2748 2731 Comes
2782 2685 2966 2733 autem
2999 2679 3053 2733 in
3086 2679 3205 2749 ipso
3233 2679 3481 2748 ingressu

1899 2761 2113 2815 navium
2155 2764 2422 2818 arcessito
2459 2763 2690 2835 imperat
2728 2775 2787 2820 ut
2823 2781 2948 2821 cum
2991 2768 3313 2838 designatis,
3349 2783 3484 2838 quos

1897 2851 1995 2907 sibi
2019 2852 2306 2923 placuerit,
2333 2853 2576 2910 Siciliam
2594 2869 2944 2926 procuratum
2971 2870 3272 2927 remaneat,
3293 2862 3484 2916 urbem

1898 2944 2100 3000 nullam
2139 2945 2222 3002 vel
2277 2959 2518 3004 castrum
2568 2949 2806 3020 ingredi,
2850 2952 3022 3008 donec
3062 2953 3176 3024 ipse
3225 2971 3258 3009 a
3304 2954 3486 3010 Melita

1901 3044 2234 3104 revertatur,
2275 3048 2601 3108 praesumat,
2653 3041 2750 3097 sed
2795 3041 2848 3097 in
2898 3045 3148 3101 tentoriis
3194 3046 3484 3112 habitans,

1901 3127 2208 3196 ubicunque
2249 3144 2346 3197 per
2385 3128 2628 3183 Siciliam
2671 3131 2740 3186 ad
2783 3135 3216 3189 succurrendum
3260 3149 3487 3191 necesse

1900 3216 1990 3279 sit,
2042 3225 2264 3285 paratus
2311 3215 2429 3285 ejus
2475 3233 2780 3288 regressum
2822 3206 3108 3278 sustineat.
3156 3223 3328 3280 Porro
3374 3225 3484 3288 ille,

1901 3306 2064 3362 aliter
2085 3323 2246 3376 quam
2277 3315 2427 3362 ratus
2448 3319 2562 3362 erat
2587 3317 2797 3378 patrem
2820 3313 3222 3380 praecipientem
3239 3314 3484 3379 audiens,

1905 3407 2051 3451 totus
2075 3396 2434 3452 admiratione
2450 3399 2711 3454 attonitus
2733 3399 2812 3464 ﬁt,
2846 3411 3163 3471 patremque
3189 3401 3256 3455 ab
3280 3403 3347 3458 iis
3367 3418 3488 3472 qua:

1903 3485 2122 3540 dicebat
2168 3485 2441 3540 dehortari
2490 3487 2664 3553 nisus,
2715 3503 2840 3543 cum
2881 3489 3139 3562 laerymis
3184 3491 3490 3559 proclamat

1903 3576 2124 3647 dignum
2177 3576 2384 3645 potius,
2425 3576 2471 3632 si
2509 3577 2688 3649 placet
2721 3579 2897 3650 patri,
2941 3596 3064 3637 esse
3119 3597 3180 3636 se
3219 3582 3484 3652 juvenem

1906 3678 2056 3723 tanto
2108 3667 2280 3724 labori
2325 3670 2555 3735 ascribi,
2601 3680 2848 3740 patrem,
2899 3688 3011 3744 1am
3063 3674 3222 3744 quasi
3274 3675 3491 3730 emeriti

1904 3760 2156 3830 stipendii
2225 3761 2446 3828 virum,
2500 3777 2529 3816 a
2588 3762 2866 3821 laboribus
2915 3766 3207 3837 plurimum
3269 3782 3490 3839 passum

1904 3867 2100 3922 corpus
2138 3856 2432 3909 recreando
2479 3855 2678 3924 quietis
2707 3857 3118 3915 oblectamentis
3149 3859 3255 3926 uti;
3312 3861 3495 3916 minus

1907 3939 2250 4008 datunosum,
2279 3943 2323 3996 si
2352 3943 2486 4014 ipse,
2517 3946 2745 4002 minoris
2785 3949 2944 4018 pretii
2979 3947 3219 4018 juvenis,
3251 3951 3304 4004 in
3346 3959 3495 4006 tanto

1907 4030 2223 4086 discrimine
2253 4043 2462 4103 pereat,
2487 4051 2651 4105 quam
2694 4038 2782 4092 vir
2807 4047 2970 4094 tanta:
2999 4040 3344 4094 auctoritatis
3371 4049 3495 4094 tan-

1910 4123 2017 4175 tive
2047 4123 2282 4176 consilii.
2317 4125 2513 4178 Comes
2539 4141 2688 4192 vero,
2723 4127 2791 4180 ad
2823 4130 2986 4183 verba
3030 4129 3126 4183 ﬁlii
3159 4129 3493 4198 indignatus,

1909 4225 2054 4276 eum,
2096 4211 2552 4280 quamplurimum
2596 4216 2934 4272 conviciatus
2973 4218 3026 4272 in
3069 4218 3341 4273 audientia
3380 4234 3498 4273 om-

1912 4301 2059 4355 nium
2087 4303 2270 4357 retulit
2297 4317 2354 4357 se
2385 4319 2659 4374 nunquam
2684 4307 2769 4362 vel
2794 4308 2960 4364 ﬁlium
2995 4309 3077 4365 vel
3100 4310 3360 4380 aliquem,
3391 4326 3498 4380 quo

1913 4393 2027 4462 ipse
2076 4395 2284 4463 primus
2333 4410 2455 4450 esse
2498 4412 2603 4450 non
2645 4400 2861 4466 audeat,
2894 4402 3212 4464 missurum,
3257 4411 3314 4457 et
3358 4402 3500 4456 sicut

1914 4484 2120 4554 primus
2171 4496 2317 4540 esset
2358 4487 2412 4540 iu
2454 4488 2790 4557 possidendis
2837 4491 2923 4546 vel
2965 4493 3379 4558 distribuendis,
3426 4491 3500 4546 ita

1914 4577 2242 4632 conveniens
2281 4594 2404 4633 csse
2433 4590 2492 4633 ut
2536 4582 2680 4650 prior
2719 4582 2876 4638 fieret
2914 4584 2968 4639 in
2999 4586 3368 4655 acquirendis.
3409 4583 3503 4640 Sic

1913 4664 2160 4736 pluribus
2188 4669 2554 4724 remeantibus
2577 4670 2776 4738 pietate
2804 4673 3075 4740 abeuntis,
3103 4675 3297 4732 deinde
3328 4675 3504 4746 lacry-

1916 4758 2192 4814 niantibus
2226 4775 2436 4824 comes,
2478 4775 2645 4816 naves
2690 4763 2990 4834 ingressus,
3022 4765 3268 4822 bucciuis
3292 4781 3358 4821 ex
3389 4765 3505 4834 ejus

1914 4850 2095 4904 edicto
2154 4853 2611 4922 concrepantibus
2665 4865 2721 4908 et
2768 4856 2969 4912 diversi
3015 4859 3230 4929 generis
3287 4858 3506 4912 musicae

1919 4940 2054 4993 ariis
2079 4942 2348 5012 pluribus,
2382 4951 2446 4994 ut
2469 4941 2698 5012 quisque
2733 4944 2926 5004 doctus
2961 4958 3100 5014 erat,
3134 4947 3511 5004 instrumentis

1921 5031 2347 5104 modulamibus,
2401 5032 2653 5088 anchoris
2684 5041 2966 5107 extractis,
3009 5039 3126 5094 vela
3172 5038 3349 5096 ventis
3391 5036 3512 5106 plu-

1921 5121 2064 5162 rimn
2093 5141 2355 5160 κηποι-...ιιι
2411 5123 2746 5160 ρηῐηιηῖηιιηι
2805 5145 3047 5160 λιι--..ους
3091 5145 3348 5158 -κ-κσ--κΑ-ιι
3398 5126 3512 5158 cur-

2411 5123 2746 5160 nnmlnillunl
2805 5145 2933 5160 non-..
2949 5149 3012 5158 ....
