4010 5230
519 357 658 416 H95

1427 343 1775 403 GAUFREDl
1821 339 2271 398 lllALA'l‘l‘IliBAE
2332 341 2636 400 MONACHI
2676 340 3029 400 BENEDICT.

3655 339 3786 398 1198

525 468 788 528 tredecim
818 473 1026 522 tantum
1073 461 1334 518 militibus
1367 475 1537 531 equos
1582 459 1906 524 ascendens,
1935 455 2104 526 pluri-
2133 459 2177 516 Α
2211 469 2519 511 necessaria
2563 465 2619 511 et
2649 459 2870 526 absque
2917 454 3092 527 pretio
3136 453 3300 510 Phari
3353 455 3644 510 transitum
3691 455 3788 510 tri-

523 579 666 622 mam
711 559 1010 616 incolarum
1058 553 1480 618 multitudinem,
1521 567 1644 624 quae
1681 559 1740 605 ut
1776 547 2105 619 impedirem

525 655 593 710 ad
621 653 792 722 ripam
811 649 1038 706 obviam
1068 645 1265 710 fuerat,
1298 642 1637 715 aggrediens,
1667 639 1865 695 multos
1889 637 2102 700 sternit,

509 723 763 813 treliquos
815 742 1003 810 fugat,
1065 744 1345 792 extremos
1397 747 1642 804 quosque
1693 730 1950 786 caedendo
2012 745 2108 799 per

522 836 739 906 longum
786 832 1108 901 insequitur.
1151 829 1390 898 Vespere
1435 835 1617 880 autem
1659 826 1732 880 ab
1776 823 2109 894 insequendo

523 927 841 998 regrediens
879 925 934 978 in
967 923 1150 978 littore
1191 921 1360 975 maris
1391 935 1514 974 cum
1545 918 1692 974 omni
1738 917 1978 974 exercitu
2009 931 2109 971 suo

524 1018 610 1073 illa
639 1025 798 1073 nocte
823 1017 1114 1087 hospitium
1145 1014 1397 1083 sumpsit.

598 1109 854 1165 Crastino
877 1122 1006 1163 vero
1026 1105 1374 1162 illucescente
1395 1104 1616 1176 propius
1637 1105 1827 1158 urbem
1842 1103 2110 1159 accedens

526 1201 809 1258 obsidione
835 1199 1078 1264 vallavit,
1115 1197 1540 1266 circumquaque
1573 1210 1672 1266 per
1713 1193 1948 1250 insulam
1983 1207 2111 1248 suos

523 1294 820 1365 praedatum
857 1292 1099 1346 mittens.
1132 1289 1303 1344 Porro
1337 1287 1570 1360 Gaytus,
1605 1287 1696 1356 qui
1729 1286 1848 1342 urbi
1877 1295 1932 1341 et
1962 1286 2112 1340 insu-

525 1385 592 1440 la:
621 1384 1050 1454 principabatur,
1097 1379 1389 1448 caeteriquc
1431 1378 1578 1432 cives
1608 1375 1818 1430 bellicis
1848 1375 2114 1430 exercita-

527 1478 764 1533 tionibus
789 1476 969 1532 minus
996 1473 1218 1540 assueti,
1255 1472 1544 1543 praesentia
1578 1470 1815 1524 hostium
1843 1466 2113 1530 deterriti,

527 1585 716 1640 pacem
761 1570 928 1624 libere
961 1568 1026 1622 ad
1058 1566 1384 1635 colloquium
1416 1579 1538 1620 cum
1578 1561 1776 1618 comite
1817 1559 2112 1616 accedendi

528 1672 824 1732 expetunt;
869 1676 975 1730 qua
1023 1676 1052 1714 a
1101 1662 1300 1716 comite
1354 1671 1644 1720 concessa,
1699 1655 1764 1709 ad
1817 1652 2110 1708 tentorium

529 1752 744 1808 comitis
783 1751 888 1806 sibi
937 1751 1198 1814 locutum,
1253 1759 1312 1802 ut
1353 1762 1543 1817 pacem
1595 1745 1779 1810 faciat,
1825 1743 2110 1800 accedunt.

527 1843 878 1922 Diversisque
924 1840 1500 1898 circumlocutionibus
1557 1838 1664 1903 usi,
1717 1835 1934 1891 tandem
1992 1850 2113 1890 cum

531 1936 882 1992 calliditatem
909 1935 1172 2006 principis
1195 1933 1374 1988 n'iinus
1401 1947 1460 1987 se
1485 1929 1674 1986 fallere
1695 1943 1856 1999 posse
1889 1941 2116 1998 perpen-

534 2028 690 2090 ilunt,
714 2042 816 2096 pro
839 2026 992 2080 libitu
1023 2024 1258 2087 comitis,
1279 2023 1463 2094 primo
1491 2022 1733 2093 captivos
1753 2020 2112 2084 Christianos,

531 2134 762 2190 quorum
803 2117 1088 2188 plurimam
1118 2115 1516 2168 multitudinem
1565 2112 1706 2166 infra
1737 2113 1922 2167 urbem
1972 2122 2118 2166 teuc-

529 2212 682 2277 bant,
723 2211 974 2274 reddunt,
1003 2218 1059 2264 et
1090 2223 1282 2278 equos,
1330 2217 1384 2262 et
1427 2205 1600 2261 mulos
1643 2216 1697 2260 et
1737 2221 1888 2260 arma
1935 2204 2116 2260 ontuia

537 2319 656 2372 qure
679 2303 975 2368 habebant,
1005 2316 1128 2358 cum
1153 2299 1359 2355 infinita
1391 2299 1619 2367 pecunia
1649 2299 1833 2354 comiti
1860 2295 2114 2351 oderunt.

533 2397 727 2452 Datam
765 2412 873 2451 uno
914 2411 1128 2466 quoque
1167 2410 1310 2449 anno
1344 2392 1701 2464 persolvendo
1744 2391 2116 2447 determinan-

534 2499 646 2554 tes,
683 2491 874 2546 urbem
923 2491 989 2545 de
1043 2489 1242 2545 comite
1281 2503 1342 2543 se
1392 2487 1731 2542 serviendum
1771 2484 2114 2554 promittunt,

531 2585 720 2653 sicque
750 2599 902 2639 more
937 2584 1068 2652 legis
1097 2598 1208 2637 sua:
1231 2581 1587 2637 sacramentis
1618 2579 1757 2634 datis
1780 2577 1964 2633 comiti
1995 2591 2122 2630 cun-

539 2675 792 2732 ftederati
831 2685 978 2732 sunt.
1025 2677 1228 2730 Videtis
1269 2674 1392 2746 [Ieg.
1445 2675 1692 2738 Videres,
1744 2671 1847 2726 Ed.
1901 2671 1988 2742 P.]
2026 2687 2121 2725 au-

539 2781 647 2822 tem
708 2768 949 2838 captivos
1009 2765 1387 2829 Christianos,
1457 2765 1525 2819 ab
1585 2765 1716 2818 urbe
1773 2762 2121 2834 progredien-

543 2872 644 2922 tes,
685 2877 794 2931 prae
831 2859 1028 2928 gaudio
1063 2873 1175 2914 sua:
1209 2859 1497 2928 insperata:
1541 2855 1874 2912 liberationis
1912 2855 1980 2910 ab
2014 2870 2122 2909 uno

543 2967 760 3022 quoque
801 2952 982 3006 cordis
1025 2949 1280 3022 lacrymis
1307 2948 1599 3016 profundi,
1640 2949 1808 3020 l'gno,
1849 2946 1934 3002 vel
1975 2946 2123 3002 cala-

539 3045 675 3106 mis,
727 3051 890 3114 prout.
931 3042 1158 3112 quisque
1199 3040 1374 3110 primo
1417 3039 1754 3105 inveniebat,
1797 3039 2124 3120 compositas

2209 547 2404 603 bueus.
2455 547 2628 605 Porro
2673 549 2776 618 ipsi
2824 563 2946 604 cum
2999 548 3196 620 gaudio
3235 557 3292 602 et
3337 548 3523 602 comiti
3581 547 3650 602 de
3697 561 3792 602 sua

2212 637 2535 694 liberatione
2578 640 2783 710 gratias
2825 639 3128 696 referentes
3155 640 3386 709 quisque
3427 640 3483 694 in
3533 637 3652 694 loca
3699 653 3794 692 sua

2211 730 2494 796 recedunt,
2517 745 2616 799 per
2639 729 2851 786 diversa
2879 744 3166 800 regnorum
3191 729 3388 798 spatia,
3423 737 3594 798 prout.
3615 727 3795 780 natio-

2214 823 2299 876 nis
2326 831 2508 887 eraut,
2553 836 2759 878 nomen
2795 821 3014 876 comitis
3043 819 3452 892 .magniflcando
3479 818 3792 875 dilatantes.

2781 935 3008 992 CAPUT
3049 935 3211 992 XVII.

2495 1026 2621 1082 Dum
2659 1035 2708 1082 et
2752 1043 2921 1082 comes
2960 1027 3242 1082 Cusentum
3275 1028 3509 1098 capiunt.

2282 1117 2444 1172 Anno
2469 1134 2600 1190 ergo
2623 1118 2912 1174 millesimo
2935 1119 3286 1188 nonagesimo
3308 1121 3510 1190 primo,
3531 1119 3801 1190 [legerim

2215 1209 2349 1276 dux,
2395 1217 2586 1264 contra
2638 1209 3002 1266 Consentinus
3047 1210 3138 1266 diu
3185 1211 3414 1266 rebelles
3459 1211 3800 1282 indignatus,

2215 1305 2460 1358 exercitu
2513 1303 2582 1358 ab
2611 1304 2758 1359 omni
2809 1303 3006 1373 Apulia
3065 1301 3409 1365 coadunato,
3449 1301 3624 1356 fratre
3667 1301 3802 1354 Boa-

2219 1396 2422 1451 mundo
2462 1411 2645 1452 secum
2671 1405 2918 1466 accepto,
2951 1395 3099 1464 ipsos
3125 1407 3314 1448 mense
3347 1391 3490 1447 Maio
3513 1392 3802 1446 obsessum

2221 1487 2300 1541 ire
2329 1489 2646 1557 disponens,
2688 1487 3017 1542 avunculum
3045 1485 3297 1542 comitem
3327 1499 3357 1538 a
3381 1483 3568 1538 Sicilia
3593 1492 3658 1536 ut
3703 1482 3800 1536 sibi

2220 1579 2484 1634 auxilium
2519 1579 2748 1636 ferendo
2774 1579 2904 1633 illuc
2944 1593 3234 1633 occurrere
3265 1593 3372 1632 non
3411 1575 3630 1631 differat
3663 1575 3802 1629 invi-

2223 1679 2318 1726 tat.
2373 1671 2487 1738 llle,
2543 1686 2731 1726 anture
2781 1671 3016 1742 nepotis,
3072 1669 3141 1724 ab
3187 1670 3333 1724 omni
3382 1667 3571 1724 Sicilia
3637 1666 3803 1720 multa

2221 1761 2651 1817 Sarracenorum
2675 1761 2843 1818 millia
2869 1762 3141 1826 excitans,
3163 1759 3258 1816 sed
3279 1767 3330 1815 et
3360 1759 3594 1813 militum
3621 1757 3806 1828 copias

2221 1856 2549 1922 conducens,
2575 1871 2680 1927 quo
2701 1855 3036 1910 invitabatur
3064 1853 3208 1908 haud
3239 1853 3482 1922 segniter
3509 1849 3802 1905 accelerat.

2219 1947 2559 2012 Consentini,
2589 1949 2778 2002 hostes
2805 1962 3022 2001 versum
3051 1959 3110 2001 se
3139 1944 3454 2000 accelerare
3491 1942 3803 2008 audientes,

2221 2043 2427 2113 seipsos
2483 2041 2622 2096 vallo
2688 2049 2744 2096 et
2795 2039 2966 2095 muris
3029 2039 3304 2103 muniunt,
3363 2052 3516 2092 arma
3571 2046 3630 2091 et
3687 2051 3808 2108 qua

2222 2133 2522 2189 defensioni
2551 2131 2862 2188 necessaria
2891 2139 3046 2186 erant
3075 2138 3282 2202 aptant,
3313 2137 3562 2201 sumptus
3599 2138 3810 2183 natura:

2223 2225 2565 2280 necessarios
2627 2223 2770 2279 infra
2834 2224 3026 2278 urbem
3075 2230 3449 2294 comportant,
3513 2221 3810 2276 defendere

2221 2318 2399 2388 potius
2426 2331 2588 2387 quam
2616 2316 2970 2372 succumbere
3011 2314 3243 2370 invicem
3269 2315 3648 2369 cohortantur.
3691 2313 3810 2367 Dux

2222 2418 2276 2465 et
2312 2425 2515 2472 cernes,
2559 2423 2678 2464 sese
2716 2407 2952 2464 invicem
2984 2407 3126 2476 apud
3163 2405 3458 2462 Cusentum
3495 2405 3808 2468 obviantes,

2224 2501 2412 2556 urbem
2473 2499 2716 2570 undique
2773 2499 2997 2554 vallant.
3039 2499 3156 2552 Dux
3197 2497 3480 2568 planitiem
3525 2496 3812 2552 obsidione

2223 2599 2474 2660 occupat.
2515 2589 2731 2655 Cutues,
2773 2599 3031 2644 montana
3060 2589 3458 2654 conscendens,
3487 2603 3599 2658 quo
3637 2587 3813 2656 major

2225 2683 2453 2740 laboret
2485 2685 2661 2741 hostis
2696 2683 2948 2739 infestior
2987 2681 3328 2746 imminebat,
3351 2681 3555 2738 castris
3587 2695 3810 2736 suorum

2227 2776 2412 2830 urbem
2453 2789 2650 2848 gyrare
2701 2775 2948 2846 imperat.
2981 2773 3330 2848 Consentinis
3361 2775 3548 2844 itaque
3575 2787 3646 2827 ex
3685 2789 3814 2830 con-

2227 2867 2349 2922 silio
2395 2878 2450 2922 et
2491 2867 2670 2923 edicto
2715 2865 2979 2938 principis
3027 2866 3174 2922 vallo
3215 2875 3272 2922 et
3318 2865 3538 2936 sepibus
3573 2866 3813 2934 undique

2227 2958 2450 3024 clausis,
2499 2957 2865 3029 ingrediendi,
2917 2957 3002 3014 vel
3047 2957 3383 3026 egrediendi,
3427 2956 3514 3012 vel
3549 2955 3816 3026 quidlibet

2229 3051 2603 3106 imroduccndi
2633 3049 2894 3106 facultate
2934 3048 3166 3116 sublata,
3201 3048 3496 3120 plurimum
3525 3045 3814 3104 deterren-

539 3150 732 3192 cruces
760 3137 811 3190 in
845 3135 1052 3190 dextris
1073 3133 1332 3198 ferentes,
1371 3131 1531 3203 Kyrie
1559 3132 1752 3187 elcison
1779 3132 2122 3201 proclaman-
2151 3154 2198 3215 ρ
2231 3151 2335 3197 ων,
2375 3141 2464 3198 Sic
2481 3141 2626 3212 iugis
2670 3141 2990 3206 ἀρεθνωιίο,
3038 3149 3318 3196 cel-lumen
3365 3141 3672 3196 assiduum,
3707 3139 3814 3194 seu

539 3229 631 3292 do,
659 3229 726 3282 ad
751 3228 913 3298 pedes
937 3227 1153 3282 comitis
1177 3226 1440 3296 provolvi,
1471 3235 1686 3282 nostros
1703 3241 1834 3281 vero
1863 3225 1929 3279 ad
1962 3224 2122 3279 talem

537 3322 792 3376 intuitum
832 3320 1051 3390 pietatis
1112 3317 1308 3375 affectu
1351 3319 1656 3389 lacrymoso
1691 3331 1814 3372 rore
1850 3315 2120 3387 perfundi.

540 3413 732 3466 tioincs
769 3425 920 3482 ergo,
967 3409 1144 3464 taliter
1185 3411 1318 3466 urbe
1355 3409 1457 3465 sibi
1513 3409 1908 3475 confoederata,
1955 3409 2123 3478 capti-

535 3519 655 3570 vos,
693 3511 752 3558 ut
789 3513 1052 3572 asportet,
1081 3519 1175 3574 per
1205 3518 1370 3557 naves
1413 3503 1690 3568 ordinans,
1728 3503 1960 3558 reditum
2000 3517 2123 3556 cum

537 3613 740 3669 magno
777 3608 992 3662 timore,
1017 3613 1130 3667 pra:
1161 3611 1330 3652 mmto
1353 3609 1593 3667 pondere
1633 3608 1970 3666 captivorum
2001 3594 2124 3648 sub-

539 3691 868 3746 mersioncm
907 3691 1134 3757 veritus,
1179 3691 1474 3756 accelerat,
1519 3691 1612 3745 sed
1649 3690 1870 3744 dextera
1917 3687 2032 3750 Dei,
2070 3696 2128 3739 ut

541 3785 844 3852 eredimusf,
903 3797 974 3838 οἳ
1042 3791 1238 3838 eventu
1306 3783 1514 3851 patuit;
1573 3797 1740 3836 naves
1797 3795 1893 3850 per
1954 3779 2125 3833 undas

545 3873 856 3938 sublevans,
891 3874 1073 3928 cubitu
1112 3889 1218 3928 uno
1245 3873 1529 3929 liberiores
1552 3889 1714 3944 super
1741 3874 2124 3927 mare‘tercbat

545 3981 706 4034 quam
739 3967 792 4020 in
839 3966 988 4020 aditu
1018 3981 1137 4030 suo,
1166 3981 1288 4021 cum
1329 3981 1420 4021 eas
1451 3965 1630 4019 minus
1672 3979 1810 4018 onus
1839 3963 2122 4034 gravabat.

541 4063 612 4116 At
635 4075 754 4114 cum
783 4075 933 4114 mare
954 4059 1032 4114 sic
1059 4059 1288 4115 reditum
1317 4059 1602 4124 accelerat,
1633 4059 1844 4130 ciuiuus
1870 4057 2124 4125 insulam,

542 4170 666 4226 qua:
713 4151 926 4208 Golfani
973 4151 1120 4223 (545)
1161 4151 1383 4216 dicitur,
1441 4152 1678 4214 intuens,
1738 4149 2017 4214 illorsutn,
2072 4158 2130 4203 ut

545 4247 801 4310 debellet,
831 4245 949 4302 vela
982 4243 1144 4316 dirigi
1185 4244 1436 4314 imperat.
1470 4243 1586 4310 Quo
1629 4242 1910 4314 applicans
1933 4239 2130 4302 praedis

543 4340 866 4413 aggrediens
931 4339 1212 4404 devastat,
1272 4350 1458 4408 sreque
1522 4352 1708 4391 secum
1767 4334 1942 4390 foedus
1993 4333 2131 4388 mire

543 4449 880 4504 cognoscens
927 4448 1038 4488 sua:
1089 4433 1277 4488 dilioni
1319 4432 1578 4503 assignat.
1609 4429 1860 4502 Undique
1911 4431 2130 4500 impune

2231 3233 2578 3290 Consentinis
2609 3233 2786 3304 major
2825 3249 2949 3304 spes
2971 3233 3304 3288 defensionis
3335 3233 3384 3287 in
3419 3231 3726 3288 fundibulis
3761 3239 3814 3285 et

2230 3327 2446 3398 sagittis
2483 3334 2621 3380 erat.
2663 3325 2897 3396 Propius
2935 3324 3223 3390 accedere,
3257 3333 3315 3378 ut
3343 3336 3472 3377 ense
3499 3331 3659 3377 tenus
3691 3336 3814 3376 cum

2231 3417 2434 3474 nostris
2472 3418 2840 3484 decertarent,
2891 3415 3257 3486 periculosum
3305 3413 3598 3470 ducebant.
3643 3411 3814 3466 Porro

2230 3525 2414 3566 cernes
2450 3509 2723 3564 interdum
2762 3508 2829 3563 ad
2855 3507 3186 3564 deditionem
3233 3506 3524 3562 mulcendo
3552 3504 3814 3569 blandiri,

2233 3601 2573 3670 frequentius
2623 3601 3026 3656 interminando
3077 3599 3377 3666 deterrere,
3421 3614 3551 3654 suos
3585 3599 3814 3663 instare,

2229 3695 2464 3758 hortari,
2485 3694 2665 3749 omnia
2689 3694 3000 3760 circumire,
3028 3693 3102 3748 nil
3129 3695 3450 3750 intentatum
3479 3691 3812 3763 relinquere,

2230 3801 2350 3857 quae
2389 3785 2636 3842 facienda
2687 3795 2842 3839 erant
2873 3785 3024 3856 prior
3052 3785 3224 3850 adire,
3271 3785 3338 3840 ad
3373 3794 3658 3840 certamen
3691 3799 3816 3838 suos

2231 3877 2556 3948 l'iriecetlere,
2606 3877 2657 3932 in
2683 3877 2987 3932 recedendo
3023 3876 3310 3946 subsequi;
3341 3875 3526 3931 omnia
3555 3875 3814 3947 prudenti

2231 3971 2576 4027 ordinatione
2627 3971 2918 4040 providere
2962 3970 3236 4034 studebat,
3285 3969 3539 4040 exemplo
3589 3969 3699 4034 sui,
3751 3967 3816 4022 ad

2231 4079 2352 4134 qua:
2399 4061 2647 4118 facienda
2694 4072 2852 4117 erant
2900 4077 3091 4118 omnes
3135 4061 3512 4134 vigilantiores
3561 4061 3812 4115 reddens.

2231 4155 2548 4212 Consentini
2589 4155 2794 4226 itaque,
2829 4155 3190 4210 constantiam
3234 4153 3450 4209 comitis
3488 4151 3814 4222 jampridem

2231 4254 2621 4319 cognoscentes
2662 4253 2718 4302 et
2759 4247 2943 4302 hostes
2985 4261 3015 4300 a
3061 4245 3262 4300 finibus
3304 4244 3417 4300 suis
3447 4257 3547 4313 spe
3595 4241 3815 4298 arcendi

2231 4342 2562 4404 decidentes,
2595 4341 2826 4396 consilio
2869 4340 3010 4395 inter
3057 4354 3116 4394 se
3157 4338 3344 4394 habito
3392 4337 3544 4394 urbis
3585 4336 3817 4392 deditio-

2233 4448 2379 4500 nem,
2411 4433 2456 4488 si
2481 4431 2622 4488 forte
2648 4432 2714 4487 de
2743 4430 3038 4486 offensione
3065 4445 3175 4487 sua:
3207 4429 3520 4485 rebellionis
3547 4428 3762 4482 veniam
3785 4441 3814 4478 a

539 4541 638 4596 per
682 4540 898 4594 :cquora
928 4523 1046 4579 vela
1093 4523 1353 4594 dirigens,
1393 4521 1635 4577 Siciliam
1685 4536 1951 4585 reversus,
1984 4519 2128 4574 desi-
2159 4524 2368 4588 Dducc
2413 4531 2468 4578 et
2514 4523 2714 4578 comite
2761 4530 3108 4587 mereantur,
3163 4529 3374 4591 aptant.
3433 4517 3624 4573 Primo
3673 4515 3814 4586 quod

543 4620 860 4674 derantibus
887 4633 945 4674 se
973 4618 1219 4673 fidelibus
1250 4617 1362 4672 suis
1403 4615 1636 4686 plurima
1683 4615 1863 4687 praeda
1897 4623 2126 4670 onustus

545 4722 919 4780 repraesentat.
950 4710 1206 4784 Captivos
1247 4719 1451 4772 autem,
1486 4723 1624 4778 quos
1663 4709 1911 4778 captione
1942 4717 2128 4762 erutos

545 4821 727 4859 secum
776 4807 1087 4872 reduxerat,
1131 4819 1320 4859 omnes
1369 4816 1678 4858 convocans
1725 4800 1924 4854 liberos
1977 4799 2125 4859 facit.

547 4893 780 4950 offerens
819 4897 920 4961 eis,
967 4897 1011 4950 si
1057 4909 1242 4950 secum
1292 4895 1344 4950 in
1387 4892 1575 4949 Sicilia
1625 4905 1906 4947 remanere
1938 4889 2126 4956 velint,

547 4985 728 5037 villam
749 4999 910 5040 unam
943 4985 1056 5040 suis
1095 4985 1404 5055 sumptibus
1425 4983 1546 5038 loco
1579 4997 1685 5053 quo
1707 4981 1972 5056 eligerent
2002 4995 2128 5036 con-

507 5095 510 5100 -
547 5086 758 5120 sti-noro.
791 5075 1006 5120 (labem-
1039 5083 1093 5120 et.
1125 5075 1190 5120 ile.
1215 5073 1327 5120 suis
1369 5073 1673 5120 snmntilms
1703 5071 2012 5120 necessaria
2063 5071 2124 5112 πίε

2235 4617 2488 4672 comitem
2543 4615 2912 4685 prudentioris
2959 4613 3168 4669 consilii
3213 4612 3388 4666 virum
3437 4610 3721 4670 sciebant.
3761 4615 3815 4660 et

2235 4707 2390 4778 cujus
2419 4707 2763 4763 ordinatione
2792 4707 2973 4761 omnia
3011 4703 3359 4775 regebantur,
3401 4703 3812 4760 contentiones,

2231 4817 2290 4856 se
2323 4815 2588 4869 suumque
2611 4799 2894 4854 consilium
2925 4797 3194 4868 supplices
3214 4795 3264 4850 ei
3295 4793 3671 4860 committunt,
3705 4791 3816 4846 sine

2233 4889 2349 4958 ipso
2375 4889 2506 4946 nihil
2540 4889 2716 4944 acturi
2769 4903 2798 4942 a
2827 4901 2935 4958 quo
2969 4887 3236 4950 sciebant,
3266 4893 3556 4956 postquam
3587 4883 3812 4952 promit-

2236 4991 2408 5048 teret,
2452 4985 2570 5038 sine
2603 4983 2791 5038 fraude
2833 4982 2918 5037 vel
2971 4982 3053 5036 sui
3109 4980 3472 5042 detrimento,
3523 4977 3618 5032 ubi
3661 4975 3814 5031 vitari

2236 5085 2435 5120 nosset-
2467 5073 2566 5120 sibi
2589 5073 2874 5120 rmtsilittm
2902 5071 3038 5120 dari.
3061 5069 3150 5120 lile
3176 5083 3302 5120 vero
3325 5081 3515 5120 eorum
3543 5066 3734 5120 verba.
3757 5077 3814 5118 ut
