4010 5230
271 315 405 372 “97

1380 307 1696 367 HISTORIA
1737 306 2002 363 SICIILA.
2042 305 2258 359 --—l.ll5.
2303 304 2391 359 ιν.

3382 308 3520 366 H98

272 432 392 485 rius
436 427 860 500 prohibendam,
917 441 970 480 tn
1031 425 1210 479 altiori
1260 424 1410 479 urbis
1459 426 1586 494 iugo
1649 423 1848 477 ﬁrmat.
1882 424 1922 478 Α
1957 432 2282 487 remoratus,
2336 435 2458 473 cum
2507 420 2620 474 sola
2675 418 2878 474 familia
2921 434 3020 474 sua
3068 419 3190 476 illos
3238 422 3523 479 obsessum

268 520 467 576 Comiti
513 532 692 575 autem
750 532 850 588 pro
910 515 1420 585 recompensatione
1473 515 1688 568 servitii
1743 513 1847 568 sibi

271 610 495 665 exbibiti
524 611 866 666 medietatem
910 605 1478 675 Pausemitanzewsi)
1519 605 1672 658 urbis
1709 605 1847 659 assi-

272 710 421 770 gnat,
471 700 660 770 sicque
695 697 1037 768 expeditione
1092 710 1279 750 mense
1313 695 1457 750 Julio
1489 695 1686 759 soluta,
1740 695 1847 748 dux

273 791 328 844 in
373 790 645 860 Apuliam,
681 804 862 845 comes
897 803 1028 843 vero
1074 788 1126 842 in
1178 787 1420 840 Siciliam
1453 786 1845 856 digrediuntur.

271 883 467 938 Comes
495 893 676 936 autem
711 883 764 935 in
793 897 889 936 sua
933 889 1089 949 parte
1127 887 1364 934 castrum
1398 877 1601 941 ﬁrmat,
1634 877 1852 931 urbem-

271 986 397 1040 que,
426 987 547 1025 eum
585 969 696 1039 jam
727 970 1029 1026 communis
1055 977 1220 1031 esset,
1269 968 1343 1020 ita
1369 966 1584 1021 ordinat
1630 975 1689 1020 ut
1730 965 1850 1037 plus

271 1077 338 1116 es
393 1063 686 1118 medietate
741 1062 1084 1134 postmodum
1143 1059 1264 1114 duci
1317 1059 1647 1128 perveniret,
1687 1073 1847 1128 quam

269 1153 470 1221 primo,
508 1167 628 1208 cum
662 1154 780 1209 sine
815 1152 1201 1224 compar-ticipc
1233 1151 1398 1206 totius
1426 1150 1578 1206 urbis
1601 1149 1848 1213 redditus

272 1244 594 1314 possideret.
1709 1259 1714 1264 '

838 1334 1066 1390 CAPUT
1105 1333 1288 1397 XVIII.

829 1429 1099 1486 lordanus
1139 1431 1284 1484 obiit.

344 1520 442 1575 llis
469 1522 653 1590 itaque
693 1522 954 1591 peractis,
985 1522 1113 1592 quia
1141 1536 1235 1592 per
1271 1521 1676 1576 successionem
1713 1530 1850 1575 tem-

274 1631 465 1684 porum
502 1629 565 1669 ea
609 1630 729 1684 qua;
780 1624 930 1684 gesta
980 1625 1106 1670 sunt
1153 1615 1240 1669 vel
1292 1614 1633 1678 acciderunt,
1686 1621 1850 1683 prout

278 1705 516 1770 fuerunt,
549 1721 646 1760 nos
675 1707 972 1774 scripturos
1005 1707 1431 1774 repromisimus,
1473 1709 1609 1762 ordo
1637 1716 1849 1776 tempo-

1951 513 2136 575 vadit;
2170 512 2570 582 expeditionem
2601 514 2670 566 ab
2698 513 2846 568 omni
2877 512 3062 569 Sicilia
3089 529 3149 570 se
3174 513 3302 572 illuc
3337 517 3524 574 subse-

1949 602 2042 671 qui
2088 603 2380 671 imperans.
2427 601 2629 672 Sicque
2677 603 2727 657 vi
2778 617 3074 672 superans,
3121 604 3241 661 illos
3277 606 3371 676 qui
3412 615 3524 662 tam

1951 692 2118 762 inepti
2145 691 2356 748 consilii
2389 701 2643 748 auctores
2671 691 2888 748 fuerant
2914 708 3207 763 suspensos
3242 697 3526 764 exstinxit,

1952 782 2194 852 reliquos
2219 782 2502 840 tumentis
2528 783 2758 839 diversis
2782 782 3042 852 alliciens,
3065 785 3216 842 urbis
3237 785 3524 846 stultitiam

1950 870 2104 926 sedat
2124 872 2294 944 (an).

2533 986 2762 1045 CAPUT
2797 988 2938 1044 XIX.

2497 1077 2686 1136 Simon
2713 1081 2951 1136 nascitur

1953 1187 2110 1244 Patre
2145 1187 2299 1255 orbo,
2333 1189 2483 1261 gravi
2511 1193 2701 1248 morbo
2723 1194 2802 1249 sic
2829 1194 3044 1252 sublato
3075 1195 3207 1262 ﬁlio,

1958 1279 2107 1335 Unde
2134 1279 2282 1352 (348)
2315 1281 2542 1348 doleret,
2571 1284 2711 1353 quod
2741 1295 2955 1342 careret
2983 1287 3280 1343 luereditali
3315 1289 3526 1360 Iaudio.

1953 1369 2098 1426 Ditat
2126 1371 2300 1442 prole,
2330 1374 2486 1442 quasi
2513 1371 2644 1428 ﬂore
2670 1391 2902 1446 superna
2930 1377 3188 1447 provisio.

1953 1463 2343 1536 lmprzegnatur
2369 1480 2433 1520 ac
2460 1476 2748 1537 gravatur;
2792 1469 2981 1524 matris
3004 1471 3246 1540 gaudens
3271 1480 3458 1526 uterus

1954 1555 2287 1610 lntumescit.
2314 1555 2495 1612 infans
2528 1558 2722 1611 crescit
2747 1565 2954 1612 natura:
2980 1560 3347 1615 successibus.

1955 1647 2085 1702 Orat
2109 1655 2283 1717 pater,
2311 1649 2406 1701 sed
2433 1655 2483 1702 et
2518 1657 2693 1701 mater
2720 1647 2909 1713 Deum,
2932 1657 2992 1704 ut
3020 1649 3091 1704 sit
3116 1650 3409 1706 masculus.

1957 1737 2146 1810 Implet
2171 1749 2292 1816 vota
2322 1739 2496 1794 forma
2527 1748 2660 1803 tota,
2691 1740 2817 1794 dum
2840 1755 3024 1795 semen
3055 1740 3203 1812 (349)
3231 1741 3499 1813 coagulat.

277 1797 354 1852 ris
383 1798 698 1852 damnosum
727 1797 965 1892 dolorem
996 1796 1193 1852 Siciliae
1217 1806 1272 1851 ct
1303 1797 1568 1852 Calabriae
1599 1812 1697 1852 nos
1720 1796 1849 1867 quin
1882 1810 1926 1868 Β
1955 1796 2077 1888 Fth
2107 1811 2298 1888 natura
2319 1832 2432 1901 iam
2463 1796 2660 1888 secura’
2685 1832 2826 1886 inm
2852 1796 3299 1889 malris‘vis'cém.

275 1890 405 1944 huic
450 1889 587 1944 libro
634 1883 937 1944 inseramus
984 1891 1335 1961 prtetergredi
1381 1899 1546 1957 vetat,
1600 1890 1849 1961 quamvis

277 1981 521 2049 pluribus
557 1981 609 2035 in
655 1983 940 2050 praesentia
975 1982 1057 2036 sui
1092 1981 1196 2036 hoc
1232 1983 1372 2037 idem
1423 1983 1490 2037 ad
1529 1983 1849 2037 memoriam

276 2085 535 2125 revocare
578 2086 889 2135 onerosum,
920 2072 1073 2142 quasi
1107 2071 1346 2127 dolorem
1392 2072 1724 2135 renovando,
1765 2071 1851 2127 vi-

277 2161 487 2215 deatur.
530 2161 660 2216 Nam
694 2171 820 2217 sunt
849 2163 1092 2218 nonnulli
1124 2163 1238 2233 qui,
1285 2179 1397 2234 prae
1443 2164 1612 2220 nimio
1647 2164 1856 2220 alfectu'

276 2267 436 2320 quem
484 2266 613 2323 erga
669 2252 841 2324 ipsum
882 2253 948 2308 de
1004 2267 1113 2323 quo
1171 2269 1351 2310 sermo
1408 2255 1466 2309 tit
1523 2255 1848 2321 habuerunt,

279 2342 324 2396 si
377 2342 429 2396 in
474 2357 661 2397 eorum
716 2345 999 2413 praesentia
1059 2343 1201 2414 quod
1257 2344 1454 2400 accidit
1501 2345 1778 2409 recitatur,
1820 2360 1851 2399 a

281 2433 536 2505 lacrymis
574 2434 795 2490 minime
822 2451 881 2491 se
907 2444 1133 2505 possunt
1159 2436 1464 2499 continere,
1493 2451 1557 2492 ac
1586 2436 1629 2491 si
1660 2451 1853 2492 recens

279 2527 353 2580 sit
398 2528 540 2596 quod
594 2537 866 2582 narratur.
919 2527 1193 2583 Jordanus
1244 2529 1388 2584 enim
1426 2530 1568 2584 filius
1616 2530 1850 2596 comitis,

277 2625 504 2685 propter
525 2617 899 2672 strenuitatem
928 2632 1080 2672 suam
1109 2619 1362 2673 omnibus
1387 2619 1656 2683 amabilis,
1689 2635 1850 2690 quem

277 2707 493 2777 plures,
539 2709 668 2779 quia
683 2710 796 2778 jam
843 2709 1213 2773 Gaufredum,
1262 2711 1406 2780 quod
1459 2710 1698 2765 dolorem
1746 2727 1852 2765 non

279 2801 506 2869 minuit,
561 2803 780 2858 morbus
823 2802 1201 2872 elephantinus
1247 2812 1588 2873 pervaserat,
1639 2804 1856 2860 comitis

279 2891 549 2945 hmredem
581 2891 815 2946 futurum
859 2891 1295 2960 suspicabantur,
1334 2907 1456 2947 nam
1484 2908 1659 2962 neque
1688 2893 1852 2948 alium

279 2981 580 3036 masculum
623 2984 876 3045 habebat,
925 2985 1068 3053 apud
1107 2982 1440 3056 Syracusani
1477 2983 1718 3053 suijuris
1765 3002 1856 3042 ur-

279 3071 402 3126 bem
443 3071 610 3128 febris
664 3082 792 3144 typo
838 3090 1128 3143 percussus
1178 3084 1282 3130 est.
1335 3077 1488 3142 Quod
1535 3091 1657 3132 cum
1713 3079 1852 3146 patri

1955 1924 2141 1980 Nouus
2167 1924 2371 1979 mensis
2393 1938 2487 1994 spe
2510 1924 2806 1994 suspensis.
2836 1922 2927 1979 Sic
2952 1933 3139 1995 partus
3170 1924 3458 1980 accelerat.

1955 2016 2136 2070 Infans
2171 2015 2370 2085 prodit.
2400 2013 2588 2070 Nullus
2617 2015 2751 2070 odit.
2787 2015 2874 2070 Fit
2898 2017 3110 2072 cunctis
3140 2016 3354 2071 laztitia.

1957 2106 2290 2162 Obstetrices
2317 2114 2444 2160 sunt
2470 2105 2661 2161 felices
2687 2121 2717 2160 a
2745 2106 2936 2161 matris
2961 2107 3115 2178 (350)
3147 2107 3357 2162 laetitia.

1954 2197 2243 2252 Nuntiatus
2271 2214 2402 2268 puer
2429 2207 2586 2252 natus
2613 2214 2748 2251 nova
2783 2208 3005 2267 priestat
3027 2200 3244 2266 gaudia.

1956 2289 2129 2345 Mater
2160 2289 2310 2343 audit
2334 2290 2477 2343 unde
2506 2290 2728 2358 plaudit,
2757 2290 2818 2344 ﬁt
2845 2290 3049 2345 doloris
3081 2291 3288 2346 nescia.

1955 2383 2292 2447 Festinatnr;
2324 2383 2604 2436 nuntiatur
2635 2398 2747 2436 nzec
2776 2382 2913 2439 natri
2946 2381 3151 2438 laetitia.

1957 2471 2058 2541 Qui
2117 2473 2499 2543 congaudens,
2563 2483 2724 2545 atque
2779 2472 3043 2546 plaudens
3096 2474 3256 2528 thura
3305 2488 3532 2544 precum

3227 2564 3463 2637 [caelitus

1959 2653 2193 2724 Supplex
2221 2653 2357 2719 litat,
2391 2661 2553 2723 atque
2585 2653 2718 2707 ditat
2745 2653 2978 2723 legatum
3006 2655 3343 2710 muneribus.

1956 2745 2115 2800 l‘lura
2135 2745 2310 2813 jubet,
2340 2756 2499 2814 prout
2523 2745 2691 2808 lubet,
2726 2745 2910 2816 largiri
2942 2746 3296 2816 pauperibus.

1960 2835 2127 2890 Dolor
2159 2833 2350 2888 mortis
2388 2833 2573 2904 gravis
2601 2833 2892 2903 sortisjam
2925 2833 3123 2889 sublati
3155 2833 3252 2888 ﬁlii

1959 2927 2046 2983 Fit
2088 2927 2286 2982 lncitus
2335 2924 2506 2998 (55f),
2559 2937 2614 2983 et
2666 2927 2868 2983 oblitus
2922 2942 3017 3000 spe
3069 2929 3347 2984 nascentis
3405 2945 3537 3000 gau-

2011 3086 2031 3104 ο
3091 3021 3261 3094 [dium
3295 3021 3466 3097 (352).

1961 3111 2149 3166 Simon
2196 3109 2366 3176 fonte,
2411 3109 2587 3178 pictus
2625 3110 2803 3165 fronte
2848 3110 3164 3166 inunctione
3219 3111 3538 3169 chrismatis

282 3165 588 3267 nuntiatum
611 3165 802 3221 fuisset
828 3167 1070 3223 illorsum
1103 3183 1403 3238 praevenire
1438 3179 1666 3224 mortem
1697 3183 1854 3224 acce-
1885 3175 1928 3236 C
1965 3204 2309 3267 Πετεὼωῇ
2345 3165 2606 3256 έοίίὼυη,
2627 3203 2732 3255 dux
2760 3201 2973 3256 futurus
3006 3165 3241 3257 Siculus;

282 3252 441 3317 lerat,
473 3256 590 3319 sed,
616 3258 803 3312 morbo
832 3258 1266 3328 ingravescente,
1301 3259 1490 3314 ttltima
1521 3260 1855 3315 determina-

264 3346 364 3401 tio
402 3347 522 3402 vita:
562 3347 787 3402 Jordani
819 3360 973 3418 patre
1017 3349 1251 3405 velocior
1277 3350 1399 3405 fuit.
1431 3349 1625 3405 Comes
1672 3361 1854 3406 autem

285 3439 470 3492 urbem
505 3440 800 3510 ingressus,
836 3451 894 3496 ut
938 3442 1101 3497 funus
1133 3443 1225 3497 lilii
1258 3444 1562 3514 conspexit,
1602 3444 1857 3499 intolera-

283 3531 378 3585 bili
438 3532 624 3588 dclore
671 3535 991 3604 corripitur,
1054 3550 1347 3604 omnesque
1392 3536 1483 3606 qui
1552 3552 1674 3592 cum
1740 3537 1858 3608 ipso

282 3623 658 3687 advenerant.
727 3625 928 3680 doloris
997 3625 1289 3694 participes
1328 3625 1480 3692 facti,
1550 3627 1858 3698 lacrymoso

284 3711 505 3781 planctu
554 3713 870 3781 rapiuntur,
932 3713 1225 3784 pluresque
1277 3717 1448 3784 patris
1495 3716 1648 3770 dolor
1694 3732 1855 3786 quam

283 3802 509 3860 Jordani
551 3819 698 3859 mors
740 3806 808 3860 ad
859 3805 1128 3876 lacrymas
1157 3807 1531 3876 pertrahcbat.
1578 3806 1718 3864 Urbs
1747 3818 1859 3863 tota

284 3896 587 3964 lacrymoso
633 3895 840 3950 ululatu
896 3895 1210 3962 ventilatur,
1263 3896 1314 3950 in
1369 3906 1573 3952 tantum
1627 3905 1685 3951 ut
1717 3897 1860 3967 ipsos

285 3984 644 4050 Sarracenos,
680 3995 867 4040 nostro
907 3986 1091 4054 generi
1133 3986 1358 4052 invisos,
1407 4001 1512 4042 non
1541 3987 1758 4057 quidem
1790 4001 1856 4042 ex

284 4089 493 4140 amore,
521 4075 616 4128 sed
646 4090 713 4130 ex
749 4091 987 4131 moerere
1020 4093 1128 4147 quo
1173 4087 1386 4133 nostros
1416 4077 1553 4133 allici
1584 4080 1858 4145 videbant,

283 4167 504 4236 pictatis
545 4166 768 4221 affectus
793 4173 1095 4236 pervadens
1131 4169 1198 4222 ad
1233 4167 1500 4239 lacrymas
1533 4185 1700 4239 usque
1733 4185 1858 4239 per-

288 4260 552 4314 traheret.
598 4258 792 4314 Comes
838 4260 1020 4329 itaque
1061 4259 1223 4316 funus
1271 4261 1528 4315 decenter
1575 4261 1858 4326 ordinans,

291 4350 548 4415 Trainam
609 4365 706 4420 per
761 4359 930 4405 totam
972 4351 1122 4421 (555)
1171 4349 1231 4405 S.
1285 4349 1491 4406 Nicolai
1545 4351 1863 4406 solemniter

285 4443 620 4496 humandum
639 4443 874 4506 deducit,
891 4443 1070 4497 multa
1099 4443 1362 4498 beneﬁcia
1387 4444 1562 4498 eidem
1584 4443 1859 4509 Ecclesiae,

1959 3295 2316 3351 Calabrenses
2348 3309 2474 3348 suos
2505 3307 2665 3346 enses
2690 3293 2792 3346 sibi
2816 3301 3008 3361 optant
3031 3289 3212 3358 adjici.

1957 3386 2119 3442 Pater
2150 3393 2320 3440 totum
2349 3382 2536 3456 implet
2565 3390 2767 3447 votum,
2801 3381 2908 3436 dux
2941 3381 3204 3436 concessit
3230 3380 3376 3451 (355)
3397 3381 3533 3438 ﬁeri.

2562 3493 2789 3550 CAPUT
2827 3491 2948 3548 XX.

2361 3588 2483 3643 Dux
2525 3587 2776 3658 Rogerius
2815 3585 3138 3654 inﬁrmatur.

2031 3707 2200 3763 Porro
2246 3706 2352 3761 dux
2407 3702 2692 3771 Rogcrius,
2743 3715 2966 3756 uxorem
3015 3699 3223 3757 habens
3265 3699 3540 3772 praeclara:

1960 3797 2298 3864 nobilitatis,
2369 3807 2588 3866 neptem
2654 3793 2909 3848 videlicet
2980 3791 3318 3849 Francorum
3393 3793 3539 3863 regis

1963 3891 2219 3962 Philippi,
2249 3890 2412 3944 ﬁliam
2454 3887 2870 3943 Flandrensium
2913 3887 3247 3943 marchionis
3293 3885 3539 3952 Roberti,

1962 3999 2121 4054 quem
2149 3982 2386 4038 Frisium
2417 3980 2783 4051 appellabant,
2815 3979 3042 4034 Adalam
3067 3979 3304 4046 nomine,
3345 3980 3412 4034 de
3433 3975 3564 4049 qua'

1962 4075 2194 4130 duarum
2240 4071 2484 4128 sobolum
2551 4081 2706 4141 pater
2765 4071 3074 4135 existebat,
3126 4070 3268 4138 apud
3323 4069 3539 4125 Melfam

1962 4165 2171 4235 Apulia:
2215 4164 2405 4218 urbem
2451 4161 2602 4226 febre
2633 4169 2916 4230 correptus
2956 4161 3159 4215 acriter
3187 4163 3542 4231 torquebatur

1965 4272 2105 4312 anno
2139 4255 2300 4311 Verbi
2339 4256 2605 4310 incarnati
2635 4253 2922 4308 millesimo
2953 4253 3306 4322 nonagesimo
3355 4255 3537 4309 tertio.

1965 4347 2154 4402 Morbo
2228 4348 2411 4415 itaque
2479 4345 2930 4415 ingravescente,
2992 4343 3104 4413 jam
3160 4359 3300 4414 pene
3357 4345 3538 4398 vitali-

1968 4442 2068 4497 bus
2094 4440 2256 4512 (554)
2284 4439 2614 4502 interclusis,
2671 4453 2794 4493 eum
2845 4438 2947 4508 ipsi
2999 4439 3053 4493 in
3101 4438 3347 4509 partibus
3391 4437 3538 4507 (555)

287 4533 382 4586 sed
406 4543 459 4586 et
491 4533 611 4588 aliis
648 4549 747 4602 pro
776 4533 1145 4603 redemptione
1177 4532 1372 4586 animae
1409 4530 1526 4599 ejus
1550 4531 1856 4596 conferens,
1893 4527 1937 4584 ΞΣ
1966 4529 2285 4599 peritissimi
2341 4527 2421 4582 sic
2468 4528 2660 4583 medici
2714 4535 3041 4582 attestantur
3065 4569 3080 4593 ,
3141 4526 3290 4599 (556)
3343 4537 3538 4582 natura

284 4639 431 4678 anno
465 4623 755 4679 Dominica:
776 4623 1169 4679 lncarnationis
1202 4621 1486 4676 millesimo
1511 4621 1861 4689 nonagesimo

287 4717 548 4772 secundo.
593 4716 762 4772 Porro
803 4717 950 4772 cives
1000 4716 1149 4770 urbis
1195 4715 1478 4785 Peutargze
1521 4713 1693 4784 (546),
1741 4729 1863 4784 quae

279 4806 424 4875 juris
476 4806 696 4862 Jordani
747 4808 1011 4862 hactenus
1062 4806 1275 4870 fuerat,
1327 4813 1555 4858 mortem
1602 4802 1858 4869 Jordani,

289 4915 452 4969 quem
493 4899 788 4968 plurimum
834 4897 1319 4968 pertimescebant,
1351 4895 1658 4959 audientes,
1703 4909 1861 4950 casso

286 4992 490 5062 gaudio
521 4990 827 5058 rapiuntur,
860 4997 1024 5059 atque
1053 4988 1106 5042 in
1139 4987 1479 5043 insolentiam
1506 5000 1863 5056 prorumpen-

287 5096 388 5144 tes.
419 5081 611 5144 iugum
647 5088 843 5136 nostra!
871 5081 1049 5144 gentis
1096 5078 1402 5134 rebellando
1437 5092 1467 5131 a
1518 5091 1577 5130 se
1614 5088 1870 5140 excutere

1968 4629 2158 4675 contra
2192 4635 2348 4676 usum
2379 4621 2605 4675 attonita
2635 4619 2944 4687 oberrabat,
2974 4630 3032 4674 ut
3057 4619 3126 4675 ab
3159 4620 3292 4690 ipsis
3319 4619 3547 4676 medicis

1970 4725 2070 4765 nec
2096 4709 2274 4781 pulsu,
2300 4725 2400 4766 nec
2431 4713 2612 4774 urina,
2638 4711 2732 4766 sed
2764 4724 2939 4779 neque
2964 4711 3082 4766 aliis
3110 4711 3545 4781 pronosticorum

1973 4802 2191 4858 indiciis
2224 4801 2514 4859 inﬁrmitas
2561 4802 2918 4857 determinate
2967 4801 3116 4875 (2557)
3167 4813 3353 4874 posset
3397 4816 3548 4855 com-

1969 4895 2257 4966 prehendi.
2285 4893 2399 4962 Qua
2431 4895 2498 4950 de
2530 4907 2589 4948 re
2633 4905 2755 4947 cum
2801 4892 2869 4946 de
2915 4892 3036 4963 ipso
3079 4895 3244 4950 etiam
3308 4895 3378 4948 ab
3421 4891 3555 4960 ipsis

1974 4987 2198 5042 medicis
2236 4983 2512 5052 desperari
2542 4981 2836 5045 videretur,
2871 4980 3040 5051 fama,
3065 4987 3218 5056 quasi
3239 4985 3352 5055 jam
3387 4982 3553 5040 oblis-

1973 5087 2076 5142 set,
2103 5085 2268 5130 totam
2299 5072 2573 5142 Apuliam,
2619 5072 2715 5126 sed
2745 5081 2802 5128 ct
2823 5070 3132 5132 Calabriam
3173 5077 3433 5134 turbavit-
3474 5071 3550 5120 Ea
