4010 5230
521 133 659 190 H99

1398 125 1744 184 GAUFREDI
1771 120 2223 179 MALATERBE
2271 122 2579 182 HONACHI
2614 123 2968 181 BENEDICT.

3641 123 3781 180 130’)

520 248 612 316 qui
669 259 793 300 cum
835 241 1058 298 fratrem
1106 242 1245 295 fama
1281 239 1548 296 referente
1587 241 1702 310 jam
1749 239 1948 293 obiisse
1996 252 2088 290 au-
2127 235 2171 290 Α
2201 235 2566 292 ulciscendam
2624 237 3063 299 submoveretur,
3111 234 3352 290 exercitu
3408 238 3647 299 admoto,
3711 236 3780 290 ab

522 337 717 400 disset,
777 332 1030 389 credulus
1066 341 1248 388 castra
1293 346 1414 401 qua:
1451 331 1594 400 juris
1649 330 1836 385 fratris
1887 329 2099 383 fuerant

521 431 838 499 irrumpens
865 424 1222 482 sacramentis
1245 423 1346 478 sibi
1375 421 1750 478 eonfoederare
1774 420 2094 491 persuadet,

520 523 597 578 ita
649 529 828 575 tamen
874 518 1191 572 discernens
1219 524 1299 581 ut,
1331 515 1376 570 si
1428 514 1618 578 frater,
1653 513 1795 583 quod
1850 527 1909 566 se
1956 511 2096 566 nolle

515 611 944 684 protestabatur,
967 609 1080 677 jam
1107 609 1352 674 obiisset,
1380 607 1528 662 salva
1561 607 1818 660 ﬁdelitate
1842 604 2092 676 legalium

518 703 790 758 haeredqu
850 715 1116 764 suorum,
1172 698 1424 753 videlicet
1487 698 1714 761 fratris,
1775 696 1874 752 sibi
1938 695 2091 764 quasi

516 793 661 849 ﬁdeli
688 791 1002 847 eorumdem
1029 789 1301 844 luet-celum
1334 797 1548 858 patruo,
1589 801 1758 855 usque
1792 786 1858 840 ad
1895 784 2089 839 intelli-

516 887 733 957 gibilem
786 893 1028 950 :etalem,
1083 899 1187 953 qua
1222 882 1325 953 ipsi
1372 882 1610 952 legitime
1654 890 1854 933 terram
1904 890 2091 946 regere

516 984 927 1047 cognoscerent,
977 974 1167 1030 ﬁdeles
1220 974 1594 1043 persisterent.
1651 971 1846 1025 Comes
1909 978 2087 1021 autem

512 1069 802 1139 ltogerius,
855 1082 979 1121 eum
1024 1063 1147 1118 talia
1197 1065 1377 1118 facere
1419 1062 1665 1125 audiens,
1722 1059 2089 1128 indignatione

513 1167 820 1214 commotus
856 1155 998 1226 quod
1039 1155 1165 1209 talia
1208 1170 1265 1209 se
1306 1151 1614 1208 inconsulto
1647 1149 2085 1221 praesumpserit,

511 1250 720 1304 veritus
774 1248 964 1314 etiam,
1015 1247 1267 1318 quamvis
1314 1245 1456 1299 hanc
1504 1242 1814 1296 ﬁdelitatem
1863 1241 2088 1297 honeste

512 1348 828 1402 discernens
876 1345 1195 1415 susciperet,
1241 1343 1399 1412 pictis
1440 1340 1617 1396 verbis
1649 1339 1898 1394 fraudem
1939 1337 2084 1410 (558)

510 1437 793 1493 occultans
838 1438 890 1490 in
930 1445 1228 1506 posterum,
1281 1441 1471 1488 contra
1524 1442 1746 1501 nepotes
1791 1427 2086 1483 ambitione

509 1540 702 1602 captus
739 1527 941 1599 aliquid
979 1527 1186 1582 fraudis
1216 1527 1642 1590 niachinarctur,
1680 1539 1708 1577 a
1737 1524 1848 1578 suis
1873 1521 2082 1593 insequi

507 1623 832 1693 prmcipiens
858 1636 888 1676 a
923 1629 1033 1676 tota
1060 1619 1309 1675 Calabria
1339 1627 1506 1673 arcet.

1088 1729 1314 1785 CAPUT
1353 1729 1495 1784 XXI.

669 1800 979 1856 Cuilielmus
1004 1802 1068 1856 de
1101 1799 1388 1855 Crantavul
1416 1800 1711 1854 Rossanam
1735 1809 1918 1854 intrat.

577 1893 766 1950 Plures
806 1895 968 1950 etiam
1013 1894 1192 1948 audita
1228 1893 1369 1947 fama
1399 1893 1590 1948 mortis
1634 1894 1785 1948 ducis
1837 1892 1891 1948 in
1937 1892 2083 1948 inso-

504 1989 728 2043 lentiam
759 1996 1196 2058 prorumpentes,
1226 1986 1290 2040 de
1317 1985 1384 2041 iis
1405 2001 1524 2055 quae
1548 1985 1671 2040 duci
1700 1985 2084 2056 competebant

503 2079 879 2144 distrahendo,
927 2077 1029 2132 sibi
1079 2090 1342 2147 usurpare
1396 2075 1780 2130 moliebantur.
1833 2074 1983 2129 Unde
2026 2083 2082 2129 et

500 2172 820 2228 Guilielmus
847 2171 912 2227 de
943 2168 1350 2226 Grantemaniol
1382 2169 1558 2240 (339),
1585 2184 1796 2222 summa
1827 2167 2082 2238 cupidine

500 2273 806 2335 correptus,
838 2265 890 2318 in
921 2262 1266 2318 insolentiam
1305 2260 1561 2332 proclivis
1604 2261 1903 2326 declinans,
1943 2260 2080 2316 Ros-

499 2372 691 2411 sanam
733 2355 998 2412 Calabriae
1049 2354 1237 2408 urbem
1284 2353 1586 2424 pervadens
1635 2352 1835 2417 intrat,
1894 2353 2079 2408 dicens

500 2447 602 2502 sibi
633 2446 756 2518 jure
783 2453 1093 2516 competere
1136 2454 1215 2512 ut,
1259 2446 1353 2516 qui
1403 2459 1644 2500 sororem
1693 2445 1868 2510 ducis,
1911 2445 2078 2500 ﬁliam

498 2537 781 2592 Guiseardi
813 2577 828 2604 ,
893 2535 1166 2591 Mabiliam
1222 2535 1470 2602 nomine,
1530 2551 1755 2590 uxorem
1810 2535 2075 2599 habebat,

497 2629 944 2699 haereditatisque
991 2630 1262 2698 particeps
1293 2628 1468 2684 ﬁeret.
1515 2627 1606 2684 Sic
1633 2643 1753 2698 qua:
1779 2628 1932 2684 ducis
1957 2627 2077 2684 fue-

496 2728 656 2784 rant,
713 2728 936 2789 propter
1003 2719 1434 2774 imbecillitatem
1505 2720 1780 2774 hteredum
1849 2721 2078 2791 quisque

495 2818 716 2879 quanta:
765 2809 889 2863 ﬁdei
932 2824 1062 2877 erga
1111 2810 1258 2880 ipsos
1304 2809 1544 2864 lneredes
1575 2812 1746 2876 fieret,
1773 2820 2073 2876 ostentans,

495 2899 603 2955 sibi
650 2896 1003 2954 distrahendo
1045 2909 1364 2971 usurpabat.
1411 2900 1518 2956 Sed
1565 2910 1782 2965 natura,
1816 2918 1936 2973 qua:
1958 2903 2071 2973 jam
2101 2941 2143 2996 ε

491 2990 584 3046 diu
615 2990 905 3061 peregrina
928 2989 1301 3057 oberravcrat,
1335 2992 1388 3047 in
1413 2992 1494 3047 sui
1517 2992 1656 3064 juris
1684 2994 2070 3063 proprietatem

491 3096 731 3146 reversa,
763 3090 953 3137 contra
987 3098 1136 3153 spem
1177 3084 1511 3140 medicorum
1539 3087 1826 3142 eonvalere
1856 3088 2066 3159 incipit.

491 3174 691 3244 Sicque
742 3175 976 3230 sanitate
1022 3175 1212 3229 diatim
1261 3186 1636 3244 cxcrescente,
1684 3179 1750 3232 ad
1797 3180 2069 3249 integrum

489 3263 733 3333 pristinae
785 3265 1067 3319 restitutus
1114 3275 1197 3320 est
1227 3268 1472 3321 sanitati.
1522 3267 1675 3335 Quod
1722 3269 2069 3325 Boamundus

489 3357 716 3411 audiens
759 3371 953 3426 magna
996 3359 1194 3413 tuentis
1224 3359 1507 3415 alacritate
1530 3361 1694 3426 MeIﬁ,
1721 3362 1807 3416 tibi
1845 3363 2066 3417 fratrem

488 3463 611 3503 esse
653 3449 882 3516 sciebat,
907 3451 974 3504 de
1001 3449 1116 3519 ejus
1146 3452 1395 3507 sanitatis
1427 3455 1840 3522 recuperatione
1869 3471 2068 3525 conga-

488 3541 707 3594 visurus
760 3543 1023 3607 occurrit,
1081 3552 1262 3598 castra
1303 3560 1422 3614 quae
1456 3545 1562 3601 sibi
1599 3547 2068 3603 conftederaverat

487 3631 763 3695 reddens;
817 3646 937 3700 qua:
997 3632 1242 3698 fecerat,
1308 3650 1414 3689 non
1469 3634 1580 3705 jam
1633 3635 1819 3693 dolose
1873 3638 2068 3694 fecisse

491 3723 751 3777 ostendit.
801 3722 971 3778 Porro
1017 3722 1339 3780 Guiliclmus
1386 3726 1454 3780 de
1497 3726 1872 3783 Crantamanil
1925 3729 2064 3799 turpi

490 3813 705 3869 illectus
754 3815 1011 3879 avaritia,
1058 3831 1156 3871 nec
1185 3815 1253 3870 de
1279 3815 1482 3870 domini
1528 3819 1610 3872 sui
1659 3821 2067 3888 recuperatione

483 3906 735 3961 sanitatis
760 3907 1174 3975 congavisurus,
1207 3923 1328 3974 nec,
1359 3916 1416 3963 ut
1445 3911 1632 3964 urbem
1677 3926 1836 3980 quam
1872 3926 2065 3982 perva-

483 4007 632 4052 serat
682 3999 945 4065 reddens,
1000 3999 1262 4054 accedere
1312 4001 1558 4067 curavit,
1612 4002 1705 4056 sed
1758 4002 2057 4072 impudenti

480 4090 659 4146 fronte
686 4090 931 4146 fraudem
957 4101 1262 4159 ostentans,
1285 4095 1533 4148 eamdem
1555 4095 1743 4150 urbem
1770 4111 1868 4165 pro
1901 4112 2059 4166 posse

478 4183 752 4249 muniens,
777 4193 964 4239 contra
990 4185 1166 4256 ipsum
1188 4185 1401 4251 ducem,
1419 4187 1462 4241 si
1485 4185 1624 4242 forte
1649 4189 1966 4259 impugnare
1985 4199 2064 4245 at-

2199 332 2442 401 utrisque
2477 331 2640 386 castri
2679 329 2858 384 villam
2895 329 3176 384 obsessum
3203 328 3310 382 itur
3337 345 3480 384 anno
3507 329 3780 384 incarnati

2200 423 2498 478 Salvatoris
2522 423 2810 478 millesimo
2834 422 3188 492 nonagesimo
3211 433 3423 492 quarto.
3451 421 3564 476 Iloc
3595 432 3776 476 autem

2196 514 2588 583 operimentum
2619 513 2825 568 fraudis
2851 529 2962 569 suae
2986 513 3306 570 Guiliehnus
3328 514 3427 570 sibi
3457 514 3774 584 adaptabat,

2196 606 2338 674 quod
2370 621 2493 660 cum
2524 605 2592 660 ab
2619 604 2879 660 urbicolis
2903 605 3080 675 primo
3103 604 3241 660 infra
3269 606 3456 659 urbem
3487 613 3780 674 susceptus

2197 705 2322 762 est,
2382 697 2492 752 illis
2547 697 2839 767 improvisa
2902 696 3356 751 determinatione
3415 695 3777 766 jurejurando

2195 791 2505 845 firmaverat
2552 805 2612 845 se
2650 805 2924 859 nunquam
2979 788 3136 844 alicui
3184 788 3375 843 urbem
3417 787 3777 854 redditurum,

2193 892 2418 952 excepto
2460 882 2733 938 Ludoviso
2779 881 2890 936 ﬁlio
2930 883 3102 945 ducis,
3140 881 3325 936 ethoc
3356 881 3483 950 quia
3519 878 3781 951 parvulus

2192 984 2332 1040 erat,
2374 982 2496 1044 post
2528 973 2715 1029 decem
2747 989 2919 1030 annos
2952 972 3183 1039 futuros,
3237 971 3572 1038 ﬁdelitatem,
3611 987 3777 1042 quam

2191 1067 2634 1136 ducijuravcrat,
2677 1067 2909 1130 solvere,
2951 1067 3179 1121 minoris
3210 1065 3427 1120 offensa:
3457 1065 3547 1120 vel
3571 1080 3776 1135 oppro-

2189 1161 2294 1215 hrii
2338 1162 2540 1215 ducens
2586 1175 2746 1230 quam
2793 1159 2937 1228 quod
2983 1158 3217 1230 perjuris
3265 1167 3319 1213 et
3365 1158 3778 1212 fraudatoribus

2182 1250 2481 1320 iuraverat.
2518 1251 2609 1306 Sic
2649 1267 2811 1307 avara
2854 1251 3100 1316 ambitio,
3147 1252 3240 1306 sed
3285 1260 3340 1304 et
3371 1252 3557 1304 uxoris
3607 1267 3774 1320 prava

2189 1345 2465 1414 persuasio
2495 1353 2734 1399 mentem
2771 1342 2988 1413 juvenis
3019 1360 3047 1398 a
3082 1345 3224 1398 bono
3274 1345 3615 1412 honestoque
3661 1343 3774 1398 dis-

2188 1436 2458 1492 cernendo
2481 1435 2717 1508 proclive
2735 1445 2994 1491 caecatum
3017 1436 3135 1506 (sic)
3153 1437 3252 1491 sibi
3278 1436 3543 1490 illexerat.
3568 1435 3685 1490 Dux
3711 1435 3777 1488 ab

2191 1528 2338 1583 omni
2395 1527 2589 1598 Apulia
2640 1528 2884 1598 equitum
2935 1529 3286 1599 peditumque
3349 1528 3544 1598 copiis,
3605 1528 3778 1582 fratre

2190 1620 2504 1675 Boanmndo
2549 1620 2653 1676 sibi
2719 1621 2775 1675 in
2839 1621 3099 1675 auxilium
3147 1636 3268 1675 cum
3316 1618 3676 1691 Ilydruntiuis
3726 1630 3779 1675 et

2185 1714 2519 1780 Tarentinis,
2551 1722 2607 1768 et
2629 1713 2854 1784 reliquis
2873 1715 2963 1784 qui
2988 1713 3069 1770 sui
3092 1712 3233 1782 juris
3254 1721 3434 1777 erant,
3465 1722 3774 1782 assumpto,

2183 1806 2374 1863 vallem
2427 1806 2768 1874 Gratensem,
2814 1822 3008 1862 versus
3055 1805 3230 1861 Castri
3278 1807 3462 1861 villam
3514 1816 3774 1876 occupat.

2181 1897 2376 1954 Comes
2415 1913 2548 1954 vero
2593 1898 2765 1954 multa
2811 1897 2979 1953 millia
3028 1896 3459 1953 Sarracenorum
3500 1912 3533 1951 a
3580 1895 3772 1952 Sicilia

2181 2002 2234 2048 et
2268 1993 2460 2062 Apulia
2485 1993 2818 2058 conducens,
2861 1992 3104 2062 equitum
3130 2006 3346 2062 quoque
3381 1990 3494 2046 sive
3526 1989 3772 2060 peditum

2179 2083 2616 2141 Christianorum
2678 2084 2864 2154 copias
2927 2083 3170 2138 illorsum
3229 2081 3410 2152 nepoti
3473 2094 3773 2136 occurrere

2180 2177 2546 2234 acceleranter
2571 2192 2680 2232 non
2703 2177 2931 2232 relaxat.
2963 2176 3136 2232 Porro
3171 2174 3494 2231 Cuiliclmus
3524 2173 3593 2227 de
3626 2171 3766 2228 Cra-

2181 2271 2458 2335 temaniol,
2490 2271 2832 2326 auctoritatis
2859 2270 3006 2326 viros
3030 2270 3316 2324 adversum
3339 2284 3399 2323 se
3423 2267 3772 2338 conspirasse

2179 2374 2235 2420 et
2271 2364 2611 2420 obsidionem
2658 2364 2760 2418 sibi
2809 2363 3096 2418 imminere
3145 2377 3499 2434 cognoscens,
3535 2374 3663 2416 sese
3703 2359 3770 2413 ad

2180 2456 2576 2512 defendendum
2606 2471 2705 2526 pro
2735 2470 2896 2525 posse
2941 2464 3110 2524 aptat.
3156 2456 3400 2524 Dumque
3431 2453 3534 2508 sibi
3566 2452 3771 2506 auxilia

2179 2547 2532 2615 undecunque
2555 2545 2753 2600 ducere
2783 2545 2996 2610 nititur,
3025 2545 3274 2614 quamvis
3303 2559 3420 2598 mos
3444 2544 3514 2597 sit
3540 2542 3769 2614 juveni-

2179 2638 2280 2692 bus
2317 2636 2515 2690 talibus
2549 2636 2829 2691 exercitiis
2860 2651 3026 2691 causa
3060 2636 3315 2691 militaris
3353 2635 3553 2698 laudis,
3588 2637 3686 2690 sed
3715 2645 3772 2690 et

2178 2738 2416 2800 quaestus
2455 2729 2690 2786 libenter
2730 2730 3017 2795 interesse,
3051 2739 3158 2784 tam
3188 2730 3323 2784 iram
3356 2729 3576 2783 comitis
3603 2744 3768 2800 quam

2178 2823 2331 2878 ducis
2378 2823 2559 2888 veriti,
2600 2823 2823 2878 minime
2872 2817 2995 2888 sibi,
3029 2838 3151 2876 cum
3197 2821 3362 2876 multa
3397 2821 3766 2890 promitteret,

2179 2916 2440 2970 associari
2477 2914 2897 2986 prtesumebant,
2935 2914 3171 2968 maxime
3197 2913 3322 2984 quia
3349 2911 3634 2968 fortunam
3663 2914 3766 2969 sibi

2175 3009 2480 3072 adversam,
2529 3017 2752 3078 propter
2794 3008 2938 3078 quod
2987 3007 3163 3077 ipsum
3208 3022 3331 3062 cum
3374 3006 3559 3076 aliqua
3603 3007 3767 3062 inho-

2175 3110 2385 3156 nestate
2411 3100 2822 3170 retorquebant,
2865 3107 3231 3170 prtenotantes
3260 3100 3599 3154 metuebant.

2244 3193 2361 3248 Dux
2389 3202 2570 3247 autem
2595 3193 2648 3246 in
2675 3191 3082 3247 valle‘Gratensi
3109 3192 3384 3256 comitem,
3404 3193 3531 3245 dum
3549 3193 3761 3256 veniat,

2178 3283 2432 3346 sustinet,
2477 3290 2715 3337 castrum
2739 3281 2879 3350 quod
2909 3281 3094 3336 Sancti
3127 3280 3294 3336 Mauri
3326 3281 3544 3345 dicitur,
3591 3295 3766 3351 usque

2172 3389 2491 3445 preperans,
2543 3373 2819 3428 deditione
2866 3373 3067 3427 civium
3103 3374 3192 3426 tali
3234 3373 3490 3442 pactione
3532 3372 3763 3440 suscipit

2171 3475 2228 3521 ut
2261 3467 2312 3520 in
2347 3476 2690 3537 perpetuum,
2723 3466 2850 3519 dum
2883 3465 2993 3518 vita
3034 3479 3218 3520 comes
3244 3463 3428 3528 fuerit,
3463 3464 3594 3519 illud
3624 3462 3761 3518 Gui-

2171 3557 2354 3612 lieltno
2402 3573 2508 3614 non
2557 3559 2810 3614 reddant.
2862 3557 2990 3613 Inde
3044 3558 3348 3614 Rossanam
3408 3573 3584 3629 usque
3632 3573 3761 3628 per-

2172 3652 2460 3716 transiens,
2489 3651 2616 3720 quia
2639 3649 2962 3704 Guilielmus
2994 3650 3134 3705 filios
3156 3651 3523 3720 potentiorum
3555 3651 3758 3706 civium

2170 3741 2270 3796 sibi
2324 3741 2541 3796 obsides
2596 3741 2937 3807 adduxerat,
2997 3742 3176 3796 minus
3224 3741 3324 3796 sibi
3379 3742 3754 3796 assentientes

2168 3830 2413 3887 offendit.
2448 3830 2553 3886 Sed
2582 3831 2709 3901 quia
2745 3830 2858 3901 ipse
2884 3831 2988 3887 dux
3011 3832 3124 3901 jam
3157 3843 3282 3886 ante
3309 3847 3536 3897 annum,
3564 3841 3754 3887 contra

2169 3921 2502 3976 voluntatem
2529 3921 2862 3986 Graecorum,
2906 3923 2998 3992 qui
3031 3923 3206 3978 eidem
3237 3924 3475 3978 maxima
3507 3941 3575 3980 ex
3603 3934 3758 3996 parte

2168 4005 2635 4085 principabantur,
2657 4013 2848 4071 (ἔκ-ωςο
2883 4017 3290 4088 archiepiscopo
3326 4016 3575 4087 ejusdem
3610 4021 3755 4074 sedis

2168 4105 2443 4170 defuncto,
2477 4119 2844 4160 successorem
2892 4104 3144 4160 Latinum
3193 4107 3442 4177 eligendo
3493 4107 3756 4180 subroga-

2167 4207 2344 4264 verat,
2375 4199 2469 4254 sed
2500 4198 2730 4254 necdum
2768 4209 3116 4253 sacramento
3158 4210 3250 4254 aut
3289 4215 3444 4256 sacra
3496 4203 3754 4256 unctione

480 4281 735 4338 tentaret,
769 4275 1015 4330 armavit.
1042 4274 1236 4330 Comes
1262 4285 1441 4331 autem
1465 4275 1747 4349 Rogerius,
1773 4295 1934 4350 super
1958 4282 2062 4336 hac
2090 4310 2094 4322 η

2179 4291 2412 4346 lirmatus
2435 4300 2574 4354 erat,
2599 4291 2862 4347 electione
2885 4290 3062 4346 Latini
3091 4290 3375 4355 frustrata,
3403 4293 3534 4347 dum
3560 4307 3590 4345 a
3615 4294 3753 4348 duce

477 4379 538 4419 re
563 4364 853 4436 plurimum
887 4367 1218 4438 indignatus,
1247 4371 1447 4436 tamen,
1478 4378 1536 4424 ut
1561 4371 1778 4444 sapiens
1802 4377 1906 4442 vir,
1931 4375 2056 4444 quia

477 4457 657 4524 neptis
709 4460 940 4514 maritus
989 4468 1127 4526 erat,
1192 4459 1371 4531 legato
1419 4475 1486 4515 ao
1525 4476 1700 4531 ipsum
1752 4465 1939 4528 misso,
1993 4466 2058 4520 ad

481 4550 984 4606 reconciliationem
1051 4560 1241 4606 contra
1303 4553 1582 4608 dominum
1653 4570 1810 4610 suum
1869 4558 2058 4613 urbem

477 4643 755 4700 reddendo
803 4647 1079 4702 hortatur.
1135 4647 1206 4701 At
1259 4648 1386 4702 dum
1441 4648 1826 4705 blandimentis
1877 4651 2058 4706 minus

477 4734 756 4804 pravalet,
804 4737 859 4792 in
909 4738 1045 4793 iram
1095 4748 1242 4796 totus
1288 4753 1668 4811 prorumpens,
1718 4741 1844 4812 jure
1891 4759 1948 4799 se
2005 4753 2060 4799 et

475 4827 690 4893 urbem,
742 4842 905 4896 quam
943 4834 1197 4902 nequiter
1243 4843 1586 4902 pervaserat,
1637 4837 1963 4904 ablaturum,
2006 4845 2059 4891 et

475 4918 679 4986 omnia,
719 4934 837 4984 quae
868 4935 934 4974 ex
967 4921 1181 4978 licentia
1217 4926 1368 4982 ducis
1406 4936 1531 4983 ante
1563 4939 1836 4998 tenuerat,
1878 4930 2055 4985 exhte-

473 5010 601 5066 reda
613 5019 664 5066 to
693 5011 1055 5069 sublaturum.

721 5115 724 5118 ’
1047 5105 1272 5162 CAPUT
1311 5109 1475 5166 XXII.

719 5195 836 5230 non?
870 5205 914 5230 of
942 5211 1108 5230 rnnnn
1140 5195 1312 5230 Ιήρίνέ
1344 5202 1514 5230 ..:n.....
1554 5205 1788 5230 __l._:-l-_..

2165 4384 2483 4439 conceditur
2539 4391 2598 4438 ut
2650 4382 2716 4438 de
2765 4398 2860 4437 sua
2904 4393 3063 4453 gente
3121 4382 3596 4454 archiepiscopum
3649 4384 3749 4440 sibi

2164 4474 2336 4530 Graeci
2367 4489 2464 4545 pro
2491 4473 2646 4529 libitu
2674 4472 2958 4544 eligerent,
2985 4474 3224 4528 favorem
3254 4474 3467 4529 illorum
3496 4475 3750 4546 adeptus,

2166 4567 2354 4622 urbem
2417 4578 2632 4634 quoque
2698 4563 2912 4618 illorum
2974 4564 3250 4619 deditione
3309 4565 3592 4632 obtinuit;
3654 4565 3746 4620 sed

2167 4665 2409 4714 castrum
2439 4670 2773 4727 oppugnaris,
2809 4653 3056 4712 ﬁdelibus
3080 4654 3350 4712 Guilielmi
3381 4658 3749 4713 renitentibus

2163 4749 2384 4803 minime
2423 4747 2726 4819 prtevaluit.
2772 4747 2943 4803 Porro
2993 4763 3194 4812 comes,
3227 4763 3348 4802 cum
3380 4749 3628 4804 exercitu
3659 4764 3746 4805 ve.

2163 4842 2339 4909 niens,
2391 4841 2458 4896 de
2503 4841 2639 4896 duce
2669 4840 2757 4910 qtti
2782 4841 2896 4909 jam
2931 4849 3138 4894 tantum
3170 4840 3483 4910 profecerat
3505 4841 3748 4912 gavisus,

2153 4935 2307 5002 juxta
2338 4944 2578 4988 castrum
2607 4932 2792 4989 Tarsa:
2831 4948 2994 5003 super
3033 4933 3253 4987 ﬂuvium
3287 4934 3379 5004 qui
3409 4949 3437 4987 a
3472 4931 3533 4988 S.
3566 4933 3748 4988 Marco

2165 5029 2370 5094 deﬂuit,
2401 5044 2507 5096 quo
2533 5026 2644 5096 jam
2673 5026 2783 5082 dux
2813 5027 3041 5083 tentoria
3074 5026 3290 5090 ﬁxerat,
3323 5028 3746 5082 castrametatus

2160 5132 2260 5176 t‘st.
2311 5120 2410 5175 Hic
2453 5120 2792 5185 Guiliclmus,
2828 5135 2857 5173 a
2885 5120 3082 5176 comite
3112 5119 3376 5174 invitatus
3405 5128 3463 5172 ut
3516 5133 3743 5173 securus
