4010 5230
285 291 412 348 HO!

1400 289 1716 347 HISTORIA
1749 291 2012 348 SICULA.
2051 322 2119 331 υ-
2149 292 2270 347 LIB.
2307 292 2372 348 IV

3385 300 3522 356 120‘!

283 405 612 474 expetendo,
656 403 998 461 Guiliclmnm
1030 419 1329 474 exsequens
1355 406 1698 461 reconciliari
1723 408 1848 474 sibi,
1883 421 1927 478 Α
1957 421 2159 466 εειιιριω
2190 411 2283 467 Dei
2321 412 2576 468 Ecclesia:
2609 412 2942 483 prtevaleret.
2977 414 3171 471 Comes
3203 425 3383 472 autem
3419 419 3523 474 hac

286 503 344 549 ut
381 494 589 563 judicio
635 495 848 549 comitis
906 504 1336 564 cmterorumqne
1389 495 1713 564 prudentum
1759 495 1850 566 qui

287 586 588 640 intererant
642 587 878 640 virorum
913 587 1003 656 jus
1046 595 1258 652 teneat;
1315 589 1456 656 quod
1509 590 1609 644 sibi
1666 591 1850 644 tandiu

286 676 514 743 injurias
566 677 890 741 exstiterat,
943 687 1283 732 sacramento
1331 688 1386 732 et
1436 679 1538 732 ﬁde
1585 680 1850 748 promissa

281 771 606 827 obtestatur.
646 773 749 839 Qui
792 773 874 826 sui
919 781 1103 826 reatus
1128 773 1376 827 conscius
1405 782 1460 827 et
1484 773 1684 843 judicio
1715 787 1851 842 prae-

282 863 494 932 gravari
530 863 746 925 timens.
789 864 912 916 dum
965 863 1163 929 renuit;
1211 863 1426 918 licentia
1477 863 1708 918 abeundi
1759 879 1851 919 ac-

281 963 454 1024 cepta,
507 954 671 1008 castri
719 953 900 1006 villam
955 953 1172 1023 impune
1217 955 1376 1009 redit.
1436 955 1602 1022 Quem
1649 953 1756 1007 dux
1795 961 1850 1008 et

281 1060 464 1099 comes
490 1045 541 1098 in
570 1045 866 1099 crastinum
901 1059 1020 1098 cum
1045 1046 1191 1099 omni
1216 1046 1454 1100 exercitu
1498 1047 1845 1115 subsequenti

279 1147 520 1192 castrum
566 1135 844 1191 obsidione
873 1136 1096 1200 vallant,
1141 1137 1327 1207 sicque
1355 1137 1497 1207 ligno
1527 1146 1583 1191 et
1606 1146 1844 1192 armato-

280 1243 398 1280 rum
451 1227 620 1296 copiis
673 1226 930 1295 scpiendo
977 1227 1280 1292 cingentes,
1332 1237 1392 1280 ut
1436 1226 1580 1280 nulla
1606 1237 1848 1295 exparte

277 1318 455 1371 aditus
504 1317 841 1388 ingrediendi
883 1316 966 1372 vel
997 1317 1196 1387 aliquid
1246 1318 1616 1372 introduccndi
1647 1317 1844 1372 castri-

276 1407 593 1462 villensibus
636 1413 797 1470 esset,
845 1407 937 1460 sed
974 1407 1110 1460 infra
1163 1423 1344 1462 muros
1376 1408 1643 1461 modicum
1673 1408 1846 1461 victus

279 1497 580 1561 habentes,
635 1497 760 1550 dum
812 1510 908 1566 per
959 1505 1068 1550 tres
1121 1497 1483 1550 hebdomadas
1531 1496 1846 1550 imminente

274 1587 428 1641 hoste
459 1595 795 1656 premuntur,
827 1587 1209 1656 exhaustisque
1251 1602 1370 1656 qua:
1410 1587 1474 1640 ad
1513 1586 1715 1642 victum
1744 1586 1844 1639 ha-

273 1678 493 1744 bebant,
544 1676 880 1741 Guilielmus,
928 1679 1069 1746 quod
1113 1687 1172 1732 ut
1221 1678 1422 1733 faceret
1460 1678 1632 1748 primo
1673 1692 1843 1747 expe-

1958 500 2224 570 legatione
2271 513 2551 574 percepta,
2600 513 2655 559 et
2695 506 2953 560 suasoriis
2999 507 3194 563 litteris
3239 509 3517 579 apostolici

1954 591 2052 646 viri
2097 593 2382 661 perlectis,
2429 611 2556 649 usus
2600 597 2826 653 consilio
2878 597 3110 654 ﬁdelium
3163 616 3408 667 suorum,
3465 611 3522 658 et

1955 686 2187 739 maxime
2241 685 2465 741 Roberti
2523 687 2835 743 Traincnsis
2888 691 3159 761 episcopi,
3211 707 3308 762 per
3358 707 3518 764 quem

1951 787 2164 829 omnem
2194 777 2622 831 convenientiam
2660 779 2892 834 Conradi
2917 782 3168 849 acquirit,
3205 797 3327 836 nam
3352 783 3517 838 Italus

1951 875 2086 926 erat,
2113 875 2166 919 et
2195 866 2403 920 illarum
2446 871 2679 938 partium
2713 886 2941 940 gnarus,
2976 873 3116 940 quod
3143 875 3515 942 expetebatur,

1951 956 2236 1022 corcedit,
2289 966 2343 1012 ct
2395 960 2462 1012 ab
2514 959 2757 1029 utrisque
2817 961 3060 1030 partibus
3113 965 3514 1032 exsequendum

1949 1047 2300 1102 sacramentis
2359 1047 2576 1103 ﬁrmare
2622 1049 2769 1104 fecit.
2823 1050 3140 1120 Nuptiarum
3200 1053 3380 1122 itaque
3429 1055 3516 1109 die

1949 1134 2305 1193 determinato
2371 1139 2652 1194 Conradus
2701 1155 2880 1194 comes
2934 1156 2965 1194 a
3021 1143 3220 1196 comite
3283 1143 3515 1214 Rogerio

1948 1227 2192 1295 pluribus
2251 1231 2636 1286 muniﬁcentiis
2701 1233 3037 1297 honoratus,
3095 1236 3324 1288 relit-"m
3374 1236 3518 1290 unde

1949 1328 2171 1372 venerat
2219 1319 2512 1384 accelerat,
2563 1321 2919 1392 anhelumque
2955 1323 3019 1377 de
3064 1323 3321 1379 relatione
3367 1323 3517 1396 lcga-

1949 1407 2111 1461 tionis
2147 1409 2420 1463 dominmn
2441 1449 2454 1473 ,
2501 1414 2712 1479 nuptias
2742 1427 3026 1467 concessas
3054 1414 3364 1469 accelerans
3395 1415 3515 1484 plu-

1951 1498 2144 1551 rimum
2198 1499 2451 1553 laetiﬁcat.
2500 1500 2669 1555 Porro
2697 1515 2880 1555 comes
2919 1501 3201 1572 Rogerius,
3245 1505 3517 1574 apparatis

1948 1586 2033 1640 his
2082 1601 2201 1655 qua:
2234 1588 2316 1642 ad
2367 1587 2614 1643 ell‘ectum
2663 1592 3050 1661 congruebant,
3082 1591 3311 1662 plurima
3341 1593 3516 1647 classe

1948 1675 2259 1745 episcopum
2296 1677 2644 1734 Trainensem
2674 1690 2729 1734 et
2752 1682 2884 1737 alios
2915 1683 3150 1738 barones
3184 1699 3312 1739 suos
3350 1685 3516 1739 ﬁliam

275 1771 526 1834 tebatur,
579 1778 639 1823 ut
680 1770 724 1824 si
767 1769 1130 1839 susciperetur
1169 1779 1446 1841 expetens,
1485 1785 1544 1824 se
1569 1769 1658 1837 jus
1692 1770 1842 1825 ducis
1877 1781 1918 1838 Β
1949 1767 2132 1824 multis
2173 1769 2548 1825 thesaurorum
2600 1773 2846 1828 enxeniis
2886 1774 3108 1828 dilatam
3137 1775 3314 1830 Pisam
3347 1790 3516 1846 usque

273 1869 461 1915 tenere
488 1860 832 1930 repromittit.
857 1861 936 1914 Ad
962 1861 1102 1928 quod
1125 1861 1527 1930 exsequendum
1557 1862 1681 1915 dum
1713 1861 1842 1915 lide-

267 1950 512 2019 jussores
538 1952 602 2005 ad
623 1951 875 2022 placitum
893 1951 1045 2006 ducis
1074 1967 1177 2005 non
1197 1951 1378 2015 habet,
1396 1966 1515 2021 qua:
1536 1951 1602 2005 de
1625 1951 1736 2020 ipso
1755 1951 1846 2004 ha-

271 2040 457 2106 bcbat,
481 2055 579 2112 pro
599 2041 772 2112 plegio
794 2041 962 2111 ponit.
988 2040 1140 2106 Duci,
1164 2041 1216 2094 in
1241 2054 1334 2094 sua
1357 2040 1574 2105 virtute,
1591 2054 1760 2108 usque
1777 2039 1844 2093 ad

271 2134 691 2188 determinatam
723 2133 864 2186 diem
897 2146 1006 2201 quo
1040 2130 1130 2200 jus
1178 2139 1426 2185 teneatur
1465 2130 1840 2196 deliberatum,

269 2237 370 2292 per
396 2237 611 2276 manum
642 2221 860 2276 comitis
896 2236 1125 2276 secutus
1163 2219 1360 2286 factus,
1393 2225 1535 2290 quod
1563 2235 1654 2290 jus
1687 2235 1842 2275 esses

268 2314 364 2383 qui
396 2313 706 2384 przevaleat,
739 2322 920 2368 castra
967 2327 1063 2368 sua
1110 2312 1212 2367 sibi
1259 2312 1573 2367 reddantur.
1605 2310 1846 2365 Instante

268 2405 454 2473 itaque
481 2405 711 2458 termino
729 2403 870 2471 juris
899 2402 1137 2467 tenendi,
1170 2401 1290 2456 loco
1320 2400 1680 2456 determinato
1710 2417 1842 2455 con-

268 2495 570 2559 venientes,
609 2494 976 2563 querimonias
1019 2507 1147 2546 suas
1196 2493 1454 2547 adversus
1499 2491 1843 2546 Guilielmnm

267 2585 511 2655 exponit,
544 2586 638 2640 sed
679 2585 766 2639 ille
796 2585 1064 2638 modicum
1087 2582 1228 2651 juris
1257 2584 1484 2648 habens,
1513 2582 1640 2638 dum
1667 2582 1844 2636 minus

270 2677 546 2731 rhetorice
575 2683 1006 2746 argumentatur,
1045 2674 1248 2742 judicio
1287 2673 1373 2728 his
1401 2685 1521 2742 qua:
1561 2675 1661 2727 sub
1707 2673 1842 2727 duce

267 2766 431 2822 habet
456 2769 715 2837 privatur.
761 2766 828 2820 At
875 2767 1002 2820 dum
1043 2765 1250 2836 judicio
1304 2765 1678 2820 contradicere
1730 2779 1845 2818 mo-

272 2859 430 2924 litur,
479 2860 658 2916 minus
703 2857 977 2912 facultatis
1007 2855 1092 2910 vel
1117 2856 1257 2924 juris
1279 2855 1506 2921 habens,
1539 2856 1699 2910 terris
1734 2855 1845 2925 pri-

276 2958 432 3003 vatus
473 2963 595 3002 cum
637 2963 806 3002 uxore
843 2947 910 3001 ad
946 2947 1328 3016 imperatorem
1353 2944 1844 3016 Constantinopoli~

266 3051 457 3096 tanum
513 3040 808 3105 transivit,
865 3041 956 3095 ubi
1011 3040 1402 3110 aliquantisper
1451 3048 1838 3106 commoratus,

1945 1861 2255 1918 conducere
2304 1863 2436 1918 facit
2495 1864 2585 1919 tibi
2617 1865 2756 1921 ﬁlius
2792 1868 2937 1938 regis
2976 1869 3167 1922 obvius
3209 1883 3330 1922 cum
3370 1869 3516 1922 omni

1945 1950 2359 2006 honoriﬁcentia
2431 1954 2772 2023 suscipiens,
2839 1957 3150 2013 authentice
3209 1958 3514 2027 dispensata

1934 2042 2214 2098 solemnes
2264 2045 2480 2112 nuptias
2525 2047 2828 2104 celebravit
2877 2065 3022 2106 anno
3064 2049 3223 2106 Verbi
3254 2051 3516 2106 incarnati

1945 2132 2235 2188 millesimo
2261 2138 2613 2207 nonagesimo
2642 2138 2850 2206 quinto.

2489 2286 2718 2343 CAPUT
2759 2287 2950 2344 XXIV.

2125 2372 2248 2428 Dux
2283 2385 2528 2446 etcomes
2575 2375 2795 2446 Melfam
2831 2379 3094 2434 obsessum
3125 2382 3338 2438 vadunt.

2013 2491 2185 2547 Porro
2221 2492 2328 2548 dux
2365 2493 2648 2565 Rogerius,
2701 2495 2878 2553 adhuc
2923 2496 3138 2569 juvenis
3176 2510 3231 2552 et
3256 2496 3332 2552 nil
3362 2495 3517 2552 mala:

1944 2583 2268 2652 suspicionis
2312 2585 2575 2640 adversus
2629 2586 2864 2656 aliquem
2907 2587 3133 2652 habens,
3180 2588 3273 2644 sed
3319 2603 3383 2644 ex
3430 2589 3516 2644 sui

1943 2673 2125 2728 cordis
2155 2674 2392 2742 puritate
2443 2675 2670 2731 aliorum
2713 2688 2924 2734 mentes
2953 2679 3270 2749 dijudicans,
3302 2677 3515 2751 Longo-

1943 2763 2139 2821 bardos
2169 2781 2320 2836 mque
2359 2776 2417 2822 ut
2461 2767 2847 2834 Nortmannos,
2879 2770 3006 2840 quia
3036 2786 3102 2825 ex
3138 2780 3290 2839 parte
3323 2772 3514 2826 matris

1943 2869 2009 2910 ex
2045 2870 2230 2910 eorum
2260 2866 2419 2926 gente
2457 2869 2599 2924 erat,
2639 2859 2743 2914 sibi
2791 2859 2978 2916 ﬁdeles
3025 2860 3276 2925 credens,
3323 2868 3378 2915 et
3421 2874 3515 2916 eo-

1945 2962 2064 3001 rum
2092 2963 2263 3019 genus
2291 2958 2489 3006 nostra:
2529 2954 2674 3022 genti
2708 2953 2937 3008 invisum
2971 2953 3147 3008 minus
3173 2954 3514 3018 discernens,

1945 3048 2120 3093 castra
2145 3056 2241 3095 sua
2272 3041 2466 3097 tuenda
2493 3043 2571 3097 eis
2595 3043 2736 3098 haud
2771 3059 2929 3099 secus
2957 3059 3022 3098 ac
3045 3044 3400 3100 Nortmannis
3422 3045 3515 3100 de-

266 3131 489 3186 tandem
519 3147 642 3186 cum
673 3130 843 3190 multa
869 3132 1097 3201 pecunia
1133 3131 1364 3194 rediens,
1399 3130 1544 3196 duci,
1583 3140 1642 3184 ut
1668 3130 1758 3201 pio
1785 3140 1840 3186 et
1869 3129 1909 3185 (Ζ
1947 3131 2176 3201 legabat.
2213 3131 2363 3187 Unde
2410 3133 2609 3188 accidit
2658 3143 2738 3198 ut,
2770 3135 2895 3188 dum
2925 3135 3064 3204 apud
3105 3133 3323 3190 Malfam
3370 3134 3514 3190 idem

266 3222 608 3278 misericordi
651 3222 769 3277 viro
822 3221 1228 3287 reconciliatus,
1261 3229 1461 3275 terram
1491 3237 1654 3290 quam
1699 3223 1840 3277 ami-

263 3321 435 3377 serat,
474 3321 702 3383 excepto
745 3319 930 3367 castro
987 3311 1131 3380 quod
1175 3310 1233 3364 S.
1280 3308 1450 3363 Mauri
1491 3310 1710 3372 dicitur,
1750 3325 1838 3365 re-

265 3403 422 3473 cipit.

821 3492 1050 3549 CAPUT
1088 3490 1274 3548 XXIII.

260 3578 448 3638 Comes
476 3585 643 3654 ﬁliam
690 3585 802 3654 ﬁlio
851 3586 1179 3655 imperatoris
1222 3586 1637 3640 Alamannorum
1671 3584 1832 3639 dedit.

339 3675 476 3730 Cum
519 3687 700 3731 autem
743 3678 884 3732 inter
907 3677 1183 3732 Urbanum
1211 3676 1586 3747 apostolicum,
1617 3684 1671 3729 et
1697 3674 1838 3729 llen-

264 3765 438 3820 ricum
462 3765 877 3822 Teutonicorum
901 3765 1280 3837 imperatOrcm
1304 3767 1613 3822 dicerentur
1632 3766 1837 3820 dissen-

265 3858 440 3913 tiones
485 3857 830 3922 eﬁ‘erbuisse,
873 3859 1194 3928 quibusdam
1253 3858 1637 3914 controversiis
1690 3858 1834 3912 inter

260 3947 569 4004 Conradum
593 3946 832 4015 ejusdem
863 3946 1083 4002 Henrici
1121 3947 1312 4012 lilium,
1347 3962 1409 4002 ac
1431 3956 1660 4016 patrem,
1693 3947 1835 4016 quod

263 4040 508 4098 scriatim
559 4039 772 4106 longum
803 4047 888 4095 est
912 4053 1191 4099 enarrare.
1236 4039 1662 4110 insurgentibus,
1691 4038 1834 4094 Con-

263 4133 446 4198 radus,
501 4133 642 4187 irato
692 4134 876 4188 animo
903 4148 932 4186 a
974 4141 1127 4200 patre
1158 4133 1460 4195 discedens,
1490 4133 1556 4185 ad
1580 4131 1835 4200 apostoli-

257 4236 385 4278 cum
431 4230 488 4276 et
528 4221 834 4276 Matbildcm
881 4220 1226 4283 marchisam,
1259 4235 1380 4290 qua:
1402 4221 1449 4275 ei
1483 4234 1548 4274 ex
1579 4219 1835 4275 ﬁdelitate

259 4310 600 4376 adhaerebat,
637 4326 714 4366 -se
762 4310 1010 4376 contulit,
1061 4324 1247 4365 eorum
1298 4308 1499 4363 auxilio
1543 4308 1832 4377 plurimum

259 4417 360 4472 per
391 4402 600 4457 Italiam
626 4402 846 4457 rebellis
876 4401 1136 4458 existens.
1164 4401 1233 4454 At
1257 4417 1377 4456 cum
1397 4400 1611 4471 juvenis
1637 4410 1690 4455 et
1717 4401 1834 4455 sine

1942 3223 2190 3279 faciendo
2226 3225 2406 3279 minus
2433 3226 2532 3280 sibi
2575 3226 2929 3295 prospiceret,
2975 3226 3249 3281 Malfetani
3277 3226 3428 3290 urbe,
3459 3234 3515 3280 et

1941 3315 2134 3369 castris
2160 3330 2280 3382 quat
2306 3315 2638 3370 Guiscardus
2661 3317 2729 3371 ad
2757 3315 3036 3386 perﬁdiam
3064 3332 3250 3371 eorum
3274 3317 3514 3384 compri-

1942 3413 2190 3460 mendam
2216 3407 2411 3460 ibidem
2442 3405 2664 3472 fecerat,
2712 3422 2809 3475 pro
2859 3407 3010 3462 libitu
3058 3422 3156 3462 suo
3183 3417 3416 3474 utentes,
3445 3408 3512 3464 li-

1940 3495 2124 3550 beram
2155 3495 2466 3552 facultatem
2495 3496 2699 3554 fraudis
2726 3513 2835 3552 sua:
2875 3501 3188 3554 exercendae
3234 3501 3397 3564 nacti,
3425 3500 3514 3570 ju-

1940 3601 2064 3655 gum
2095 3586 2269 3654 gentis
2297 3595 2498 3642 nostrae
2529 3596 2584 3643 et
2605 3589 2780 3655 ducis,
2809 3590 2934 3659 quia
2963 3591 3131 3646 moris
3159 3592 3331 3647 nostri
3361 3607 3512 3647 exse-

1939 3686 2097 3730 cutor
2123 3685 2262 3742 erat,
2293 3693 2321 3730 a
2346 3693 2403 3732 se
2422 3687 2698 3745 excutere,
2738 3695 2839 3736 nec
2871 3681 3128 3737 tributum
3155 3692 3210 3738 et
3230 3683 3510 3739 servitium

1937 3773 2194 3821 statutum
2209 3757 2534 3838 persolvere,
2549 3769 2640 3826 sed
2656 3777 2710 3826 et
2731 3770 2830 3840 ipsi
2844 3772 2962 3826 duci
2975 3772 3042 3827 ad
3055 3773 3296 3829 eamdem
3322 3791 3352 3828 ιι
3363 3773 3512 3829 rbem

1941 3857 2256 3924 accedendi,
2292 3861 2543 3914 omnibus
2574 3859 2822 3916 ﬁdelibus
2875 3862 2987 3918 suis
3039 3862 3274 3919 exclusis
3305 3864 3510 3919 aditum

1941 3949 2302 4022 denegarem.
2351 3949 2470 4006 Dux
2505 3960 2708 4016 autem,
2760 3952 2950 4007 videns
3000 3962 3205 4008 tantum
3253 3952 3513 4008 damnum

1938 4041 2042 4097 sibi
2071 4043 2302 4108 illatum,
2336 4043 2400 4098 de
2428 4043 2746 4098 credulitate
2769 4058 2928 4112 quam
2963 4059 3090 4114 erga
3117 4059 3210 4098 eos
3247 4045 3512 4098 habuerat

1937 4146 2067 4187 scro
2094 4133 2382 4201 paenitens,
2416 4148 2444 4186 a
2477 4135 2673 4188 comite
2711 4141 2766 4188 et
2815 4134 3062 4189 ﬁdelibus
3091 4135 3204 4189 suis
3229 4136 3511 4192 consilium

1939 4223 2262 4294 subjugandi
2288 4238 2382 4278 eos
2424 4225 2671 4292 requirit.
2702 4223 2898 4293 Sicque
2927 4225 3193 4279 avunculo
3221 4226 3424 4294 comiti,
3453 4234 3512 4280 ut

1937 4315 2045 4370 sibi
2069 4315 2431 4370 attentissime
2457 4325 2762 4382 succurrat,
2811 4315 3154 4371 medietatem
3194 4318 3345 4372 urbis
3379 4318 3508 4383 sibi,

1939 4407 1983 4460 si
2027 4407 2316 4475 snbjugare
2371 4415 2614 4474 possent,
2665 4407 2988 4471 concedens,
3035 4409 3101 4463 ab
3129 4409 3277 4463 omni
3316 4409 3508 4479 Apulia

258 4468 428 4548 uxore
480 4501 660 4558 esset,
709 4502 765 4549 et
810 4491 1113 4561 sumptibus
1164 4492 1231 4546 ad
1289 4492 1342 4546 id
1390 4468 1532 4560 quod
1592 4498 1833 4560 coeperat
1865 4468 1994 4548 Det
2022 4468 2272 4548 Calabria
2323 4468 2502 4550 navali
2528 4468 2853 4564 etiequestri
2879 4468 3121 4553 exercitu
3149 4468 3388 4560 admoto,
3412 4513 3509 4567 pe-

263 4586 592 4642 necessariis
628 4586 804 4642 minus
836 4585 1167 4649 abundaret,
1209 4584 1434 4640 consilio
1478 4584 1753 4654 apostolici
1777 4593 1832 4638 et

259 4676 498 4744 prmfata:
535 4677 822 4732 marchisaa
864 4675 1138 4730 Matbildis
1174 4689 1270 4745 per
1309 4673 1614 4728 Conradum
1661 4675 1830 4730 comi-

257 4777 392 4832 tem,
421 4784 581 4836 quem
638 4769 704 4822 ad
755 4769 809 4821 id
861 4767 1144 4838 legationis
1203 4766 1562 4838 peragendum
1609 4766 1829 4835 direxit,

253 4860 426 4914 ﬁliam
475 4861 782 4915 Siculorum
830 4859 1322 4914 Calabriensiumve
1373 4857 1590 4912 comitis
1623 4858 1726 4912 sibi
1765 4860 1818 4916 in

255 4953 666 5009 matrimonium
719 4951 1114 5005 concedendam
1177 4951 1418 5021 expetiit.
1488 4950 1832 5018 Apostolicus

253 5045 420 5101 etiam
465 5045 675 5100 litteras
713 5057 838 5097 snas
884 5043 1195 5109 committit,
1238 5053 1306 5100 'ut
1345 5042 1447 5100 sibi
1487 5040 1737 5098 familiari
1775 5059 1829 5105 et

251 5136 465 5200 amico,
522 5135 590 5190 ad
636 5135 738 5188 hoc
786 5129 923 5184 idem
978 5133 1245 5202 dirigens,
1295 5136 1360 5190 ad
1415 5132 1824 5198 concedendum

1940 4583 2113 4638 ditum
2140 4583 2306 4638 etiam
2335 4585 2504 4654 c0piis
2527 4586 2774 4639 certatim
2816 4586 3106 4652 accelerat,
3142 4602 3284 4643 anno
3321 4586 3509 4641 lucar-

1939 4673 2179 4729 nationis
2203 4673 2414 4729 Domini
2462 4674 2745 4732 millesimo
2778 4678 3127 4746 nonagesimo
3158 4689 3330 4734 sexto.
3369 4677 3512 4732 Urbe

1941 4766 2123 4836 itaque
2177 4781 2206 4820 a
2257 4766 2538 4839 procinctu
2592 4769 2762 4823 maris
2811 4763 3038 4823 navibus
3067 4769 3363 4841 cingentcs,
3419 4783 3516 4837 per

1939 4857 2237 4929 praecipitia
2270 4854 2844 4924 circumadjacentium
2877 4861 3141 4914 montium
3189 4862 3430 4934 equitum
3460 4866 3518 4914 et

1941 4949 2178 5020 peditum
2208 4951 2394 5021 copias
2432 4948 2730 5022 prudenter
2773 4965 2840 5005 ex
2872 4952 3098 5006 consilio
3126 4964 3184 5010 et
3211 4966 3375 5025 opere
3426 4963 3518 5003 co-

1936 5041 2087 5097 mitis
2124 5042 2461 5107 ordinantes,
2522 5037 2763 5111 undique
2817 5038 3098 5097 obsidione
3150 5046 3373 5100 vallant.
3434 5035 3524 5091 Sic

1935 5133 2117 5202 itaque
2165 5134 2352 5188 urbem
2398 5129 2759 5204 opprimendo
2793 5130 3057 5201 profecto,
3109 5145 3170 5191 ut
3225 5132 3523 5193 credimus.
