4010 5230
491 161 629 217 1205
1391 166 1740 226 GAUFREDl
1778 169 2227 232 MALATERRA'S
2263 177 2566 238 MONACHI
2606 183 2960 239 BENEDlCT.
3621 186 3761 246 Ιςὶῦι

492 291 683 335 versus
707 276 1042 335 Hierusalem
1093 280 1161 335 ab
1206 279 1442 352 undique
1483 293 1750 340 terrarum
1784 287 2066 344 ferventis-
2095 298 2139 355 Α
2173 291 2434 350 Thermas
2463 298 2764 354 conducere
2815 299 2948 355 facit
2985 300 3272 358 "cill'lCUl"
3309 303 3757 364 Lcscastrcrscm

489 371 632 426 sima
659 379 798 426 erat.
827 371 1168 429 Boamundus
1199 383 1405 442 autem,
1429 378 1521 447 qui
1561 377 1674 447 jam
1711 380 1910 434 dudum
1937 397 2058 436 cum
2172 385 2579 454 cpiscopum,et
2602 391 2862 457 quosdam
2890 390 2955 446 de
2983 391 3229 446 ﬁdelibus
3251 395 3364 449 suis
3393 396 3617 461 abinde,
3649 414 3740 451 ma

492 461 794 516 tiuiscardo
840 473 994 531 patre
1027 462 1348 520 Romaniam
1399 480 1734 537 pervaserat,
1761 479 1814 527 et
1851 487 2065 542 semper
2173 475 2355 531 ritimo
2390 493 2555 533 cursu
2589 495 2756 549 usque
2807 481 3170 548 Pannoniam,
3200 501 3323 539 cum
3354 487 3532 555 puella
3557 504 3759 558 prece-

491 551 596 608 sibi
624 551 909 624 subjugare
932 555 1156 623 cupit-ns
1176 565 1316 623 erat,
1351 559 1542 616 videns
1568 562 1852 632 plurimam
1886 565 2062 618 multi-
2169 566 2299 622 dere
2331 567 2534 624 faciens
2561 571 2732 641 (565),
2773 574 2864 642 qui
2917 575 3144 629 navibus
3172 551 3467 646 apparatis,
3522 551 3762 646 puellam

491 640 732 696 tudinem
779 657 878 712 per
918 642 1194 714 Apuliam,
1233 646 1327 702 sed
1377 648 1494 704 sine
1529 651 1772 722 principe
1819 652 2062 708 illorsum
2166 673 2290 712 cum
2323 661 2506 716 multis
2555 640 2898 731 sponsalibus
2941 640 3370 723 intromittentes
3417 669 3606 739 (566),
3661 685 3758 724 ve-

488 732 796 788 accelerare
825 774 840 799 ,
884 735 1140 808 princeps
1190 739 1463 795 exercitus
1508 741 1609 796 sibi
1655 758 1750 800 eos
1794 744 2062 815 alligando
2167 747 2236 802 lis
2255 759 2421 804 vento
2445 754 2771 817 commissis,
2798 769 3051 824 prospera
3077 773 3203 811 aura
3230 756 3392 813 flante
3415 775 3513 830 per
3533 776 3759 830 azquora

378 824 383 830 “
476 823 605 907 :ﬁeri
630 823 838 892 volens,
889 827 1104 897 signum
1153 827 1395 899 ejusdem
1427 833 1808 902 expeditionis,
1842 851 2061 891 crucem
2167 839 2419 896 feruntur
2449 843 2638 916 (567):
2701 862 2872 918 usque
2925 823 3052 902 dum
3106 850 3158 903 in
3207 823 3629 922 portum'Aibze:
3663 855 3758 922 qui

462 913 736 988 )videlicet
760 917 1005 973 vestibus
1041 919 1154 976 suis
1181 923 1424 992 apponit.
1460 923 1629 980 Porro
1666 927 1922 997 juventus
1948 927 2063 983 bel-
2160 931 2299 1001 juris
2331 913 2474 1007 regis
2503 913 2876 1009 Hungaroriim
2907 941 3058 1011 (568)
3082 952 3184 1007 est,
3207 913 3428 1009 impune
3455 945 3755 1016 applicant.

480 1005 585 1062 lica
619 1007 786 1064 totius
813 1011 1114 1078 exercitus,
1151 1021 1262 1070 tam
1297 1015 1449 1074 ducis
1497 1033 1660 1088 quam
1700 1020 1935 1089 comitis,
1961 1037 2061 1078 τις·
2166 1021 2266 1076 Hic
2298 1005 2586 1082 Vincurius
2612 1005 2817 1095 eomes,
2867 1030 3182 1102 Bcllegrata:
3210 1034 3359 1103 (569)
3391 1035 3594 1090 missus
3626 1051 3754 1090 cunt

399 1147 402 1150 .
483 1111 677 1151 varum
710 1114 919 1167 rerum,
974 1111 1034 1156 ut
1088 1103 1142 1158 in
1195 1104 1288 1159 tali
1328 1115 1487 1162 aetate
1523 1108 1742 1178 assolet,
1779 1120 2058 1181 appetens,
2165 1113 2404 1184 quinque
2455 1117 2693 1174 millibus
2736 1132 3068 1178 armatorum
3117 1124 3308 1180 obvius
3358 1125 3486 1192 fuit,
3519 1143 3757 1196 eamque

477 1184 597 1241 visa
639 1202 802 1246 cruce
843 1189 1161 1258 Boamundi,
1205 1203 1262 1250 et
1298 1195 1365 1251 ab
1411 1197 1526 1268 ipso
1561 1200 1851 1255 submoniti
1897 1202 1964 1256 ad
2005 1201 2060 1256 id
2171 1206 2321 1280 (570)
2349 1223 2472 1263 cum
2507 1210 2593 1266 his
2621 1213 2712 1282 qui
2757 1229 2879 1268 cum
2910 1231 2970 1270 ea
3001 1215 3148 1288 (571)
3198 1229 3464 1273 venerunt
3492 1184 3755 1274 (lecettler

398 1278 408 1289 ’
481 1276 793 1336 faciendum
840 1285 1092 1340 certatim
1137 1299 1514 1356 concurrunt;
1571 1292 1757 1362 sicque
1808 1294 2059 1349 crucibus
2164 1276 2442 1367 excipiens
2475 1276 2654 1372 (572),
2681 1318 2851 1372 usque
2910 1305 2977 1360 ad
3016 1276 3198 1376 regem
3231 1309 3506 1377 perduxit.
3540 1307 3648 1364 Per
3677 1320 3733 1362 to

475 1370 730 1439 sumptis,
769 1372 904 1429 ﬁnes
941 1375 1244 1434 Christiani
1281 1381 1518 1438 nominis
1559 1383 1788 1440 ulterius
1829 1400 1935 1440 non
1977 1395 2060 1440 at-
2167 1397 2276 1442 tam
2307 1370 2646 1448 Pannoniam
2689 1370 2838 1468 (575)
2868 1370 3262 1471 ηιιριὶω-τοείε
3292 1405 3752 1472 ρι-ωςοηίῑαιιιιλτ.

477 1468 706 1528 tentare,
733 1463 906 1522 donec
934 1460 1268 1539 paganorum
1316 1472 1454 1528 ﬁnes
1484 1475 1802 1544 pervadant,
1853 1477 2060 1546 absque
2165 1479 2418 1552 Undique
2444 1497 2567 1538 cum
2622 1488 2873 1544 enxeniis
2917 1490 3067 1560 (576)
3115 1494 3480 1549 concurritur.
3516 1495 3585 1549 Et
3631 1512 3753 1550 cum

475 1554 823 1611 cunctatione
869 1569 996 1614 voto
1041 1561 1369 1631 obligantur.
1417 1565 1532 1621 Dux
1563 1575 1742 1622 autem
1793 1578 1849 1624 et
1875 1586 2058 1626 comes
2162 1583 2377 1640 semper
2415 1571 2674 1644 frequens
2706 1586 2761 1630 et
2789 1593 3076 1634 numerosa
3103 1581 3250 1652 (575)
3282 1598 3475 1654 manus
3504 1601 3574 1639 ex
3605 1601 3755 1640 more

478 1643 784 1698 exercitum
808 1661 967 1704 suum
1013 1651 1254 1705 maxima
1276 1666 1343 1706 ex
1369 1663 1533 1724 parte
1562 1655 1662 1710 sibi
1694 1657 1877 1713 taliter
1906 1658 2058 1716 defe-
2092 1663 2136 1718 B
2162 1675 2284 1715 cum
2309 1677 2436 1734 rege
2489 1643 2942 1725 innumerabilem
2988 1672 3136 1743 (576)
3184 1675 3395 1730 turbam
3431 1677 3558 1746 plus
3587 1679 3754 1732 solito

474 1731 618 1787 cisse
641 1734 910 1804 videntes,
943 1739 1128 1797 tristes
1163 1744 1560 1812 expeditionem
1590 1747 1827 1803 solvunt.
1857 1750 2057 1821 Sicque
2160 1754 2314 1826 (577)
2349 1731 2685 1828 nuptiarum,
2734 1773 2790 1818 et
2829 1731 3218 1836 novasreginze
3266 1731 3506 1825 visenda:
3539 1773 3753 1840 appeti-

474 1824 632 1892 urbe,
654 1841 794 1896 pene
840 1844 1012 1901 usque
1035 1832 1102 1888 ad
1134 1833 1461 1890 deditionem
1501 1847 1714 1906 vexata,
1757 1841 1847 1895 tali
1889 1842 2058 1899 iuior-
2162 1824 2231 1900 tis
2277 1824 2733 1920 (578)-conﬁavit,
2763 1853 2850 1909 die
2879 1824 3188 1922 terminato,
3248 1824 3631 1929 prmsentibu‘s'
3666 1877 3750 1914 ar-

473 1917 630 1974 tunio
651 1919 956 1988 privantur.
991 1923 1340 1983 Boamundus
1383 1944 1536 1984 mare
1587 1932 1822 1988 transiit.
1854 1934 1971 1991 Dux
2002 1936 2056 1990 in
2159 1917 2520 2009 chiepiscopis
2546 1950 2602 1996 et
2625 1943 2920 2016 epise0pis,
2961 1955 3017 2002 et
3050 1917 3281 2004 diversis
3324 1951 3614 2007 ordinibus
3657 1953 3753 2007 dos

475 2005 727 2076 Apuliam
764 2011 992 2067 secedit.
1034 2013 1232 2072 Comes
1273 2018 1516 2075 Siciliam
1562 2023 1874 2081 revertitur.
1915 2025 2056 2084 Urbs
2157 2005 2349 2100 puellae
2377 2005 2532 2104 legali
2556 2005 2706 2092 more
2733 2005 2882 2109 (579)
2906 2005 2964 2094 in
2997 2040 3212 2110 publico
3244 2005 3602 2112 protestatnr.

473 2099 827 2169 oppressione
856 2103 1097 2173 gaudens
1121 2107 1404 2164 liberatur.
2158 2099 2214 2174 et
2253 2123 2440 2193 regina
2497 2126 2767 2182 catholice
2822 2130 3030 2199 pariter
3081 2133 3504 2202 desponsantur,
3556 2135 3752 2191 solem-

1043 2217 1274 2276 cApUT
1312 2222 1480 2280 xxv,
2158 2226 2364 2282 ncsque
2393 2214 2596 2284 nuptia:
2648 2217 2701 2270 in
2733 2219 2983 2274 tentoriis
3030 2229 3083 2275 et
3119 2236 3184 2276 ex
3229 2224 3529 2279 virentibus
3587 2227 3752 2281 ramis

542 2300 656 2358 Rea:
677 2302 1055 2376 Hungarorum
1077 2308 1246 2378 ﬁliam
1272 2315 1475 2369 comitis
1501 2315 1554 2368 in
1582 2332 1798 2372 uxorem
1824 2318 1982 2388 capit.
2158 2304 2524 2362 tabernaculis
2553 2305 2712 2364 factis
2754 2310 3119 2366 celebrantur.
3167 2313 3298 2368 Nam
3333 2315 3498 2371 nullae
3553 2317 3749 2371 domus

541 2393 881 2452 Alamannus
913 2407 1096 2455 autem
1143 2417 1242 2457 rex
1284 2404 1684 2476 ῃυηεποωηι,
1719 2410 1945 2465 audiens
1976 2409 2054 2464 fa-
2159 2401 2321 2448 tanta:
2345 2395 2681 2452 multitudini
2711 2398 3074 2457 sullicicbant.
3117 2403 3331 2473 Nuptiis
3361 2405 3547 2474 itaque
3596 2420 3749 2475 rega-

477 2499 624 2538 mam
657 2485 964 2543 δίευιοι-υπι
1019 2490 1242 2561 gloriosi
1291 2497 1508 2552 comms
1552 2497 1793 2568 “086m,
1848 2500 2056 2570 legatos
2160 2483 2303 2541 libus
2337 2486 2592 2558 expletis,
2625 2505 2722 2545 rex
2757 2492 3078 2564 episcOpum
3107 2494 3547 2562 Lecastreusem,
3575 2509 3633 2553 et
3658 2499 3746 2567 qui

472 2575 714 2647 dirigens
749 2577 916 2634 ﬁliam
948 2595 1103 2638 suam
1151 2584 1206 2639 in
1253 2587 1660 2644 matrimonium
1691 2592 1913 2646 concedi
1961 2609 2054 2647 ex-

2160 2590 2282 2632 cum
2312 2577 2428 2648 ipso
2452 2583 2724 2637 reversuri
2752 2582 3104 2651 advenerant,
3137 2588 3530 2658 aliquantisper
3557 2604 3743 2644 secum

471 2667 729 2736 postulat.
757 2669 849 2726 Ille
874 2687 1024 2738 vero,
1054 2677 1306 2744 quamvis
1327 2679 1540 2736 honesti
1582 2681 1705 2747 viri,
1737 2683 1829 2752 qui
1855 2685 1921 2738 ad
1951 2684 2054 2740 hoc
2162 2672 2493 2727 commorari
2524 2671 2755 2742 {303003,
2781 2684 2842 2730 ιιι
2869 2677 3014 2732 Vide‘
3051 2678 3118 2733 de
3141 2680 3457 2751 ρθτεεείυιιθ
3487 2679 3742 2752 festinos.

473 2766 736 2812 venerant
763 2770 966 2827 essent,
995 2771 1173 2819 tamen
1209 2767 1328 2823 illos
1351 2769 1580 2826 honeste
1607 2789 1637 2826 a
1669 2789 1727 2829 se
1749 2774 2049 2842 dimittens,

2159 2761 2412 2832 lcgaliter
2462 2765 2809 2824 muniﬁcatos
2837 2783 2866 2822 a
2914 2785 2973 2825 se
3003 2770 3228 2825 dimisit.
3271 2771 3368 2835 llli,
3402 2772 3470 2826 ad
3527 2783 3742 2843 portum

474 2851 541 2905 ,ιθ
578 2851 692 2906 suis
713 2854 901 2920 etiam,
953 2871 1026 2912 ne
1068 2857 1309 2926 ταιιαιυν,
1358 2877 1480 2918 cum
1518 2863 1652 2934 ipsis
1701 2867 1938 2935 dirigens
1971 2885 2055 2924 re.
2154 2856 2461 2922 venientes,
2490 2859 2768 2915 maritimo
2797 2876 2961 2916 cursu
3000 2865 3211 2935 regredi
3247 2866 3580 2921 accelerant.
3605 2867 3744 2922 iam.

474 2944 696 2998 mandat
723 2953 801 3012 ut,
839 2947 885 3002 si
921 2958 1237 3005 exsecutum
1288 2954 1431 3022 quod
1469 2967 1712 3026 coeperat
1763 2959 1911 3025 velit,
1958 2961 2054 3015 ali-

2160 2963 2262 3018 que
2292 2958 2491 3005 nostra:
2519 2952 2698 3023 gentis
2742 2954 2878 3010 ﬁnes
2913 2960 3318 3028 appropiantes,
3363 2976 3488 3019 cum
3538 2970 3743 3017 terram

471 3035 627 3106 cujus
653 3041 1004 3096 auctoritatis
1034 3043 1238 3114 gradus
1279 3046 1362 3101 vel
1388 3049 1596 3104 ordinis
1619 3066 1903 3120 personas.
1930 3055 2051 3124 qui-

2159 3041 2372 3096 eminus
2395 3044 2757 3112 conspiciunt,
2789 3047 3061 3113 navicula,
3093 3050 3145 3104 in
3163 3066 3266 3119 qua
3290 3052 3583 3121 episcopus
3606 3062 3742 3115 erat,

472 3129 576 3182 bus
609 3128 825 3187 facilius
853 3133 1130 3200 credatur,
1171 3136 1239 3190 ad
1271 3135 1324 3192 id
1373 3138 1808 3197 conﬁrmandum
1849 3144 2048 3198 mittat.

2162 3128 2322 3184 sociis
2348 3133 2519 3187 armis
2566 3136 2901 3202 carentibus,
2935 3152 2966 3192 a
3007 3139 3216 3195 duabus
3255 3141 3561 3209 piratarum
3594 3143 3745 3196 navi-

471 3215 575 3287 QLE
603 3220 832 3278 anhelus
883 3225 1110 3295 exsequi
1154 3226 1455 3284 Arduinum
1493 3229 1800 3288 Joviensem
1843 3236 2054 3305 episco-

2159 3220 2282 3287 bus,
2323 3237 2461 3292 quas
2507 3225 2689 3295 galeas
2741 3228 3039 3298 appellant,
3089 3231 3360 3286 hostiliter
3404 3233 3741 3304 aggreditur.

470 3326 596 3380 pum
624 3322 680 3368 et
715 3314 977 3372 Thomam
1010 3319 1265 3374 comitem
1310 3321 1452 3376 idem
1485 3326 1886 3395 expostulatum
1926 3329 2052 3383 mit—

2159 3309 2473 3381 Nauclerus,
2502 3317 2592 3387 qui
2617 3320 2796 3387 navim
2834 3323 3075 3393 regebat,
3103 3324 3282 3394 jaculo
3311 3324 3604 3380 confossus
3629 3326 3742 3381 col-

471 3403 557 3458 ιξι,
612 3404 807 3464 Comes
855 3419 1054 3474 autem,
1108 3425 1204 3467 eos
1254 3413 1480 3469 ιιοηεειε
1521 3417 1819 3488 accipiens,
1869 3433 2052 3476 secum
2155 3402 2379 3470 liditur;
2409 3410 2564 3464 navis
2621 3413 2824 3483 remige
2877 3429 3074 3470 carens
3104 3417 3536 3472 sulrmersioncm
3569 3419 3744 3473 ruina-

469 3493 726 3563 detinuit,
754 3499 820 3554 de
837 3500 952 3555 suis
981 3500 1240 3560 honestos
1262 3506 1557 3563 etcallidos
1582 3508 1727 3565 viros
1752 3511 1892 3582 apud
1919 3511 2053 3566 Pan-
2159 3502 2266 3549 lur-
2302 3496 2621 3568 Episcopus.
2660 3501 2864 3556 nullum
2898 3504 3164 3574 refugium
3200 3521 3475 3562 armorum
3509 3508 3736 3565 habens.

472 3587 693 3640 naniam
724 3588 970 3658 mineus,
1001 3591 1052 3645 in
1076 3606 1264 3647 eorum
1288 3599 1574 3665 praesentia
1607 3614 1637 3654 ε
1660 3602 2052 3670 posterioribus
2152 3591 2248 3645 sed
2278 3607 2454 3661 neque
2497 3594 2740 3651 hostibus
2795 3597 3118 3653 deditionem
3165 3601 3349 3655 subire
3397 3602 3612 3666 volens,
3645 3601 3738 3656 Dei

468 3675 707 3744 regionis
751 3678 894 3734 illius
922 3685 1270 3752 exsequenda
1327 3689 1703 3755 postulabatur
1738 3691 2050 3761 jurameuto
2154 3682 2418 3737 θηκίίίιιιη
2452 3685 2772 3755 implorans:
2800 3691 2976 3745 εοοῖοδ
3020 3692 3286 3747 bonam"-
3321 3693 3440 3763 lpse
3466 3694 3611 3750 idem
3655 3693 3737 3748 ίπ·

469 3767 694 3822 ﬁrmare
718 3770 856 3841 cogi.
889 3770 1041 3838 Quod
1071 3790 1164 3829 rex
1210 3776 1442 3834 libenter
1471 3795 1719 3837 annuens
1765 3801 1864 3855 per
1893 3803 2048 3842 suum

2153 3771 2308 3827 ciens
2361 3774 2504 3829 inter
2557 3776 2660 3830 alia
2715 3779 3034 3849 subjungit:
3075 3782 3232 3846 Deus,
3281 3783 3482 3853 inquit,
3525 3786 3571 3839 si
3601 3786 3736 3838 meis

469 3859 687 3925 ducem,
740 3863 966 3917 nomine
1021 3864 1258 3935 Alivum,
1312 3877 1368 3924 et
1407 3871 1644 3942 reliquos
1688 3891 1794 3931 non
1826 3878 2050 3935 minoris

2152 3865 2392 3935 peccatis
2419 3868 2764 3939 exigentibus
2796 3872 2974 3927 minus
3005 3889 3219 3929 mereor
3248 3877 3523 3936 exaudiri,
3573 3892 3734 3931 exau-

464 3948 744 4020 dignitatis
800 3953 966 4019 viros,
1021 3957 1228 4024 omnia,
1286 3975 1408 4030 quae
1461 3963 1837 4032 mandaverat,
1892 3983 2049 4026 exse—
2153 3958 2272 4012 dia"
2299 3959 2488 4013 ⁸³110⁸³]
2520 3975 2617 4030 ρετ
2637 3963 3204 4037 ενθιῖωιιίμιειηιετεει
3237 3969 3558 4038 Progeniem
3586 3969 3728 4024 Tan“

463 4039 679 4108 (luenda
703 4040 1017 4112 iuramento
1046 4046 1305 4104 ﬁrmavit,
1339 4050 1538 4122 Sicque
1568 4053 1778 4126 legatos
1810 4060 2043 4128 comnis’
2152 4049 2301 4104 credi
2332 4059 2386 4105 te
2417 4051 2615 4107 habere
2638 4053 2913 4109 multoties
2940 4058 3244 4113 ostentasti.
3272 4058 3370 4113 Hic
3394 4061 3543 4114 enim
3568 4060 3735 4114 inter-

462 4139 525 4185 ut
553 4141 773 4202 paetum
827 4135 1100 4194 ﬁrmatum
1133 4142 1454 4198 renuntiant
1500 4145 1672 4219 (560),
1703 4149 2045 4208 muniﬁcatos

2151 4149 2343 4211 ceptus
2378 4150 2498 4197 sum
2532 4158 2631 4213 pro
2659 4146 2887 4201 servitio
2917 4146 3011 4202 ﬁlii
3067 4149 3167 4204 sui.
3200 4148 3450 4205 Nondum
3497 4151 3730 4215 dixerat,

460 4239 491 4276 a
521 4238 580 4278 se
608 4224 854 4283 dimittit.
884 4227 1080 4285 Comes
1110 4239 1294 4288 autem
1321 4235 1584 4295 relatione
1619 4255 1840 4297 suorum
1891 4259 2043 4300 acce-

2150 4240 2200 4285 et
2239 4247 2387 4298 ecce,
2421 4247 2553 4288 aura
2609 4235 3028 4304 intercurrente,
3076 4240 3230 4294 navis
3274 4240 3328 4294 in
3381 4255 3489 4310 qua
3519 4241 3733 4296 eratab

454 4324 550 4384 pta
590 4317 739 4390 (561)
769 4320 916 4376 haud
961 4338 1119 4381 secus
1145 4333 1201 4381 et
1229 4327 1343 4396 ipse
1380 4329 1528 4403 (562)
1566 4331 1774 4401 legatos
1824 4337 1968 4408 regis
2009 4355 2037 4392 τι
2074 4377 2121 4408 n
2149 4322 2397 4379 bostibt’ts
2452 4326 2638 4381 avulsa
2696 4328 3003 4384 securiores
3056 4330 3248 4394 reddit,
3307 4330 3501 4386 videns
3551 4333 3729 4386 navim

455 4377 475 4384 _
596 4377 607 4388 .
719 4377 731 4390 ,
1152 4377 1341 4396 --.τ-ν
1404 4377 1507 4385 η-
1569 4377 1774 4401 Nam...
1825 4377 1882 4392 ,ν
1925 4377 1968 4392 ..τ
2009 4377 2037 4392 ..
2312 4377 2319 4378 κ
2380 4377 2389 4379 τ
2696 4377 3001 4384 "um.--
3059 4377 3248 4394 ηπη,
3320 4377 3501 4386 τ---ν--υ

455 4421 517 4460 se
561 4408 864 4478 dimittens,
914 4412 1161 4482 pluribus
1197 4377 1574 4476 lionoribusla
1621 4439 1680 4479 se
1730 4377 2042 4496 compilavit
2072 4377 2121 4434 Β
2148 4413 2351 4483 abs‘1“‘3
2375 4417 2579 4487 remige
2607 4418 2817 4473 ἀίΐοεῑο
2849 4435 3010 4474 curs“
3061 4422 3128 4475 ad
3167 4419 3437 4487 iacentem
3495 4422 3726 4476 ίηδυῑππι

455 4495 606 4566 (565)
636 4515 651 4565 ;
685 4503 798 4571 regi
823 4504 1135 4569 terminum,
1167 4523 1277 4578 quo
1322 4509 1423 4566 sibi
1456 4513 1621 4568 ﬁliam
1653 4530 1804 4570 suam
1836 4495 2038 4586 mittat,

2148 4512 2294 4560 tanta
2325 4507 2614 4564 velocitate
2654 4525 2757 4579 per
2776 4511 2997 4580 rapidas
3039 4512 3258 4582 equoris
3293 4514 3468 4566 undas
3497 4512 3651 4576 ferri,
3674 4522 3730 4566 ut

453 4589 666 4642 statuit.
697 4590 854 4649 Anno
882 4595 1070 4665 itaque
1118 4598 1514 4658 incarnationis
1563 4605 1711 4676 (564)
1752 4609 2036 4665 millesimo

2147 4597 2367 4654 hostiles
2403 4616 2568 4656 naves
2609 4602 2812 4671 remige
2852 4611 2907 4657 et
2933 4603 3065 4659 velis
3091 4603 3502 4674 insequentibus
3549 4606 3730 4660 minus

454 4681 809 4747 nonagesimo
864 4687 1099 4756 septimo
1133 4728 1150 4754 ,
1212 4693 1488 4761 apparatis
1553 4711 1674 4765 qua:
1731 4701 2038 4755 necessaria
2143 4691 2404 4748 adversus
2443 4694 2586 4748 illam
2614 4696 2959 4752 velocitatem
3009 4696 3384 4767 praevalerent.
3416 4697 3621 4767 Sicque
3651 4699 3732 4752 di-

451 4776 632 4834 erant,
667 4784 856 4828 mense
884 4773 1024 4830 Maio
1076 4794 1200 4834 cum
1251 4783 1512 4839 trecentis
1559 4786 1822 4843 militibus
1867 4805 2040 4861 usque
2143 4791 2296 4837 recto
2331 4799 2494 4840 cursu
2534 4787 2816 4850 divinitus,
2868 4797 2926 4844 ut
2973 4789 3269 4857 credimus,
3323 4791 3642 4863 regebatur,
3673 4801 3733 4845 ut

709 4903 1092 5012 (Scalpiérggtum
1115 4918 1435 4976 renuncicnt.

1192 4918 1435 4976 tuncicm.
2213 4935 2363 5012 (
2403 4941 2506 5012 δὴ,
2538 4957 2775 5012 eumque.

517 4972 672 5078 seu
718 4972 998 5078 eiera-
1269 4972 1272 4973 ί
1425 4972 1435 4976 ‘
2213 4972 2363 5078 ὶὲθῖί
2398 4972 2545 5078 ῖιεὲίιί

530 5041 652 5097 ’562
711 5041 901 5112 Ipsos:

515 5041 672 5183 (363;
709 5114 1016 5183 Amph’avit.

2236 5041 2291 5059 υ.
2317 5041 2359 5074 Ι]
2398 5041 2545 5078 ιμθαο

2212 5041 2356 5146 (572,:
2403 5079 2691 5151 Recipiens.

2210 5147 2358 5183 ικτκι
2408 5147 2691 5183 amna-“.4...

515 5147 670 5230 ἓξὲξῖἰ
709 5147 1094 5230 ἧέἱέζέἓὶῖῗῗὸρτ
2210 5147 2358 5230 QZ?)
2402 5147 2758 5230 Ενοέίηείαητ·
