4010 5230
173 307 310 370 I905

1341 297 1660 358 HISTORIA
1699 291 1962 354 SICULA.
1985 325 2056 336 —-
2087 293 2214 352 LIB.
2241 291 2326 350 IV.

3299 291 3436 349 I206

173 441 298 482 cum
328 421 466 478 idem
493 428 680 492 portus
713 417 1000 476 condensis
1022 416 1258 488 syrtibus
1299 415 1494 470 insitus
1529 421 1652 466 arto
1695 420 1750 464 et
1781 415 1831 472 Α
1857 425 2132 480 nunquam
2165 416 2324 464 antea
2364 406 2620 464 habuisse
2648 405 3001 476 dignoscitur,
3051 407 3120 462 ab
3169 411 3316 466 omni
3342 409 3437 465 Si-

173 513 474 585 periculoso
503 511 677 576 aditu,
723 509 828 564 nisi
858 523 885 562 a
919 507 1110 576 peritis
1137 505 1318 558 nautis
1345 511 1660 566 attentetur,
1687 499 1755 554 ad

179 605 414 660 insulam
461 611 665 674 pateat,
715 601 932 670 impune
983 595 1291 666 scopulosas
1337 595 1510 650 undas
1557 593 1756 664 placito

173 705 332 765 portu
379 693 732 766 applicarent.
779 691 1036 746 Hostibus
1068 689 1249 760 itaque
1278 687 1558 743 frustratis
1601 703 1756 744 rece-

175 787 446 852 deMibus,
471 785 572 855 ipsi
615 799 876 855 prospero
903 797 1142 854 sequere,
1177 783 1228 836 in
1258 796 1366 851 quo
1394 781 1756 852 disponebant

177 877 512 946 applicantes
565 877 632 931 ad
677 875 932 930 comitem
987 873 1332 944 perveniunt,
1387 871 1634 927 ordinem
1661 886 1752 927 ac-

177 970 341 1026 tionis
369 985 480 1024 sua‘.
509 977 860 1038 exponentes.
885 965 1016 1033 Quis
1045 965 1252 1020 dubitet
1277 966 1586 1038 progeniem
1614 964 1756 1020 hanc

179 1063 442 1119 divinitus
471 1062 704 1130 quadam
737 1057 998 1114 felicitate
1049 1057 1382 1124 denotatam,
1415 1071 1536 1112 cum
1559 1057 1612 1111 in
1643 1057 1756 1111 suis

178 1151 500 1206 utilitatibus
547 1149 737 1204 ubi...
773 1157 930 1217 putes
975 1146 1140 1202 fuisse
1186 1155 1478 1202 narrantur
1514 1154 1592 1199 tot
1641 1143 1758 1200 fcli-

179 1243 330 1300 cibus
363 1243 727 1307 successibus,
763 1241 978 1296 fortuna
1007 1241 1168 1295 etiam
1229 1241 1282 1295 in
1339 1239 1454 1294 suis
1483 1238 1752 1304 fidelibus,

179 1332 268 1390 ubi
347 1348 446 1387 sua
513 1333 728 1403 negotia
794 1334 1238 1402 exsequebatur,
1297 1330 1535 1386 defuisse
1595 1345 1754 1400 passa

181 1439 282 1480 non
333 1423 442 1478 sit?
488 1416 570 1478 Ad
619 1423 1046 1479 nominationem
1099 1424 1298 1493 quippe
1345 1421 1599 1493 gratiosze
1646 1421 1756 1474 for-

181 1525 320 1570 tunae
354 1517 544 1572 eorum
585 1516 739 1570 navis
783 1515 896 1571 lucc
922 1525 1106 1586 erepta
1141 1526 1224 1570 est
1254 1514 1322 1569 ab
1347 1513 1756 1585 impugnatione

178 1605 428 1662 hostium.

741 1685 970 1778 caper
1011 1719 1196 1776 xxvi.

179 1809 354 1866 Comes
393 1811 632 1884 Capuam
657 1812 1164 1938 obsidcchumdduce
1197 1809 1422 1884 Rogerio
1447 1819 1494 1866 et
1525 1809 1756 1882 princije

889 1899 996 1937 war
1040 1901 1088 1938 ο.

247 1977 450 2034 Comes
493 1993 644 2046 ergo,
697 1979 864 2032 totius
907 1977 1184 2048 progeniei
1231 1993 1342 2032 sua:
1390 1983 1754 2039 sustentator,

180 2067 308 2122 citra
365 2067 598 2124 Ilomam
633 2083 820 2124 versus
857 2068 1127 2137 Siciliam,
1175 2069 1336 2125 sicuti
1365 2069 1536 2124 maria
1563 2068 1632 2122 ab
1657 2083 1758 2122 un-

181 2160 336 2230 dique
361 2161 612 2232 ciugunt,
667 2161 998 2218 abundantia
1029 2179 1210 2218 rerum
1235 2173 1294 2218 et
1323 2163 1588 2218 industria
1642 2161 1757 2217 cal-

179 2249 336 2305 lentis
365 2252 633 2321 sapientis
654 2252 868 2306 consilii
899 2253 1264 2322 praecellebat,
1317 2254 1460 2308 unde
1489 2261 1544 2308 ct
1567 2267 1758 2308 omnes

182 2357 272 2396 sua
297 2343 516 2413 negotia
547 2344 615 2398 ad
643 2345 818 2414 ipsum
846 2344 1222 2408 conferebant,
1249 2355 1308 2398 ut
1331 2361 1426 2400 sua
1453 2345 1756 2414 prudentia,

183 2441 236 2485 ut
269 2431 472 2488 ferrum
507 2443 626 2488 cete
671 2449 704 2488 a
759 2435 960 2492 cernite
1015 2443 1296 2504 resmnpto
1335 2435 1402 2490 ad
1449 2449 1546 2490 sua
1573 2433 1756 2504 dispo-

183 2524 348 2578 nenda
403 2525 730 2595 prudentius
783 2525 1068 2590 callerent,
1121 2535 1174 2580 et
1227 2525 1366 2592 ejus,
1417 2526 1504 2580 ubi
1537 2539 1760 2580 necesse

181 2615 344 2682 foret,
375 2617 580 2672 auxilio
615 2617 940 2688 potirentur.
972 2617 1140 2672 Porro
1175 2617 1288 2686 ipse
1321 2631 1532 2680 omnes,
1563 2623 1754 2685 quem-

181 2707 460 2764 admodum
503 2710 699 2780 gallina
737 2709 912 2780 pullos
942 2710 1042 2764 sub
1083 2710 1219 2773 alas,
1265 2710 1452 2780 clypeo
1491 2725 1603 2764 suae
1633 2726 1758 2780 pro-

184 2799 426 2854 tectionis
473 2809 533 2856 et
585 2800 798 2856 consilii
833 2799 1043 2864 fovens,
1081 2811 1140 2854 ut
1173 2801 1294 2870 pius
1326 2809 1588 2870 patronus
1616 2817 1674 2856 re
1701 2810 1758 2856 ct

181 2893 420 2962 consilio,
447 2903 612 2964 prout
639 2901 874 2964 poterat,
901 2895 1156 2950 omnibus
1177 2893 1406 2948 omnino
1447 2894 1752 2949 defavebat.

185 2986 327 3043 Unde
359 2989 562 3043 accidit
593 2999 652 3042 ut
671 2987 940 3043 Ricardus
961 2989 1198 3056 juvenis,
1219 2987 1469 3044 Jurdanis
1497 2988 1762 3058 principis

182 3078 334 3142 filius,
366 3078 624 3148 princeps
649 3088 702 3133 et
728 3079 844 3148 ipse
869 3079 1092 3133 Aversa:
1122 3077 1378 3133 defuncto
1419 3089 1572 3148 patre
1591 3079 1760 3135 orbus

1857 499 1980 554 cilia
2019 508 2073 553 et
2107 497 2360 553 Calabria
2387 499 2515 553 forti
2543 497 2769 570 imperio
2797 498 3029 554 conflato
3061 497 3230 572 (580),
3261 503 3436 571 prima

1858 588 2194 644 hebdomada
2245 587 2484 658 Aprilis,
2538 587 2772 644 secunda
2831 603 2964 658 pace
3009 589 3156 662 (38l)
3199 589 3436 648 Pharum

1859 681 2150 744 transiens,
2205 678 2448 735 illorsum
2510 679 2796 746 accelerat,
2833 681 2928 735 sed
2957 679 3010 734 in
3062 689 3219 750 prato
3255 681 3440 740 Marco

1857 769 2251 840 aliquantisper
2303 781 2694 838 commoratus,
2749 771 3046 826 exercitum
3077 771 3224 844 (582)
3271 773 3440 830 maris

1859 861 2328 927 transmeatione,
2387 869 2444 916 et
2498 871 2650 916 arcto
2703 863 3110 934 sc0pulosorum
3172 866 3440 920 montium

1859 952 2094 1006 transitu
2135 952 2439 1006 tardantem
2469 949 2640 1026 (585),
2695 955 2820 1010 dum
2852 955 3033 1009 veniat
3084 955 3334 1016 sustinet,
3363 955 3442 1010 vi-

1859 1043 1993 1098 dens
2011 1043 2140 1114 juga
2191 1041 2340 1114 (584)
2381 1043 2648 1098 montium
2703 1043 2968 1100 Calabrize
3007 1045 3262 1117 gregibus
3292 1045 3440 1120 (585)

1859 1142 2229 1188 armentorum
2259 1143 2308 1188 et
2343 1149 2600 1206 pecorum
2635 1135 2804 1206 (586),
2835 1137 2928 1191 sed
2959 1145 3012 1192 et
3039 1151 3348 1206 caprarum,
3387 1137 3440 1190 in

1859 1241 1988 1282 usus
2019 1223 2471 1292 Sarracenorum,
2504 1243 2737 1297 quorum
2785 1229 3021 1282 maxima
3051 1241 3178 1296 pars
3226 1227 3439 1282 excrci—

1861 1320 1934 1374 tui
1964 1319 2112 1391 (587)
2141 1319 2426 1384 intererat,
2454 1319 2736 1390 occupari,
2768 1331 2827 1376 ut
2861 1321 3054 1376 merito
3088 1335 3118 1374 a
3147 1305 3440 1374 cellatinne

1859 1411 2053 1467 similis
2077 1411 2409 1482 argumenti,
2451 1427 2671 1482 gregum
2729 1411 2937 1477 Laban,
2971 1423 3026 1468 et
3070 1411 3237 1468 Iacob
3270 1411 3440 1484 (388),

1859 1501 1902 1556 si
1946 1501 2192 1573 legisses,
2245 1500 2332 1555 vel
2384 1511 2536 1556 certo
2589 1500 2736 1574 (389)
2787 1501 3085 1567 deferente,
3135 1493 3482 1566 didicisses,’

1860 1592 2134 1647 recordari
2165 1601 2383 1663 poteras
2418 1591 2590 1664 (590).
2643 1591 2986 1662 Congregato
3017 1593 3280 1656 exercitu,
3322 1592 3443 1662 quis

1860 1695 2199 1741 armatorum
2246 1685 2416 1740 millia
2447 1693 2757 1750 enunieret,
2789 1700 2910 1740 cum
2943 1684 3056 1754 ipsa
3109 1683 3337 1739 tentoria
3365 1685 3445 1738 bi-

1787 1775 1832 1835 B
1863 1778 2070 1832 lumine
2096 1777 2319 1848 palliata
2350 1778 2439 1832 vix
2471 1777 2580 1832 ullo
2607 1791 2834 1832 numero
2853 1777 3098 1832 concludi
3125 1777 3468 1848 potuerunt?’

1861 1869 1994 1924 Tam
2046 1883 2306 1940 pompose
2342 1867 2460 1940 plus
2512 1865 2672 1922 solito
2723 1867 2967 1922 exercitu
3020 1881 3203 1920 comes
3237 1865 3443 1935 Apulos

1861 1959 1996 2016 fines
2023 1961 2196 2014 visum
2230 1959 2481 2023 intendit,
2517 1957 2756 2014 maxime
2786 1957 2912 2028 quia
2960 1957 3118 2027 Apuli
3149 1957 3448 2028 expeditio-

1861 2053 2023 2108 nibus
2073 2051 2260 2122 aliquo
2313 2065 2585 2106 annorum
2641 2047 2918 2104 curriculo
2969 2047 3202 2115 desueti,
3249 2063 3448 2118 corpus

1863 2143 2026 2198 nullis
2051 2143 2226 2214 plagis
2278 2150 2333 2196 et
2383 2139 2610 2196 diutinis
2661 2140 2938 2196 laboribus
2987 2139 3288 2210 fatigando,
3320 2139 3449 2209 quin

1865 2235 2186 2300 recreando,
2242 2233 2345 2288 sibi
2385 2233 2567 2304 potius
2614 2231 2898 2304 indulgere
2943 2249 3108 2304 quam
3147 2232 3450 2302 expeditio-

1862 2328 2022 2383 nibus
2049 2328 2246 2382 iterum
2269 2323 2634 2381 assuescemlo
2662 2325 2918 2380 insudare
2943 2325 3280 2388 nitebantur;
3309 2323 3450 2376 unde

1861 2429 1915 2476 et
1961 2419 2138 2490 ipsum
2193 2419 2407 2484 ducem,
2441 2417 2594 2488 quasi
2625 2416 2884 2487 principis
2915 2415 3334 2486 prcesentialiter
3354 2429 3452 2467 au-

1863 2509 1993 2565 xilio
2013 2509 2330 2565 destitutum
2366 2508 2546 2563 minus
2569 2507 2916 2572 verebantur,
2951 2507 3044 2562 sed
3073 2521 3170 2576 per
3195 2505 3315 2561 loca
3348 2506 3444 2559 ad-

1861 2615 2052 2656 versus
2082 2615 2206 2656 cum
2239 2593 2591 2672 insurgendo,
2635 2599 2688 2654 in
2717 2598 3062 2654 insolentiam
3091 2611 3452 2668 prorumpen-

1861 2700 1944 2747 tes
1971 2690 2092 2762 ejus
2116 2690 2272 2761 jussa
2324 2691 2504 2747 minus
2549 2691 3011 2761 exsequebantur.
3061 2689 3176 2743 Dux
3235 2703 3452 2760 quoque

1861 2783 2026 2838 simili
2056 2792 2396 2855 argumento,
2426 2783 2492 2839 de
2515 2781 2634 2853 ejus
2667 2795 2862 2838 versus
2883 2779 3129 2851 Apuliam
3160 2780 3454 2850 expeditio-

1863 2876 2062 2932 naliter
2088 2875 2324 2932 adventu
2351 2873 2530 2930 minus
2565 2873 2840 2940 credulus,
2889 2886 3015 2927 nam
3047 2871 3286 2941 cupienti
3317 2869 3454 2925 nihil

1863 2969 1998 3022 satis
2029 2963 2338 3032 festinatur,
2389 2973 2448 3019 ut
2489 2964 2728 3036 seipsum
2758 2963 3132 3018 submovendo
3173 2961 3452 3024 extrahat,

1864 3075 2057 3115 versus
2091 3058 2402 3115 Calabriam
2447 3057 2742 3114 accelerat.
2777 3057 2980 3114 Versus
3008 3055 3254 3126 Apuliam
3288 3055 3457 3125 profi-

183 3167 402 3237 pusillus
432 3177 737 3238 superstes,
767 3167 960 3223 fraude
985 3168 1466 3237 Longobarderum
1499 3169 1632 3224 urbe
1657 3168 1758 3224 Ca-

1865 3151 2094 3206 ciscenti
2131 3150 2272 3222 apud
2299 3149 2514 3204 Liscum
2539 3149 2694 3218 juxta
2733 3159 2974 3204 castrum
3000 3149 3166 3204 Orioli
3194 3149 3453 3210 occurrit,

182 3273 348 3326 puana
399 3258 604 3328 injuste
633 3258 950 3330 jamdudum
981 3260 1246 3328 privatus,
1277 3275 1400 3313 cum
1423 3259 1538 3328 jam
1582 3259 1648 3314 ad
1677 3259 1760 3312 in-

184 3351 510 3422 telligibilem
545 3361 760 3407 aetatem
813 3351 1170 3422 pervenisset,
1203 3351 1456 3406 damnum
1509 3349 1610 3404 sibi
1648 3350 1762 3404 illa-

185 3452 292 3495 tum
319 3443 536 3508 videns,
568 3451 622 3497 et
665 3442 874 3504 dolens,
930 3457 994 3496 ac
1037 3441 1104 3496 de
1133 3441 1449 3495 auctoribus
1503 3440 1761 3496 ultionem

185 3541 360 3600 petere
394 3534 711 3604 disponens,
741 3533 808 3588 ad
855 3531 960 3586 sibi
1015 3531 1479 3602 consanguineum
1507 3531 1762 3588 comitem

191 3621 480 3688 prudentes
503 3621 656 3678 viros
683 3621 910 3694 supplex
957 3619 1225 3688 illorsum,
1275 3629 1335 3676 ut
1367 3621 1470 3676 sibi
1501 3621 1760 3678 auxilium

188 3710 390 3766 laturus
448 3713 762 3769 accelerare
818 3727 930 3768 non
981 3711 1195 3768 differat
1248 3727 1370 3768 cum
1417 3713 1640 3768 servitio
1666 3729 1765 3770 suo

188 3801 301 3856 vice
333 3801 864 3874 reeompcnsationis
891 3801 1192 3872 Neapolim,
1239 3816 1357 3872 quae
1385 3801 1488 3857 sibi
1515 3802 1766 3858 similiter

191 3891 588 3958 recalcitrabat,
623 3893 666 3948 si
719 3889 1014 3964 praevalere
1044 3900 1246 3962 posset,
1279 3890 1608 3948 fiducialiter
1632 3907 1766 3948 con-

191 3981 402 4040 cedens.
459 3983 604 4052 Dux,
634 3993 690 4040 ut
745 3983 838 4056 qui
885 3985 1028 4054 parti
1075 3984 1469 4056 consanguinei
1504 3985 1766 4058 principis

191 4072 422 4144 favebat,
479 4091 588 4132 non
639 4075 816 4132 viliori
867 4075 1046 4148 legato
1077 4091 1236 4146 quam
1271 4075 1484 4132 l'alerali
1537 4077 1767 4148 conjuge

190 4168 378 4234 Adala,
404 4169 658 4228 videlicet
681 4169 1016 4225 marebionis
1041 4169 1386 4225 Flandrensis
1412 4169 1518 4224 filia
1547 4185 1614 4225 ne
1641 4184 1767 4226 cum

191 4261 428 4320 exercitu
449 4262 638 4318 venire
671 4261 906 4328 differat,
944 4275 1010 4314 ac
1035 4261 1254 4316 sibimet
1277 4259 1538 4316 auxilium
1557 4259 1768 4316 laturus

195 4366 533 4424 summopere
565 4355 778 4409 invitat.
803 4353 1086 4422 Princeps,
1111 4365 1272 4406 causa
1301 4350 1486 4418 auxilii
1533 4350 1676 4422 quod
1702 4351 1770 4404 ab

195 4443 304 4512 ipso
331 4449 608 4516 sperabat,
634 4446 794 4502 homo
825 4445 977 4500 ducis
1003 4443 1178 4498 factus
1206 4441 1418 4510 fuerat;
1450 4443 1592 4514 quod
1623 4459 1766 4497 nun-

1867 3239 2208 3310 multumque
2238 3239 2304 3294 ad
2341 3239 2571 3294 invicem
2607 3237 2798 3304 limati,
2855 3239 2961 3293 dux
3015 3237 3236 3306 quidem
3267 3251 3456 3292 tersus

1865 3328 2080 3384 Melfam
2135 3329 2434 3384 exercitum
2491 3328 2860 3384 submovenda
2895 3327 3164 3383 accelerat
3206 3345 3220 3392 ;
3273 3341 3456 3381 comes

1868 3429 2048 3475 autem
2081 3434 2150 3474 ne
2177 3433 2364 3490 greges
2383 3420 2464 3474 sui
2495 3419 2814 3484 deficerent,
2841 3419 2944 3474 iter
2966 3405 3259 3474 conficiens
3287 3417 3456 3474 Bene-

1868 3508 2091 3566 venlum
2125 3512 2299 3577 venit,
2331 3510 2512 3580 ibique
2543 3511 2594 3565 in
2627 3509 2851 3582 planitie
2903 3523 3066 3579 super
3093 3507 3329 3563 fluminis
3376 3509 3456 3562 ri-

1869 3617 1993 3672 pam
2017 3601 2246 3668 Calorii,
2279 3601 2344 3656 ad
2371 3611 2593 3672 pontem
2639 3601 2696 3658 S.
2731 3601 3004 3657 Valentini
3033 3609 3454 3657 castrametatus

1867 3705 1970 3750 est.
2024 3693 2390 3750 Beneventani
2447 3703 2628 3750 autem
2689 3693 2806 3765 ejus
2854 3693 3142 3750 adventum
3199 3693 3466 3764 pertime—.

1868 3792 2106 3852 sccntes,
2141 3799 2328 3855 pacem
2359 3787 2767 3858 expostulantes
2784 3801 2898 3856 jam
2926 3787 3106 3842 triduo
3128 3795 3446 3842 occurrunt.

1869 3879 2066 3936 Comes
2094 3887 2276 3934 autem
2324 3880 2506 3935 sciens
2532 3880 2719 3934 urbem
2770 3877 2882 3948 juri
2934 3879 3216 3949 apostolici
3248 3877 3454 3934 Urbani

1867 3981 1924 4028 et
1974 3980 2177 4027 sancta:
2227 3971 2483 4026 Romana:
2533 3971 2788 4028 Ecclesiae
2825 3981 3154 4042 competere,
3186 3971 3456 4040 susceptis

1871 4067 2015 4122 mille
2053 4065 2365 4137 quingentis
2399 4065 2581 4120 aureis
2630 4073 2686 4119 et
2714 4079 2810 4120 sex
2841 4063 3216 4118 atnbulatoriis
3249 4065 3368 4118 urbi
3402 4073 3457 4117 et

1871 4157 2142 4212 messibus
2169 4155 2282 4211 suis
2307 4156 2638 4224 parcendum
2681 4154 2894 4218 indicit,
2920 4153 3151 4222 indeque
3175 4161 3458 4222 pertrans-

1871 4251 1990 4306 iens
2033 4265 2198 4320 super
2241 4247 2462 4303 fluvium
2505 4248 2649 4317 quod
2705 4247 3005 4302 Sabbatum
3057 4243 3272 4309 dicitur,
3336 4253 3456 4299 ten-

1873 4341 2007 4398 toria
2038 4341 2208 4411 ﬁgens
2237 4327 2592 4394 Pentecosten
2625 4337 2939 4393 celebravit.
2965 4337 3086 4408 Ipse
3113 4336 3332 4405 quidem
3373 4335 3454 4391 Ie-

1871 4440 2027 4504 gates
2047 4429 2160 4499 jam
2187 4427 2390 4500 pridem
2426 4427 2698 4499 Capuanis
2742 4427 2998 4484 honestos
3047 4429 3194 4483 viros
3237 4429 3454 4496 praemi-

197 4549 352 4604 quam
383 4535 748 4602 Gniscardus,
784 4551 908 4592 cum
940 4533 1232 4590 multarum
1262 4535 1461 4590 artium
1493 4543 1548 4588 et
1569 4534 1764 4588 virium
1798 4518 1850 4580 D
1876 4529 2045 4586 serat,
2070 4519 2460 4575 submonendis
2485 4519 2755 4576 hortando
2805 4528 2862 4574 ut
2905 4520 2973 4574 ab
3005 4519 3187 4590 inepto
3217 4519 3455 4589 incoepto

195 4633 352 4690 esset,
379 4641 409 4682 a
440 4625 678 4682 Iordane
707 4626 976 4696 principe,
1033 4624 1281 4695 quamvis
1310 4623 1398 4680 hic
1446 4623 1762 4688 avunculus,

197 4713 280 4770 ille
310 4727 490 4772 autem
531 4733 720 4788 nepos,
776 4717 983 4774 sororis
1033 4713 1288 4770 videlicet
1317 4714 1459 4771 ﬁlius
1487 4724 1652 4782 esset,
1683 4716 1766 4770 vel

197 4807 248 4862 vi
275 4809 356 4864 vel
389 4809 778 4866 blandimentis
815 4818 1144 4880 extorquere
1173 4808 1373 4880 potuit,
1401 4822 1526 4861 cum
1576 4808 1766 4879 saepis-

199 4897 326 4956 sime
367 4909 672 4956 attentatus
717 4899 904 4954 fuerit.
933 4901 1130 4956 Comes
1161 4907 1342 4955 autem
1387 4897 1590 4968 pietate
1640 4914 1770 4956 con-

203 4994 474 5062 sanguinei
499 4993 763 5064 principis
801 5003 856 5048 et
881 4994 1067 5049 multis
1119 4993 1301 5049 verbis
1327 4990 1558 5048 ducissa:
1586 4992 1688 5046 sibi
1737 5011 1768 5050 a

203 5083 326 5112 all-nn
357 5085 612 5112 ...ιιηκιιιηη
666 5085 800 5112 Inani

813 5084 934 5112 θην-Α
970 5087 1336 5112 ,ΙΑσι-ΑΑΑΙΑ-ἓρ
1383 5092 1430 5112 Λ.
1465 5084 1732 5112 ..ιιωζιειηι
1757 5107 1764 5112 .

1872 4611 2222 4668 desisterent.
2251 4608 2323 4666 Se
2345 4609 2452 4665 illis
2488 4609 2562 4664 nil
2605 4609 2734 4664 mali
2787 4608 2993 4665 inferre
3027 4607 3185 4675 velle,
3237 4609 3332 4665 sed
3357 4623 3455 4677 po-

1877 4703 2012 4768 tius,
2030 4701 2075 4758 si
2099 4715 2222 4757 cum
2257 4699 2504 4772 principe
2527 4698 2732 4770 suojus
2756 4699 2980 4770 exsequi
3023 4699 3217 4766 velint,
3267 4711 3456 4754 eormn

1873 4795 2014 4866 parti
2038 4809 2161 4850 cum
2185 4793 2398 4865 justitia
2425 4799 2732 4848 sustentata
2757 4798 3060 4845 tutamento
3081 4805 3221 4847 esse.
3271 4791 3342 4843 At
3365 4789 3458 4844 ubi

1877 4887 2068 4958 legatis
2105 4885 2540 4959 regredientibus
2568 4899 2664 4942 eos
2709 4883 2786 4939 nil
2814 4881 3015 4950 moliri,
3060 4885 3154 4939 sed
3195 4879 3376 4954 potius
3406 4881 3464 4936 in

1879 4981 2086 5038 malitia
2115 4997 2212 5039 sua
2239 4979 2471 5053 superbe
2522 4979 2818 5048 persistere
2845 4977 3016 5042 audit,
3051 4965 3176 5035 inde
3223 4987 3472 5029 commo-

1879 5083 2010 5112 vent:
2032 5075 2313 5112 ﬂammam:
2339 5074 2471 5112 (inn:
2494 5073 2738 5112 nni-undi!
2787 5085 2897 5112 mm
2917 5068 3156 5112 (IiIIlmiln
3179 5081 3302 5112 mum
3327 5063 3482 5112 milia
