  <div class='ocr_page' id='page_1' title='image "/cluster/home/n/w/nwhite01/storage/ocr_20150623/149/hvd.32044015473770/607.png"; bbox 0 0 4010 5230; ppageno 0'>
   <div class='ocr_carea' id='block_1_1' title="bbox 532 249 670 312">
    <p class='ocr_par' dir='ltr' id='par_1_1' title="bbox 532 249 670 312">
     <span class='ocr_line' id='line_1_1' title="bbox 532 249 670 312; baseline 0.014 -8"><span class='ocrx_word' id='word_1_1' title='bbox 532 249 556 304; x_wconf 63' lang='lat' dir='ltr'><strong>tl</strong></span> <span class='ocrx_word' id='word_1_2' title='bbox 567 250 670 312; x_wconf 70' lang='lat'><strong>207</strong></span> 
     </span>
    </p>
   </div>
   <div class='ocr_carea' id='block_1_2' title="bbox 529 367 2107 450">
    <p class='ocr_par' dir='ltr' id='par_1_2' title="bbox 529 367 2107 450">
     <span class='ocr_line' id='line_1_2' title="bbox 529 367 2107 450; baseline 0.016 -27"><span class='ocrx_word' id='word_1_3' title='bbox 529 372 807 423; x_wconf 80' lang='lat' dir='ltr'><strong>extractos</strong></span> <span class='ocrx_word' id='word_1_4' title='bbox 873 367 1136 441; x_wconf 88' lang='lat' dir='ltr'><strong>plurimos</strong></span> <span class='ocrx_word' id='word_1_5' title='bbox 1189 376 1501 434; x_wconf 89' lang='lat' dir='ltr'><strong>militariter</strong></span> <span class='ocrx_word' id='word_1_6' title='bbox 1550 380 1790 450; x_wconf 82' lang='lat' dir='ltr'><strong>dejectos</strong></span> <span class='ocrx_word' id='word_1_7' title='bbox 1846 389 2107 450; x_wconf 82' lang='lat' dir='ltr'><strong>damnose</strong></span> 
     </span>
    </p>
   </div>
   <div class='ocr_carea' id='block_1_3' title="bbox 529 457 2109 551">
    <p class='ocr_par' dir='ltr' id='par_1_3' title="bbox 529 457 2109 551">
     <span class='ocr_line' id='line_1_3' title="bbox 529 457 2109 551; baseline 0.017 -40"><span class='ocrx_word' id='word_1_8' title='bbox 529 457 854 527; x_wconf 84' lang='lat' dir='ltr'><strong>lndilicavit,</strong></span> <span class='ocrx_word' id='word_1_9' title='bbox 898 462 1206 536; x_wconf 70' lang='lat' dir='ltr'><strong>munitusque</strong></span> <span class='ocrx_word' id='word_1_10' title='bbox 1258 471 1490 540; x_wconf 79' lang='lat' dir='ltr'><strong>amplius</strong></span> <span class='ocrx_word' id='word_1_11' title='bbox 1542 472 1792 540; x_wconf 74' lang='lat' dir='ltr'><strong>lzesisset,</strong></span> <span class='ocrx_word' id='word_1_12' title='bbox 1845 481 1899 534; x_wconf 90' lang='lat' dir='ltr'><strong>ni</strong></span> <span class='ocrx_word' id='word_1_13' title='bbox 1932 483 2109 551; x_wconf 80' lang='lat' dir='ltr'><strong>pulvis</strong></span> 
     </span>
    </p>
   </div>
   <div class='ocr_carea' id='block_1_4' title="bbox 529 556 2108 631">
    <p class='ocr_par' dir='ltr' id='par_1_4' title="bbox 529 556 2108 631">
     <span class='ocr_line' id='line_1_4' title="bbox 529 556 2108 631; baseline 0.016 -27"><span class='ocrx_word' id='word_1_14' title='bbox 529 565 818 621; x_wconf 82' lang='lat' dir='ltr'><strong>equorum,</strong></span> <span class='ocrx_word' id='word_1_15' title='bbox 849 556 1080 624; x_wconf 86' lang='lat' dir='ltr'><strong>pedibus</strong></span> <span class='ocrx_word' id='word_1_16' title='bbox 1135 561 1406 619; x_wconf 82' lang='lat' dir='ltr'><strong>excitatus</strong></span> <span class='ocrx_word' id='word_1_17' title='bbox 1438 574 1490 619; x_wconf 89' lang='lat' dir='ltr'><strong>et</strong></span> <span class='ocrx_word' id='word_1_18' title='bbox 1541 582 1570 621; x_wconf 92' lang='lat' dir='ltr'><strong>a</strong></span> <span class='ocrx_word' id='word_1_19' title='bbox 1600 579 1761 623; x_wconf 89' lang='lat' dir='ltr'><strong>vento</strong></span> <span class='ocrx_word' id='word_1_20' title='bbox 1793 575 2108 631; x_wconf 80' lang='lat' dir='ltr'><strong>condensis-</strong></span> 
     </span>
    </p>
   </div>
   <div class='ocr_carea' id='block_1_5' title="bbox 531 642 2112 724">
    <p class='ocr_par' dir='ltr' id='par_1_5' title="bbox 531 642 2112 724">
     <span class='ocr_line' id='line_1_5' title="bbox 531 642 2112 724; baseline 0.019 -30"><span class='ocrx_word' id='word_1_21' title='bbox 531 642 669 696; x_wconf 85' lang='lat' dir='ltr'><strong>sime</strong></span> <span class='ocrx_word' id='word_1_22' title='bbox 719 643 954 714; x_wconf 86' lang='lat' dir='ltr'><strong>agitatus</strong></span> <span class='ocrx_word' id='word_1_23' title='bbox 987 646 1401 708; x_wconf 91' lang='lat' dir='ltr'><strong>intercessisset.</strong></span> <span class='ocrx_word' id='word_1_24' title='bbox 1437 654 1528 711; x_wconf 90' lang='lat' dir='ltr'><strong>Sic</strong></span> <span class='ocrx_word' id='word_1_25' title='bbox 1581 660 1646 713; x_wconf 92' lang='lat' dir='ltr'><strong>ad</strong></span> <span class='ocrx_word' id='word_1_26' title='bbox 1678 671 1853 716; x_wconf 91' lang='lat' dir='ltr'><strong>castra</strong></span> <span class='ocrx_word' id='word_1_27' title='bbox 1885 681 1980 720; x_wconf 91' lang='lat' dir='ltr'><strong>sua</strong></span> <span class='ocrx_word' id='word_1_28' title='bbox 2028 684 2112 724; x_wconf 83' lang='lat' dir='ltr'><strong>rc-</strong></span> 
     </span>
    </p>
   </div>
   <div class='ocr_carea' id='block_1_6' title="bbox 529 734 2112 814">
    <p class='ocr_par' dir='ltr' id='par_1_6' title="bbox 529 734 2112 814">
     <span class='ocr_line' id='line_1_6' title="bbox 529 734 2112 814; baseline 0.018 -30"><span class='ocrx_word' id='word_1_29' title='bbox 529 746 725 788; x_wconf 85' lang='lat' dir='ltr'><strong>versns</strong></span> <span class='ocrx_word' id='word_1_30' title='bbox 764 734 816 788; x_wconf 90' lang='lat' dir='ltr'><strong>in</strong></span> <span class='ocrx_word' id='word_1_31' title='bbox 844 738 1144 793; x_wconf 88' lang='lat' dir='ltr'><strong>crastinum</strong></span> <span class='ocrx_word' id='word_1_32' title='bbox 1173 757 1297 796; x_wconf 89' lang='lat' dir='ltr'><strong>eum</strong></span> <span class='ocrx_word' id='word_1_33' title='bbox 1349 753 1459 800; x_wconf 93' lang='lat' dir='ltr'><strong>toto</strong></span> <span class='ocrx_word' id='word_1_34' title='bbox 1497 751 1760 814; x_wconf 70' lang='lat' dir='ltr'><strong>exercitu,</strong></span> <span class='ocrx_word' id='word_1_35' title='bbox 1794 755 1912 809; x_wconf 86' lang='lat' dir='ltr'><strong>urbi</strong></span> <span class='ocrx_word' id='word_1_36' title='bbox 1941 773 2001 812; x_wconf 88' lang='lat' dir='ltr'><strong>se</strong></span> <span class='ocrx_word' id='word_1_37' title='bbox 2033 759 2112 812; x_wconf 82' lang='lat' dir='ltr'><strong>vi-</strong></span> 
     </span>
    </p>
   </div>
   <div class='ocr_carea' id='block_1_7' title="bbox 529 823 2110 914">
    <p class='ocr_par' dir='ltr' id='par_1_7' title="bbox 529 823 2110 914">
     <span class='ocr_line' id='line_1_7' title="bbox 529 823 2110 914; baseline 0.017 -36"><span class='ocrx_word' id='word_1_38' title='bbox 529 823 792 878; x_wconf 89' lang='lat' dir='ltr'><strong>ciniorem</strong></span> <span class='ocrx_word' id='word_1_39' title='bbox 821 827 1132 898; x_wconf 82' lang='lat' dir='ltr'><strong>conferens,</strong></span> <span class='ocrx_word' id='word_1_40' title='bbox 1183 848 1214 887; x_wconf 89' lang='lat' dir='ltr'><strong>a</strong></span> <span class='ocrx_word' id='word_1_41' title='bbox 1274 837 1577 893; x_wconf 55' lang='lat' dir='ltr'><strong>meridiu&#39;a</strong></span> <span class='ocrx_word' id='word_1_42' title='bbox 1631 843 1785 914; x_wconf 74' lang='lat' dir='ltr'><strong>plaga</strong></span> <span class='ocrx_word' id='word_1_43' title='bbox 1830 847 2110 905; x_wconf 91' lang='lat' dir='ltr'><strong>obsidione</strong></span> 
     </span>
    </p>
   </div>
   <div class='ocr_carea' id='block_1_8' title="bbox 527 914 2106 997">
    <p class='ocr_par' dir='ltr' id='par_1_8' title="bbox 527 914 2106 997">
     <span class='ocr_line' id='line_1_8' title="bbox 527 914 2106 997; baseline 0.017 -32"><span class='ocrx_word' id='word_1_44' title='bbox 527 914 803 983; x_wconf 82' lang='lat' dir='ltr'><strong>vallando,</strong></span> <span class='ocrx_word' id='word_1_45' title='bbox 859 918 1034 992; x_wconf 11' lang='lat' dir='ltr'><strong>atripa</strong></span> <span class='ocrx_word' id='word_1_46' title='bbox 1083 922 1332 979; x_wconf 80' lang='lat' dir='ltr'><strong>orientali</strong></span> <span class='ocrx_word' id='word_1_47' title='bbox 1387 942 1560 997; x_wconf 88' lang='lat' dir='ltr'><strong>usque</strong></span> <span class='ocrx_word' id='word_1_48' title='bbox 1610 932 1663 985; x_wconf 92' lang='lat' dir='ltr'><strong>in</strong></span> <span class='ocrx_word' id='word_1_49' title='bbox 1715 935 2106 993; x_wconf 75' lang='lat' dir='ltr'><strong>occidentalem</strong></span> 
     </span>
    </p>
   </div>
   <div class='ocr_carea' id='block_1_9' title="bbox 528 1006 2110 1091">
    <p class='ocr_par' dir='ltr' id='par_1_9' title="bbox 528 1006 2110 1091">
     <span class='ocr_line' id='line_1_9' title="bbox 528 1006 2110 1091; baseline 0.018 -31"><span class='ocrx_word' id='word_1_50' title='bbox 528 1006 713 1077; x_wconf 82' lang='lat' dir='ltr'><strong>cingit.</strong></span> <span class='ocrx_word' id='word_1_51' title='bbox 741 1009 859 1065; x_wconf 83' lang='lat' dir='ltr'><strong>Dux</strong></span> <span class='ocrx_word' id='word_1_52' title='bbox 890 1023 1071 1068; x_wconf 90' lang='lat' dir='ltr'><strong>autem</strong></span> <span class='ocrx_word' id='word_1_53' title='bbox 1105 1024 1158 1070; x_wconf 93' lang='lat' dir='ltr'><strong>et</strong></span> <span class='ocrx_word' id='word_1_54' title='bbox 1181 1018 1455 1091; x_wconf 80' lang='lat' dir='ltr'><strong>princeps,</strong></span> <span class='ocrx_word' id='word_1_55' title='bbox 1487 1039 1608 1078; x_wconf 88' lang='lat' dir='ltr'><strong>cum</strong></span> <span class='ocrx_word' id='word_1_56' title='bbox 1644 1041 1742 1081; x_wconf 90' lang='lat' dir='ltr'><strong>suo</strong></span> <span class='ocrx_word' id='word_1_57' title='bbox 1769 1031 2014 1087; x_wconf 61' lang='lat' dir='ltr'><strong>exercitu</strong></span> <span class='ocrx_word' id='word_1_58' title='bbox 2042 1033 2110 1088; x_wconf 89' lang='lat' dir='ltr'><strong>ab</strong></span> 
     </span>
    </p>
   </div>
   <div class='ocr_carea' id='block_1_10' title="bbox 526 1099 2108 1194">
    <p class='ocr_par' dir='ltr' id='par_1_10' title="bbox 526 1099 2108 1194">
     <span class='ocr_line' id='line_1_10' title="bbox 526 1099 2108 1194; baseline 0.021 -45"><span class='ocrx_word' id='word_1_59' title='bbox 526 1099 831 1194; x_wconf 86' lang='lat' dir='ltr'><strong>aquilonari</strong></span> <span class='ocrx_word' id='word_1_60' title='bbox 865 1114 1021 1174; x_wconf 88' lang='lat' dir='ltr'><strong>parte</strong></span> <span class='ocrx_word' id='word_1_61' title='bbox 1064 1107 1393 1177; x_wconf 87' lang='lat' dir='ltr'><strong>obsidentes,</strong></span> <span class='ocrx_word' id='word_1_62' title='bbox 1453 1117 1644 1172; x_wconf 86' lang='lat' dir='ltr'><strong>urbem</strong></span> <span class='ocrx_word' id='word_1_63' title='bbox 1695 1120 1920 1178; x_wconf 91' lang='lat' dir='ltr'><strong>tendunt</strong></span> <span class='ocrx_word' id='word_1_64' title='bbox 1967 1141 2108 1194; x_wconf 67' lang='lat' dir='ltr'><strong>prte-</strong></span> 
     </span>
    </p>
   </div>
   <div class='ocr_carea' id='block_1_11' title="bbox 525 1193 2110 1274">
    <p class='ocr_par' dir='ltr' id='par_1_11' title="bbox 525 1193 2110 1274">
     <span class='ocr_line' id='line_1_11' title="bbox 525 1193 2110 1274; baseline 0.018 -31"><span class='ocrx_word' id='word_1_65' title='bbox 525 1193 763 1258; x_wconf 85' lang='lat' dir='ltr'><strong>gravari.</strong></span> <span class='ocrx_word' id='word_1_66' title='bbox 815 1193 989 1251; x_wconf 90' lang='lat' dir='ltr'><strong>Porro</strong></span> <span class='ocrx_word' id='word_1_67' title='bbox 1025 1213 1226 1264; x_wconf 81' lang='lat' dir='ltr'><strong>cernes,</strong></span> <span class='ocrx_word' id='word_1_68' title='bbox 1283 1207 1438 1274; x_wconf 87' lang='lat' dir='ltr'><strong>cujus</strong></span> <span class='ocrx_word' id='word_1_69' title='bbox 1469 1208 1699 1264; x_wconf 92' lang='lat' dir='ltr'><strong>consilio</strong></span> <span class='ocrx_word' id='word_1_70' title='bbox 1749 1226 1943 1268; x_wconf 90' lang='lat' dir='ltr'><strong>omnes</strong></span> <span class='ocrx_word' id='word_1_71' title='bbox 1968 1193 2110 1272; x_wconf 87' lang='lat' dir='ltr'><strong>ince-</strong></span> 
     </span>
    </p>
   </div>
   <div class='ocr_carea' id='block_1_12' title="bbox 526 1281 2108 1368">
    <p class='ocr_par' dir='ltr' id='par_1_12' title="bbox 526 1281 2108 1368">
     <span class='ocr_line' id='line_1_12' title="bbox 526 1281 2108 1368; baseline 0.019 -33"><span class='ocrx_word' id='word_1_72' title='bbox 526 1281 748 1348; x_wconf 87' lang='lat' dir='ltr'><strong>debant,</strong></span> <span class='ocrx_word' id='word_1_73' title='bbox 779 1285 902 1354; x_wconf 90' lang='lat' dir='ltr'><strong>quia</strong></span> <span class='ocrx_word' id='word_1_74' title='bbox 933 1287 1236 1359; x_wconf 87' lang='lat' dir='ltr'><strong>sollicitior,</strong></span> <span class='ocrx_word' id='word_1_75' title='bbox 1270 1297 1393 1364; x_wconf 84' lang='lat' dir='ltr'><strong>quia</strong></span> <span class='ocrx_word' id='word_1_76' title='bbox 1417 1300 1740 1368; x_wconf 84' lang='lat' dir='ltr'><strong>prudentior</strong></span> <span class='ocrx_word' id='word_1_77' title='bbox 1765 1303 1818 1359; x_wconf 89' lang='lat' dir='ltr'><strong>in</strong></span> <span class='ocrx_word' id='word_1_78' title='bbox 1858 1308 2108 1365; x_wconf 78' lang='lat' dir='ltr'><strong>omnibus</strong></span> 
     </span>
    </p>
   </div>
   <div class='ocr_carea' id='block_1_13' title="bbox 525 1375 2108 1468">
    <p class='ocr_par' dir='ltr' id='par_1_13' title="bbox 525 1375 2108 1468">
     <span class='ocr_line' id='line_1_13' title="bbox 525 1375 2108 1468; baseline 0.02 -44"><span class='ocrx_word' id='word_1_79' title='bbox 525 1375 754 1443; x_wconf 77' lang='lat' dir='ltr'><strong>agendis</strong></span> <span class='ocrx_word' id='word_1_80' title='bbox 783 1377 1030 1448; x_wconf 78' lang='lat' dir='ltr'><strong>vigilanti</strong></span> <span class='ocrx_word' id='word_1_81' title='bbox 1086 1398 1216 1439; x_wconf 87' lang='lat' dir='ltr'><strong>cura</strong></span> <span class='ocrx_word' id='word_1_82' title='bbox 1268 1397 1407 1454; x_wconf 89' lang='lat' dir='ltr'><strong>erat,</strong></span> <span class='ocrx_word' id='word_1_83' title='bbox 1466 1401 1685 1460; x_wconf 88' lang='lat' dir='ltr'><strong>pontem</strong></span> <span class='ocrx_word' id='word_1_84' title='bbox 1714 1411 1778 1450; x_wconf 78' lang='lat' dir='ltr'><strong>ex</strong></span> <span class='ocrx_word' id='word_1_85' title='bbox 1812 1397 1971 1468; x_wconf 79' lang='lat' dir='ltr'><strong>lignis</strong></span> <span class='ocrx_word' id='word_1_86' title='bbox 1999 1402 2108 1456; x_wconf 86' lang='lat' dir='ltr'><strong>cri-</strong></span> 
     </span>
    </p>
   </div>
   <div class='ocr_carea' id='block_1_14' title="bbox 521 1466 2108 1554">
    <p class='ocr_par' dir='ltr' id='par_1_14' title="bbox 521 1466 2108 1554">
     <span class='ocr_line' id='line_1_14' title="bbox 521 1466 2108 1554; baseline 0.02 -40"><span class='ocrx_word' id='word_1_87' title='bbox 521 1477 680 1530; x_wconf 71' lang='lat' dir='ltr'><strong>gens,</strong></span> <span class='ocrx_word' id='word_1_88' title='bbox 711 1466 782 1519; x_wconf 89' lang='lat' dir='ltr'><strong>ita</strong></span> <span class='ocrx_word' id='word_1_89' title='bbox 811 1477 960 1545; x_wconf 89' lang='lat' dir='ltr'><strong>trans</strong></span> <span class='ocrx_word' id='word_1_90' title='bbox 989 1470 1184 1528; x_wconf 84' lang='lat' dir='ltr'><strong>ﬂumen</strong></span> <span class='ocrx_word' id='word_1_91' title='bbox 1213 1477 1488 1534; x_wconf 86' lang='lat' dir='ltr'><strong>ordinavit</strong></span> <span class='ocrx_word' id='word_1_92' title='bbox 1530 1490 1589 1535; x_wconf 90' lang='lat' dir='ltr'><strong>ut</strong></span> <span class='ocrx_word' id='word_1_93' title='bbox 1617 1497 1717 1539; x_wconf 91' lang='lat' dir='ltr'><strong>suo</strong></span> <span class='ocrx_word' id='word_1_94' title='bbox 1739 1466 2020 1554; x_wconf 72' lang='lat' dir='ltr'><strong>exercitui,</strong></span> <span class='ocrx_word' id='word_1_95' title='bbox 2052 1501 2108 1545; x_wconf 90' lang='lat' dir='ltr'><strong>et</strong></span> 
     </span>
    </p>
   </div>
   <div class='ocr_carea' id='block_1_15' title="bbox 521 1556 2106 1652">
    <p class='ocr_par' dir='ltr' id='par_1_15' title="bbox 521 1556 2106 1652">
     <span class='ocr_line' id='line_1_15' title="bbox 521 1556 2106 1652; baseline 0.019 -44"><span class='ocrx_word' id='word_1_96' title='bbox 521 1556 702 1621; x_wconf 88' lang='lat' dir='ltr'><strong>ducis,</strong></span> <span class='ocrx_word' id='word_1_97' title='bbox 728 1558 903 1616; x_wconf 88' lang='lat' dir='ltr'><strong>libero</strong></span> <span class='ocrx_word' id='word_1_98' title='bbox 927 1565 1078 1620; x_wconf 90' lang='lat' dir='ltr'><strong>aditu</strong></span> <span class='ocrx_word' id='word_1_99' title='bbox 1109 1579 1347 1637; x_wconf 85' lang='lat' dir='ltr'><strong>patente,</strong></span> <span class='ocrx_word' id='word_1_100' title='bbox 1392 1572 1547 1628; x_wconf 86' lang='lat' dir='ltr'><strong>lieret</strong></span> <span class='ocrx_word' id='word_1_101' title='bbox 1597 1579 1871 1636; x_wconf 88' lang='lat' dir='ltr'><strong>transitus.</strong></span> <span class='ocrx_word' id='word_1_102' title='bbox 1909 1580 2106 1652; x_wconf 89' lang='lat' dir='ltr'><strong>Sicque</strong></span> 
     </span>
    </p>
   </div>
   <div class='ocr_carea' id='block_1_16' title="bbox 517 1651 2103 1740">
    <p class='ocr_par' dir='ltr' id='par_1_16' title="bbox 517 1651 2103 1740">
     <span class='ocr_line' id='line_1_16' title="bbox 517 1651 2103 1740; baseline 0.018 -38"><span class='ocrx_word' id='word_1_103' title='bbox 517 1651 651 1706; x_wconf 82' lang='lat' dir='ltr'><strong>urbs</strong></span> <span class='ocrx_word' id='word_1_104' title='bbox 685 1653 754 1708; x_wconf 87' lang='lat' dir='ltr'><strong>ab</strong></span> <span class='ocrx_word' id='word_1_105' title='bbox 787 1662 1016 1726; x_wconf 88' lang='lat' dir='ltr'><strong>utroque</strong></span> <span class='ocrx_word' id='word_1_106' title='bbox 1041 1661 1284 1716; x_wconf 82' lang='lat' dir='ltr'><strong>exercitu</strong></span> <span class='ocrx_word' id='word_1_107' title='bbox 1319 1663 1371 1718; x_wconf 90' lang='lat' dir='ltr'><strong>in</strong></span> <span class='ocrx_word' id='word_1_108' title='bbox 1404 1673 1610 1722; x_wconf 88' lang='lat' dir='ltr'><strong>tantum</strong></span> <span class='ocrx_word' id='word_1_109' title='bbox 1635 1684 1893 1739; x_wconf 77' lang='lat' dir='ltr'><strong>Oppressa</strong></span> <span class='ocrx_word' id='word_1_110' title='bbox 1918 1651 2103 1740; x_wconf 69' lang='lat' dir='ltr'><strong>est,nt</strong></span> 
     </span>
    </p>
   </div>
   <div class='ocr_carea' id='block_1_17' title="bbox 518 1743 2180 1832">
    <p class='ocr_par' dir='ltr' id='par_1_17' title="bbox 518 1743 2180 1832">
     <span class='ocr_line' id='line_1_17' title="bbox 518 1743 2180 1832; baseline 0.016 -37"><span class='ocrx_word' id='word_1_111' title='bbox 518 1743 664 1798; x_wconf 89' lang='lat' dir='ltr'><strong>nulla</strong></span> <span class='ocrx_word' id='word_1_112' title='bbox 693 1762 755 1800; x_wconf 79' lang='lat' dir='ltr'><strong>ex</strong></span> <span class='ocrx_word' id='word_1_113' title='bbox 788 1761 963 1817; x_wconf 89' lang='lat' dir='ltr'><strong>parte,</strong></span> <span class='ocrx_word' id='word_1_114' title='bbox 1017 1751 1169 1806; x_wconf 87' lang='lat' dir='ltr'><strong>arida</strong></span> <span class='ocrx_word' id='word_1_115' title='bbox 1220 1754 1304 1809; x_wconf 91' lang='lat' dir='ltr'><strong>vel</strong></span> <span class='ocrx_word' id='word_1_116' title='bbox 1337 1755 1564 1825; x_wconf 87' lang='lat' dir='ltr'><strong>liquida,</strong></span> <span class='ocrx_word' id='word_1_117' title='bbox 1621 1763 1939 1832; x_wconf 88' lang='lat' dir='ltr'><strong>cgrcdiendi</strong></span> <span class='ocrx_word' id='word_1_118' title='bbox 1989 1775 2104 1822; x_wconf 82' lang='lat' dir='ltr'><strong>tuto</strong></span> <span class='ocrx_word' id='word_1_119' title='bbox 2137 1761 2180 1815; x_wconf 86' lang='grc' dir='ltr'><strong>Β</strong></span> 
     </span>
    </p>
   </div>
   <div class='ocr_carea' id='block_1_18' title="bbox 463 1835 2105 1920">
    <p class='ocr_par' dir='ltr' id='par_1_18' title="bbox 463 1835 2105 1920">
     <span class='ocr_line' id='line_1_18' title="bbox 463 1835 2105 1920; baseline 0.015 -32"><span class='ocrx_word' id='word_1_120' title='bbox 463 1885 466 1888; x_wconf 83' lang='lat'><strong>.</strong></span> <span class='ocrx_word' id='word_1_121' title='bbox 517 1835 604 1890; x_wconf 83' lang='lat' dir='ltr'><strong>vel</strong></span> <span class='ocrx_word' id='word_1_122' title='bbox 637 1836 970 1906; x_wconf 80' lang='lat' dir='ltr'><strong>ingrediendi</strong></span> <span class='ocrx_word' id='word_1_123' title='bbox 1029 1843 1209 1899; x_wconf 86' lang='lat' dir='ltr'><strong>aditus</strong></span> <span class='ocrx_word' id='word_1_124' title='bbox 1256 1857 1509 1915; x_wconf 86' lang='lat' dir='ltr'><strong>pateret;</strong></span> <span class='ocrx_word' id='word_1_125' title='bbox 1565 1851 1677 1920; x_wconf 90' lang='lat' dir='ltr'><strong>ipse</strong></span> <span class='ocrx_word' id='word_1_126' title='bbox 1729 1865 1910 1910; x_wconf 89' lang='lat' dir='ltr'><strong>autem</strong></span> <span class='ocrx_word' id='word_1_127' title='bbox 1957 1859 2105 1912; x_wconf 90' lang='lat' dir='ltr'><strong>omni</strong></span> 
     </span>
    </p>
   </div>
   <div class='ocr_carea' id='block_1_19' title="bbox 521 1924 2102 2012">
    <p class='ocr_par' dir='ltr' id='par_1_19' title="bbox 521 1924 2102 2012">
     <span class='ocr_line' id='line_1_19' title="bbox 521 1924 2102 2012; baseline 0.015 -34"><span class='ocrx_word' id='word_1_128' title='bbox 521 1924 758 1983; x_wconf 84' lang='lat' dir='ltr'><strong>diluculo</strong></span> <span class='ocrx_word' id='word_1_129' title='bbox 781 1939 906 1986; x_wconf 89' lang='lat' dir='ltr'><strong>ante</strong></span> <span class='ocrx_word' id='word_1_130' title='bbox 955 1931 1128 1988; x_wconf 87' lang='lat' dir='ltr'><strong>lucem</strong></span> <span class='ocrx_word' id='word_1_131' title='bbox 1157 1949 1405 2006; x_wconf 78' lang='lat' dir='ltr'><strong>surgens,</strong></span> <span class='ocrx_word' id='word_1_132' title='bbox 1441 1951 1731 2012; x_wconf 84' lang='lat' dir='ltr'><strong>utrumque</strong></span> <span class='ocrx_word' id='word_1_133' title='bbox 1781 1947 2102 2012; x_wconf 78' lang='lat' dir='ltr'><strong>exercitum,</strong></span> 
     </span>
    </p>
   </div>
   <div class='ocr_carea' id='block_1_20' title="bbox 518 2027 2106 2096">
    <p class='ocr_par' dir='ltr' id='par_1_20' title="bbox 518 2027 2106 2096">
     <span class='ocr_line' id='line_1_20' title="bbox 518 2027 2106 2096; baseline 0.013 -23"><span class='ocrx_word' id='word_1_134' title='bbox 518 2030 741 2087; x_wconf 80' lang='lat' dir='ltr'><strong>pontem</strong></span> <span class='ocrx_word' id='word_1_135' title='bbox 775 2027 1106 2080; x_wconf 86' lang='lat' dir='ltr'><strong>transeundo</strong></span> <span class='ocrx_word' id='word_1_136' title='bbox 1161 2028 1422 2094; x_wconf 82' lang='lat' dir='ltr'><strong>invisens,</strong></span> <span class='ocrx_word' id='word_1_137' title='bbox 1454 2044 1635 2088; x_wconf 90' lang='lat' dir='ltr'><strong>utrum</strong></span> <span class='ocrx_word' id='word_1_138' title='bbox 1685 2038 1875 2091; x_wconf 88' lang='lat' dir='ltr'><strong>attenti</strong></span> <span class='ocrx_word' id='word_1_139' title='bbox 1923 2047 2106 2096; x_wconf 86' lang='lat' dir='ltr'><strong>essent</strong></span> 
     </span>
    </p>
   </div>
   <div class='ocr_carea' id='block_1_21' title="bbox 520 2107 2106 2197">
    <p class='ocr_par' dir='ltr' id='par_1_21' title="bbox 520 2107 2106 2197">
     <span class='ocr_line' id='line_1_21' title="bbox 520 2107 2106 2197; baseline 0.015 -37"><span class='ocrx_word' id='word_1_140' title='bbox 520 2107 588 2160; x_wconf 91' lang='lat' dir='ltr'><strong>ad</strong></span> <span class='ocrx_word' id='word_1_141' title='bbox 611 2111 868 2166; x_wconf 77' lang='lat' dir='ltr'><strong>excubias</strong></span> <span class='ocrx_word' id='word_1_142' title='bbox 894 2113 1067 2172; x_wconf 88' lang='lat' dir='ltr'><strong>visum</strong></span> <span class='ocrx_word' id='word_1_143' title='bbox 1094 2116 1227 2182; x_wconf 85' lang='lat' dir='ltr'><strong>ibat,</strong></span> <span class='ocrx_word' id='word_1_144' title='bbox 1255 2123 1557 2190; x_wconf 77' lang='lat' dir='ltr'><strong>ducemque</strong></span> <span class='ocrx_word' id='word_1_145' title='bbox 1586 2131 1641 2177; x_wconf 92' lang='lat' dir='ltr'><strong>et</strong></span> <span class='ocrx_word' id='word_1_146' title='bbox 1687 2125 1984 2197; x_wconf 86' lang='lat' dir='ltr'><strong>principem</strong></span> <span class='ocrx_word' id='word_1_147' title='bbox 2011 2129 2106 2183; x_wconf 73' lang='lat' dir='ltr'><strong>ad~</strong></span> 
     </span>
    </p>
   </div>
   <div class='ocr_carea' id='block_1_22' title="bbox 521 2199 2102 2276">
    <p class='ocr_par' dir='ltr' id='par_1_22' title="bbox 521 2199 2102 2276">
     <span class='ocr_line' id='line_1_22' title="bbox 521 2199 2102 2276; baseline 0.013 -24"><span class='ocrx_word' id='word_1_148' title='bbox 521 2199 628 2256; x_wconf 90' lang='lat' dir='ltr'><strong>huc</strong></span> <span class='ocrx_word' id='word_1_149' title='bbox 651 2215 842 2258; x_wconf 89' lang='lat' dir='ltr'><strong>somno</strong></span> <span class='ocrx_word' id='word_1_150' title='bbox 869 2219 1159 2274; x_wconf 87' lang='lat' dir='ltr'><strong>oppressos</strong></span> <span class='ocrx_word' id='word_1_151' title='bbox 1209 2209 1514 2276; x_wconf 83' lang='lat' dir='ltr'><strong>inveniens,</strong></span> <span class='ocrx_word' id='word_1_152' title='bbox 1563 2215 1800 2270; x_wconf 89' lang='lat' dir='ltr'><strong>ludibrio</strong></span> <span class='ocrx_word' id='word_1_153' title='bbox 1847 2218 2102 2274; x_wconf 87' lang='lat' dir='ltr'><strong>habebat.</strong></span> 
     </span>
    </p>
   </div>
   <div class='ocr_carea' id='block_1_23' title="bbox 515 2291 2101 2382">
    <p class='ocr_par' dir='ltr' id='par_1_23' title="bbox 515 2291 2101 2382">
     <span class='ocr_line' id='line_1_23' title="bbox 515 2291 2101 2382; baseline 0.015 -37"><span class='ocrx_word' id='word_1_154' title='bbox 515 2291 690 2348; x_wconf 86' lang='lat' dir='ltr'><strong>Porro</strong></span> <span class='ocrx_word' id='word_1_155' title='bbox 718 2296 816 2365; x_wconf 89' lang='lat' dir='ltr'><strong>ipsi</strong></span> <span class='ocrx_word' id='word_1_156' title='bbox 844 2301 1038 2354; x_wconf 86' lang='lat' dir='ltr'><strong>rubore</strong></span> <span class='ocrx_word' id='word_1_157' title='bbox 1062 2301 1550 2373; x_wconf 74' lang='lat' dir='ltr'><strong>perfundebantur,</strong></span> <span class='ocrx_word' id='word_1_158' title='bbox 1571 2310 1714 2377; x_wconf 92' lang='lat' dir='ltr'><strong>quod</strong></span> <span class='ocrx_word' id='word_1_159' title='bbox 1730 2309 1955 2378; x_wconf 88' lang='lat' dir='ltr'><strong>juvenes</strong></span> <span class='ocrx_word' id='word_1_160' title='bbox 1979 2313 2101 2382; x_wconf 87' lang='lat' dir='ltr'><strong>ipsi,</strong></span> 
     </span>
    </p>
   </div>
   <div class='ocr_carea' id='block_1_24' title="bbox 516 2385 2105 2475">
    <p class='ocr_par' dir='ltr' id='par_1_24' title="bbox 516 2385 2105 2475">
     <span class='ocr_line' id='line_1_24' title="bbox 516 2385 2105 2475; baseline 0.015 -39"><span class='ocrx_word' id='word_1_161' title='bbox 516 2393 572 2438; x_wconf 89' lang='lat' dir='ltr'><strong>et</strong></span> <span class='ocrx_word' id='word_1_162' title='bbox 606 2385 674 2438; x_wconf 88' lang='lat' dir='ltr'><strong>ad</strong></span> <span class='ocrx_word' id='word_1_163' title='bbox 701 2401 838 2456; x_wconf 91' lang='lat' dir='ltr'><strong>quos</strong></span> <span class='ocrx_word' id='word_1_164' title='bbox 866 2391 1196 2460; x_wconf 90' lang='lat' dir='ltr'><strong>peculiarius</strong></span> <span class='ocrx_word' id='word_1_165' title='bbox 1242 2397 1518 2466; x_wconf 80' lang='lat' dir='ltr'><strong>negotium</strong></span> <span class='ocrx_word' id='word_1_166' title='bbox 1574 2402 1863 2468; x_wconf 77' lang='lat' dir='ltr'><strong>attinebat,</strong></span> <span class='ocrx_word' id='word_1_167' title='bbox 1890 2407 2105 2475; x_wconf 84' lang='lat' dir='ltr'><strong>segnio-</strong></span> 
     </span>
    </p>
   </div>
   <div class='ocr_carea' id='block_1_25' title="bbox 516 2479 2101 2565">
    <p class='ocr_par' dir='ltr' id='par_1_25' title="bbox 516 2479 2101 2565">
     <span class='ocr_line' id='line_1_25' title="bbox 516 2479 2101 2565; baseline 0.013 -35"><span class='ocrx_word' id='word_1_168' title='bbox 516 2491 606 2532; x_wconf 93' lang='lat' dir='ltr'><strong>res</strong></span> <span class='ocrx_word' id='word_1_169' title='bbox 644 2479 841 2544; x_wconf 75' lang='lat' dir='ltr'><strong>forent,</strong></span> <span class='ocrx_word' id='word_1_170' title='bbox 875 2483 1097 2551; x_wconf 88' lang='lat' dir='ltr'><strong>comite,</strong></span> <span class='ocrx_word' id='word_1_171' title='bbox 1131 2491 1488 2556; x_wconf 84' lang='lat' dir='ltr'><strong>provectioris</strong></span> <span class='ocrx_word' id='word_1_172' title='bbox 1537 2493 1735 2557; x_wconf 70' lang='lat' dir='ltr'><strong>artatis,</strong></span> <span class='ocrx_word' id='word_1_173' title='bbox 1771 2505 1825 2550; x_wconf 90' lang='lat' dir='ltr'><strong>et</strong></span> <span class='ocrx_word' id='word_1_174' title='bbox 1857 2497 2101 2565; x_wconf 85' lang='lat' dir='ltr'><strong>corporis</strong></span> 
     </span>
    </p>
   </div>
   <div class='ocr_carea' id='block_1_26' title="bbox 515 2569 2104 2659">
    <p class='ocr_par' dir='ltr' id='par_1_26' title="bbox 515 2569 2104 2659">
     <span class='ocr_line' id='line_1_26' title="bbox 515 2569 2104 2659; baseline 0.014 -36"><span class='ocrx_word' id='word_1_175' title='bbox 515 2569 795 2642; x_wconf 74' lang='lat' dir='ltr'><strong>plagarum</strong></span> <span class='ocrx_word' id='word_1_176' title='bbox 829 2574 1186 2649; x_wconf 83' lang='lat' dir='ltr'><strong>laborumque</strong></span> <span class='ocrx_word' id='word_1_177' title='bbox 1231 2582 1546 2653; x_wconf 84' lang='lat' dir='ltr'><strong>asperitatis</strong></span> <span class='ocrx_word' id='word_1_178' title='bbox 1590 2585 1708 2641; x_wconf 87' lang='lat' dir='ltr'><strong>viro</strong></span> <span class='ocrx_word' id='word_1_179' title='bbox 1758 2588 2104 2659; x_wconf 86' lang='lat' dir='ltr'><strong>vigilantiore</strong></span> 
     </span>
    </p>
   </div>
   <div class='ocr_carea' id='block_1_27' title="bbox 517 2665 2100 2754">
    <p class='ocr_par' dir='ltr' id='par_1_27' title="bbox 517 2665 2100 2754">
     <span class='ocr_line' id='line_1_27' title="bbox 517 2665 2100 2754; baseline 0.013 -36"><span class='ocrx_word' id='word_1_180' title='bbox 517 2665 806 2722; x_wconf 64' lang='lat' dir='ltr'><strong>existente.</strong></span> <span class='ocrx_word' id='word_1_181' title='bbox 840 2667 976 2723; x_wconf 82' lang='lat' dir='ltr'><strong>Nam</strong></span> <span class='ocrx_word' id='word_1_182' title='bbox 1007 2680 1062 2726; x_wconf 84' lang='lat' dir='ltr'><strong>et</strong></span> <span class='ocrx_word' id='word_1_183' title='bbox 1092 2673 1160 2727; x_wconf 91' lang='lat' dir='ltr'><strong>ab</strong></span> <span class='ocrx_word' id='word_1_184' title='bbox 1206 2677 1353 2731; x_wconf 92' lang='lat' dir='ltr'><strong>omni</strong></span> <span class='ocrx_word' id='word_1_185' title='bbox 1381 2679 1625 2734; x_wconf 82' lang='lat' dir='ltr'><strong>exercitu</strong></span> <span class='ocrx_word' id='word_1_186' title='bbox 1681 2679 1799 2748; x_wconf 88' lang='lat' dir='ltr'><strong>ejus</strong></span> <span class='ocrx_word' id='word_1_187' title='bbox 1825 2682 2100 2754; x_wconf 83' lang='lat' dir='ltr'><strong>vigilantia</strong></span> 
     </span>
    </p>
   </div>
   <div class='ocr_carea' id='block_1_28' title="bbox 517 2755 2104 2843">
    <p class='ocr_par' dir='ltr' id='par_1_28' title="bbox 517 2755 2104 2843">
     <span class='ocr_line' id='line_1_28' title="bbox 517 2755 2104 2843; baseline 0.014 -36"><span class='ocrx_word' id='word_1_188' title='bbox 517 2755 869 2814; x_wconf 85' lang='lat' dir='ltr'><strong>admirationi</strong></span> <span class='ocrx_word' id='word_1_189' title='bbox 891 2771 1035 2826; x_wconf 86' lang='lat' dir='ltr'><strong>erat,</strong></span> <span class='ocrx_word' id='word_1_190' title='bbox 1076 2777 1379 2835; x_wconf 90' lang='lat' dir='ltr'><strong>omnesque</strong></span> <span class='ocrx_word' id='word_1_191' title='bbox 1425 2767 1479 2821; x_wconf 93' lang='lat' dir='ltr'><strong>in</strong></span> <span class='ocrx_word' id='word_1_192' title='bbox 1532 2772 1650 2837; x_wconf 84' lang='lat' dir='ltr'><strong>ejus</strong></span> <span class='ocrx_word' id='word_1_193' title='bbox 1681 2771 1930 2842; x_wconf 85' lang='lat' dir='ltr'><strong>exemplo</strong></span> <span class='ocrx_word' id='word_1_194' title='bbox 1970 2774 2104 2843; x_wconf 82' lang='lat' dir='ltr'><strong>vigi-</strong></span> 
     </span>
    </p>
   </div>
   <div class='ocr_carea' id='block_1_29' title="bbox 515 2844 2102 2918">
    <p class='ocr_par' dir='ltr' id='par_1_29' title="bbox 515 2844 2102 2918">
     <span class='ocr_line' id='line_1_29' title="bbox 515 2844 2102 2918; baseline 0.014 -21"><span class='ocrx_word' id='word_1_195' title='bbox 515 2844 776 2903; x_wconf 81' lang='lat' dir='ltr'><strong>lantiores</strong></span> <span class='ocrx_word' id='word_1_196' title='bbox 807 2849 1190 2918; x_wconf 88' lang='lat' dir='ltr'><strong>reddebantur,</strong></span> <span class='ocrx_word' id='word_1_197' title='bbox 1219 2870 1363 2912; x_wconf 87' lang='lat' dir='ltr'><strong>anno</strong></span> <span class='ocrx_word' id='word_1_198' title='bbox 1390 2858 1680 2916; x_wconf 78' lang='lat' dir='ltr'><strong>Dominica:</strong></span> <span class='ocrx_word' id='word_1_199' title='bbox 1709 2861 2102 2918; x_wconf 88' lang='lat' dir='ltr'><strong>lncarnationis</strong></span> 
     </span>
    </p>
   </div>
   <div class='ocr_carea' id='block_1_30' title="bbox 517 2937 2102 3014">
    <p class='ocr_par' dir='ltr' id='par_1_30' title="bbox 517 2937 2102 3014">
     <span class='ocr_line' id='line_1_30' title="bbox 517 2937 2102 3014; baseline 0.013 -24"><span class='ocrx_word' id='word_1_200' title='bbox 517 2937 678 3003; x_wconf 69' lang='lat'><strong>1097,</strong></span> <span class='ocrx_word' id='word_1_201' title='bbox 710 2940 783 2994; x_wconf 91' lang='lat' dir='ltr'><strong>ibi</strong></span> <span class='ocrx_word' id='word_1_202' title='bbox 813 2955 874 2996; x_wconf 91' lang='lat' dir='ltr'><strong>se</strong></span> <span class='ocrx_word' id='word_1_203' title='bbox 895 2941 1271 3014; x_wconf 69' lang='lat' dir='ltr'><strong>imprzegnavit</strong></span> <span class='ocrx_word' id='word_1_204' title='bbox 1298 2949 1577 3006; x_wconf 87' lang='lat' dir='ltr'><strong>comitissa</strong></span> <span class='ocrx_word' id='word_1_205' title='bbox 1609 2949 1862 3008; x_wconf 80' lang='lat' dir='ltr'><strong>Adalasia</strong></span> <span class='ocrx_word' id='word_1_206' title='bbox 1914 2954 1980 3008; x_wconf 90' lang='lat' dir='ltr'><strong>de</strong></span> <span class='ocrx_word' id='word_1_207' title='bbox 2008 2968 2102 3010; x_wconf 89' lang='lat' dir='ltr'><strong>co-</strong></span> 
     </span>
    </p>
   </div>
   <div class='ocr_carea' id='block_1_31' title="bbox 517 3027 928 3104">
    <p class='ocr_par' dir='ltr' id='par_1_31' title="bbox 517 3027 928 3104">
     <span class='ocr_line' id='line_1_31' title="bbox 517 3027 928 3104; baseline 0.015 -25"><span class='ocrx_word' id='word_1_208' title='bbox 517 3027 652 3082; x_wconf 82' lang='lat' dir='ltr'><strong>mite</strong></span> <span class='ocrx_word' id='word_1_209' title='bbox 675 3027 928 3104; x_wconf 77' lang='lat' dir='ltr'><strong>Rogerio.</strong></span> 
     </span>
    </p>
   </div>
   <div class='ocr_carea' id='block_1_32' title="bbox 1073 3145 1550 3210">
    <p class='ocr_par' dir='ltr' id='par_1_32' title="bbox 1073 3145 1550 3210">
     <span class='ocr_line' id='line_1_32' title="bbox 1073 3145 1550 3210; baseline 0.015 -7"><span class='ocrx_word' id='word_1_210' title='bbox 1073 3145 1301 3206; x_wconf 85' lang='lat' dir='ltr'><strong>CAPUT</strong></span> <span class='ocrx_word' id='word_1_211' title='bbox 1339 3151 1550 3210; x_wconf 75' lang='lat' dir='ltr'><strong>XXVII.</strong></span> 
     </span>
    </p>
   </div>
   <div class='ocr_carea' id='block_1_33' title="bbox 591 3229 2032 3326">
    <p class='ocr_par' dir='ltr' id='par_1_33' title="bbox 591 3229 2032 3326">
     <span class='ocr_line' id='line_1_33' title="bbox 591 3229 2032 3326; baseline 0.014 -39"><span class='ocrx_word' id='word_1_212' title='bbox 591 3229 834 3288; x_wconf 75' lang='lat' dir='ltr'><strong>Urbanus</strong></span> <span class='ocrx_word' id='word_1_213' title='bbox 853 3251 992 3307; x_wconf 84' lang='lat' dir='ltr'><strong>papa</strong></span> <span class='ocrx_word' id='word_1_214' title='bbox 1021 3240 1090 3292; x_wconf 81' lang='lat' dir='ltr'><strong>ad</strong></span> <span class='ocrx_word' id='word_1_215' title='bbox 1119 3242 1257 3324; x_wconf 68' lang='lat' dir='ltr'><strong>ipsos</strong></span> <span class='ocrx_word' id='word_1_216' title='bbox 1287 3245 1502 3326; x_wconf 64' lang='lat' dir='ltr'><strong>tendens</strong></span> <span class='ocrx_word' id='word_1_217' title='bbox 1525 3263 1708 3317; x_wconf 81' lang='lat' dir='ltr'><strong>pacem</strong></span> <span class='ocrx_word' id='word_1_218' title='bbox 1730 3266 2032 3307; x_wconf 77' lang='lat' dir='ltr'><strong>conmanere</strong></span> 
     </span>
    </p>
   </div>
   <div class='ocr_carea' id='block_1_34' title="bbox 1199 3323 1406 3369">
    <p class='ocr_par' dir='ltr' id='par_1_34' title="bbox 1199 3323 1406 3369">
     <span class='ocr_line' id='line_1_34' title="bbox 1199 3323 1406 3369; baseline 0.014 -3"><span class='ocrx_word' id='word_1_219' title='bbox 1199 3323 1406 3369; x_wconf 82' lang='lat' dir='ltr'><strong>nm‘tur.</strong></span> 
     </span>
    </p>
   </div>
   <div class='ocr_carea' id='block_1_35' title="bbox 584 3395 2102 3482">
    <p class='ocr_par' dir='ltr' id='par_1_35' title="bbox 584 3395 2102 3482">
     <span class='ocr_line' id='line_1_35' title="bbox 584 3395 2102 3482; baseline 0.014 -32"><span class='ocrx_word' id='word_1_220' title='bbox 584 3395 719 3451; x_wconf 82' lang='lat' dir='ltr'><strong>Cum</strong></span> <span class='ocrx_word' id='word_1_221' title='bbox 740 3395 842 3453; x_wconf 91' lang='lat' dir='ltr'><strong>ista</strong></span> <span class='ocrx_word' id='word_1_222' title='bbox 861 3410 1114 3470; x_wconf 82' lang='lat' dir='ltr'><strong>aguntur,</strong></span> <span class='ocrx_word' id='word_1_223' title='bbox 1135 3418 1276 3474; x_wconf 87' lang='lat' dir='ltr'><strong>papa</strong></span> <span class='ocrx_word' id='word_1_224' title='bbox 1302 3405 1570 3474; x_wconf 89' lang='lat' dir='ltr'><strong>Urbanus,</strong></span> <span class='ocrx_word' id='word_1_225' title='bbox 1599 3410 1924 3482; x_wconf 91' lang='lat' dir='ltr'><strong>colloquium</strong></span> <span class='ocrx_word' id='word_1_226' title='bbox 1949 3414 2102 3470; x_wconf 87' lang='lat' dir='ltr'><strong>ducis</strong></span> 
     </span>
    </p>
   </div>
   <div class='ocr_carea' id='block_1_36' title="bbox 513 3490 2101 3576">
    <p class='ocr_par' dir='ltr' id='par_1_36' title="bbox 513 3490 2101 3576">
     <span class='ocr_line' id='line_1_36' title="bbox 513 3490 2101 3576; baseline 0.013 -35"><span class='ocrx_word' id='word_1_227' title='bbox 513 3499 566 3542; x_wconf 82' lang='lat' dir='ltr'><strong>et</strong></span> <span class='ocrx_word' id='word_1_228' title='bbox 599 3490 815 3544; x_wconf 89' lang='lat' dir='ltr'><strong>comitis</strong></span> <span class='ocrx_word' id='word_1_229' title='bbox 847 3491 1182 3561; x_wconf 89' lang='lat' dir='ltr'><strong>desiderans,</strong></span> <span class='ocrx_word' id='word_1_230' title='bbox 1225 3511 1257 3552; x_wconf 84' lang='lat' dir='ltr'><strong>a</strong></span> <span class='ocrx_word' id='word_1_231' title='bbox 1308 3498 1478 3555; x_wconf 80' lang='lat' dir='ltr'><strong>Roma</strong></span> <span class='ocrx_word' id='word_1_232' title='bbox 1525 3505 1910 3572; x_wconf 72' lang='lat' dir='ltr'><strong>progrediens,</strong></span> <span class='ocrx_word' id='word_1_233' title='bbox 1960 3506 2101 3576; x_wconf 89' lang='lat' dir='ltr'><strong>apud</strong></span> 
     </span>
    </p>
   </div>
   <div class='ocr_carea' id='block_1_37' title="bbox 512 3579 2101 3668">
    <p class='ocr_par' dir='ltr' id='par_1_37' title="bbox 512 3579 2101 3668">
     <span class='ocr_line' id='line_1_37' title="bbox 512 3579 2101 3668; baseline 0.014 -37"><span class='ocrx_word' id='word_1_234' title='bbox 512 3579 774 3649; x_wconf 88' lang='lat' dir='ltr'><strong>Capuam,</strong></span> <span class='ocrx_word' id='word_1_235' title='bbox 805 3582 894 3637; x_wconf 82' lang='lat' dir='ltr'><strong>ubi</strong></span> <span class='ocrx_word' id='word_1_236' title='bbox 922 3584 1290 3643; x_wconf 86' lang='lat' dir='ltr'><strong>obsessionem</strong></span> <span class='ocrx_word' id='word_1_237' title='bbox 1317 3594 1588 3660; x_wconf 86' lang='lat' dir='ltr'><strong>tenebant,</strong></span> <span class='ocrx_word' id='word_1_238' title='bbox 1617 3596 1790 3660; x_wconf 84' lang='lat' dir='ltr'><strong>venit;</strong></span> <span class='ocrx_word' id='word_1_239' title='bbox 1812 3613 2101 3668; x_wconf 86' lang='lat' dir='ltr'><strong>comesque</strong></span> 
     </span>
    </p>
   </div>
   <div class='ocr_carea' id='block_1_38' title="bbox 513 3673 2103 3761">
    <p class='ocr_par' dir='ltr' id='par_1_38' title="bbox 513 3673 2103 3761">
     <span class='ocr_line' id='line_1_38' title="bbox 513 3673 2103 3761; baseline 0.012 -35"><span class='ocrx_word' id='word_1_240' title='bbox 513 3686 609 3726; x_wconf 81' lang='lat' dir='ltr'><strong>sex</strong></span> <span class='ocrx_word' id='word_1_241' title='bbox 640 3673 869 3730; x_wconf 90' lang='lat' dir='ltr'><strong>tentoria</strong></span> <span class='ocrx_word' id='word_1_242' title='bbox 898 3675 974 3731; x_wconf 90' lang='lat' dir='ltr'><strong>illi</strong></span> <span class='ocrx_word' id='word_1_243' title='bbox 1003 3679 1307 3736; x_wconf 90' lang='lat' dir='ltr'><strong>deliberans</strong></span> <span class='ocrx_word' id='word_1_244' title='bbox 1330 3683 1397 3739; x_wconf 87' lang='lat' dir='ltr'><strong>ad</strong></span> <span class='ocrx_word' id='word_1_245' title='bbox 1421 3687 1824 3755; x_wconf 89' lang='lat' dir='ltr'><strong>nospitandum,</strong></span> <span class='ocrx_word' id='word_1_246' title='bbox 1851 3699 2103 3761; x_wconf 89' lang='lat' dir='ltr'><strong>sumptus</strong></span> 
     </span>
    </p>
   </div>
   <div class='ocr_carea' id='block_1_39' title="bbox 515 3768 2100 3856">
    <p class='ocr_par' dir='ltr' id='par_1_39' title="bbox 515 3768 2100 3856">
     <span class='ocr_line' id='line_1_39' title="bbox 515 3768 2100 3856; baseline 0.015 -38"><span class='ocrx_word' id='word_1_247' title='bbox 515 3768 858 3824; x_wconf 84' lang='lat' dir='ltr'><strong>necessarios</strong></span> <span class='ocrx_word' id='word_1_248' title='bbox 893 3770 1359 3832; x_wconf 86' lang='lat' dir='ltr'><strong>abundantissime</strong></span> <span class='ocrx_word' id='word_1_249' title='bbox 1403 3780 1756 3838; x_wconf 86' lang='lat' dir='ltr'><strong>ministravit.</strong></span> <span class='ocrx_word' id='word_1_250' title='bbox 1789 3783 1961 3840; x_wconf 83' lang='lat' dir='ltr'><strong>Porro</strong></span> <span class='ocrx_word' id='word_1_251' title='bbox 1985 3787 2100 3856; x_wconf 88' lang='lat' dir='ltr'><strong>ipse</strong></span> 
     </span>
    </p>
   </div>
   <div class='ocr_carea' id='block_1_40' title="bbox 515 3857 2098 3948">
    <p class='ocr_par' dir='ltr' id='par_1_40' title="bbox 515 3857 2098 3948">
     <span class='ocr_line' id='line_1_40' title="bbox 515 3857 2098 3948; baseline 0.015 -38"><span class='ocrx_word' id='word_1_252' title='bbox 515 3857 696 3948; x_wconf 80' lang='lat' dir='ltr'><strong>sciens</strong></span> <span class='ocrx_word' id='word_1_253' title='bbox 717 3860 978 3929; x_wconf 84' lang='lat' dir='ltr'><strong>scriptum</strong></span> <span class='ocrx_word' id='word_1_254' title='bbox 1005 3879 1021 3916; x_wconf 89' lang='lat'><strong>:</strong></span> <span class='ocrx_word' id='word_1_255' title='bbox 1048 3863 1202 3921; x_wconf 84' lang='lat' dir='ltr'><strong>Beati</strong></span> <span class='ocrx_word' id='word_1_256' title='bbox 1228 3870 1382 3938; x_wconf 80' lang='lat' dir='ltr'><strong>pedes</strong></span> <span class='ocrx_word' id='word_1_257' title='bbox 1413 3875 1880 3942; x_wconf 71' lang='lat' dir='ltr'><strong>evangeliaautium</strong></span> <span class='ocrx_word' id='word_1_258' title='bbox 1919 3896 2098 3948; x_wconf 82' lang='lat' dir='ltr'><strong>pacem</strong></span> 
     </span>
    </p>
   </div>
   <div class='ocr_carea' id='block_1_41' title="bbox 515 3946 2098 4036">
    <p class='ocr_par' dir='ltr' id='par_1_41' title="bbox 515 3946 2098 4036">
     <span class='ocr_line' id='line_1_41' title="bbox 515 3946 2098 4036; baseline 0.016 -35"><span class='ocrx_word' id='word_1_259' title='bbox 515 3946 696 4019; x_wconf 80' lang='lat' dir='ltr'><strong>(Rom.</strong></span> <span class='ocrx_word' id='word_1_260' title='bbox 729 3950 820 4015; x_wconf 72' lang='lat' dir='ltr'><strong>xi;</strong></span> <span class='ocrx_word' id='word_1_261' title='bbox 853 3960 948 4006; x_wconf 88' lang='lat' dir='ltr'><strong>et:</strong></span> <span class='ocrx_word' id='word_1_262' title='bbox 981 3953 1133 4010; x_wconf 86' lang='lat' dir='ltr'><strong>Beati</strong></span> <span class='ocrx_word' id='word_1_263' title='bbox 1157 3961 1384 4028; x_wconf 79' lang='lat' dir='ltr'><strong>paciﬁci,</strong></span> <span class='ocrx_word' id='word_1_264' title='bbox 1415 3969 1665 4033; x_wconf 81' lang='lat' dir='ltr'><strong>quoniam</strong></span> <span class='ocrx_word' id='word_1_265' title='bbox 1693 3968 1795 4036; x_wconf 80' lang='lat' dir='ltr'><strong>ﬁlii</strong></span> <span class='ocrx_word' id='word_1_266' title='bbox 1820 3946 1926 4024; x_wconf 80' lang='lat' dir='ltr'><strong>Dei</strong></span> <span class='ocrx_word' id='word_1_267' title='bbox 1946 3989 2098 4026; x_wconf 84' lang='lat' dir='ltr'><strong>voca-</strong></span> 
     </span>
    </p>
   </div>
   <div class='ocr_carea' id='block_1_42' title="bbox 515 4040 2098 4127">
    <p class='ocr_par' dir='ltr' id='par_1_42' title="bbox 515 4040 2098 4127">
     <span class='ocr_line' id='line_1_42' title="bbox 515 4040 2098 4127; baseline 0.016 -35"><span class='ocrx_word' id='word_1_268' title='bbox 515 4040 708 4095; x_wconf 84' lang='lat' dir='ltr'><strong>buntur</strong></span> <span class='ocrx_word' id='word_1_269' title='bbox 741 4042 958 4114; x_wconf 77' lang='lat' dir='ltr'><strong>(Matth.</strong></span> <span class='ocrx_word' id='word_1_270' title='bbox 988 4047 1106 4111; x_wconf 87' lang='lat' dir='ltr'><strong>v.);</strong></span> <span class='ocrx_word' id='word_1_271' title='bbox 1141 4057 1196 4103; x_wconf 86' lang='lat' dir='ltr'><strong>et</strong></span> <span class='ocrx_word' id='word_1_272' title='bbox 1243 4050 1370 4106; x_wconf 82' lang='lat' dir='ltr'><strong>alibi</strong></span> <span class='ocrx_word' id='word_1_273' title='bbox 1419 4056 1680 4127; x_wconf 90' lang='lat' dir='ltr'><strong>scriptum</strong></span> <span class='ocrx_word' id='word_1_274' title='bbox 1728 4070 1850 4115; x_wconf 91' lang='lat' dir='ltr'><strong>est:</strong></span> <span class='ocrx_word' id='word_1_275' title='bbox 1906 4062 2098 4118; x_wconf 78' lang='lat' dir='ltr'><strong>Pacem</strong></span> 
     </span>
    </p>
   </div>
   <div class='ocr_carea' id='block_1_43' title="bbox 513 4133 2097 4210">
    <p class='ocr_par' dir='ltr' id='par_1_43' title="bbox 513 4133 2097 4210">
     <span class='ocr_line' id='line_1_43' title="bbox 513 4133 2097 4210; baseline 0.014 -22"><span class='ocrx_word' id='word_1_276' title='bbox 513 4133 718 4199; x_wconf 80' lang='lat' dir='ltr'><strong>habete,</strong></span> <span class='ocrx_word' id='word_1_277' title='bbox 761 4145 808 4192; x_wconf 82' lang='lat' dir='ltr'><strong>et</strong></span> <span class='ocrx_word' id='word_1_278' title='bbox 857 4136 1001 4194; x_wconf 88' lang='lat' dir='ltr'><strong>Deus</strong></span> <span class='ocrx_word' id='word_1_279' title='bbox 1045 4142 1194 4208; x_wconf 76' lang='lat' dir='ltr'><strong>raris</strong></span> <span class='ocrx_word' id='word_1_280' title='bbox 1234 4154 1285 4199; x_wconf 85' lang='lat' dir='ltr'><strong>et</strong></span> <span class='ocrx_word' id='word_1_281' title='bbox 1339 4146 1633 4204; x_wconf 77' lang='lat' dir='ltr'><strong>dilectionis</strong></span> <span class='ocrx_word' id='word_1_282' title='bbox 1685 4152 1780 4205; x_wconf 83' lang='lat' dir='ltr'><strong>erit</strong></span> <span class='ocrx_word' id='word_1_283' title='bbox 1839 4155 2097 4210; x_wconf 67' lang='lat' dir='ltr'><strong>uobiscum</strong></span> 
     </span>
    </p>
   </div>
   <div class='ocr_carea' id='block_1_44' title="bbox 513 4223 2099 4309">
    <p class='ocr_par' dir='ltr' id='par_1_44' title="bbox 513 4223 2099 4309">
     <span class='ocr_line' id='line_1_44' title="bbox 513 4223 2099 4309; baseline 0.015 -32"><span class='ocrx_word' id='word_1_284' title='bbox 513 4223 598 4296; x_wconf 84' lang='lat' dir='ltr'><strong>(II</strong></span> <span class='ocrx_word' id='word_1_285' title='bbox 632 4224 756 4282; x_wconf 84' lang='lat' dir='ltr'><strong>Cor.</strong></span> <span class='ocrx_word' id='word_1_286' title='bbox 790 4229 935 4300; x_wconf 88' lang='lat' dir='ltr'><strong>xm),</strong></span> <span class='ocrx_word' id='word_1_287' title='bbox 968 4239 1023 4286; x_wconf 90' lang='lat' dir='ltr'><strong>et</strong></span> <span class='ocrx_word' id='word_1_288' title='bbox 1044 4234 1281 4292; x_wconf 82' lang='lat' dir='ltr'><strong>maxime</strong></span> <span class='ocrx_word' id='word_1_289' title='bbox 1304 4238 1430 4307; x_wconf 84' lang='lat' dir='ltr'><strong>quia</strong></span> <span class='ocrx_word' id='word_1_290' title='bbox 1461 4240 1688 4309; x_wconf 88' lang='lat' dir='ltr'><strong>sciebat,</strong></span> <span class='ocrx_word' id='word_1_291' title='bbox 1738 4245 1904 4299; x_wconf 91' lang='lat' dir='ltr'><strong>totius</strong></span> <span class='ocrx_word' id='word_1_292' title='bbox 1942 4244 2099 4301; x_wconf 89' lang='lat' dir='ltr'><strong>Chri-</strong></span> 
     </span>
    </p>
   </div>
   <div class='ocr_carea' id='block_1_45' title="bbox 511 4318 2098 4408">
    <p class='ocr_par' dir='ltr' id='par_1_45' title="bbox 511 4318 2098 4408">
     <span class='ocr_line' id='line_1_45' title="bbox 511 4318 2098 4408; baseline 0.014 -36"><span class='ocrx_word' id='word_1_293' title='bbox 511 4318 810 4376; x_wconf 85' lang='lat' dir='ltr'><strong>stianitatis</strong></span> <span class='ocrx_word' id='word_1_294' title='bbox 837 4337 1024 4378; x_wconf 89' lang='lat' dir='ltr'><strong>curam</strong></span> <span class='ocrx_word' id='word_1_295' title='bbox 1055 4339 1166 4380; x_wconf 73' lang='lat' dir='ltr'><strong>sure</strong></span> <span class='ocrx_word' id='word_1_296' title='bbox 1191 4329 1487 4396; x_wconf 88' lang='lat' dir='ltr'><strong>provisioni</strong></span> <span class='ocrx_word' id='word_1_297' title='bbox 1521 4333 1846 4406; x_wconf 85' lang='lat' dir='ltr'><strong>delegatam,</strong></span> <span class='ocrx_word' id='word_1_298' title='bbox 1871 4337 1939 4391; x_wconf 87' lang='lat' dir='ltr'><strong>de</strong></span> <span class='ocrx_word' id='word_1_299' title='bbox 1966 4353 2098 4408; x_wconf 86' lang='lat' dir='ltr'><strong>pace</strong></span> 
     </span>
    </p>
   </div>
   <div class='ocr_carea' id='block_1_46' title="bbox 1117 236 3229 354">
    <p class='ocr_par' dir='ltr' id='par_1_46' title="bbox 1117 236 3229 354">
     <span class='ocr_line' id='line_1_46' title="bbox 1117 236 3229 354; baseline 0.018 -39"><span class='ocrx_word' id='word_1_300' title='bbox 1117 236 1211 316; x_wconf 70' lang='lat' dir='ltr'><strong>AD</strong></span> <span class='ocrx_word' id='word_1_301' title='bbox 1235 261 1584 324; x_wconf 78' lang='lat' dir='ltr'><strong>GAUFREDI</strong></span> <span class='ocrx_word' id='word_1_302' title='bbox 1623 270 1974 334; x_wconf 77' lang='lat' dir='ltr'><strong>MALATER.</strong></span> <span class='ocrx_word' id='word_1_303' title='bbox 2035 265 2483 344; x_wconf 46' lang='lat' dir='ltr'><strong>MON._BENED.</strong></span> <span class='ocrx_word' id='word_1_304' title='bbox 2529 288 2900 349; x_wconf 72' lang='lat' dir='ltr'><strong>HISTORIAM</strong></span> <span class='ocrx_word' id='word_1_305' title='bbox 2935 295 3229 354; x_wconf 75' lang='lat' dir='ltr'><strong>SICULAM</strong></span> 
     </span>
    </p>
   </div>
   <div class='ocr_carea' id='block_1_47' title="bbox 3663 304 3798 361">
    <p class='ocr_par' dir='ltr' id='par_1_47' title="bbox 3663 304 3798 361">
     <span class='ocr_line' id='line_1_47' title="bbox 3663 304 3798 361; baseline 0.022 -3"><span class='ocrx_word' id='word_1_306' title='bbox 3663 304 3798 361; x_wconf 65' lang='grc'><strong>1⁸208</strong></span> 
     </span>
    </p>
   </div>
   <div class='ocr_carea' id='block_1_48' title="bbox 2139 399 3796 486">
    <p class='ocr_par' dir='ltr' id='par_1_48' title="bbox 2139 399 3796 486">
     <span class='ocr_line' id='line_1_48' title="bbox 2139 399 3796 486; baseline 0.015 -34"><span class='ocrx_word' id='word_1_307' title='bbox 2139 413 2184 466; x_wconf 81' lang='grc' dir='ltr'><strong>Α</strong></span> <span class='ocrx_word' id='word_1_308' title='bbox 2217 399 2372 457; x_wconf 91' lang='lat' dir='ltr'><strong>tiant.</strong></span> <span class='ocrx_word' id='word_1_309' title='bbox 2427 402 2582 470; x_wconf 86' lang='lat' dir='ltr'><strong>Quod</strong></span> <span class='ocrx_word' id='word_1_310' title='bbox 2631 407 2855 463; x_wconf 88' lang='lat' dir='ltr'><strong>audiens</strong></span> <span class='ocrx_word' id='word_1_311' title='bbox 2904 411 2987 464; x_wconf 90' lang='lat' dir='ltr'><strong>vir</strong></span> <span class='ocrx_word' id='word_1_312' title='bbox 3039 413 3383 482; x_wconf 87' lang='lat' dir='ltr'><strong>apostolicus.</strong></span> <span class='ocrx_word' id='word_1_313' title='bbox 3414 424 3470 470; x_wconf 91' lang='lat' dir='ltr'><strong>et</strong></span> <span class='ocrx_word' id='word_1_314' title='bbox 3514 417 3642 486; x_wconf 84' lang='lat' dir='ltr'><strong>quia</strong></span> <span class='ocrx_word' id='word_1_315' title='bbox 3683 420 3796 477; x_wconf 60' lang='lat' dir='ltr'><strong>base</strong></span> 
     </span>
    </p>
   </div>
   <div class='ocr_carea' id='block_1_49' title="bbox 2212 494 3800 578">
    <p class='ocr_par' dir='ltr' id='par_1_49' title="bbox 2212 494 3800 578">
     <span class='ocr_line' id='line_1_49' title="bbox 2212 494 3800 578; baseline 0.011 -32"><span class='ocrx_word' id='word_1_316' title='bbox 2212 494 2280 546; x_wconf 89' lang='lat' dir='ltr'><strong>ab</strong></span> <span class='ocrx_word' id='word_1_317' title='bbox 2312 495 2416 549; x_wconf 90' lang='lat' dir='ltr'><strong>illis</strong></span> <span class='ocrx_word' id='word_1_318' title='bbox 2461 501 2791 567; x_wconf 75' lang='lat' dir='ltr'><strong>exsequendi</strong></span> <span class='ocrx_word' id='word_1_319' title='bbox 2833 501 3197 558; x_wconf 86' lang='lat' dir='ltr'><strong>internuntius</strong></span> <span class='ocrx_word' id='word_1_320' title='bbox 3253 504 3445 569; x_wconf 81' lang='lat' dir='ltr'><strong>fuerat,</strong></span> <span class='ocrx_word' id='word_1_321' title='bbox 3490 508 3800 578; x_wconf 83' lang='lat' dir='ltr'><strong>aliquantu-</strong></span> 
     </span>
    </p>
   </div>
   <div class='ocr_carea' id='block_1_50' title="bbox 2211 582 3801 661">
    <p class='ocr_par' dir='ltr' id='par_1_50' title="bbox 2211 582 3801 661">
     <span class='ocr_line' id='line_1_50' title="bbox 2211 582 3801 661; baseline 0.013 -25"><span class='ocrx_word' id='word_1_322' title='bbox 2211 582 2320 637; x_wconf 91' lang='lat' dir='ltr'><strong>lum</strong></span> <span class='ocrx_word' id='word_1_323' title='bbox 2364 587 2717 655; x_wconf 86' lang='lat' dir='ltr'><strong>erubescens,</strong></span> <span class='ocrx_word' id='word_1_324' title='bbox 2759 591 2938 661; x_wconf 84' lang='lat' dir='ltr'><strong>gladio</strong></span> <span class='ocrx_word' id='word_1_325' title='bbox 2975 592 3116 647; x_wconf 82' lang='lat' dir='ltr'><strong>beati</strong></span> <span class='ocrx_word' id='word_1_326' title='bbox 3166 594 3308 650; x_wconf 83' lang='lat' dir='ltr'><strong>Petri</strong></span> <span class='ocrx_word' id='word_1_327' title='bbox 3353 598 3801 656; x_wconf 75' lang='lat' dir='ltr'><strong>animadverteris</strong></span> 
     </span>
    </p>
   </div>
   <div class='ocr_carea' id='block_1_51' title="bbox 2212 677 3802 751">
    <p class='ocr_par' dir='ltr' id='par_1_51' title="bbox 2212 677 3802 751">
     <span class='ocr_line' id='line_1_51' title="bbox 2212 677 3802 751; baseline 0.008 -17"><span class='ocrx_word' id='word_1_328' title='bbox 2212 680 2618 748; x_wconf 86' lang='lat' dir='ltr'><strong>interminatur,</strong></span> <span class='ocrx_word' id='word_1_329' title='bbox 2667 684 2808 751; x_wconf 86' lang='lat' dir='ltr'><strong>parti</strong></span> <span class='ocrx_word' id='word_1_330' title='bbox 2861 693 3170 738; x_wconf 81' lang='lat' dir='ltr'><strong>nostrorum</strong></span> <span class='ocrx_word' id='word_1_331' title='bbox 3212 702 3277 741; x_wconf 86' lang='lat' dir='ltr'><strong>ex</strong></span> <span class='ocrx_word' id='word_1_332' title='bbox 3313 677 3442 743; x_wconf 74' lang='lat' dir='ltr'><strong>toto</strong></span> <span class='ocrx_word' id='word_1_333' title='bbox 3481 689 3717 745; x_wconf 83' lang='lat' dir='ltr'><strong>favendo</strong></span> <span class='ocrx_word' id='word_1_334' title='bbox 3743 708 3802 748; x_wconf 82' lang='lat' dir='ltr'><strong>se</strong></span> 
     </span>
    </p>
   </div>
   <div class='ocr_carea' id='block_1_52' title="bbox 2211 767 3801 838">
    <p class='ocr_par' dir='ltr' id='par_1_52' title="bbox 2211 767 3801 838">
     <span class='ocr_line' id='line_1_52' title="bbox 2211 767 3801 838; baseline 0.008 -14"><span class='ocrx_word' id='word_1_335' title='bbox 2211 772 2464 836; x_wconf 88' lang='lat' dir='ltr'><strong>contulit,</strong></span> <span class='ocrx_word' id='word_1_336' title='bbox 2514 773 2871 828; x_wconf 85' lang='lat' dir='ltr'><strong>constantiam</strong></span> <span class='ocrx_word' id='word_1_337' title='bbox 2919 776 3134 830; x_wconf 90' lang='lat' dir='ltr'><strong>comitis</strong></span> <span class='ocrx_word' id='word_1_338' title='bbox 3179 777 3232 832; x_wconf 91' lang='lat' dir='ltr'><strong>in</strong></span> <span class='ocrx_word' id='word_1_339' title='bbox 3267 767 3438 834; x_wconf 68' lang='lat' dir='ltr'><strong>lonia</strong></span> <span class='ocrx_word' id='word_1_340' title='bbox 3489 787 3801 838; x_wconf 77' lang='lat' dir='ltr'><strong>exercenda</strong></span> 
     </span>
    </p>
   </div>
   <div class='ocr_carea' id='block_1_53' title="bbox 2210 866 3800 940">
    <p class='ocr_par' dir='ltr' id='par_1_53' title="bbox 2210 866 3800 940">
     <span class='ocr_line' id='line_1_53' title="bbox 2210 866 3800 940; baseline 0.009 -23"><span class='ocrx_word' id='word_1_341' title='bbox 2210 866 2599 934; x_wconf 85' lang='lat' dir='ltr'><strong>perplurimum</strong></span> <span class='ocrx_word' id='word_1_342' title='bbox 2650 867 2902 933; x_wconf 82' lang='lat' dir='ltr'><strong>laudans,</strong></span> <span class='ocrx_word' id='word_1_343' title='bbox 2954 871 3230 940; x_wconf 79' lang='lat' dir='ltr'><strong>vitamque</strong></span> <span class='ocrx_word' id='word_1_344' title='bbox 3279 873 3396 939; x_wconf 76' lang='lat' dir='ltr'><strong>eius</strong></span> <span class='ocrx_word' id='word_1_345' title='bbox 3451 876 3599 928; x_wconf 88' lang='lat' dir='ltr'><strong>omni</strong></span> <span class='ocrx_word' id='word_1_346' title='bbox 3668 892 3800 931; x_wconf 80' lang='lat' dir='ltr'><strong>cura</strong></span> 
     </span>
    </p>
   </div>
   <div class='ocr_carea' id='block_1_54' title="bbox 2187 955 3801 1028">
    <p class='ocr_par' dir='ltr' id='par_1_54' title="bbox 2187 955 3801 1028">
     <span class='ocr_line' id='line_1_54' title="bbox 2187 955 3801 1028; baseline 0.008 -19"><span class='ocrx_word' id='word_1_347' title='bbox 2187 955 2395 1011; x_wconf 55' lang='lat' dir='ltr'><strong>Romae</strong></span> <span class='ocrx_word' id='word_1_348' title='bbox 2425 967 2478 1011; x_wconf 84' lang='lat' dir='ltr'><strong>et</strong></span> <span class='ocrx_word' id='word_1_349' title='bbox 2504 957 2670 1012; x_wconf 75' lang='lat' dir='ltr'><strong>Italia:</strong></span> <span class='ocrx_word' id='word_1_350' title='bbox 2719 962 3180 1028; x_wconf 84' lang='lat' dir='ltr'><strong>pernecessariam</strong></span> <span class='ocrx_word' id='word_1_351' title='bbox 3229 979 3500 1020; x_wconf 82' lang='lat' dir='ltr'><strong>asserens.</strong></span> <span class='ocrx_word' id='word_1_352' title='bbox 3541 965 3679 1022; x_wconf 78' lang='lat' dir='ltr'><strong>Nam</strong></span> <span class='ocrx_word' id='word_1_353' title='bbox 3735 972 3801 1022; x_wconf 91' lang='lat' dir='ltr'><strong>ti-</strong></span> 
     </span>
    </p>
   </div>
   <div class='ocr_carea' id='block_1_55' title="bbox 2211 1047 3804 1124">
    <p class='ocr_par' dir='ltr' id='par_1_55' title="bbox 2211 1047 3804 1124">
     <span class='ocr_line' id='line_1_55' title="bbox 2211 1047 3804 1124; baseline 0.008 -23"><span class='ocrx_word' id='word_1_354' title='bbox 2211 1063 2320 1102; x_wconf 77' lang='lat' dir='ltr'><strong>mor</strong></span> <span class='ocrx_word' id='word_1_355' title='bbox 2353 1047 2470 1116; x_wconf 83' lang='lat' dir='ltr'><strong>ejus</strong></span> <span class='ocrx_word' id='word_1_356' title='bbox 2498 1049 2680 1120; x_wconf 88' lang='lat' dir='ltr'><strong>plures</strong></span> <span class='ocrx_word' id='word_1_357' title='bbox 2704 1051 2772 1106; x_wconf 91' lang='lat' dir='ltr'><strong>ab</strong></span> <span class='ocrx_word' id='word_1_358' title='bbox 2802 1051 3088 1107; x_wconf 89' lang='lat' dir='ltr'><strong>insolentia</strong></span> <span class='ocrx_word' id='word_1_359' title='bbox 3126 1054 3409 1124; x_wconf 88' lang='lat' dir='ltr'><strong>plusquam</strong></span> <span class='ocrx_word' id='word_1_360' title='bbox 3445 1057 3598 1111; x_wconf 86' lang='lat' dir='ltr'><strong>zelus</strong></span> <span class='ocrx_word' id='word_1_361' title='bbox 3638 1059 3804 1114; x_wconf 85' lang='lat' dir='ltr'><strong>bone-</strong></span> 
     </span>
    </p>
   </div>
   <div class='ocr_carea' id='block_1_56' title="bbox 2213 1140 3803 1216">
    <p class='ocr_par' dir='ltr' id='par_1_56' title="bbox 2213 1140 3803 1216">
     <span class='ocr_line' id='line_1_56' title="bbox 2213 1140 3803 1216; baseline 0.005 -22"><span class='ocrx_word' id='word_1_362' title='bbox 2213 1140 2371 1194; x_wconf 83' lang='lat' dir='ltr'><strong>statis</strong></span> <span class='ocrx_word' id='word_1_363' title='bbox 2402 1142 2805 1210; x_wconf 86' lang='lat' dir='ltr'><strong>cornpescebat.</strong></span> <span class='ocrx_word' id='word_1_364' title='bbox 2832 1142 3174 1213; x_wconf 84' lang='lat' dir='ltr'><strong>Apostolicus</strong></span> <span class='ocrx_word' id='word_1_365' title='bbox 3202 1146 3384 1216; x_wconf 87' lang='lat' dir='ltr'><strong>itaque</strong></span> <span class='ocrx_word' id='word_1_366' title='bbox 3409 1146 3803 1202; x_wconf 78' lang='lat' dir='ltr'><strong>ecclesiasticis</strong></span> 
     </span>
    </p>
   </div>
   <div class='ocr_carea' id='block_1_57' title="bbox 2209 1233 3803 1304">
    <p class='ocr_par' dir='ltr' id='par_1_57' title="bbox 2209 1233 3803 1304">
     <span class='ocr_line' id='line_1_57' title="bbox 2209 1233 3803 1304; baseline 0.004 -17"><span class='ocrx_word' id='word_1_367' title='bbox 2209 1233 2464 1303; x_wconf 80' lang='lat' dir='ltr'><strong>negotiis,</strong></span> <span class='ocrx_word' id='word_1_368' title='bbox 2495 1235 2780 1304; x_wconf 89' lang='lat' dir='ltr'><strong>plusquam</strong></span> <span class='ocrx_word' id='word_1_369' title='bbox 2809 1237 3300 1304; x_wconf 82' lang='lat' dir='ltr'><strong>expeditionalibus</strong></span> <span class='ocrx_word' id='word_1_370' title='bbox 3325 1239 3608 1294; x_wconf 84' lang='lat' dir='ltr'><strong>exercitiis</strong></span> <span class='ocrx_word' id='word_1_371' title='bbox 3632 1239 3803 1294; x_wconf 86' lang='lat' dir='ltr'><strong>inten—</strong></span> 
     </span>
    </p>
   </div>
   <div class='ocr_carea' id='block_1_58' title="bbox 2210 1325 3801 1394">
    <p class='ocr_par' dir='ltr' id='par_1_58' title="bbox 2210 1325 3801 1394">
     <span class='ocr_line' id='line_1_58' title="bbox 2210 1325 3801 1394; baseline 0.004 -17"><span class='ocrx_word' id='word_1_372' title='bbox 2210 1332 2316 1388; x_wconf 88' lang='lat' dir='ltr'><strong>tus,</strong></span> <span class='ocrx_word' id='word_1_373' title='bbox 2355 1325 2612 1382; x_wconf 80' lang='lat' dir='ltr'><strong>totalibus</strong></span> <span class='ocrx_word' id='word_1_374' title='bbox 2645 1328 2965 1382; x_wconf 88' lang='lat' dir='ltr'><strong>tumultibus</strong></span> <span class='ocrx_word' id='word_1_375' title='bbox 2990 1337 3168 1384; x_wconf 89' lang='lat' dir='ltr'><strong>mente</strong></span> <span class='ocrx_word' id='word_1_376' title='bbox 3187 1328 3490 1394; x_wconf 85' lang='lat' dir='ltr'><strong>declinatis,</strong></span> <span class='ocrx_word' id='word_1_377' title='bbox 3517 1330 3604 1385; x_wconf 85' lang='lat' dir='ltr'><strong>bis</strong></span> <span class='ocrx_word' id='word_1_378' title='bbox 3629 1330 3801 1384; x_wconf 85' lang='lat' dir='ltr'><strong>tribus</strong></span> 
     </span>
    </p>
   </div>
   <div class='ocr_carea' id='block_1_59' title="bbox 2206 1411 3802 1492">
    <p class='ocr_par' dir='ltr' id='par_1_59' title="bbox 2206 1411 3802 1492">
     <span class='ocr_line' id='line_1_59' title="bbox 2206 1411 3802 1492; baseline 0.004 -21"><span class='ocrx_word' id='word_1_379' title='bbox 2206 1417 2565 1487; x_wconf 78' lang='lat' dir='ltr'><strong>principibus,</strong></span> <span class='ocrx_word' id='word_1_380' title='bbox 2590 1420 2683 1474; x_wconf 87' lang='lat' dir='ltr'><strong>sed</strong></span> <span class='ocrx_word' id='word_1_381' title='bbox 2721 1429 2775 1475; x_wconf 90' lang='lat' dir='ltr'><strong>et</strong></span> <span class='ocrx_word' id='word_1_382' title='bbox 2803 1411 2952 1475; x_wconf 84' lang='lat' dir='ltr'><strong>omni</strong></span> <span class='ocrx_word' id='word_1_383' title='bbox 2984 1422 3245 1476; x_wconf 78' lang='lat' dir='ltr'><strong>exercitui</strong></span> <span class='ocrx_word' id='word_1_384' title='bbox 3300 1421 3603 1492; x_wconf 89' lang='lat' dir='ltr'><strong>apostolica</strong></span> <span class='ocrx_word' id='word_1_385' title='bbox 3637 1423 3802 1477; x_wconf 33' lang='lat' dir='ltr'><strong>hence</strong></span> 
     </span>
    </p>
   </div>
   <div class='ocr_carea' id='block_1_60' title="bbox 2208 1509 3446 1578">
    <p class='ocr_par' dir='ltr' id='par_1_60' title="bbox 2208 1509 3446 1578">
     <span class='ocr_line' id='line_1_60' title="bbox 2208 1509 3446 1578; baseline 0.004 -15"><span class='ocrx_word' id='word_1_386' title='bbox 2208 1509 2451 1566; x_wconf 88' lang='lat' dir='ltr'><strong>dictione</strong></span> <span class='ocrx_word' id='word_1_387' title='bbox 2481 1527 2764 1578; x_wconf 90' lang='lat' dir='ltr'><strong>concessa,</strong></span> <span class='ocrx_word' id='word_1_388' title='bbox 2801 1512 3168 1568; x_wconf 86' lang='lat' dir='ltr'><strong>Beneventum</strong></span> <span class='ocrx_word' id='word_1_389' title='bbox 3201 1514 3446 1570; x_wconf 83' lang='lat' dir='ltr'><strong>secessit.</strong></span> 
     </span>
    </p>
   </div>
   <div class='ocr_carea' id='block_1_61' title="bbox 2750 1625 3248 1681">
    <p class='ocr_par' dir='ltr' id='par_1_61' title="bbox 2750 1625 3248 1681">
     <span class='ocr_line' id='line_1_61' title="bbox 2750 1625 3248 1681; baseline 0 -1"><span class='ocrx_word' id='word_1_390' title='bbox 2750 1625 2978 1681; x_wconf 79' lang='lat' dir='ltr'><strong>CAPUT</strong></span> <span class='ocrx_word' id='word_1_391' title='bbox 3016 1625 3248 1681; x_wconf 74' lang='lat' dir='ltr'><strong>XXVIII.</strong></span> 
     </span>
    </p>
   </div>
   <div class='ocr_carea' id='block_1_62' title="bbox 2330 1717 3674 1788">
    <p class='ocr_par' dir='ltr' id='par_1_62' title="bbox 2330 1717 3674 1788">
     <span class='ocr_line' id='line_1_62' title="bbox 2330 1717 3674 1788; baseline 0.001 -19"><span class='ocrx_word' id='word_1_392' title='bbox 2330 1717 2514 1786; x_wconf 77' lang='lat' dir='ltr'><strong>Capua</strong></span> <span class='ocrx_word' id='word_1_393' title='bbox 2543 1718 2773 1787; x_wconf 81' lang='lat' dir='ltr'><strong>capitur,</strong></span> <span class='ocrx_word' id='word_1_394' title='bbox 2795 1728 2843 1772; x_wconf 84' lang='lat' dir='ltr'><strong>et</strong></span> <span class='ocrx_word' id='word_1_395' title='bbox 2868 1719 3091 1788; x_wconf 77' lang='lat' dir='ltr'><strong>principi</strong></span> <span class='ocrx_word' id='word_1_396' title='bbox 3125 1718 3353 1772; x_wconf 84' lang='lat' dir='ltr'><strong>Ricardo</strong></span> <span class='ocrx_word' id='word_1_397' title='bbox 3374 1719 3674 1772; x_wconf 74' lang='lat' dir='ltr'><strong>restituitur</strong></span> 
     </span>
    </p>
   </div>
   <div class='ocr_carea' id='block_1_63' title="bbox 2279 1809 3799 1882">
    <p class='ocr_par' dir='ltr' id='par_1_63' title="bbox 2279 1809 3799 1882">
     <span class='ocr_line' id='line_1_63' title="bbox 2279 1809 3799 1882; baseline 0.001 -19"><span class='ocrx_word' id='word_1_398' title='bbox 2279 1810 2474 1864; x_wconf 79' lang='lat' dir='ltr'><strong>Comes</strong></span> <span class='ocrx_word' id='word_1_399' title='bbox 2502 1820 2684 1864; x_wconf 86' lang='lat' dir='ltr'><strong>autem</strong></span> <span class='ocrx_word' id='word_1_400' title='bbox 2712 1827 2835 1864; x_wconf 90' lang='lat' dir='ltr'><strong>cum</strong></span> <span class='ocrx_word' id='word_1_401' title='bbox 2875 1811 3010 1863; x_wconf 89' lang='lat' dir='ltr'><strong>duce</strong></span> <span class='ocrx_word' id='word_1_402' title='bbox 3050 1819 3105 1864; x_wconf 90' lang='lat' dir='ltr'><strong>et</strong></span> <span class='ocrx_word' id='word_1_403' title='bbox 3134 1809 3379 1880; x_wconf 86' lang='lat' dir='ltr'><strong>principe</strong></span> <span class='ocrx_word' id='word_1_404' title='bbox 3423 1810 3476 1863; x_wconf 90' lang='lat' dir='ltr'><strong>in</strong></span> <span class='ocrx_word' id='word_1_405' title='bbox 3526 1825 3799 1882; x_wconf 75' lang='lat' dir='ltr'><strong>Oppugna-</strong></span> 
     </span>
    </p>
   </div>
   <div class='ocr_carea' id='block_1_64' title="bbox 2211 1900 3796 1970">
    <p class='ocr_par' dir='ltr' id='par_1_64' title="bbox 2211 1900 3796 1970">
     <span class='ocr_line' id='line_1_64' title="bbox 2211 1900 3796 1970; baseline 0.001 -16"><span class='ocrx_word' id='word_1_406' title='bbox 2211 1900 2356 1956; x_wconf 82' lang='lat' dir='ltr'><strong>tione</strong></span> <span class='ocrx_word' id='word_1_407' title='bbox 2388 1901 2540 1955; x_wconf 88' lang='lat' dir='ltr'><strong>urbis</strong></span> <span class='ocrx_word' id='word_1_408' title='bbox 2583 1901 2949 1967; x_wconf 83' lang='lat' dir='ltr'><strong>attentissime</strong></span> <span class='ocrx_word' id='word_1_409' title='bbox 2989 1901 3304 1970; x_wconf 86' lang='lat' dir='ltr'><strong>persistens,</strong></span> <span class='ocrx_word' id='word_1_410' title='bbox 3354 1901 3796 1956; x_wconf 79' lang='lat' dir='ltr'><strong>machinamenta</strong></span> 
     </span>
    </p>
   </div>
   <div class='ocr_carea' id='block_1_65' title="bbox 2208 1993 3795 2063">
    <p class='ocr_par' dir='ltr' id='par_1_65' title="bbox 2208 1993 3795 2063">
     <span class='ocr_line' id='line_1_65' title="bbox 2208 1993 3795 2063; baseline 0 -16"><span class='ocrx_word' id='word_1_411' title='bbox 2208 1993 2274 2047; x_wconf 85' lang='lat' dir='ltr'><strong>ad</strong></span> <span class='ocrx_word' id='word_1_412' title='bbox 2322 1996 2510 2048; x_wconf 86' lang='lat' dir='ltr'><strong>urbem</strong></span> <span class='ocrx_word' id='word_1_413' title='bbox 2559 1993 2874 2063; x_wconf 86' lang='lat' dir='ltr'><strong>capiendam</strong></span> <span class='ocrx_word' id='word_1_414' title='bbox 2923 1993 3368 2048; x_wconf 82' lang='lat' dir='ltr'><strong>arliliciosissime</strong></span> <span class='ocrx_word' id='word_1_415' title='bbox 3423 2002 3636 2062; x_wconf 83' lang='lat' dir='ltr'><strong>aptant.</strong></span> <span class='ocrx_word' id='word_1_416' title='bbox 3696 1995 3795 2049; x_wconf 80' lang='lat' dir='ltr'><strong>Ca-</strong></span> 
     </span>
    </p>
   </div>
   <div class='ocr_carea' id='block_1_66' title="bbox 2206 2086 3796 2156">
    <p class='ocr_par' dir='ltr' id='par_1_66' title="bbox 2206 2086 3796 2156">
     <span class='ocr_line' id='line_1_66' title="bbox 2206 2086 3796 2156; baseline 0.002 -18"><span class='ocrx_word' id='word_1_417' title='bbox 2206 2087 2369 2156; x_wconf 89' lang='lat' dir='ltr'><strong>puani</strong></span> <span class='ocrx_word' id='word_1_418' title='bbox 2397 2099 2572 2155; x_wconf 75' lang='lat' dir='ltr'><strong>primo</strong></span> <span class='ocrx_word' id='word_1_419' title='bbox 2597 2086 2826 2140; x_wconf 88' lang='lat' dir='ltr'><strong>ludibrio</strong></span> <span class='ocrx_word' id='word_1_420' title='bbox 2858 2087 3076 2150; x_wconf 85' lang='lat' dir='ltr'><strong>habere,</strong></span> <span class='ocrx_word' id='word_1_421' title='bbox 3111 2095 3482 2152; x_wconf 85' lang='lat' dir='ltr'><strong>contemnere,</strong></span> <span class='ocrx_word' id='word_1_422' title='bbox 3513 2086 3584 2140; x_wconf 82' lang='lat' dir='ltr'><strong>ad</strong></span> <span class='ocrx_word' id='word_1_423' title='bbox 3613 2086 3796 2142; x_wconf 79' lang='lat' dir='ltr'><strong>defen-</strong></span> 
     </span>
    </p>
   </div>
   <div class='ocr_carea' id='block_1_67' title="bbox 2208 2177 3796 2243">
    <p class='ocr_par' dir='ltr' id='par_1_67' title="bbox 2208 2177 3796 2243">
     <span class='ocr_line' id='line_1_67' title="bbox 2208 2177 3796 2243; baseline 0 -11"><span class='ocrx_word' id='word_1_424' title='bbox 2208 2178 2420 2232; x_wconf 90' lang='lat' dir='ltr'><strong>sionem</strong></span> <span class='ocrx_word' id='word_1_425' title='bbox 2451 2192 2572 2232; x_wconf 88' lang='lat' dir='ltr'><strong>sese</strong></span> <span class='ocrx_word' id='word_1_426' title='bbox 2593 2177 2660 2231; x_wconf 89' lang='lat' dir='ltr'><strong>ad</strong></span> <span class='ocrx_word' id='word_1_427' title='bbox 2690 2177 2918 2232; x_wconf 86' lang='lat' dir='ltr'><strong>invicem</strong></span> <span class='ocrx_word' id='word_1_428' title='bbox 2959 2178 3234 2232; x_wconf 90' lang='lat' dir='ltr'><strong>cohortari</strong></span> <span class='ocrx_word' id='word_1_429' title='bbox 3261 2194 3276 2243; x_wconf 92' lang='lat'><strong>;</strong></span> <span class='ocrx_word' id='word_1_430' title='bbox 3314 2180 3436 2233; x_wconf 89' lang='lat' dir='ltr'><strong>duci</strong></span> <span class='ocrx_word' id='word_1_431' title='bbox 3480 2187 3691 2242; x_wconf 88' lang='lat' dir='ltr'><strong>tamen,</strong></span> <span class='ocrx_word' id='word_1_432' title='bbox 3715 2179 3796 2232; x_wconf 85' lang='lat' dir='ltr'><strong>vel</strong></span> 
     </span>
    </p>
   </div>
   <div class='ocr_carea' id='block_1_68' title="bbox 2207 2269 3798 2338">
    <p class='ocr_par' dir='ltr' id='par_1_68' title="bbox 2207 2269 3798 2338">
     <span class='ocr_line' id='line_1_68' title="bbox 2207 2269 3798 2338; baseline 0 -15"><span class='ocrx_word' id='word_1_433' title='bbox 2207 2269 2393 2323; x_wconf 91' lang='lat' dir='ltr'><strong>comiti</strong></span> <span class='ocrx_word' id='word_1_434' title='bbox 2429 2283 2503 2332; x_wconf 83' lang='lat' dir='ltr'><strong>se,</strong></span> <span class='ocrx_word' id='word_1_435' title='bbox 2531 2269 2576 2322; x_wconf 92' lang='lat' dir='ltr'><strong>si</strong></span> <span class='ocrx_word' id='word_1_436' title='bbox 2617 2270 2902 2324; x_wconf 88' lang='lat' dir='ltr'><strong>retinendo</strong></span> <span class='ocrx_word' id='word_1_437' title='bbox 2935 2269 3174 2338; x_wconf 87' lang='lat' dir='ltr'><strong>recipere</strong></span> <span class='ocrx_word' id='word_1_438' title='bbox 3218 2269 3408 2334; x_wconf 86' lang='lat' dir='ltr'><strong>velint,</strong></span> <span class='ocrx_word' id='word_1_439' title='bbox 3447 2269 3644 2325; x_wconf 88' lang='lat' dir='ltr'><strong>urbem</strong></span> <span class='ocrx_word' id='word_1_440' title='bbox 3675 2273 3798 2326; x_wconf 87' lang='lat' dir='ltr'><strong>red-</strong></span> 
     </span>
    </p>
   </div>
   <div class='ocr_carea' id='block_1_69' title="bbox 2209 2361 3796 2432">
    <p class='ocr_par' dir='ltr' id='par_1_69' title="bbox 2209 2361 3796 2432">
     <span class='ocr_line' id='line_1_69' title="bbox 2209 2361 3796 2432; baseline 0.001 -17"><span class='ocrx_word' id='word_1_441' title='bbox 2209 2363 2341 2418; x_wconf 87' lang='lat' dir='ltr'><strong>dere</strong></span> <span class='ocrx_word' id='word_1_442' title='bbox 2370 2370 2658 2417; x_wconf 88' lang='lat' dir='ltr'><strong>attentant.</strong></span> <span class='ocrx_word' id='word_1_443' title='bbox 2693 2361 2801 2416; x_wconf 85' lang='lat' dir='ltr'><strong>Sed</strong></span> <span class='ocrx_word' id='word_1_444' title='bbox 2831 2361 3148 2417; x_wconf 84' lang='lat' dir='ltr'><strong>nobilissimi</strong></span> <span class='ocrx_word' id='word_1_445' title='bbox 3177 2363 3450 2432; x_wconf 83' lang='lat' dir='ltr'><strong>principes</strong></span> <span class='ocrx_word' id='word_1_446' title='bbox 3476 2363 3623 2417; x_wconf 89' lang='lat' dir='ltr'><strong>hanc</strong></span> <span class='ocrx_word' id='word_1_447' title='bbox 3655 2364 3796 2417; x_wconf 77' lang='lat' dir='ltr'><strong>fran-</strong></span> 
     </span>
    </p>
   </div>
   <div class='ocr_carea' id='block_1_70' title="bbox 2207 2453 3795 2522">
    <p class='ocr_par' dir='ltr' id='par_1_70' title="bbox 2207 2453 3795 2522">
     <span class='ocr_line' id='line_1_70' title="bbox 2207 2453 3795 2522; baseline -0.001 -15"><span class='ocrx_word' id='word_1_448' title='bbox 2207 2455 2330 2509; x_wconf 87' lang='lat' dir='ltr'><strong>dem</strong></span> <span class='ocrx_word' id='word_1_449' title='bbox 2365 2455 2464 2510; x_wconf 87' lang='lat' dir='ltr'><strong>sibi</strong></span> <span class='ocrx_word' id='word_1_450' title='bbox 2499 2455 2806 2509; x_wconf 89' lang='lat' dir='ltr'><strong>nullatenus</strong></span> <span class='ocrx_word' id='word_1_451' title='bbox 2837 2469 3113 2509; x_wconf 81' lang='lat' dir='ltr'><strong>assumere</strong></span> <span class='ocrx_word' id='word_1_452' title='bbox 3137 2453 3401 2518; x_wconf 83' lang='lat' dir='ltr'><strong>volentes,</strong></span> <span class='ocrx_word' id='word_1_453' title='bbox 3434 2454 3535 2508; x_wconf 90' lang='lat' dir='ltr'><strong>nisi</strong></span> <span class='ocrx_word' id='word_1_454' title='bbox 3567 2464 3624 2506; x_wconf 94' lang='lat' dir='ltr'><strong>ut</strong></span> <span class='ocrx_word' id='word_1_455' title='bbox 3649 2455 3795 2522; x_wconf 88' lang='lat' dir='ltr'><strong>prin-</strong></span> 
     </span>
    </p>
   </div>
   <div class='ocr_carea' id='block_1_71' title="bbox 2204 2544 3793 2616">
    <p class='ocr_par' dir='ltr' id='par_1_71' title="bbox 2204 2544 3793 2616">
     <span class='ocr_line' id='line_1_71' title="bbox 2204 2544 3793 2616; baseline -0.002 -16"><span class='ocrx_word' id='word_1_456' title='bbox 2204 2546 2310 2616; x_wconf 89' lang='lat' dir='ltr'><strong>cipi</strong></span> <span class='ocrx_word' id='word_1_457' title='bbox 2353 2546 2663 2609; x_wconf 86' lang='lat' dir='ltr'><strong>reddantur,</strong></span> <span class='ocrx_word' id='word_1_458' title='bbox 2715 2547 3063 2615; x_wconf 79' lang='lat' dir='ltr'><strong>acquiescere</strong></span> <span class='ocrx_word' id='word_1_459' title='bbox 3104 2546 3249 2615; x_wconf 86' lang='lat' dir='ltr'><strong>passi</strong></span> <span class='ocrx_word' id='word_1_460' title='bbox 3280 2561 3384 2599; x_wconf 90' lang='lat' dir='ltr'><strong>non</strong></span> <span class='ocrx_word' id='word_1_461' title='bbox 3419 2555 3569 2599; x_wconf 73' lang='lat' dir='ltr'><strong>sntit.</strong></span> <span class='ocrx_word' id='word_1_462' title='bbox 3612 2546 3685 2599; x_wconf 77' lang='lat' dir='ltr'><strong>At</strong></span> <span class='ocrx_word' id='word_1_463' title='bbox 3707 2544 3793 2598; x_wconf 81' lang='lat' dir='ltr'><strong>ubi</strong></span> 
     </span>
    </p>
   </div>
   <div class='ocr_carea' id='block_1_72' title="bbox 2205 2636 3792 2708">
    <p class='ocr_par' dir='ltr' id='par_1_72' title="bbox 2205 2636 3792 2708">
     <span class='ocr_line' id='line_1_72' title="bbox 2205 2636 3792 2708; baseline -0.003 -14"><span class='ocrx_word' id='word_1_464' title='bbox 2205 2638 2446 2708; x_wconf 89' lang='lat' dir='ltr'><strong>Capuani</strong></span> <span class='ocrx_word' id='word_1_465' title='bbox 2479 2639 2910 2694; x_wconf 87' lang='lat' dir='ltr'><strong>machinamenta</strong></span> <span class='ocrx_word' id='word_1_466' title='bbox 2946 2646 3202 2708; x_wconf 88' lang='lat' dir='ltr'><strong>apparata</strong></span> <span class='ocrx_word' id='word_1_467' title='bbox 3238 2652 3429 2692; x_wconf 89' lang='lat' dir='ltr'><strong>versus</strong></span> <span class='ocrx_word' id='word_1_468' title='bbox 3463 2636 3658 2691; x_wconf 85' lang='lat' dir='ltr'><strong>urbem</strong></span> <span class='ocrx_word' id='word_1_469' title='bbox 3697 2652 3792 2705; x_wconf 84' lang='lat' dir='ltr'><strong>ap-</strong></span> 
     </span>
    </p>
   </div>
   <div class='ocr_carea' id='block_1_73' title="bbox 2207 2727 3792 2797">
    <p class='ocr_par' dir='ltr' id='par_1_73' title="bbox 2207 2727 3792 2797">
     <span class='ocr_line' id='line_1_73' title="bbox 2207 2727 3792 2797; baseline -0.001 -17"><span class='ocrx_word' id='word_1_470' title='bbox 2207 2727 2460 2796; x_wconf 88' lang='lat' dir='ltr'><strong>propiare</strong></span> <span class='ocrx_word' id='word_1_471' title='bbox 2489 2727 2693 2790; x_wconf 77' lang='lat' dir='ltr'><strong>vident,</strong></span> <span class='ocrx_word' id='word_1_472' title='bbox 2726 2743 2846 2795; x_wconf 66' lang='lat' dir='ltr'><strong>quae</strong></span> <span class='ocrx_word' id='word_1_473' title='bbox 2869 2727 3019 2797; x_wconf 90' lang='lat' dir='ltr'><strong>prius</strong></span> <span class='ocrx_word' id='word_1_474' title='bbox 3042 2727 3273 2781; x_wconf 88' lang='lat' dir='ltr'><strong>ludibrio</strong></span> <span class='ocrx_word' id='word_1_475' title='bbox 3295 2727 3569 2782; x_wconf 82' lang='lat' dir='ltr'><strong>habebant</strong></span> <span class='ocrx_word' id='word_1_476' title='bbox 3593 2728 3792 2783; x_wconf 82' lang='lat' dir='ltr'><strong>exhor-</strong></span> 
     </span>
    </p>
   </div>
   <div class='ocr_carea' id='block_1_74' title="bbox 2205 2816 3790 2883">
    <p class='ocr_par' dir='ltr' id='par_1_74' title="bbox 2205 2816 3790 2883">
     <span class='ocr_line' id='line_1_74' title="bbox 2205 2816 3790 2883; baseline -0.003 -11"><span class='ocrx_word' id='word_1_477' title='bbox 2205 2827 2516 2883; x_wconf 86' lang='lat' dir='ltr'><strong>rescentes,</strong></span> <span class='ocrx_word' id='word_1_478' title='bbox 2569 2817 2842 2871; x_wconf 85' lang='lat' dir='ltr'><strong>deditione</strong></span> <span class='ocrx_word' id='word_1_479' title='bbox 2890 2817 3040 2871; x_wconf 92' lang='lat' dir='ltr'><strong>urbis</strong></span> <span class='ocrx_word' id='word_1_480' title='bbox 3087 2831 3237 2880; x_wconf 90' lang='lat' dir='ltr'><strong>sese,</strong></span> <span class='ocrx_word' id='word_1_481' title='bbox 3280 2816 3510 2871; x_wconf 92' lang='lat' dir='ltr'><strong>consilio</strong></span> <span class='ocrx_word' id='word_1_482' title='bbox 3552 2817 3790 2880; x_wconf 71' lang='lat' dir='ltr'><strong>comitis,</strong></span> 
     </span>
    </p>
   </div>
   <div class='ocr_carea' id='block_1_75' title="bbox 2204 2907 3792 2978">
    <p class='ocr_par' dir='ltr' id='par_1_75' title="bbox 2204 2907 3792 2978">
     <span class='ocr_line' id='line_1_75' title="bbox 2204 2907 3792 2978; baseline -0.003 -14"><span class='ocrx_word' id='word_1_483' title='bbox 2204 2909 2564 2964; x_wconf 77' lang='lat' dir='ltr'><strong>committunt.</strong></span> <span class='ocrx_word' id='word_1_484' title='bbox 2599 2907 2798 2978; x_wconf 89' lang='lat' dir='ltr'><strong>Sicque</strong></span> <span class='ocrx_word' id='word_1_485' title='bbox 2820 2907 2933 2977; x_wconf 91' lang='lat' dir='ltr'><strong>ipso</strong></span> <span class='ocrx_word' id='word_1_486' title='bbox 2955 2907 3251 2962; x_wconf 87' lang='lat' dir='ltr'><strong>mediatore</strong></span> <span class='ocrx_word' id='word_1_487' title='bbox 3273 2907 3376 2972; x_wconf 90' lang='lat' dir='ltr'><strong>usi,</strong></span> <span class='ocrx_word' id='word_1_488' title='bbox 3400 2907 3488 2960; x_wconf 91' lang='lat' dir='ltr'><strong>vix</strong></span> <span class='ocrx_word' id='word_1_489' title='bbox 3511 2922 3625 2962; x_wconf 66' lang='lat' dir='ltr'><strong>suae</strong></span> <span class='ocrx_word' id='word_1_490' title='bbox 3649 2907 3792 2960; x_wconf 82' lang='lat' dir='ltr'><strong>frau-</strong></span> 
     </span>
    </p>
   </div>
   <div class='ocr_carea' id='block_1_76' title="bbox 2203 3000 3794 3074">
    <p class='ocr_par' dir='ltr' id='par_1_76' title="bbox 2203 3000 3794 3074">
     <span class='ocr_line' id='line_1_76' title="bbox 2203 3000 3794 3074; baseline -0.003 -16"><span class='ocrx_word' id='word_1_491' title='bbox 2203 3004 2288 3059; x_wconf 83' lang='lat' dir='ltr'><strong>dis</strong></span> <span class='ocrx_word' id='word_1_492' title='bbox 2328 3004 2623 3074; x_wconf 87' lang='lat' dir='ltr'><strong>impunitas</strong></span> <span class='ocrx_word' id='word_1_493' title='bbox 2663 3003 3006 3072; x_wconf 88' lang='lat' dir='ltr'><strong>impetratur.</strong></span> <span class='ocrx_word' id='word_1_494' title='bbox 3057 3002 3305 3072; x_wconf 36' lang='lat' dir='ltr'><strong>Principi&#39;</strong></span> <span class='ocrx_word' id='word_1_495' title='bbox 3343 3016 3441 3071; x_wconf 90' lang='lat' dir='ltr'><strong>pro</strong></span> <span class='ocrx_word' id='word_1_496' title='bbox 3487 3000 3648 3055; x_wconf 88' lang='lat' dir='ltr'><strong>libitu</strong></span> <span class='ocrx_word' id='word_1_497' title='bbox 3697 3015 3794 3054; x_wconf 89' lang='lat' dir='ltr'><strong>suo</strong></span> 
     </span>
    </p>
   </div>
   <div class='ocr_carea' id='block_1_77' title="bbox 2131 3093 3792 3166">
    <p class='ocr_par' dir='ltr' id='par_1_77' title="bbox 2131 3093 3792 3166">
     <span class='ocr_line' id='line_1_77' title="bbox 2131 3093 3792 3166; baseline -0.001 -17"><span class='ocrx_word' id='word_1_498' title='bbox 2131 3104 2177 3166; x_wconf 67' lang='grc' dir='ltr'><strong>(ζ</strong></span> <span class='ocrx_word' id='word_1_499' title='bbox 2211 3098 2340 3150; x_wconf 86' lang='lat' dir='ltr'><strong>urbs</strong></span> <span class='ocrx_word' id='word_1_500' title='bbox 2385 3095 2640 3164; x_wconf 82' lang='lat' dir='ltr'><strong>Capuana</strong></span> <span class='ocrx_word' id='word_1_501' title='bbox 2698 3095 3021 3150; x_wconf 88' lang='lat' dir='ltr'><strong>restituitur.</strong></span> <span class='ocrx_word' id='word_1_502' title='bbox 3060 3095 3106 3149; x_wconf 83' lang='lat' dir='ltr'><strong>A</strong></span> <span class='ocrx_word' id='word_1_503' title='bbox 3147 3094 3390 3164; x_wconf 89' lang='lat' dir='ltr'><strong>principe</strong></span> <span class='ocrx_word' id='word_1_504' title='bbox 3425 3093 3554 3147; x_wconf 84' lang='lat' dir='ltr'><strong>duci</strong></span> <span class='ocrx_word' id='word_1_505' title='bbox 3607 3102 3664 3149; x_wconf 85' lang='lat' dir='ltr'><strong>et</strong></span> <span class='ocrx_word' id='word_1_506' title='bbox 3705 3108 3792 3148; x_wconf 89' lang='lat' dir='ltr'><strong>co-</strong></span> 
     </span>
    </p>
   </div>
   <div class='ocr_carea' id='block_1_78' title="bbox 2205 3185 3792 3256">
    <p class='ocr_par' dir='ltr' id='par_1_78' title="bbox 2205 3185 3792 3256">
     <span class='ocr_line' id='line_1_78' title="bbox 2205 3185 3792 3256; baseline -0.004 -12"><span class='ocrx_word' id='word_1_507' title='bbox 2205 3188 2322 3244; x_wconf 87' lang='lat' dir='ltr'><strong>miti</strong></span> <span class='ocrx_word' id='word_1_508' title='bbox 2357 3190 2543 3256; x_wconf 69' lang='lat' dir='ltr'><strong>gratize</strong></span> <span class='ocrx_word' id='word_1_509' title='bbox 2588 3185 2912 3242; x_wconf 73' lang='lat' dir='ltr'><strong>referuntur.</strong></span> <span class='ocrx_word' id='word_1_510' title='bbox 2959 3189 3075 3241; x_wconf 75' lang='lat' dir='ltr'><strong>Dux</strong></span> <span class='ocrx_word' id='word_1_511' title='bbox 3117 3194 3169 3240; x_wconf 88' lang='lat' dir='ltr'><strong>et</strong></span> <span class='ocrx_word' id='word_1_512' title='bbox 3196 3200 3378 3241; x_wconf 89' lang='lat' dir='ltr'><strong>comes</strong></span> <span class='ocrx_word' id='word_1_513' title='bbox 3413 3185 3558 3254; x_wconf 87' lang='lat' dir='ltr'><strong>apud</strong></span> <span class='ocrx_word' id='word_1_514' title='bbox 3607 3185 3792 3239; x_wconf 71' lang='lat' dir='ltr'><strong>Saler-</strong></span> 
     </span>
    </p>
   </div>
   <div class='ocr_carea' id='block_1_79' title="bbox 2207 3274 3791 3349">
    <p class='ocr_par' dir='ltr' id='par_1_79' title="bbox 2207 3274 3791 3349">
     <span class='ocr_line' id='line_1_79' title="bbox 2207 3274 3791 3349; baseline -0.004 -15"><span class='ocrx_word' id='word_1_515' title='bbox 2207 3297 2333 3334; x_wconf 92' lang='lat' dir='ltr'><strong>num</strong></span> <span class='ocrx_word' id='word_1_516' title='bbox 2370 3281 2574 3349; x_wconf 81' lang='lat' dir='ltr'><strong>pariter</strong></span> <span class='ocrx_word' id='word_1_517' title='bbox 2595 3279 2989 3348; x_wconf 82' lang='lat' dir='ltr'><strong>digrediuntur.</strong></span> <span class='ocrx_word' id='word_1_518' title='bbox 3021 3277 3279 3344; x_wconf 84' lang='lat' dir='ltr'><strong>Princeps</strong></span> <span class='ocrx_word' id='word_1_519' title='bbox 3303 3274 3491 3328; x_wconf 88' lang='lat' dir='ltr'><strong>urbem</strong></span> <span class='ocrx_word' id='word_1_520' title='bbox 3513 3289 3616 3328; x_wconf 91' lang='lat' dir='ltr'><strong>suo</strong></span> <span class='ocrx_word' id='word_1_521' title='bbox 3639 3274 3791 3328; x_wconf 86' lang='lat' dir='ltr'><strong>libitu</strong></span> 
     </span>
    </p>
   </div>
   <div class='ocr_carea' id='block_1_80' title="bbox 2206 3367 3790 3439">
    <p class='ocr_par' dir='ltr' id='par_1_80' title="bbox 2206 3367 3790 3439">
     <span class='ocr_line' id='line_1_80' title="bbox 2206 3367 3790 3439; baseline -0.005 -12"><span class='ocrx_word' id='word_1_522' title='bbox 2206 3373 2508 3439; x_wconf 89' lang='lat' dir='ltr'><strong>vindicans,</strong></span> <span class='ocrx_word' id='word_1_523' title='bbox 2549 3372 2600 3426; x_wconf 91' lang='lat' dir='ltr'><strong>in</strong></span> <span class='ocrx_word' id='word_1_524' title='bbox 2638 3371 2812 3426; x_wconf 86' lang='lat' dir='ltr'><strong>altiori</strong></span> <span class='ocrx_word' id='word_1_525' title='bbox 2850 3371 2985 3425; x_wconf 91' lang='lat' dir='ltr'><strong>turri</strong></span> <span class='ocrx_word' id='word_1_526' title='bbox 3021 3367 3420 3438; x_wconf 86' lang='lat' dir='ltr'><strong>triumphaliter</strong></span> <span class='ocrx_word' id='word_1_527' title='bbox 3461 3367 3790 3436; x_wconf 85' lang='lat' dir='ltr'><strong>hospitatur.</strong></span> 
     </span>
    </p>
   </div>
   <div class='ocr_carea' id='block_1_81' title="bbox 2769 3481 3224 3539">
    <p class='ocr_par' dir='ltr' id='par_1_81' title="bbox 2769 3481 3224 3539">
     <span class='ocr_line' id='line_1_81' title="bbox 2769 3481 3224 3539; baseline -0.011 0"><span class='ocrx_word' id='word_1_528' title='bbox 2769 3483 2997 3539; x_wconf 70' lang='lat' dir='ltr'><strong>CAPUT</strong></span> <span class='ocrx_word' id='word_1_529' title='bbox 3032 3481 3224 3537; x_wconf 75' lang='lat' dir='ltr'><strong>XXIX.</strong></span> 
     </span>
    </p>
   </div>
   <div class='ocr_carea' id='block_1_82' title="bbox 2206 3578 3795 3650">
    <p class='ocr_par' dir='ltr' id='par_1_82' title="bbox 2206 3578 3795 3650">
     <span class='ocr_line' id='line_1_82' title="bbox 2206 3578 3795 3650; baseline -0.002 -15"><span class='ocrx_word' id='word_1_530' title='bbox 2206 3579 2449 3636; x_wconf 83' lang='lat' dir='ltr'><strong>Urbanus</strong></span> <span class='ocrx_word' id='word_1_531' title='bbox 2481 3595 2618 3650; x_wconf 83' lang='lat' dir='ltr'><strong>papa</strong></span> <span class='ocrx_word' id='word_1_532' title='bbox 2655 3580 2962 3648; x_wconf 80' lang='lat' dir='ltr'><strong>legationem</strong></span> <span class='ocrx_word' id='word_1_533' title='bbox 3001 3578 3203 3634; x_wconf 76' lang='lat' dir='ltr'><strong>Sicilia:</strong></span> <span class='ocrx_word' id='word_1_534' title='bbox 3237 3587 3283 3631; x_wconf 83' lang='lat' dir='ltr'><strong>et</strong></span> <span class='ocrx_word' id='word_1_535' title='bbox 3315 3578 3582 3635; x_wconf 74' lang='lat' dir='ltr'><strong>Calabrim</strong></span> <span class='ocrx_word' id='word_1_536' title='bbox 3618 3580 3795 3634; x_wconf 82' lang='lat' dir='ltr'><strong>comiti</strong></span> 
     </span>
    </p>
   </div>
   <div class='ocr_carea' id='block_1_83' title="bbox 2862 3650 3120 3705">
    <p class='ocr_par' dir='ltr' id='par_1_83' title="bbox 2862 3650 3120 3705">
     <span class='ocr_line' id='line_1_83' title="bbox 2862 3650 3120 3705; baseline -0.008 -2"><span class='ocrx_word' id='word_1_537' title='bbox 2862 3650 3120 3705; x_wconf 83' lang='lat' dir='ltr'><strong>concedit.</strong></span> 
     </span>
    </p>
   </div>
   <div class='ocr_carea' id='block_1_84' title="bbox 2274 3764 3788 3838">
    <p class='ocr_par' dir='ltr' id='par_1_84' title="bbox 2274 3764 3788 3838">
     <span class='ocr_line' id='line_1_84' title="bbox 2274 3764 3788 3838; baseline -0.001 -18"><span class='ocrx_word' id='word_1_538' title='bbox 2274 3765 2446 3838; x_wconf 87' lang='lat' dir='ltr'><strong>Papa,</strong></span> <span class='ocrx_word' id='word_1_539' title='bbox 2472 3766 2662 3820; x_wconf 88' lang='lat' dir='ltr'><strong>urbem</strong></span> <span class='ocrx_word' id='word_1_540' title='bbox 2705 3765 2970 3820; x_wconf 88' lang='lat' dir='ltr'><strong>renditam</strong></span> <span class='ocrx_word' id='word_1_541' title='bbox 3001 3773 3055 3818; x_wconf 90' lang='lat' dir='ltr'><strong>et</strong></span> <span class='ocrx_word' id='word_1_542' title='bbox 3093 3781 3279 3836; x_wconf 87' lang='lat' dir='ltr'><strong>pacem</strong></span> <span class='ocrx_word' id='word_1_543' title='bbox 3322 3766 3466 3821; x_wconf 85' lang='lat' dir='ltr'><strong>inter</strong></span> <span class='ocrx_word' id='word_1_544' title='bbox 3513 3765 3664 3836; x_wconf 86' lang='lat' dir='ltr'><strong>ipsos</strong></span> <span class='ocrx_word' id='word_1_545' title='bbox 3710 3764 3788 3819; x_wconf 82' lang='lat' dir='ltr'><strong>fa-</strong></span> 
     </span>
    </p>
   </div>
   <div class='ocr_carea' id='block_1_85' title="bbox 2204 3858 3792 3930">
    <p class='ocr_par' dir='ltr' id='par_1_85' title="bbox 2204 3858 3792 3930">
     <span class='ocr_line' id='line_1_85' title="bbox 2204 3858 3792 3930; baseline -0.001 -15"><span class='ocrx_word' id='word_1_546' title='bbox 2204 3868 2352 3916; x_wconf 88' lang='lat' dir='ltr'><strong>ctam</strong></span> <span class='ocrx_word' id='word_1_547' title='bbox 2386 3859 2632 3922; x_wconf 87' lang='lat' dir='ltr'><strong>audiens,</strong></span> <span class='ocrx_word' id='word_1_548' title='bbox 2660 3868 2714 3913; x_wconf 93' lang='lat' dir='ltr'><strong>et</strong></span> <span class='ocrx_word' id='word_1_549' title='bbox 2740 3859 2939 3929; x_wconf 83' lang='lat' dir='ltr'><strong>gaudet</strong></span> <span class='ocrx_word' id='word_1_550' title='bbox 2977 3859 3044 3914; x_wconf 86' lang='lat' dir='ltr'><strong>de</strong></span> <span class='ocrx_word' id='word_1_551' title='bbox 3069 3858 3264 3914; x_wconf 76' lang='lat' dir='ltr'><strong>fraude</strong></span> <span class='ocrx_word' id='word_1_552' title='bbox 3302 3874 3619 3930; x_wconf 85' lang='lat' dir='ltr'><strong>compressa</strong></span> <span class='ocrx_word' id='word_1_553' title='bbox 3651 3868 3706 3912; x_wconf 87' lang='lat' dir='ltr'><strong>et</strong></span> <span class='ocrx_word' id='word_1_554' title='bbox 3728 3860 3792 3914; x_wconf 84' lang='lat' dir='ltr'><strong>de</strong></span> 
     </span>
    </p>
   </div>
   <div class='ocr_carea' id='block_1_86' title="bbox 2202 3949 3787 4023">
    <p class='ocr_par' dir='ltr' id='par_1_86' title="bbox 2202 3949 3787 4023">
     <span class='ocr_line' id='line_1_86' title="bbox 2202 3949 3787 4023; baseline -0.003 -18"><span class='ocrx_word' id='word_1_555' title='bbox 2202 3966 2334 4023; x_wconf 88' lang='lat' dir='ltr'><strong>pace</strong></span> <span class='ocrx_word' id='word_1_556' title='bbox 2358 3949 2635 4016; x_wconf 79' lang='lat' dir='ltr'><strong>confecta;</strong></span> <span class='ocrx_word' id='word_1_557' title='bbox 2667 3951 2762 4004; x_wconf 91' lang='lat' dir='ltr'><strong>sed</strong></span> <span class='ocrx_word' id='word_1_558' title='bbox 2807 3950 2929 4018; x_wconf 90' lang='lat' dir='ltr'><strong>quia</strong></span> <span class='ocrx_word' id='word_1_559' title='bbox 2983 3949 3175 4005; x_wconf 89' lang='lat' dir='ltr'><strong>ducem</strong></span> <span class='ocrx_word' id='word_1_560' title='bbox 3218 3959 3271 4005; x_wconf 93' lang='lat' dir='ltr'><strong>et</strong></span> <span class='ocrx_word' id='word_1_561' title='bbox 3303 3951 3558 4004; x_wconf 88' lang='lat' dir='ltr'><strong>comitem</strong></span> <span class='ocrx_word' id='word_1_562' title='bbox 3607 3949 3787 4003; x_wconf 88' lang='lat' dir='ltr'><strong>Saler-</strong></span> 
     </span>
    </p>
   </div>
   <div class='ocr_carea' id='block_1_87' title="bbox 2202 4040 3788 4107">
    <p class='ocr_par' dir='ltr' id='par_1_87' title="bbox 2202 4040 3788 4107">
     <span class='ocr_line' id='line_1_87' title="bbox 2202 4040 3788 4107; baseline -0.003 -9"><span class='ocrx_word' id='word_1_563' title='bbox 2202 4059 2330 4098; x_wconf 92' lang='lat' dir='ltr'><strong>num</strong></span> <span class='ocrx_word' id='word_1_564' title='bbox 2365 4042 2657 4098; x_wconf 87' lang='lat' dir='ltr'><strong>secessisse</strong></span> <span class='ocrx_word' id='word_1_565' title='bbox 2684 4041 2908 4106; x_wconf 86' lang='lat' dir='ltr'><strong>audivit,</strong></span> <span class='ocrx_word' id='word_1_566' title='bbox 2941 4041 3132 4097; x_wconf 91' lang='lat' dir='ltr'><strong>nolens</strong></span> <span class='ocrx_word' id='word_1_567' title='bbox 3167 4042 3442 4107; x_wconf 87' lang='lat' dir='ltr'><strong>comitem,</strong></span> <span class='ocrx_word' id='word_1_568' title='bbox 3477 4043 3654 4096; x_wconf 87' lang='lat' dir='ltr'><strong>donec</strong></span> <span class='ocrx_word' id='word_1_569' title='bbox 3691 4040 3788 4094; x_wconf 87' lang='lat' dir='ltr'><strong>sibi</strong></span> 
     </span>
    </p>
   </div>
   <div class='ocr_carea' id='block_1_88' title="bbox 2205 4131 3788 4207">
    <p class='ocr_par' dir='ltr' id='par_1_88' title="bbox 2205 4131 3788 4207">
     <span class='ocr_line' id='line_1_88' title="bbox 2205 4131 3788 4207; baseline -0.004 -17"><span class='ocrx_word' id='word_1_570' title='bbox 2205 4137 2482 4207; x_wconf 91' lang='lat' dir='ltr'><strong>loquatur,</strong></span> <span class='ocrx_word' id='word_1_571' title='bbox 2515 4150 2702 4190; x_wconf 85' lang='lat' dir='ltr'><strong>versus</strong></span> <span class='ocrx_word' id='word_1_572' title='bbox 2734 4132 2974 4189; x_wconf 89' lang='lat' dir='ltr'><strong>Siciliam</strong></span> <span class='ocrx_word' id='word_1_573' title='bbox 3005 4149 3273 4198; x_wconf 91' lang='lat' dir='ltr'><strong>remeare,</strong></span> <span class='ocrx_word' id='word_1_574' title='bbox 3307 4133 3550 4187; x_wconf 87' lang='lat' dir='ltr'><strong>illorsnm</strong></span> <span class='ocrx_word' id='word_1_575' title='bbox 3585 4131 3788 4186; x_wconf 82' lang='lat' dir='ltr'><strong>accele-</strong></span> 
     </span>
    </p>
   </div>
   <div class='ocr_carea' id='block_1_89' title="bbox 2201 4213 3788 4297">
    <p class='ocr_par' dir='ltr' id='par_1_89' title="bbox 2201 4213 3788 4297">
     <span class='ocr_line' id='line_1_89' title="bbox 2201 4213 3788 4297; baseline -0.004 -15"><span class='ocrx_word' id='word_1_576' title='bbox 2201 4237 2310 4283; x_wconf 85' lang='lat' dir='ltr'><strong>rat.</strong></span> <span class='ocrx_word' id='word_1_577' title='bbox 2349 4213 2693 4297; x_wconf 71' lang='lat' dir='ltr'><strong>VenienSque</strong></span> <span class='ocrx_word' id='word_1_578' title='bbox 2720 4241 2842 4279; x_wconf 90' lang='lat' dir='ltr'><strong>cum</strong></span> <span class='ocrx_word' id='word_1_579' title='bbox 2876 4225 3302 4296; x_wconf 86' lang='lat' dir='ltr'><strong>archiepiscopis</strong></span> <span class='ocrx_word' id='word_1_580' title='bbox 3348 4225 3490 4295; x_wconf 89' lang='lat' dir='ltr'><strong>apud</strong></span> <span class='ocrx_word' id='word_1_581' title='bbox 3526 4223 3788 4278; x_wconf 86' lang='lat' dir='ltr'><strong>Sanctum</strong></span> 
     </span>
    </p>
   </div>
   <div class='ocr_carea' id='block_1_90' title="bbox 2201 4315 3786 4386">
    <p class='ocr_par' dir='ltr' id='par_1_90' title="bbox 2201 4315 3786 4386">
     <span class='ocr_line' id='line_1_90' title="bbox 2201 4315 3786 4386; baseline -0.004 -13"><span class='ocrx_word' id='word_1_582' title='bbox 2201 4319 2541 4384; x_wconf 73' lang='lat' dir='ltr'><strong>Matthrcnm,</strong></span> <span class='ocrx_word' id='word_1_583' title='bbox 2575 4327 2633 4371; x_wconf 93' lang='lat' dir='ltr'><strong>ut</strong></span> <span class='ocrx_word' id='word_1_584' title='bbox 2676 4333 2797 4371; x_wconf 89' lang='lat' dir='ltr'><strong>cttm</strong></span> <span class='ocrx_word' id='word_1_585' title='bbox 2838 4315 3021 4371; x_wconf 86' lang='lat' dir='ltr'><strong>debito</strong></span> <span class='ocrx_word' id='word_1_586' title='bbox 3067 4317 3270 4370; x_wconf 90' lang='lat' dir='ltr'><strong>honore</strong></span> <span class='ocrx_word' id='word_1_587' title='bbox 3311 4331 3436 4370; x_wconf 89' lang='lat' dir='ltr'><strong>eum</strong></span> <span class='ocrx_word' id='word_1_588' title='bbox 3494 4316 3786 4386; x_wconf 84' lang='lat' dir='ltr'><strong>acciperet,</strong></span> 
     </span>
    </p>
   </div>
   <div class='ocr_carea' id='block_1_91' title="bbox 511 4407 2106 4514">
    <p class='ocr_par' dir='ltr' id='par_1_91' title="bbox 511 4407 2094 4498">
     <span class='ocr_line' id='line_1_91' title="bbox 511 4407 2094 4498; baseline 0.011 -31"><span class='ocrx_word' id='word_1_589' title='bbox 511 4411 658 4468; x_wconf 88' lang='lat' dir='ltr'><strong>inter</strong></span> <span class='ocrx_word' id='word_1_590' title='bbox 699 4414 847 4484; x_wconf 82' lang='lat' dir='ltr'><strong>ipsos</strong></span> <span class='ocrx_word' id='word_1_591' title='bbox 891 4415 1235 4476; x_wconf 81' lang='lat' dir='ltr'><strong>reformanda</strong></span> <span class='ocrx_word' id='word_1_592' title='bbox 1267 4423 1443 4492; x_wconf 88' lang='lat' dir='ltr'><strong>primo</strong></span> <span class='ocrx_word' id='word_1_593' title='bbox 1471 4426 1690 4493; x_wconf 88' lang='lat' dir='ltr'><strong>ducem,</strong></span> <span class='ocrx_word' id='word_1_594' title='bbox 1735 4437 1792 4484; x_wconf 88' lang='lat' dir='ltr'><strong>et</strong></span> <span class='ocrx_word' id='word_1_595' title='bbox 1820 4407 2094 4498; x_wconf 79' lang='lat' dir='ltr'><strong>comitem,</strong></span> 
     </span>
    </p>
   </div>
   <div class='ocr_carea' id='block_1_92' title="bbox 2205 4407 3786 4514">
    <p class='ocr_par' dir='ltr' id='par_1_92' title="bbox 2205 4407 3786 4480">
     <span class='ocr_line' id='line_1_92' title="bbox 2205 4407 3786 4480; baseline -0.004 -13"><span class='ocrx_word' id='word_1_596' title='bbox 2205 4428 2324 4468; x_wconf 89' lang='lat' dir='ltr'><strong>cum</strong></span> <span class='ocrx_word' id='word_1_597' title='bbox 2348 4412 2694 4480; x_wconf 89' lang='lat' dir='ltr'><strong>processione</strong></span> <span class='ocrx_word' id='word_1_598' title='bbox 2717 4407 3083 4479; x_wconf 73' lang='lat' dir='ltr'><strong>przestolatur,</strong></span> <span class='ocrx_word' id='word_1_599' title='bbox 3100 4418 3151 4464; x_wconf 85' lang='lat' dir='ltr'><strong>et</strong></span> <span class='ocrx_word' id='word_1_600' title='bbox 3175 4417 3375 4474; x_wconf 90' lang='lat' dir='ltr'><strong>tamen,</strong></span> <span class='ocrx_word' id='word_1_601' title='bbox 3402 4420 3632 4479; x_wconf 89' lang='lat' dir='ltr'><strong>propter</strong></span> <span class='ocrx_word' id='word_1_602' title='bbox 3653 4408 3786 4462; x_wconf 86' lang='lat' dir='ltr'><strong>ami-</strong></span> 
     </span>
    </p>
   </div>
   <div class='ocr_carea' id='block_1_93' title="bbox 509 4503 2172 4592">
    <p class='ocr_par' dir='ltr' id='par_1_93' title="bbox 509 4503 2172 4592">
     <span class='ocr_line' id='line_1_93' title="bbox 509 4503 2172 4592; baseline 0.013 -35"><span class='ocrx_word' id='word_1_603' title='bbox 509 4503 920 4575; x_wconf 88' lang='lat' dir='ltr'><strong>principemque</strong></span> <span class='ocrx_word' id='word_1_604' title='bbox 969 4510 1177 4576; x_wconf 85' lang='lat' dir='ltr'><strong>pariter</strong></span> <span class='ocrx_word' id='word_1_605' title='bbox 1219 4517 1550 4572; x_wconf 88' lang='lat' dir='ltr'><strong>conveniens</strong></span> <span class='ocrx_word' id='word_1_606' title='bbox 1597 4528 1870 4577; x_wconf 87' lang='lat' dir='ltr'><strong>attentare</strong></span> <span class='ocrx_word' id='word_1_607' title='bbox 1911 4523 2093 4592; x_wconf 68' lang='lat' dir='ltr'><strong>coepit.</strong></span> <span class='ocrx_word' id='word_1_608' title='bbox 2127 4503 2172 4572; x_wconf 37' lang='grc' dir='ltr'><strong>’ί</strong></span> 
     </span>
    </p>
   </div>
   <div class='ocr_carea' id='block_1_94' title="bbox 511 4594 2094 4679">
    <p class='ocr_par' dir='ltr' id='par_1_94' title="bbox 511 4594 2094 4679">
     <span class='ocr_line' id='line_1_94' title="bbox 511 4594 2094 4679; baseline 0.015 -33"><span class='ocrx_word' id='word_1_609' title='bbox 511 4594 612 4660; x_wconf 80' lang='lat' dir='ltr'><strong>Qui</strong></span> <span class='ocrx_word' id='word_1_610' title='bbox 649 4598 877 4653; x_wconf 89' lang='lat' dir='ltr'><strong>consilio</strong></span> <span class='ocrx_word' id='word_1_611' title='bbox 927 4601 1143 4658; x_wconf 89' lang='lat' dir='ltr'><strong>comitis</strong></span> <span class='ocrx_word' id='word_1_612' title='bbox 1185 4606 1436 4673; x_wconf 88' lang='lat' dir='ltr'><strong>prudenti</strong></span> <span class='ocrx_word' id='word_1_613' title='bbox 1492 4612 1840 4679; x_wconf 89' lang='lat' dir='ltr'><strong>responsione</strong></span> <span class='ocrx_word' id='word_1_614' title='bbox 1890 4613 1994 4679; x_wconf 89' lang='lat' dir='ltr'><strong>nsi,</strong></span> <span class='ocrx_word' id='word_1_615' title='bbox 2041 4615 2094 4669; x_wconf 94' lang='lat' dir='ltr'><strong>in</strong></span> 
     </span>
    </p>
   </div>
   <div class='ocr_carea' id='block_1_95' title="bbox 507 4688 2096 4775">
    <p class='ocr_par' dir='ltr' id='par_1_95' title="bbox 507 4688 2096 4775">
     <span class='ocr_line' id='line_1_95' title="bbox 507 4688 2096 4775; baseline 0.013 -34"><span class='ocrx_word' id='word_1_616' title='bbox 507 4688 797 4756; x_wconf 83' lang='lat' dir='ltr'><strong>praesentia</strong></span> <span class='ocrx_word' id='word_1_617' title='bbox 823 4691 1131 4761; x_wconf 89' lang='lat' dir='ltr'><strong>apostolici,</strong></span> <span class='ocrx_word' id='word_1_618' title='bbox 1155 4697 1310 4765; x_wconf 87' lang='lat' dir='ltr'><strong>copia</strong></span> <span class='ocrx_word' id='word_1_619' title='bbox 1336 4697 1481 4754; x_wconf 89' lang='lat' dir='ltr'><strong>beati</strong></span> <span class='ocrx_word' id='word_1_620' title='bbox 1513 4701 1661 4757; x_wconf 86' lang='lat' dir='ltr'><strong>Petri</strong></span> <span class='ocrx_word' id='word_1_621' title='bbox 1703 4705 1890 4765; x_wconf 87' lang='lat' dir='ltr'><strong>dicunt</strong></span> <span class='ocrx_word' id='word_1_622' title='bbox 1927 4721 1984 4761; x_wconf 88' lang='lat' dir='ltr'><strong>se</strong></span> <span class='ocrx_word' id='word_1_623' title='bbox 2005 4705 2096 4775; x_wconf 88' lang='lat' dir='ltr'><strong>jus</strong></span> 
     </span>
    </p>
   </div>
   <div class='ocr_carea' id='block_1_96' title="bbox 508 4776 2094 4867">
    <p class='ocr_par' dir='ltr' id='par_1_96' title="bbox 508 4776 2094 4867">
     <span class='ocr_line' id='line_1_96' title="bbox 508 4776 2094 4867; baseline 0.014 -37"><span class='ocrx_word' id='word_1_624' title='bbox 508 4776 670 4839; x_wconf 86' lang='lat' dir='ltr'><strong>inire.</strong></span> <span class='ocrx_word' id='word_1_625' title='bbox 700 4779 744 4834; x_wconf 91' lang='lat' dir='ltr'><strong>si</strong></span> <span class='ocrx_word' id='word_1_626' title='bbox 768 4795 797 4834; x_wconf 86' lang='lat' dir='ltr'><strong>a</strong></span> <span class='ocrx_word' id='word_1_627' title='bbox 823 4781 1092 4852; x_wconf 86' lang='lat' dir='ltr'><strong>Capuanis</strong></span> <span class='ocrx_word' id='word_1_628' title='bbox 1113 4788 1229 4854; x_wconf 87' lang='lat' dir='ltr'><strong>pari</strong></span> <span class='ocrx_word' id='word_1_629' title='bbox 1246 4789 1559 4847; x_wconf 87' lang='lat' dir='ltr'><strong>discrimine</strong></span> <span class='ocrx_word' id='word_1_630' title='bbox 1581 4793 1720 4849; x_wconf 85' lang='lat' dir='ltr'><strong>idem</strong></span> <span class='ocrx_word' id='word_1_631' title='bbox 1743 4807 2094 4867; x_wconf 85' lang='lat' dir='ltr'><strong>exsequatur,</strong></span> 
     </span>
    </p>
   </div>
   <div class='ocr_carea' id='block_1_97' title="bbox 483 4865 2093 4956">
    <p class='ocr_par' dir='ltr' id='par_1_97' title="bbox 483 4865 2093 4956">
     <span class='ocr_line' id='line_1_97' title="bbox 483 4865 2093 4956; baseline 0.013 -33"><span class='ocrx_word' id='word_1_632' title='bbox 483 4865 838 4928; x_wconf 84' lang='lat' dir='ltr'><strong>&#39;coneedunt.</strong></span> <span class='ocrx_word' id='word_1_633' title='bbox 884 4875 1026 4944; x_wconf 84' lang='lat' dir='ltr'><strong>Papa</strong></span> <span class='ocrx_word' id='word_1_634' title='bbox 1071 4878 1213 4934; x_wconf 69' lang='lat' dir='ltr'><strong>intra</strong></span> <span class='ocrx_word' id='word_1_635' title='bbox 1265 4883 1457 4938; x_wconf 90' lang='lat' dir='ltr'><strong>urbem</strong></span> <span class='ocrx_word' id='word_1_636' title='bbox 1511 4886 1651 4942; x_wconf 85' lang='lat' dir='ltr'><strong>idem</strong></span> <span class='ocrx_word' id='word_1_637' title='bbox 1710 4889 1777 4942; x_wconf 90' lang='lat' dir='ltr'><strong>de</strong></span> <span class='ocrx_word' id='word_1_638' title='bbox 1819 4865 2093 4956; x_wconf 16' lang='lat' dir='ltr'><strong>Ca‘puanis</strong></span> 
     </span>
    </p>
   </div>
   <div class='ocr_carea' id='block_1_98' title="bbox 509 4961 2088 5012">
    <p class='ocr_par' dir='ltr' id='par_1_98' title="bbox 509 4961 2088 5012">
     <span class='ocr_line' id='line_1_98' title="bbox 509 4961 2088 5012; baseline -0.001 0"><span class='ocrx_word' id='word_1_639' title='bbox 509 4961 772 5012; x_wconf 72' lang='grc' dir='ltr'><strong>Γεδρίιυιη</strong></span> <span class='ocrx_word' id='word_1_640' title='bbox 804 4966 1026 5012; x_wconf 59' lang='lat' dir='ltr'><strong>vadens-</strong></span> <span class='ocrx_word' id='word_1_641' title='bbox 1061 4970 1188 5012; x_wconf 74' lang='lat' dir='ltr'><strong>dum</strong></span> <span class='ocrx_word' id='word_1_642' title='bbox 1247 4975 1314 5012; x_wconf 62' lang='grc' dir='ltr'><strong>Ωιι</strong></span> <span class='ocrx_word' id='word_1_643' title='bbox 1343 4976 1585 5012; x_wconf 61' lang='lat' dir='ltr'><strong>IIII-ianua</strong></span> <span class='ocrx_word' id='word_1_644' title='bbox 1615 4978 1859 5012; x_wconf 66' lang='lat' dir='ltr'><strong>nnnliluso</strong></span> <span class='ocrx_word' id='word_1_645' title='bbox 1897 4993 2088 5012; x_wconf 56' lang='lat' dir='ltr'><strong>(unum,</strong></span> 
     </span>
    </p>
   </div>
   <div class='ocr_carea' id='block_1_99' title="bbox 2203 4499 3783 4569">
    <p class='ocr_par' dir='ltr' id='par_1_99' title="bbox 2203 4499 3783 4569">
     <span class='ocr_line' id='line_1_99' title="bbox 2203 4499 3783 4569; baseline -0.003 -11"><span class='ocrx_word' id='word_1_646' title='bbox 2203 4502 2429 4558; x_wconf 85' lang='lat' dir='ltr'><strong>cabilem</strong></span> <span class='ocrx_word' id='word_1_647' title='bbox 2467 4500 2871 4556; x_wconf 87' lang='lat' dir='ltr'><strong>venerationem</strong></span> <span class='ocrx_word' id='word_1_648' title='bbox 2906 4515 3066 4569; x_wconf 90' lang='lat' dir='ltr'><strong>quam</strong></span> <span class='ocrx_word' id='word_1_649' title='bbox 3103 4515 3290 4554; x_wconf 89' lang='lat' dir='ltr'><strong>versus</strong></span> <span class='ocrx_word' id='word_1_650' title='bbox 3322 4499 3582 4555; x_wconf 86' lang='lat' dir='ltr'><strong>comitem</strong></span> <span class='ocrx_word' id='word_1_651' title='bbox 3621 4500 3783 4553; x_wconf 88' lang='lat' dir='ltr'><strong>habe-</strong></span> 
     </span>
    </p>
   </div>
   <div class='ocr_carea' id='block_1_100' title="bbox 2198 4593 3785 4667">
    <p class='ocr_par' dir='ltr' id='par_1_100' title="bbox 2198 4593 3785 4667">
     <span class='ocr_line' id='line_1_100' title="bbox 2198 4593 3785 4667; baseline -0.005 -15"><span class='ocrx_word' id='word_1_652' title='bbox 2198 4598 2314 4661; x_wconf 87' lang='lat' dir='ltr'><strong>bat,</strong></span> <span class='ocrx_word' id='word_1_653' title='bbox 2368 4596 2602 4667; x_wconf 85' lang='lat' dir='ltr'><strong>primum</strong></span> <span class='ocrx_word' id='word_1_654' title='bbox 2647 4595 2714 4649; x_wconf 90' lang='lat' dir='ltr'><strong>ad</strong></span> <span class='ocrx_word' id='word_1_655' title='bbox 2771 4595 2888 4663; x_wconf 86' lang='lat' dir='ltr'><strong>ejus</strong></span> <span class='ocrx_word' id='word_1_656' title='bbox 2950 4593 3242 4664; x_wconf 90' lang='lat' dir='ltr'><strong>hospitium</strong></span> <span class='ocrx_word' id='word_1_657' title='bbox 3302 4609 3425 4648; x_wconf 90' lang='lat' dir='ltr'><strong>eum</strong></span> <span class='ocrx_word' id='word_1_658' title='bbox 3481 4593 3785 4647; x_wconf 83' lang='lat' dir='ltr'><strong>amabiliter</strong></span> 
     </span>
    </p>
   </div>
   <div class='ocr_carea' id='block_1_101' title="bbox 2201 4684 3786 4755">
    <p class='ocr_par' dir='ltr' id='par_1_101' title="bbox 2201 4684 3786 4755">
     <span class='ocr_line' id='line_1_101' title="bbox 2201 4684 3786 4755; baseline -0.004 -13"><span class='ocrx_word' id='word_1_659' title='bbox 2201 4689 2374 4742; x_wconf 86' lang='lat' dir='ltr'><strong>visum</strong></span> <span class='ocrx_word' id='word_1_660' title='bbox 2405 4686 2570 4752; x_wconf 80' lang='lat' dir='ltr'><strong>vadit,</strong></span> <span class='ocrx_word' id='word_1_661' title='bbox 2598 4685 2796 4754; x_wconf 90' lang='lat' dir='ltr'><strong>diuque</strong></span> <span class='ocrx_word' id='word_1_662' title='bbox 2814 4685 2928 4755; x_wconf 88' lang='lat' dir='ltr'><strong>ejus</strong></span> <span class='ocrx_word' id='word_1_663' title='bbox 2961 4684 3230 4754; x_wconf 90' lang='lat' dir='ltr'><strong>colloquio</strong></span> <span class='ocrx_word' id='word_1_664' title='bbox 3267 4699 3414 4748; x_wconf 89' lang='lat' dir='ltr'><strong>usus,</strong></span> <span class='ocrx_word' id='word_1_665' title='bbox 3460 4685 3530 4736; x_wconf 86' lang='lat' dir='ltr'><strong>ad</strong></span> <span class='ocrx_word' id='word_1_666' title='bbox 3572 4699 3786 4753; x_wconf 68' lang='lat' dir='ltr'><strong>proces-</strong></span> 
     </span>
    </p>
   </div>
   <div class='ocr_carea' id='block_1_102' title="bbox 2199 4773 3779 4848">
    <p class='ocr_par' dir='ltr' id='par_1_102' title="bbox 2199 4773 3779 4848">
     <span class='ocr_line' id='line_1_102' title="bbox 2199 4773 3779 4848; baseline -0.008 -13"><span class='ocrx_word' id='word_1_667' title='bbox 2199 4781 2430 4845; x_wconf 89' lang='lat' dir='ltr'><strong>sionem,</strong></span> <span class='ocrx_word' id='word_1_668' title='bbox 2470 4794 2591 4848; x_wconf 69' lang='lat' dir='ltr'><strong>qua:</strong></span> <span class='ocrx_word' id='word_1_669' title='bbox 2622 4779 3056 4846; x_wconf 75' lang='lat' dir='ltr'><strong>prmstolabatur,</strong></span> <span class='ocrx_word' id='word_1_670' title='bbox 3102 4774 3482 4845; x_wconf 87' lang='lat' dir='ltr'><strong>suscipiendus</strong></span> <span class='ocrx_word' id='word_1_671' title='bbox 3532 4773 3779 4833; x_wconf 85' lang='lat' dir='ltr'><strong>accessit,</strong></span> 
     </span>
    </p>
   </div>
   <div class='ocr_carea' id='block_1_103' title="bbox 2197 4866 3785 4945">
    <p class='ocr_par' dir='ltr' id='par_1_103' title="bbox 2197 4866 3785 4945">
     <span class='ocr_line' id='line_1_103' title="bbox 2197 4866 3785 4945; baseline -0.009 -13"><span class='ocrx_word' id='word_1_672' title='bbox 2197 4876 2251 4933; x_wconf 87' lang='lat' dir='ltr'><strong>in</strong></span> <span class='ocrx_word' id='word_1_673' title='bbox 2283 4875 2692 4945; x_wconf 85' lang='lat' dir='ltr'><strong>crastinumque</strong></span> <span class='ocrx_word' id='word_1_674' title='bbox 2729 4873 3139 4936; x_wconf 89' lang='lat' dir='ltr'><strong>convenientes,</strong></span> <span class='ocrx_word' id='word_1_675' title='bbox 3182 4870 3319 4923; x_wconf 91' lang='lat' dir='ltr'><strong>alter</strong></span> <span class='ocrx_word' id='word_1_676' title='bbox 3366 4868 3597 4922; x_wconf 88' lang='lat' dir='ltr'><strong>alterius</strong></span> <span class='ocrx_word' id='word_1_677' title='bbox 3630 4866 3785 4921; x_wconf 82' lang='lat' dir='ltr'><strong>collo-</strong></span> 
     </span>
    </p>
   </div>
   <div class='ocr_carea' id='block_1_104' title="bbox 2196 4958 3781 5012">
    <p class='ocr_par' dir='ltr' id='par_1_104' title="bbox 2196 4958 3781 5012">
     <span class='ocr_line' id='line_1_104' title="bbox 2196 4958 3781 5012; baseline -0.001 0"><span class='ocrx_word' id='word_1_678' title='bbox 2196 4967 2327 5012; x_wconf 85' lang='lat' dir='ltr'><strong>nuin</strong></span> <span class='ocrx_word' id='word_1_679' title='bbox 2369 4981 2492 5012; x_wconf 78' lang='lat' dir='ltr'><strong>cum</strong></span> <span class='ocrx_word' id='word_1_680' title='bbox 2541 4965 2776 5012; x_wconf 70' lang='lat' dir='ltr'><strong>maxima</strong></span> <span class='ocrx_word' id='word_1_681' title='bbox 2827 4963 3114 5012; x_wconf 77' lang='lat' dir='ltr'><strong>dilectione</strong></span> <span class='ocrx_word' id='word_1_682' title='bbox 3167 4960 3441 5012; x_wconf 58' lang='lat' dir='ltr'><strong>i&#39;i‘iiiinlur.</strong></span> <span class='ocrx_word' id='word_1_683' title='bbox 3499 4958 3611 5012; x_wconf 84' lang='lat' dir='ltr'><strong>Sed</strong></span> <span class='ocrx_word' id='word_1_684' title='bbox 3659 4958 3781 5012; x_wconf 82' lang='lat' dir='ltr'><strong>auia</strong></span> 
     </span>
    </p>
   </div>
  </div>
