4010 5230
267 184 406 242 £209

266 295 594 367 legationem
648 303 792 360 beati
847 306 992 364 Petri
1029 325 1160 384 supe

267 383 530 452 Siciliam,
577 391 660 445 vel
705 393 1009 456 habendam
1047 383 1194 476 (39l)
1241 383 1628 472 ltwreditaliler
1681 383 1852 490 poni-ti,

257 493 332 568 ‘ca
369 479 696 540 discretione
751 497 828 556 ut,
885 493 1011 549 dum
1055 497 1169 566 ipse
1209 517 1392 560 comes
1429 507 1716 580 advixerit,
1769 517 1854 572 vel

255 571 462 642 ialiquis
501 575 774 634 hatredum
817 599 1037 642 suorum
1095 592 1194 646 zeli
1237 599 1450 664 paterni
1499 604 1852 665 ecclesiastici

267 677 561 723 exsecutor
590 685 867 743 superstes
903 679 1086 748 fuerit,
1125 685 1334 758 legatus
1367 694 1508 752 alius
1537 714 1566 754 a
1613 699 1852 760 ltomana

600 725 603 726 ,
631 725 681 743 ,r
702 725 865 733 ------
903 725 1086 748 -..νυη
1125 725 1158 738 ιι
1175 725 1334 758 διε-ιω
1367 725 1508 752 uulua
1537 725 1566 754 il
1613 725 1850 760 numam]

241 725 415 838 lsede,
455 759 586 830 ipsis
615 763 801 822 invitis
831 769 1011 826 nullus
1051 791 1482 849 superponatur;
1529 789 1624 844 sed
1667 793 1850 864 siqua

271 845 308 864 η
330 863 339 864 γ
556 851 593 864 η
665 854 674 864 ·
747 857 758 864 ·
841 859 853 864 -
929 861 938 864 -

267 845 526 904 Romanae
555 851 808 912 Ecclesia:
831 859 972 930 juris
1015 871 1360 938 exsequenda
1411 875 1631 946 fuerint,
1689 845 1850 940 char-

269 938 394 992 tulis
416 955 444 994 a
473 941 714 1000 Romana
741 950 864 1004 sedc
896 952 947 1007 in
988 953 1228 1014 Siciliam
1283 965 1366 1018 vel
1415 965 1718 1030 Calabriam
1767 977 1852 1032 di-

267 1035 464 1102 rectis,
506 1054 604 1108 per
650 1041 796 1112 ipsos
841 1048 1066 1106 consilio
1111 1055 1488 1128 episc0p0rnm
1536 1069 1850 1126 earumdem

263 1129 670 1194 provinciarum
720 1138 1036 1198 authentico
1073 1143 1426 1208 deliniautur.
1475 1155 1628 1224 Quod
1663 1163 1708 1216 si
1737 1165 1852 1234 epi-

263 1219 414 1288 scopi
446 1223 512 1277 ad
539 1226 828 1282 concilium
855 1231 1064 1290 invitati
1094 1236 1316 1308 fuerint,
1347 1219 1564 1315 quotet
1587 1267 1724 1322 quos
1749 1219 1850 1328 ipsi

261 1311 478 1378 comiti,
503 1315 586 1370 vel
619 1319 730 1374 suis
753 1319 952 1378 futuris
975 1325 1282 1386 lneredibus
1305 1311 1476 1392 visum
1501 1311 1690 1410 fuerit,
1723 1311 1850 1406 illuc

263 1401 524 1472 dirigant,
555 1407 659 1462 nisi
702 1408 844 1466 forte
897 1414 964 1470 de
1009 1417 1192 1489 aliquo
1239 1423 1480 1493 ipsorum
1515 1432 1570 1486 in
1619 1401 1850 1496 concilio

259 1499 530 1566 agendum
568 1501 658 1568 sit,
707 1504 760 1558 in
815 1505 1002 1564 Sicilia
1041 1513 1122 1568 vel
1160 1515 1412 1576 Calabria
1453 1523 1506 1577 in
1559 1533 1848 1594 praesentia

257 1603 358 1642 sua
389 1591 700 1651 authentice
727 1597 938 1656 deﬁniri
977 1607 1302 1676 nequiverit,
1346 1626 1399 1668 et
1443 1591 1638 1674 adhoc
1695 1637 1848 1678 com-

1343 209 1718 272 HlS'l'ORlAM
1759 219 2056 278 SlCliLAM
2093 225 2454 283 APPENDIX.

1165 330 1194 368 r
1237 320 1492 378 comitem
1538 340 1636 396 per
1687 338 1852 386 totam
1883 336 1926 392 Α
1957 349 2172 406 semper
2197 341 2463 406 exhibuit,
2491 355 2590 396 nos
2611 343 2712 416 [te]
2737 360 2788 399 In
2818 361 3110 418 specimen)
3135 357 3298 422 atque
3331 353 3546 414 charis-

3409 241 3546 298 1⁸3ιο

1957 425 2152 482 simum
2183 427 2352 484 ﬁlium
2383 431 2623 500 ejusdem
2659 435 2982 494 universalis
3025 439 3280 497 Ecclesiae
3329 459 3543 502 assum-

1955 519 2178 588 psimus.
2195 519 2400 578 Idcirco
2421 525 2484 578 de
2499 534 2602 580 tua:
2619 527 3228 600 prohitatisjsinccritate
3247 534 3541 604 plurimum

1956 611 2314 678 confidentes,
2395 615 2538 670 sicut
2591 620 2770 676 verbis
2823 623 3192 691 promisimus,
3247 627 3319 680 ita
3375 628 3540 684 etiam

1953 701 2254 758 litterarum
2283 708 2604 764 auctoritate
2631 711 2906 768 ﬁrmamus
2935 717 3078 784 quod
3105 719 3252 772 onmi
3287 719 3410 774 vitae
3439 731 3542 776 tua:

1955 803 2216 866 tempore,
2279 799 2361 854 vel
2420 801 2512 856 lilii
2575 804 2650 858 tui
2703 805 2960 874 Simonis,
3012 818 3105 862 aut
3159 809 3386 867 alterius
3447 813 3539 882 qui

1952 885 2225 958 legitimus
2263 892 2336 946 tui
2372 893 2544 950 lncrcs
2572 898 2863 962 exstiterit,
2897 901 3100 954 nullum
3133 903 3184 956 in
3217 913 3358 958 terra
3389 915 3535 975 potes

1952 981 2107 1036 statis
2169 993 2404 1051 vesti-aa,
2456 995 2654 1058 printer
2700 991 3033 1047 voluntatem
3103 1004 3196 1050 aut
3253 998 3540 1054 consilium

1955 1081 2191 1128 vestrum
2242 1076 2476 1146 legatum
2539 1081 2798 1140 “ornante
2859 1085 3118 1144 Ecclesiae
3189 1097 3538 1158 statuemus;

1951 1163 2220 1232 quinimo,
2237 1181 2358 1236 quae
2381 1186 2476 1239 per
2497 1170 2733 1242 legatum
2757 1177 2928 1230 acturi
2953 1193 3159 1242 sumus,
3185 1195 3282 1250 per
3301 1189 3540 1236 vestram

1955 1255 2281 1314 industriam
2305 1261 2464 1334 legati
2497 1265 2614 1320 vice
2641 1268 2882 1324 exhiberi
2917 1271 3182 1337 volumus,
3221 1273 3438 1341 quando
3473 1273 3538 1328 ad

1951 1361 2050 1400 vos
2077 1363 2144 1402 ex
2173 1347 2340 1406 latere
2367 1363 2554 1409 nostro
2577 1356 2907 1424 miserimus,
2939 1359 3005 1414 ad
3031 1361 3260 1416 salutem
3292 1363 3542 1420 videlicet

1950 1441 2318 1500 Ecclesiarum
2355 1463 2473 1516 qum
2513 1451 2616 1505 sub
2646 1461 2826 1506 vestra
2861 1463 3130 1524 potestate
3167 1456 3434 1520 existant.
3473 1458 3538 1512 ad

1953 1532 2214 1590 honorem
2247 1537 2388 1592 beati
2423 1537 2592 1606 Petri,
2637 1553 2948 1614 sanctasque
2991 1544 3108 1615 ejus
3149 1547 3294 1602 sedis
3325 1559 3538 1618 aposto-

1951 1631 2090 1697 licae,
2121 1633 2208 1688 cui
2237 1635 2432 1692 devote
2463 1637 2728 1696 hactenus
2757 1641 3010 1707 obedisti,
3042 1659 3313 1713 quamque
3351 1645 3404 1698 in
3443 1661 3531 1714 ορ·

1951 1680 2090 1697 ---._,
2126 1680 2208 1688 -.μ
2241 1680 2304 1690 -.ν
2346 1680 2432 1692 νη,
2465 1680 2728 1696 ...ωηηυσ
2759 1680 3010 1707 πωπω,
3042 1680 3313 1713 quamque
3443 1680 3531 1714 υν-

257 1680 484 1736 missum
521 1690 908 1758 perpcu'a'i'er
943 1703 1391 1770 “manendum:
1432 1710 1716 1782 ρτίνίιεκίο
1739 1732 1852 1773 sua!
1883 1713 1926 1770 Β
1953 1729 2378 1795 portuuitatibus
2404 1731 2519 1786 suis
2541 1741 2762 1789 strenue
2804 1751 2868 1790 ac
2901 1736 3132 1792 ﬁdeliter
3163 1739 3437 1807 adjuvisti.
3479 1739 3536 1794 Si

257 1776 595 1807 ηειριηι-ἶιηυζι.
645 1783 878 1807 a:...-._-.:.
979 1805 1012 1807 μ
1040 1789 1050 1799 ο
1399 1800 1410 1807 .

255 1776 598 1833 auctoritatis
645 1783 905 1850 ﬁrmavit,
969 1789 1122 1860 cujus
1175 1776 1501 1856 sententiam
1563 1776 1849 1866 subtitula-

253 1881 377 1919 lllilS
403 1885 417 1921 ζ

327 1955 581 2016 υιωλκυε
629 1966 968 2044 episcopus”
995 1990 1186 2036 servus
1223 1996 1506 2042 servorum
1549 1987 1666 2054 Dei,
1717 1993 1844 2049 cha-

250 2051 472 2108 rissiuto
500 2056 608 2112 lilio
631 2059 696 2115 Β.
731 2067 915 2120 comiti
944 2067 1206 2128 Calabria:
1257 2085 1310 2130 et
1343 2077 1560 2143 Sicilire.
1611 2051 1838 2140 salutem

247 2151 308 2198 et
368 2150 722 2218 apostolicam
781 2156 1232 2220 benedictionem.
1285 2167 1420 2236 Quia
1491 2177 1838 2243 prudentiam

251 2241 400 2290 tuam
434 2255 679 2310 superna-
706 2249 1004 2319 majestatis
1041 2255 1280 2327 dignatio
1315 2241 1507 2320 multis
1548 2269 1836 2340 triumphis

245 2337 306 2416 et
343 2331 642 2391 honoribus
671 2345 952 2412 exaltavit,
983 2357 1038 2402 et
1073 2353 1317 2419 probitas
1357 2364 1445 2411 tua
1489 2359 1542 2414 in
1582 2331 1838 2422 Sarrace—

245 2413 444 2475 norum
493 2424 693 2486 liuibus
731 2432 1030 2492 Ecclesiam
1075 2439 1172 2496 Dei
1225 2443 1514 2513 plurimum
1567 2453 1834 2524 dilatavit,

243 2523 558 2592 sauciaeque
593 2523 706 2580 sedi
739 2529 1049 2598 apostolica:
1077 2534 1327 2594 devotam
1362 2555 1420 2596 se
1451 2543 1634 2600 multis
1661 2523 1838 2606 modis

1953 1832 2082 1873 vero
2110 1819 2474 1878 celebrabitur
2503 1827 2814 1892 concilium,
2847 1829 2942 1885 tibi
2989 1831 3318 1886 mandavero
3352 1841 3542 1900 quate—

1947 1926 2050 1965 nus
2103 1915 2386 1985 episcopos
2417 1925 2472 1972 et
2497 1917 2722 1974 abbates
2779 1929 2882 1977 tua:
2933 1931 3091 1978 terra:
3145 1923 3276 1978 mihi
3330 1924 3539 1990 mittas,

1944 2011 2098 2070 quot,
2144 2015 2197 2058 et
2249 2023 2386 2076 quos
2435 2009 2672 2067 volueris
2703 2014 2914 2080 mittas,
2955 2015 3090 2070 alios
3131 2017 3198 2071 ad
3252 2017 3536 2072 servitium

1945 2095 2314 2153 Ecclesiarum
2348 2109 2404 2154 et
2440 2103 2656 2157 tutelam
2693 2106 2944 2160 retineas.
2975 2109 3330 2178 (hnnipotens
3359 2109 3541 2162 Domi-

1946 2203 2048 2244 nus
2073 2199 2226 2246 actus
2255 2203 2374 2248 tuos
2407 2195 2460 2248 in
2486 2195 2822 2266 bcneplacito
2843 2215 2944 2254 suo
2969 2201 3188 2270 dirigat,
3219 2211 3270 2256 et
3295 2211 3344 2256 te
3369 2217 3398 2254 a
3422 2216 3539 2270 pcc-

1945 2281 2081 2336 catis
2120 2283 2424 2340 absolutum
2467 2288 2535 2341 ad
2575 2287 2739 2343 vitam
2781 2303 3038 2346 :rtcrnam
3086 2293 3366 2362 perducat.
3415 2293 3537 2346 Dat.

1946 2371 2154 2428 Salerni
2187 2391 2284 2446 per
2320 2393 2538 2434 manum
2569 2380 2795 2438 Joannis
2827 2381 3039 2440 Sanetze
3071 2385 3330 2440 Romana:
3356 2385 3528 2440 Eccle-

1943 2465 2039 2520 εἰπε
2062 2467 2274 2523 diaconi
2305 2485 2364 2524 Ill
2389 2469 2568 2526 Nonas
2595 2473 2743 2536 Julii,
2787 2476 3082 2532 indictione
3115 2493 3210 2544 vn,
3239 2477 3528 2548 pontiﬁca-

1944 2565 2030 2616 tus
2057 2561 2262 2617 domini
2291 2563 2496 2620 Urbani
2524 2567 2744 2623 secundi
2771 2585 2847 2626 χι.

1301 2691 1532 2768 Eaplicit
1571 2719 1700 2770 opus
1732 2702 1990 2778 ϐατεῖν-ειη
2013 2711 2276 2766 monachi.

1614 2889 2157 2914 ..ἠ-

625 3011 1119 3118 APPENDIX
1192 3021 1322 3120 EX
1387 3023 1734 3128 CODICE
1799 3029 2412 3137 MARCHIONlS
2469 3041 3093 3146 JAIlRATANAi

1274 3205 1368 3260 AD
1409 3207 1730 3268 ULTIMUM
1777 3212 2178 3275 CAPITULL'M
2217 3220 2395 3276 LIBRI
2435 3223 2504 3278 ιν

990 3377 1507 3463 HISTORIA?
1575 3389 2088 3475 GAUFBEDI
2136 3397 2801 3486 MALATERILE.

321 3539 448 3599 Ροει
479 3545 594 3601 haec
621 3547 896 3616 l’iissimlls
925 3560 1359 3620 οοητοενοοοιιίῑο
1387 3561 1477 3619 Dei
1508 3566 1711 3637 ἱυάῖοῖο
1738 3585 1836 3640 Ρθ-
1864 3557 1910 3620 C
2011 3575 2140 3635 Post
2169 3580 2315 3638 hunc
2343 3583 2530 3641 Simon
2571 3586 2804 3643 ﬁliorum
2853 3591 3252 3664 primogenitns
3301 3611 3528 3668 regnum

321 3650 394 3668 ‘nn
420 3639 560 3668 .νῖκῖΙῖ
619 3644 873 3668 ..-ιιι-,ιμξη
905 3647 1123 3668 -..Ι.-ι---
1189 3650 1212 3668 ι·
1407 3655 1420 3668 1
1465 3658 1501 3668 -ι

245 3639 396 3692 nitus
420 3639 560 3694 virili
619 3644 874 3712 progenie
901 3647 1150 3715 orbatus,
1188 3650 1308 3707 fusa
1354 3655 1420 3710 ad
1465 3658 1632 3712 Deum
1674 3639 1837 3732 prece

249 3731 300 3786 in
335 3747 430 3802 spe
459 3731 661 3788 sobolis
699 3739 1048 3805 procreanda:
1100 3759 1324 3802 uxorem
1355 3764 1509 3806 suam
1561 3757 1832 3826 cognovit,

249 3823 302 3877 in
333 3839 507 3895 eaque
531 3825 672 3881 ﬁlios
705 3838 760 3882 et
809 3828 946 3884 ﬁlias
987 3839 1286 3902 generavit.
1318 3839 1418 3906 Qui
1451 3823 1716 3914 usquead
1748 3823 1836 3904 se-

246 3925 522 3970 nectutem
573 3918 1012 3980 honestissimam
1063 3945 1229 3998 agens
1257 3933 1422 3987 vitam
1461 3937 1750 4004 plurimum
1777 3941 1830 3995 in

244 4008 612 4066 aediﬁcatione
667 4014 1024 4071 ecclesiarum
1082 4021 1344 4088 intentus,
1397 4030 1616 4084 easdem
1673 4042 1832 4101 prout

245 4101 482 4158 insoluta
515 4105 683 4174 ipsius
710 4111 1000 4177 posteritas
1045 4115 1220 4172 adhuc
1258 4126 1312 4170 et
1345 4121 1482 4190 regit
1517 4131 1571 4177 et
1605 4137 1830 4179 conser-

241 4206 336 4248 vat
391 4210 490 4265 per
529 4206 697 4253 totam
747 4211 946 4256 terram
989 4219 1143 4259 suam
1197 4209 1416 4276 copiose
1464 4211 1718 4277 dotando,
1777 4223 1832 4270 et

241 4284 488 4340 virorum
537 4289 864 4356 psallemum
916 4293 1168 4364 religiose
1201 4307 1366 4370 atque
1403 4301 1658 4358 decenter
1685 4309 1832 4362 orui-

242 4377 446 4438 nando.
479 4380 598 4447 pius
627 4381 992 4449 orphanornm
1043 4396 1098 4440 et
1133 4390 1418 4446 viduarum
1459 4405 1740 4463 protector
1765 4415 1830 4455 ac

239 4469 532 4524 muniﬁcus
597 4488 892 4544 pauperum
955 4479 1156 4535 Christi
1221 4483 1535 4542 sublevator
1597 4493 1825 4549 exstitit.

239 4559 486 4631 Clllthth
518 4561 583 4615 iis
613 4572 664 4616 et
707 4563 916 4622 liliabus
941 4569 1274 4638 proﬁcicntlo
1303 4589 1518 4646 semper
1547 4577 1599 4633 in
1637 4581 1829 4640 melius

239 4649 482 4710 honesta:
535 4657 845 4714 sanctitatis
901 4663 1208 4734 excinplum
1267 4670 1478 4736 cunctis
1541 4674 1823 4745 existeret,

241 4747 483 4813 tandem,
511 4751 818 4804 necessaria
839 4751 1092 4810 humanze
1116 4758 1444 4815 conditionis
1465 4762 1582 4833 lege
1607 4775 1826 4824 natura-

238 4835 343 4890 lem
381 4836 434 4891 in
465 4851 546 4891 ea
589 4839 1002 4896 dissolutionem
1052 4857 1332 4916 aperante,
1373 4851 1518 4905 illam
1561 4855 1822 4916 illustrem

237 4925 476 4980 animam
507 4935 652 4982 tanta
685 4929 1088 4989 collustratione
1117 4947 1176 4992 ut
1207 4941 1521 4995 meritorum
1547 4947 1824 5017 agnitione

239 5019 552 5090 insignitam
601 5023 669 5076 ad
715 5023 1018 5080 desiderata
1079 5030 1365 5088 beatorum
1417 5034 1642 5108 collegia
1695 5057 1823 5110 ante.

236 5119 586 5180 conspectum
618 5111 814 5167 divinm
854 5114 1152 5183 majestaiis
1197 5125 1496 5194 εχρξιιηηάο
1525 5129 1820 5209 delegavit,

241 5215 536 5226 Αριοκιιιλιιισοι
571 5217 683 5226 ιιι-.-
719 5219 812 5226 ...αι-

1939 3674 2165 3742 accepit.
2200 3673 2302 3741 Qui
2337 3693 2432 3748 per
2480 3695 2685 3749 paucos
2728 3683 2916 3738 vivens
2975 3702 3180 3752 annos,
3212 3703 3404 3758 graves
3460 3691 3530 3746 ab

1935 3759 2126 3832 Apulis
2157 3768 2482 3824 mutationes
2511 3773 2789 3828 sustinuit.
2829 3773 2966 3832 lluic
3011 3779 3276 3834 successit
3307 3779 3396 3834 ille
3431 3781 3530 3836 ho-

1938 3854 2146 3908 minum
2176 3857 2464 3926 maximus,
2497 3878 2528 3916 a
2557 3863 2668 3919 Deo
2699 3865 2928 3922 dilectus
2975 3879 3028 3922 et
3057 3865 3377 3925 benedictus
3409 3871 3530 3926 nni-

1937 3960 2034 4001 cus
2083 3947 2187 4012 leo,
2236 3960 2289 4006 et
2341 3953 2491 4022 pacis
2545 3954 2970 4024 ﬁrmamentum,
3029 3960 3296 4031 Roget-ius
3337 3964 3526 4020 mundi

1934 4038 2243 4108 admiratio,
2261 4045 2517 4100 virtutum
2538 4049 2779 4103 onminm
2805 4051 3082 4120 splendor,
3106 4063 3160 4107 et
3185 4069 3284 4123 pro
3309 4055 3526 4126 regibus

1933 4133 2095 4192 heros
2149 4141 2367 4209 sapiens
2423 4152 2479 4198 et
2535 4145 2832 4201 immensus
2887 4149 3092 4208 omnia.
3133 4150 3286 4220 prius
3341 4159 3522 4206 tmnen

1933 4241 2134 4292 comes,
2173 4239 2359 4298 postea
2401 4231 2493 4285 Dei
2537 4235 2765 4288 multum
2818 4235 3243 4307 imcomparabili
3292 4239 3409 4307 ejus
3437 4255 3518 4294 sa-

1931 4315 2131 4384 pientia
2181 4329 2464 4388 operante,
2525 4322 2718 4394 (lignus
2783 4325 2890 4380 dux
2949 4327 3173 4382 Feracis
3203 4329 3410 4398 Apuliae
3465 4337 3522 4382 et

1931 4403 2127 4474 Capua:
2154 4408 2511 4480 principatus,
2543 4413 2610 4466 ad
2641 4415 2890 4470 ultimum
2938 4433 3033 4472 rex
3069 4417 3292 4482 Siciliae,
3327 4419 3518 4488 Tripo~

1931 4493 2021 4563 lis,
2067 4495 2264 4552 Africa:
2315 4503 2728 4569 potentissimus
2785 4507 2920 4562 ﬁnes
2973 4509 3183 4579 imperii
3235 4509 3315 4565 sui
3365 4510 3524 4582 longe

1929 4583 2147 4654 lateque
2187 4590 2470 4660 multiplici
2507 4602 2776 4650 terrarum
2809 4598 3172 4667 aequisilione
3203 4599 3522 4669 ampliavit:

1928 4676 1994 4730 ad
2025 4677 2176 4746 cujus
2205 4679 2395 4738 laudes
2426 4695 2479 4738 ct
2499 4693 2656 4754 gesta
2687 4687 2977 4759 probitatis
3006 4689 3353 4759 singulariter
3387 4690 3528 4744 refe-

1932 4769 2096 4822 renda
2126 4773 2381 4840 quoniam
2415 4774 2698 4832 Ciceronis
2719 4777 3089 4844 eloquentiam
3113 4777 3531 4835 insulﬁcientem

1931 4857 2098 4916 fuisse
2129 4874 2354 4934 reputo;
2401 4881 2501 4936 ego
2533 4866 2628 4933 qui
2665 4869 2780 4924 fere
2811 4869 2988 4924 nullus
3032 4884 3174 4936 sum,
3205 4879 3370 4925 tanta:
3411 4885 3544 4939 gra-

1933 4947 2116 5007 vitatis
2163 4967 2302 5008 onus
2359 4955 2492 5009 mihi
2551 4954 2738 5015 adhuc
2789 4957 3122 5034 incognitum
3177 4962 3232 5016 in
3290 4961 3556 5028 [πίηδυῆιί

1941 5052 2147 5100 tentare
2172 5044 2424 5102 formido.

2007 5133 2156 5208 (592)
2199 5137 2355 5192 Anno
2388 5137 2600 5194 Domini
2647 5143 2806 5206 1027,
2841 5142 3053 5201 decimo
3084 5156 3240 5202 sexto
3271 5139 3560 5198 Kalendas
