4010 5230
461 315 594 372 1211

1039 307 1132 362 AD
1158 303 1508 361 GAUFREDI
1541 301 1892 360 MALA'I‘ER.
1945 301 2114 361 MON.
2152 303 2398 361 BENED.
2443 303 2818 362 HISTORIAM
2857 303 3157 362 SlCULAM

3607 303 3744 358 1212

455 429 768 492 hominibus
811 433 1022 498 partem
1078 420 1312 484 occidit,
1367 426 1421 474 et
1474 425 1685 488 partem
1734 417 2048 486 eaptivavit.
2081 425 2126 482 Α
2227 419 2382 474 Anno
2410 418 2621 476 Domini
2649 417 2806 484 1216,
2847 419 3258 476 celeberrimum
3285 417 3573 474 concilium
3599 418 3718 474 celo

525 527 682 580 Anno
720 519 928 575 Domini
975 515 1134 580 1052,
1182 513 1516 584 Straligotns
1545 511 1756 582 primus
1785 509 2050 583 Georgius

457 613 720 688 patricius
747 619 802 666 et
824 605 1162 663 Maniachius
1193 620 1315 658 cum
1334 605 1472 657 duce
1497 601 2048 672 eeperuntcivitatem

458 709 740 772 Messanae,
771 713 825 758 et
851 704 966 773 ipso
1009 715 1150 756 anno
1185 697 1461 754 commisit
1491 696 1714 752 bellum.
1757 695 1900 751 Idem
1940 695 2054 750 Ma—

458 801 648 856 niacus
712 797 995 868 ignoratur
1051 807 1174 846 cum
1223 789 1421 860 quibus
1466 789 1692 857 adeptus
1739 795 1824 842 est
1882 786 2052 842 victo-

465 895 621 948 riam.

528 986 687 1040 Anno
730 981 943 1038 Domini
996 979 1156 1044 1060,
1189 977 1445 1033 Kalendis
1473 974 1701 1048 Augusti
1729 981 1921 1045 captus
1951 973 2054 1028 fuit

460 1077 802 1134 Innocentius
852 1091 988 1146 papa
1019 1089 1049 1128 a
1084 1073 1232 1130 dicto
1263 1085 1388 1143 rege
1421 1069 1656 1142 Rogerio
1687 1082 1816 1139 rege
1846 1067 2052 1124 Siciliae

461 1169 516 1223 in
545 1168 762 1224 civitate
790 1167 1094 1238 Captinata.

531 1261 687 1316 Anno
753 1259 964 1315 Domini
1037 1256 1206 1320 1101,
1271 1251 1583 1308 indietionis
1647 1265 1804 1305 nona:
1869 1263 2054 1304 mense

460 1348 608 1418 Julii,
645 1351 780 1407 obiit
832 1349 1102 1404 maximus
1151 1359 1336 1402 comes
1385 1341 1652 1412 Rogerius
1699 1349 1856 1410 pater
1912 1340 2056 1410 regis

461 1443 698 1514 Rogerii.

533 1536 692 1590 Anno
733 1532 942 1590 Domini
979 1531 1138 1596 1118,
1185 1527 1352 1584 Nona:
1385 1524 1721 1588 indictionis,
1753 1523 1888 1578 obiit
1917 1519 2058 1576 Ade-

463 1627 598 1681 lasia
629 1626 814 1696 regina
844 1622 1296 1680 Jerosolomizana
1329 1627 1504 1672 mater
1535 1617 1678 1686 regis
1712 1615 1828 1686 Reg
1865 1614 1949 1668 rii.

535 1719 692 1774 Anno
723 1717 934 1773 Domini
961 1714 1119 1778 1H9,
1153 1727 1338 1768 mense
1381 1708 1527 1776 Julii,
1553 1707 1736 1763 Africa
1777 1713 1932 1774 capta
1960 1703 2059 1758 fuit

465 1811 536 1868 ab
565 1811 755 1866 eodem
791 1823 916 1878 rege
951 1804 1206 1875 Rogerio.

535 1903 692 1958 Anno
747 1900 960 1955 Domini
1017 1896 1176 1962 1151,
1224 1895 1361 1952 obiit
1408 1895 1675 1964 Rogemus
1727 1905 1822 1946 rex
1862 1889 2060 1946 Siciliae

468 1994 699 2048 ducatus
729 1989 956 2060 Apuliae,
987 1999 1043 2044 et
1071 1987 1405 2058 principatus
1448 1983 1667 2054 Capuae.

538 2093 698 2138 Anno
729 2081 940 2138 Domini
1001 2079 1154 2144 1161,
1187 2078 1360 2148 pridie
1407 2074 1590 2131 Nonas
1621 2071 1904 2128 Februarii
1936 2070 2063 2126 sul)-

467 2193 626 2233 versa
665 2185 748 2232 est
798 2175 992 2231 civitas
1047 2170 1494 2228 Cathaniensium
1549 2183 1578 2221 a
1614 2173 1950 2228 terraemotu,
2009 2161 2061 2216 in

468 2286 575 2340 qua
641 2269 996 2326 snbversione
1053 2283 1243 2324 omnes
1309 2263 1560 2322 monachi
1626 2277 1749 2318 cum
1811 2260 2064 2331 episcopo

467 2379 655 2420 eorum
681 2363 920 2434 oppressi
948 2363 1188 2418 fuerunt.

540 2453 696 2510 Anno
727 2454 940 2510 Domini
989 2454 1147 2520 1160,
1181 2451 1316 2508 obiit
1357 2466 1450 2508 rex
1499 2448 1823 2506 Guillelmus
1862 2447 2067 2517 primus

471 2545 616 2602 ﬁlius
647 2547 792 2615 regis
819 2545 1060 2616 Rogerii.

541 2635 697 2690 Anno
747 2635 959 2690 Domini
1023 2635 1179 2702 1178,
1225 2633 1410 2688 Idibus
1455 2631 1795 2702 Septembris
1840 2629 2068 2686 decima:

472 2726 648 2780 tertia:
678 2726 1013 2792 indictienis,
1042 2725 1122 2782 sol
1152 2739 1346 2796 passus
1379 2732 1462 2778 est
1496 2722 1760 2794 ei-lypsim
1796 2740 1807 2776 :
1853 2722 1906 2776 in
1937 2721 2068 2775 hora

474 2830 616 2872 nona
641 2818 810 2872 stella:
826 2827 1214 2888 apparuerunt.

547 2909 703 2962 Anno
725 2909 934 2963 Domini
963 2909 1203 2978 1182(⁶ἶ),
1227 2909 1412 2978 regina
1429 2907 1718 2978 Margarita
1745 2913 1917 2959 mater
1931 2903 2072 2974 regis

475 2995 746 3052 Guillelmi
779 2999 1000 3054 secundi
1023 3000 1186 3068 erepit
1211 2997 1498 3061 fabricare,
1515 2996 1787 3051 :editieare
1803 3003 1856 3050 et
1880 2993 2071 3049 dotare

479 3089 868 3144 monasterium
893 3087 1334 3146 Maniacentium.

2153 510 2370 564 bratum
2394 518 2477 565 est
2503 511 2601 565 sub
2623 509 2936 567 lnnocentio
2957 526 3092 581 papa
3123 509 3210 565 111.

2222 599 2376 655 Anno
2399 599 2607 655 Domini
2643 600 2803 666 1219,
2845 601 3134 656 indictione
3163 602 3414 672 septima,
3436 601 3632 673 quinto
3661 600 3750 654 dir-

2153 692 2390 745 intrante
2419 705 2612 746 mense
2641 690 2978 758 Novembris,
3010 693 3271 764 Danayata
3311 693 3628 764 principalis
3675 693 3744 746 ei.

2154 781 2291 835 vitas
2327 780 2576 834 Amaleth
2627 798 2656 835 a
2698 781 3021 837 Christianis
3053 783 3298 838 [ideiihus
3335 793 3490 853 capta
3541 782 3668 847 fuit,
3695 789 3752 835 et

2153 872 2493 928 Christicolis
2521 873 2758 928 dominio
2779 874 3080 948 detinetur.

2225 969 2380 1022 Anno
2445 967 2654 1023 Domini
2720 968 2878 1034 1220,
2942 983 3132 1026 mense
3187 968 3528 1035 Novembris,
3597 984 3752 1023 nona:

2157 1059 2468 1115 indictionis
2498 1059 2748 1114 dominus
2777 1075 2868 1116 rex
2895 1061 3218 1116 Fredericus
3249 1077 3353 1114 una
3380 1076 3504 1114 cum
3527 1059 3750 1114 domina

2159 1165 2325 1206 uxore
2345 1165 2439 1205 sua
2469 1149 2653 1218 regina
2677 1148 2996 1206 Constantia
3037 1165 3296 1206 coronam
3327 1150 3536 1220 imperii
3565 1164 3754 1204 susce-

2157 1249 2354 1312 perunt
2380 1256 2410 1294 a
2449 1241 2668 1296 domino
2693 1257 2829 1315 papa
2875 1241 3113 1298 llonorio
3149 1242 3235 1296 lll.
3283 1241 3340 1296 In
3379 1242 3570 1296 eodem
3611 1255 3753 1295 anno

2159 1331 2424 1403 Dnmyata
2461 1331 2562 1386 fuit
2589 1333 2798 1406 perdita
2836 1347 2866 1386 a
2896 1330 3240 1388 Christianis.

2229 1427 2384 1481 Anno
2440 1425 2652 1480 Domini
2700 1425 2855 1490 1221,
2889 1425 3097 1480 decima
3151 1425 3462 1488 indictione,
3503 1422 3758 1478 dominus

2159 1518 2483 1574 Fredericns
2521 1519 2817 1589 imperator
2840 1517 2936 1572 ivit
2961 1532 3082 1571 cum
3107 1531 3304 1587 magno
3329 1517 3572 1572 exercitu
3593 1529 3758 1584 super

2163 1612 2498 1668 Sarracenos
2526 1610 2696 1677 .laeis,
2729 1619 2784 1666 et
2805 1609 2950 1680 cepit
2991 1609 3261 1664 Bcnaveth
3302 1625 3424 1664 cum
3463 1606 3594 1662 ﬁliis
3621 1607 3756 1670 suis,

2163 1715 2218 1759 et
2245 1705 2522 1774 suspendit
2544 1704 2682 1774 apud
2711 1703 3062 1758 Panormum.

2093 1801 2136 1864 Β
2231 1797 2390 1851 Anno
2411 1795 2626 1851 Domini
2669 1795 2832 1860 1222,
2873 1794 3158 1850 undecima
3187 1801 3510 1856 tnotcttone,
3541 1791 3758 1846 domina

2165 1887 2478 1957 imperatrix
2506 1886 2822 1942 Constantia
2867 1886 3004 1941 obiit
3051 1885 3194 1954 apud
3229 1883 3574 1940 Catbaniam.
3607 1883 3676 1937 Et
3705 1883 3760 1936 in

2163 1981 2351 2036 eodem
2383 1997 2524 2036 anno
2573 1979 2822 2036 dominus
2869 1978 3169 2049 imperator
3203 1977 3345 2046 cepit
3389 1975 3681 2038 Celnnum,
3709 1980 3766 2030 et

2164 2073 2323 2144 eiecit
2352 2071 2604 2129 comitem
2630 2070 2980 2126 Thomasium
3005 2069 3071 2126 de
3099 2069 3301 2124 Celano
3331 2067 3398 2122 de
3421 2082 3619 2136 regno.

2236 2167 2396 2222 Anno
2432 2164 2644 2220 Domini
2683 2163 2837 2226 1225,
2869 2161 3184 2218 duodecima
3235 2159 3554 2226 indictione,
3593 2158 3770 2214 domt—

2169 2274 2272 2314 nus
2295 2257 2620 2314 Fredericus
2665 2257 2962 2324 imperator
3001 2252 3150 2308 misit
3177 2250 3476 2306 exercitum
3521 2263 3682 2304 suum
3715 2246 3770 2301 in

2167 2351 2384 2415 Gerbis,
2415 2360 2471 2405 et
2499 2350 2642 2420 ce'pit
2671 2349 2813 2411 illos,
2855 2346 3124 2402 destruxit
3152 2353 3208 2400 et
3237 2342 3554 2413 captiravit.

2239 2447 2396 2502 Anno
2452 2443 2666 2498 Domini
2733 2440 2898 2504 1221,
2959 2438 3166 2495 decima
3220 2435 3378 2492 tertia
3437 2433 3772 2496 indictione,

2171 2537 2422 2594 dominus
2451 2533 2775 2589 Fredcricus
2814 2533 3112 2600 imperator
3140 2527 3286 2582 misit
3311 2525 3617 2581 exercitum
3661 2539 3775 2589 ma-

2171 2644 2332 2700 gnum
2359 2641 2520 2696 super
2568 2623 2901 2678 Sarracenos
2941 2619 3160 2682 Siciliae,
3201 2625 3256 2672 et
3285 2621 3672 2670 remanserunt
3719 2613 3770 2664 in

2174 2719 2460 2782 montanis,
2513 2725 2566 2770 ct
2615 2728 2867 2782 magnum
2920 2719 3170 2780 guastum
3223 2723 3436 2778 semper
3491 2705 3774 2761 annuatim

2173 2809 2407 2864 faciebat
2447 2822 2611 2878 super
2662 2805 2803 2871 illos,
2858 2816 3142 2873 usquean
3197 2800 3598 2856 descenderunt
3651 2809 3774 2851 cum

2175 2916 2370 2973 magno
2395 2897 2706 2970 opprobrio,
2729 2905 2785 2952 et
2803 2895 2930 2951 fecit
2949 2894 3070 2949 illos
3087 2891 3288 2948 morari
3311 2892 3362 2946 in
3389 2890 3550 2960 plano
3575 2888 3778 2943 Sicilia:

2176 2995 2228 3048 in
2255 2993 2548 3049 casalibus.

2246 3085 2408 3140 Anno
2442 3081 2653 3136 Domini
2683 3079 2843 3146 1227,
2875 3078 3046 3149 prima
3081 3075 3376 3132 indictione
3399 3087 3588 3127 mense
3609 3070 3778 3130 Junii,

549 3181 707 3237 Anno
754 3179 965 3237 Domini
1015 3181 1172 3246 1187,
1207 3195 1394 3235 mense
1423 3177 1575 3246 Julii,
1613 3176 1800 3250 vigilia
1829 3177 2074 3232 Prtecur-
2099 3170 2144 3234 C
2177 3178 2426 3235 dominus
2463 3173 2786 3231 Frcdericus
2815 3171 3110 3240 imperator
3138 3167 3408 3223 secundus
3439 3163 3698 3218 transivit
3727 3163 3778 3214 in

479 3274 620 3330 seris
649 3274 860 3330 Domini
915 3283 1072 3346 capta
1123 3283 1206 3331 est
1253 3273 1553 3331 Jerusalem
1605 3291 1635 3328 a
1670 3271 1928 3328 Saladino
1955 3271 2074 3326 Sol-

483 3365 627 3420 dano
653 3363 968 3421 Babilonize.

581 3456 736 3512 Anno
760 3457 970 3513 Domini
1029 3457 1185 3522 1189,
1234 3457 1530 3512 indictione
1555 3456 1786 3524 septima
1817 3454 1953 3508 obiit
1978 3469 2070 3507 rex

482 3547 802 3604 Guillelmns
827 3549 1116 3604 secundus.
1141 3549 1341 3604 Eodem
1365 3563 1528 3613 anno,
1545 3547 1732 3602 eadem
1756 3546 2076 3611 indictione,

485 3655 674 3696 mense
721 3641 920 3704 Martii,
979 3656 1072 3696 rex
1116 3639 1434 3696 'l‘aneredns
1488 3639 1590 3694 fuit
1635 3646 1929 3694 coronatus
1984 3653 2078 3692 rex

486 3729 705 3799 Siciliae,
740 3741 794 3786 et
823 3741 1071 3801 receptus
1095 3733 1148 3786 in
1179 3731 1379 3800 palatio
1403 3730 1680 3784 Panormi.

557 3823 716 3878 Anno
747 3823 957 3877 Domini
991 3823 1150 3888 1191,
1180 3823 1446 3894 vigesimo
1493 3822 1579 3877 die
1609 3820 1912 3887 Februarii,
1946 3819 2084 3876 obiit

488 3915 665 3971 dictus
693 3931 788 3969 rex
827 3913 1157 3970 Taneredns.

561 4005 720 4060 Anno
747 4005 958 4060 Domini
986 4004 1146 4070 “95,
1185 4004 1436 4061 dominus
1483 4003 1750 4060 Henricus
1789 4004 2085 4075 imperator

493 4105 746 4165 receptus
807 4104 894 4152 est
932 4096 984 4151 in
1050 4095 1251 4165 palatio
1308 4095 1560 4150 Panormi
1630 4095 1822 4150 ultimo
1883 4095 2086 4150 mensis

495 4187 837 4246 Novembris.
869 4187 926 4243 ln
978 4195 1174 4258 quarto
1219 4188 1306 4242 die
1358 4197 1482 4258 post
1527 4187 1724 4244 festum
1776 4187 2087 4244 Nativitatis

495 4281 708 4338 Domini
737 4281 879 4352 cepit
908 4295 1086 4352 regem
1126 4277 1472 4336 Guillelmnm
1523 4279 1696 4334 ﬁlium
1747 4281 1892 4350 regis
1942 4279 2086 4334 Tan-

495 4375 665 4442 credi,
697 4373 1004 4444 quantitate
1045 4373 1306 4429 comitum
1344 4381 1400 4428 et
1427 4371 1694 4428 baronum
1727 4373 1885 4428 istius
1936 4373 2088 4442 regni

495 4479 551 4524 et
579 4467 878 4524 devastavit
906 4483 1022 4522 eos.

2179 3279 2360 3342 partes
2393 3265 2802 3328 ultramarinas,
2835 3272 2890 3316 et
2911 3261 2982 3316 ibi
3005 3259 3216 3328 accepit
3243 3270 3502 3312 coronam
3527 3252 3780 3321 ejusdem

2181 3339 2351 3431 regni.
2383 3357 2450 3411 Et
2477 3357 2530 3412 in
2557 3354 2746 3410 eodem
2779 3365 2923 3407 anno
2967 3357 3256 3419 antequam
3285 3343 3580 3406 transiret,
3609 3339 3782 3396 domi-

2181 3465 2252 3504 na
2276 3447 2596 3517 imperatrix
2629 3459 2764 3500 uxor
2785 3459 2883 3498 sua
2905 3440 3060 3496 obiit.
3093 3439 3160 3493 Et
3183 3453 3276 3492 rex
3301 3433 3580 3491 Corradus
3623 3439 3786 3484 natus

2184 3538 2304 3594 fuit.
2356 3537 2423 3592 Et
2463 3538 2514 3591 in
2569 3535 2760 3592 eodem
2813 3549 2954 3588 anno
3013 3545 3148 3602 papa
3197 3525 3494 3598 Gregorius
3541 3522 3784 3590 suscepit

2181 3643 2316 3698 papa
2325 3637 2434 3682 tum
2465 3626 2670 3681 Romae.

2255 3719 2410 3774 Auno
2466 3717 2674 3772 Domini
2725 3714 2899 3779 1225,
2947 3713 3152 3768 dcetma
3219 3717 3412 3779 quarta
3459 3703 3782 3764 indictione,

2185 3811 2436 3866 dominus
2471 3807 2794 3862 Frcdericus
2833 3805 3128 3874 imperator
3183 3797 3390 3866 accepit
3443 3807 3674 3849 uxorem
3727 3790 3787 3844 [1-

2185 3907 2314 3962 liam
2349 3903 2549 3958 domini
2585 3902 2727 3972 regis
2757 3895 3004 3960 Joannis,
3051 3892 3288 3948 nominis
3317 3887 3566 3943 lsabella.

2257 3999 2412 4053 Anno
2455 3994 2664 4050 Domini
2703 3991 2862 4056 1223,
2891 3988 3130 4044 secunda
3179 3983 3496 4048 indictione,
3531 3975 3788 4034 dominus

2189 4091 2486 4160 imperator
2527 4097 2774 4140 reversus
2805 4079 2908 4134 init
2941 4078 2992 4130 in
3035 4089 3280 4146 regnum.

2258 4159 2416 4236 Anno
2470 4175 2680 4234 Domini
2741 4173 2901 4238 1229,
2959 4171 3116 4224 tertia
3174 4163 3466 4220 indictione
3529 4160 3586 4215 in
3639 4159 3784 4214 dicto

2191 4288 2374 4328 mense
2409 4267 2637 4338 Augusti
2670 4263 2921 4320 dominus
2969 4262 3265 4328 imperator
3321 4253 3450 4308 fecit
3489 4264 3686 4320 pacem
3735 4256 3788 4303 et

2191 4361 2534 4420 concordiam
2563 4371 2686 4412 cum
2721 4351 2944 4407 domino
2971 4363 3109 4420 papa
3139 4343 3420 4414 Gregorio.
3453 4340 3522 4396 Et
3553 4339 3788 4394 intrante

2193 4467 2379 4509 mense
2434 4445 2769 4518 Septembris
2829 4449 3038 4510 quarta:
3103 4432 3414 4490 indictiouis
3473 4429 3682 4484 mansit
3735 4426 3792 4480 in

575 4561 730 4616 Anno
773 4558 986 4615 Domini
1019 4557 1182 4624 1198,
1217 4559 1354 4615 obiit
1383 4557 1636 4614 dominus
1683 4557 1952 4614 llenricus
1983 4557 2078 4612 im-
2118 4539 2165 4598 D
2191 4545 2402 4601 Anania
2429 4556 2549 4594 Cum
2587 4537 2810 4593 ἀοιιὶίιιο
2841 4549 2976 4604 9³³1³³
3011 4530 3184 4624 "ib"?
3210 4524 3420 4624 ‘1}?st-

504 4667 629 4722 pera
637 4661 740 4705 tor.

574 4743 729 4798 Anno
755 4741 969 4798 Domini
995 4741 1152 4807 1198,
1187 4739 1512 4796 Frederieus
1553 4738 1695 4794 ﬁlius
1722 4738 1924 4794 domini
1954 4737 2094 4792 Ιῐυιι-

509 4832 606 4887 rici
637 4833 976 4900 imperatoris
1006 4834 1072 4888 de
1107 4831 1330 4888 civitate
1359 4829 1615 4884 Panormi
1643 4828 1741 4884 fuit
1770 4843 1864 4883 rex
1895 4827 2096 4883 Siciliae

507 4935 814 4981 coronatus.
874 4925 938 4978 Et
973 4926 1026 4986 in
1086 4923 1275 4980 eodem
1325 4937 1468 4978 anno
1505 4919 1724 4979 nomina
1783 4919 2095 4976 Constantia

509 5023 687 5072 mater
706 5015 822 5086 ejus
844 5015 1001 5071 obiit.
1022 5041 1038 5058 ο

587 5106 616 5140 Α
630 5121 736 5140 nun
795 5107 948 5140 “una:
957 5105 1008 5140 ηἶ

1069 5107 1092 5140 ι
1102 5104 1208 5140 orm

1365 5104 1579 5140 Anni-vnn
1641 5103 1830 5140 nninln
1895 5100 2098 5140 “animi:

2266 4638 2421 4692 Anno
2461 4631 2676 4706 Domini
2713 4625 2872 4692 1250,
2928 4632 3119 4694 quarta
3165 4617 3484 4694 indictione,
3538 4613 3794 4706 dominus

2197 4729 2494 4797 imperator
2527 4719 2796 4786 tractavit,
2829 4715 2908 4771 vel
2937 4712 3064 4769 fecit
3097 4719 3332 4767 tractare
3359 4705 3794 4763 Constitutiones

2197 4835 2342 4878 $1133.

2267 4911 2424 4966 Anno
2473 4907 2682 4963 Domini
2738 4901 2897 4968 1251,
2935 4899 3124 4969 quinta
3181 4891 3484 4950 indictione
3539 4890 3792 4948 dominus

2201 5005 2494 5074 imperator
2518 4999 2664 5055 misit
2693 4998 2838 5068 ipsas
2877 4987 3306 5047 Constitutiones
3331 4999 3460 5040 suas
3489 4997 3592 5052 per
3623 4991 3790 5036 totum

2205 5071 2447 5140 menum.
2473 5099 2526 5140 el.
2557 5073 2872 5140 inSiciliam
2907 5097 3004 5140 per
3036 5077 3311 5134 dominum
3353 5072 3700 5127 Reccardum
3729 5071 3794 5123 de
