4010 5230
237 173 374 227 12ιῦ

1689 170 2059 226 ΔΡΡΕΝωΧ.

3357 170 3498 226 1214

306 295 464 348 Anno
502 287 714 345 Domini
765 285 904 342 ηεξ
936 326 950 350 ,
1017 295 1166 342 sexta
1215 286 1532 352 indictione,
1580 289 1828 344 dominus
1854 293 1901 351 Λ
2002 292 2158 345 Anno
2199 289 2404 345 Domini
2445 287 2616 353 HJS,
2665 287 2836 343 tertia
2880 286 3211 354 indictionis,
3255 286 3504 344 dominus

238 385 552 453 imperatur,
576 391 761 434 mense
807 377 1010 446 Aprilis
1034 377 1277 448 ejusdem
1309 379 1644 444 indictionis,
1672 381 1823 434 venit

240 473 564 534 Messanam,
599 479 654 524 et
681 468 921 523 succedit
949 468 1149 522 dictum
1186 466 1475 523 Martinuiu
1503 468 1820 524 Bellionem.

240 564 390 618 Et'in
418 561 608 618 eodem
639 574 783 615 anno
810 558 1064 614 similiter
1091 558 1219 616 fecit
1242 562 1378 632 apud
1419 561 1743 632 Syracusam
1769 570 1823 616 et

239 652 534 708 Nicosiam.

311 747 469 802 Anno
509 743 722 800 Domini
750 741 907 807 1255,
940 743 1170 812 septima
1200 741 1513 806 indictione,
1544 742 1825 798 Matthzeus

241 835 590 891 Marchafaba
657 833 761 888 fuit
820 833 1148 889 constitutus
1215 844 1460 890 secretus
1519 831 1717 888 Sicilia
1770 840 1827 888 et

242 926 530 983 Calabriae.
743 923 772 954 ‘

313 1018 469 1073 Anno
515 1016 726 1070 Domini
785 1014 946 1078 1254,
994 1023 1182 1069 octava
1232 1013 1523 1069 indictione
1575 1012 1826 1068 dominus

243 1114 539 1183 imperator
564 1109 882 1164 Fredericus
903 1108 998 1163 ivit
1023 1108 1380 1162 Alan‘ianiam.

315 1203 474 1257 Anno
525 1201 733 1256 Domini
793 1201 953 1265 1235,
1013 1216 1154 1254 nona
1206 1200 1521 1265 indictione,
1575 1199 1826 1254 dominus

246 1294 543 1362 imperator
591 1292 912 1346 Fredericus
958 1290 1000 1346 ll
1046 1293 1255 1361 accepit
1285 1307 1532 1356 uxorem,
1583 1306 1825 1348 sororem

245 1384 390 1453 regis
426 1381 649 1452 Angliam.
699 1382 753 1434 ln
783 1381 972 1436 eodem
1033 1396 1177 1436 anno
1230 1381 1372 1451 cepit
1427 1380 1594 1435 lilium
1647 1395 1827 1450 regem

246 1473 562 1538 lleuricum,
609 1484 664 1528 et
722 1473 956 1527 restituit
1002 1487 1125 1527 eum
1182 1472 1236 1528 iu
1285 1487 1508 1528 carcere
1546 1487 1829 1542 usquequo

247 1574 494 1620 mortuus
531 1563 631 1618 fuit
660 1565 800 1634 apud
851 1563 1214 1631 Maturanum,
1265 1574 1322 1621 et
1369 1564 1610 1636 sepultus
1640 1563 1743 1618 fuit
1773 1565 1825 1619 in

250 1657 480 1712 ecclesia
512 1656 828 1711 Cusentina.

317 1752 474 1805 Anno
512 1749 723 1805 Domini
785 1747 945 1813 1256,
1012 1749 1222 1805 decima
1270 1749 1585 1814 indictione,
1638 1749 1828 1806 ultimo

248 1843 450 1896 mensis
480 1840 818 1904 Novembris,
850 1841 1099 1897 dominus
1129 1841 1423 1913 imperator
1454 1843 1550 1898 ivit
1568 1841 1831 1898 Lombar-

246 1934 392 1988 diam
411 1950 535 1988 cum
560 1949 752 2005 magno
774 1943 1047 1994 exercitu;
1069 1944 1126 1989 et
1147 1935 1242 1990 ivit
1263 1951 1422 2006 super
1446 1934 1829 2002 Mediolanum,

247 2036 304 2080 et
333 2028 479 2097 cepit
507 2026 824 2081 Corrocium
855 2025 1355 2082 Mediolanensinm.

321 2119 481 2171 Anno
512 2115 724 2172 Domini
760 2116 920 2182 1256,
954 2117 1241 2173 undecima
1272 2115 1572 2174 indictione
1598 2157 1613 2184 ,
1645 2132 1832 2173 mense

255 2207 570 2270 Februarii,
619 2215 780 2261 natus
823 2206 926 2261 fuit
974 2222 1068 2261 rex
1115 2207 1384 2262 Henricus
1431 2208 1573 2263 ﬁlius
1623 2209 1831 2264 domini

255 2299 600 2370 imperatoris
647 2300 713 2354 de
747 2315 916 2354 uxore
968 2314 1066 2354 sua
1117 2299 1309 2363 tertia,
1359 2314 1480 2368 quae
1527 2297 1629 2353 luit
1677 2315 1834 2354 soror

257 2392 403 2461 regis
451 2391 677 2462 Anglirc.
711 2391 767 2446 ln
817 2393 1006 2446 eodem
1052 2406 1195 2445 anno
1241 2392 1492 2445 dominus
1536 2392 1834 2461 imperator

259 2483 475 2537 obsedit
503 2491 704 2537 terram
752 2498 871 2552 (pne
914 2483 1112 2538 dicitur
1157 2482 1343 2550 Brixa,
1375 2491 1430 2538 et
1473 2483 1608 2538 nihil
1637 2498 1832 2553 preva-

257 2574 358 2628 luit
386 2575 438 2629 in
467 2589 553 2629 ea.
967 2629 973 2634 ,

329 2667 491 2720 Anno
523 2665 736 2720 Domini
767 2666 925 2731 1237,
956 2666 1271 2723 duodecima
1303 2666 1618 2731 indictione,
1659 2666 1838 2737 primo

259 2758 466 2813 mensis
516 2759 768 2828 Augusti,
815 2757 1160 2814 Marchal'aba
1209 2767 1455 2814 secretus
1505 2759 1660 2814 obiit.
1703 2759 1835 2813 Item

261 2847 452 2901 eodem
497 2862 638 2903 anno
664 2861 800 2917 papa
829 2846 1124 2917 Gregorius
1149 2847 1644 2905 excommunicavit
1667 2848 1839 2902 domi-

264 2953 393 2991 num
422 2938 801 3008 imperatorem
831 2938 1200 2994 Fredericum.

334 2995 726 3083 Anno'Domini
763 3027 918 3091 less,
947 3027 1156 3083 decima
1189 3029 1346 3083 tertia
1371 3029 1700 3093 indictione,
1733 3026 1838 3082 fuit
1864 2995 1908 3056 C

268 3129 515 3176 secretus
561 3118 762 3175 Sicilia:
806 3119 976 3190 Major
1007 3120 1072 3174 de
1099 3119 1494 3185 Brancadoria;
1527 3129 1580 3174 et
1598 3117 1837 3188 justitia-

269 3210 384 3263 rius
409 3207 606 3263 Sicilia:
627 3207 949 3266 Guillelmus
971 3209 1038 3264 de
1064 3209 1324 3280 Anglonc,
1353 3218 1407 3263 et
1428 3215 1841 3279 permanserunt

271 3301 325 3354 iu
351 3300 534 3356 ofﬁcio
562 3315 749 3354 eorum
790 3312 890 3370 per
934 3301 1169 3369 spatimu
1203 3301 1470 3355 mensium
1497 3308 1724 3369 septem.
1776 3298 1840 3354 Et

275 3391 332 3444 in
364 3404 547 3444 mense
591 3389 750 3445 Junio
795 3389 1196 3453 dicta:indict.,
1223 3389 1323 3443 fuit
1351 3399 1595 3444 secretus
1643 3386 1842 3443 Sicilire

271 3478 508 3534 Ubertus
537 3478 923 3546 Fallamoniea,
954 3489 1006 3533 et
1030 3479 1361 3549 justitiarius
1387 3479 1580 3534 Petrus
1601 3478 1666 3533 de
1688 3476 1845 3532 Cala-

269 3570 412 3636 bria,
439 3580 494 3625 et
519 3571 834 3641 capitaneus
864 3570 1129 3641 Rugerius
1158 3572 1223 3626 de
1243 3571 1468 3626 Amicis.

342 3661 502 3716 Anno
549 3662 758 3716 Domini
811 3661 970 3726 1259,
1011 3662 1220 3718 decima
1271 3673 1463 3731 quarta
1515 3661 1843 3726 indictione,

274 3752 484 3823 praelati
527 3750 768 3806 Francia:
799 3753 944 3821 capti
993 3752 1212 3807 fuerunt
1243 3770 1274 3806 a
1307 3753 1526 3809 domino
1553 3751 1845 3808 Frederico

273 3842 604 3912 imperatore
656 3850 898 3912 tempore
933 3841 1135 3897 domini
1168 3841 1418 3913 Gregorii
1449 3857 1621 3912 papae.
1668 3841 1737 3896 Et
1787 3840 1844 3895 in

273 3931 464 3986 eodem
501 3946 642 3986 anno
669 3931 812 3986 idem
841 3931 1095 3987 dominus
1123 3948 1258 4003 papa
1282 3933 1436 3987 obiit.

344 4023 504 4080 Anno
547 4023 759 4079 Domini
813 4023 987 4088 1240,
1035 4023 1250 4079 decima
1295 4025 1483 4094 quinta
1550 4024 1849 4080 indictione

276 4126 399 4172 erat
438 4116 773 4185 justitiarius
818 4116 872 4172 in
906 4116 1093 4172 Sicilia
1141 4116 1336 4173 Petrus
1361 4118 1428 4172 de
1461 4116 1732 4173 Calabria.
1784 4117 1854 4171 Et

278 4213 334 4266 iu
358 4213 547 4268 eodem
583 4227 726 4268 anno
749 4211 1014 4282 Rogerius
1037 4211 1102 4267 de
1116 4211 1325 4268 Amicis
1342 4211 1440 4267 ivit
1467 4213 1532 4266 ad
1556 4209 1850 4267 Soldanum

276 4306 592 4361 Babilonize.

347 4399 506 4453 Anno
554 4398 766 4453 Domini
819 4397 976 4465 1‘2“,
1019 4396 1209 4468 prima:
1243 4395 1579 4461 indictionis,
1615 4393 1855 4452 Uberius

284 4492 352 4546 de
406 4489 773 4545 Fallamonica
825 4489 893 4544 de
941 4489 1198 4544 mandato
1248 4487 1452 4542 domini
1512 4485 1857 4558 imperatoris

283 4585 382 4641 ivit
418 4583 562 4652 apud
602 4581 930 4636 Maroccum.
997 4580 1064 4634 Et
1122 4579 1176 4634 in
1243 4579 1433 4635 eodem
1488 4591 1632 4632 anno
1669 4576 1859 4631 Solda-

285 4661 1861 4738 nusde........et......'..insiluerunt

284 4769 625 4828 Christianos
659 4770 754 4838 qui
817 4768 1132 4825 habitabant
1169 4766 1469 4823 Jerusalem
1507 4771 1564 4819 et
1603 4773 1862 4834 ceperunt

284 4864 441 4932 iilos,
465 4865 785 4921 occiderunt
809 4872 865 4919 et
886 4862 1128 4935 captivos
1170 4863 1462 4918 duxerunt.
1492 4858 1558 4913 Et
1587 4856 1642 4912 in
1670 4858 1860 4915 eodem

284 4957 425 5014 bello
472 4955 574 5011 l‘uit
614 4966 863 5010 mortuus
905 4955 996 5010 ille
1037 4952 1315 5010 Perfectus
1358 4951 1644 5023 episcopus
1676 4947 1861 5009 Sancti

285 5049 504 5121 Georgii
549 5048 615 5103 dc
657 5045 860 5110 ﬂama,
900 5056 956 5101 et
987 5045 1232 5100 dominus
1268 5041 1560 5100 Guaterius
1586 5040 1653 5096 de
1678 5040 1861 5112 Breta,

287 5143 542 5200 dominus
571 5139 762 5209 Jopen.
807 5137 874 5191 Et
902 5138 954 5192 in
988 5137 1093 5191 illis
1117 5135 1304 5190 diebus
1326 5135 1576 5192 dominus
1598 5132 1865 5202 Rogerius

1929 381 2284 437 Scrrehaldus
2313 381 2604 437 cardinalis
2629 381 2864 450 suscepit
2883 389 3136 450 papatum
3166 379 3499 447 Romanum;

1921 485 1978 532 ct
2028 476 2209 532 statim
2255 475 2352 530 ivit
2411 489 2510 544 per
2553 488 2702 528 mare
2733 473 2872 543 apud
2913 472 3180 537 Januam,
3213 482 3269 528 et
3313 481 3503 543 postea

1924 567 2018 621 ivit
2057 582 2224 635 usque
2262 565 2546 620 Ludunum
2576 561 2970 636 [Lugdunum],
3011 571 3065 617 et
3104 562 3402 632 permansit
3432 559 3503 615 ibi

1923 673 2019 728 per
2045 658 2274 727 spatium
2307 669 2570 709 annorum
2602 668 2718 708 sex.
2750 651 2879 706 Item
2902 653 3092 707 eodem
3121 667 3286 716 anno,
3319 666 3506 705 mense

1924 750 2049 804 Julii
2079 749 2318 818 ejusdem
2363 747 2676 803 indictionis
2709 762 2898 802 omnes
2925 746 3185 800 Saraceni
3224 746 3288 800 de
3319 744 3505 799 Sicilia

1928 849 2182 908 tanquam
2213 837 2442 892 rebelles
2464 837 2826 892 ascenderunt
2855 835 2908 890 iu
2943 845 3224 901 montana,
3261 844 3314 889 et
3351 848 3508 904 cepe‘

1927 941 2054 988 runt
2081 930 2262 986 Jatum
2289 941 2344 984 et
2370 929 2665 984 Anteliam.

1998 1023 2158 1076 Anno
2203 1021 2417 1077 Domini
2453 1019 2614 1084 12M,
2661 1025 2870 1087 quartae
2917 1016 3270 1084 indictionis,
3317 1031 3504 1071 mense

1930 1115 2108 1170 Martii
2151 1113 2390 1185 ejusdem
2442 1111 2778 1175 indictionis,
2821 1109 3112 1175 Tibaldus,
3157 1109 3504 1173 Franciscus,

1928 1217 1984 1262 et
2013 1205 2310 1262 Guilelmus
2337 1203 2402 1258 de
2439 1202 2643 1257 Sancto
2675 1200 2958 1266 Severino,
2991 1208 3046 1254 et
3077 1198 3167 1253 alii
3198 1197 3428 1253 comites
3452 1205 3508 1249 et

1930 1301 2162 1354 barones
2185 1297 2252 1351 de
2279 1309 2450 1365 regno
2481 1301 2738 1363 ceperunt
2766 1301 2967 1347 terram
3012 1289 3230 1360 Capacii
3257 1297 3312 1343 et
3341 1286 3510 1358 ipsius

1930 1396 2167 1444 castrum
2187 1395 2440 1455 tanquam
2465 1383 2712 1447 rebelles,
2729 1393 2783 1438 et
2803 1381 3053 1437 dominus
3070 1381 3368 1449 imperator
3382 1376 3509 1431 Fre-

1929 1478 2145 1534 derieus
2168 1475 2439 1531 secundus
2461 1473 2666 1528 obsedit
2697 1486 2811 1538 eos,
2834 1482 2888 1526 et
2914 1472 2966 1525 in
2991 1470 3286 1526 medietate
3307 1466 3512 1522 mensis

1932 1569 2058 1626 Julii
2110 1569 2351 1641 ejusdem
2400 1565 2713 1622 indictionis
2758 1563 2902 1633 cepit
2939 1578 3032 1618 eos
3075 1576 3288 1626 omnes,
3337 1558 3512 1631 captis

1858 1649 2181 1719 Bomnibus
2231 1661 2540 1718 hominibus
2598 1661 2689 1729 qui
2737 1659 3025 1713 manebant
3095 1671 3218 1710 cum
3270 1653 3400 1716 illis,
3459 1659 3515 1705 et

1935 1760 2326 1831 transportavit
2353 1758 2502 1820 illos,
2535 1766 2586 1813 et
2635 1758 2690 1812 in
2720 1763 2862 1812 terra
2892 1752 3146 1824 Neapolis
3173 1766 3363 1808 omnes
3391 1749 3510 1805 illos

1933 1853 2235 1908 succendit.
2283 1852 2352 1907 Et
2407 1851 2529 1905 inde
2577 1849 2932 1905 nobilioribus
2987 1845 3306 1901 mulieribus
3361 1841 3514 1912 regni

1934 1947 2108 2015 cepit,
2137 1954 2192 2000 et
2221 1945 2366 1998 misit
2397 1943 2515 1998 illas
2541 1943 2594 1997 in
2633 1955 2852 1997 carcere
2892 1939 3031 2009 apud
3077 1937 3426 1997 Panormum,
3459 1945 3517 1988 et

1935 2055 2212 2108 nunquam
2261 2047 2445 2107 postea
2473 2043 2915 2105 comparuerunt.
2961 2033 3091 2088 item
3129 2032 3316 2086 eodem
3352 2043 3512 2091 anno,

1936 2145 2124 2184 mense
2171 2127 2297 2183 Julii
2340 2127 2581 2196 ejusdem
2634 2125 2982 2187 indictionis,
3035 2121 3136 2175 fuit
3187 2120 3517 2174 conslitulus

1940 2223 1992 2277 in
2037 2220 2222 2275 Sicilia
2250 2217 2578 2287 justitiarius
2603 2215 2854 2269 dominus
2885 2212 3037 2282 “ligo
3066 2211 3131 2264 de
3156 2209 3372 2264 Casino.

2007 2315 2163 2370 Anno
2201 2311 2412 2367 Domini
2455 2308 2594 2364 i945
2627 2304 2939 2362 indictionis
2979 2303 3215 2372 quintae,
3243 2299 3309 2354 de
3359 2312 3517 2353 man-

1938 2407 2067 2462 dato
2079 2403 2283 2460 domini
2308 2398 2652 2471 imperatoris
2670 2409 2854 2451 comes
2874 2391 3184 2448 Rcccardus
3196 2390 3262 2443 de
3289 2387 3513 2443 Caserla

1939 2496 2098 2565 ejecit
2119 2506 2310 2549 omnes
2336 2490 2668 2546 Sarracenos
2684 2488 2749 2543 de
2765 2483 2972 2547 Sicilia,
2987 2493 3040 2537 et
3063 2480 3211 2535 misit
3237 2479 3355 2533 illos
3375 2477 3515 2544 apud

1940 2587 2222 2643 Nuceriam
2254 2585 2306 2641 in
2338 2581 2552 2651 Apulia.
2575 2579 2706 2634 Item
2735 2575 2922 2632 eodem
2949 2585 3090 2626 anno
3115 2568 3362 2625 dominus
3383 2579 3516 2636 papa

1938 2680 2285 2738 Innocentius
2350 2673 2643 2732 celebravit
2704 2676 2956 2739 magnum
3033 2663 3323 2720 concilium
3377 2658 3517 2730 apud

1940 2773 2261 2843 Lugdunum
2307 2783 2429 2824 cum
2487 2762 2728 2834 praelatis
2760 2755 3202 2820 ultramontanis,
3233 2761 3286 2806 et
3315 2767 3419 2843 non
3452 2751 3519 2802 de

1945 2839 2132 2934 regno,
2155 2869 2352 2931 prmter
2381 2854 2659 2911 dominum
2702 2847 3036 2904 Beccardum
3073 2839 3518 2934 Panormitanum

1947 2929 2434 3022 archiepiscopum,
2466 2947 2558 3014 qui
2591 2942 2663 2998 ibi
2686 2941 2884 2996 missus
2912 2935 3012 2990 fuit
3034 2948 3064 2988 a
3097 2931 3316 3001 domino
3347 2929 3522 2997 impe-

1943 3061 1999 3101 ra
2007 3054 2138 3102 torc.

2017 3135 2175 3189 Anno
2201 3128 2416 3185 Domini
2447 3126 2581 3180 1247
2613 3119 2922 3177 indictionis
2969 3115 3239 3186 septimm;
3276 3109 3526 3164 dominus

1948 3229 2244 3297 imperator
2298 3221 2596 3290 Liodaycus
2645 3230 2740 3268 rex
2779 3212 3110 3266 Francorum
3163 3201 3414 3297 transivit
3468 3200 3522 3297 in

1947 3288 2132 3388 partes
2167 3288 2574 3367 ultramarinas,
2609 3313 2666 3357 et
2695 3297 2993 3370 permansit
3036 3295 3087 3348 in
3133 3290 3305 3346 insula
3335 3288 3528 3388 Cypris

1951 3379 2004 3463 in
2048 3419 2236 3461 mense
2289 3399 2435 3458 Junii
2483 3395 2726 3465 ejusdem
2765 3388 3097 3448 indictionis,
3129 3394 3183 3439 ct
3235 3384 3287 3438 in
3336 3379 3526 3436 eodem

1952 3509 2140 3552 mense
2171 3490 2425 3548 transivit
2451 3486 2672 3540 viriliter
2717 3495 2886 3550 usque
2918 3491 3067 3532 mare
3096 3473 3375 3536 Damiatie,
3411 3477 3527 3525 sta-

1952 3591 2048 3645 tim
2081 3602 2202 3642 eum
2227 3597 2420 3654 magno
2442 3577 2636 3652 gaudio
2664 3573 2804 3643 cepit
2827 3573 2994 3642 ipsam
3024 3576 3243 3621 terram.

2023 3681 2181 3734 Auno
2211 3653 2419 3730 Domini
2451 3669 2586 3725 ists
2611 3663 3137 3722 indictionisoctavm
3166 3670 3352 3711 mense
3371 3653 3532 3723 Apri-

1951 3770 2018 3825 lis
2039 3765 2284 3837 ejusdem
2315 3757 2626 3817 indictionis
2654 3752 2901 3809 dominus
2928 3763 3020 3804 rex
3045 3746 3378 3814 Francorum
3409 3758 3537 3813 per-

1952 3835 2089 3915 didit
2112 3857 2310 3912 dictam
2337 3862 2536 3909 terram
2569 3849 2846 3912 Damiatze,
2863 3852 2916 3900 et
2940 3840 3209 3897 Soldanus
3235 3835 3530 3892 Babilonice

1952 3949 2302 4022 recuperavit
2326 3961 2467 4002 eam.

2024 4019 2181 4099 Anno
2228 4036 2439 4095 Domini
2479 4033 2617 4088 issu
2661 4029 2956 4086 indictione
3005 4040 3168 4090 nona,
3203 4034 3389 4076 mense
3437 4019 3536 4072 De-

1953 4112 2192 4192 cembris
2211 4129 2451 4198 ejusdem
2466 4123 2795 4186 indictionis,
2816 4118 3066 4176 dominus
3088 4115 3384 4183 imperator
3405 4109 3535 4163 Fre-

1955 4228 2170 4283 dericus
2233 4219 2501 4277 secundus
2545 4215 2680 4271 obiit
2734 4213 2788 4267 in
2814 4210 3041 4280 Apulea,
3096 4207 3150 4261 in
3205 4213 3347 4259 terra
3411 4214 3534 4269 quin

1877 4309 1931 4370 D
1957 4318 2156 4374 dicitur
2182 4309 2578 4372 Florentinum,
2609 4315 2662 4361 et
2701 4317 2896 4374 corpus
2931 4288 3050 4369 ejus
3101 4295 3359 4366 applicuit
3389 4291 3533 4346 Mes-

1957 4420 2104 4462 sanae
2144 4401 2354 4457 decimo
2407 4396 2566 4452 tertio
2629 4391 2870 4448 Januarii
2924 4391 3079 4445 dictae
3128 4381 3538 4445 iudictionis,et

1958 4496 2159 4554 mansit
2183 4507 2381 4563 corpus
2409 4489 2528 4558 ejus
2551 4489 2616 4543 de
2639 4488 2726 4542 die
2774 4485 2825 4538 in
2854 4483 2996 4539 diem
3027 4477 3321 4550 aliquantis
3345 4475 3538 4529 diebus

1959 4591 2012 4645 in
2040 4586 2270 4644 ecclesia
2302 4579 2578 4645 Pactensi,
2610 4588 2852 4648 tempore
2906 4571 3109 4629 domini
3165 4566 3399 4637 Philippi
3426 4565 3540 4635 epi-

1961 4681 2109 4751 scopi
2139 4678 2383 4750 ejusdem
2411 4683 2592 4734 teme,
2622 4679 2679 4725 et
2703 4669 2807 4725 fuit
2829 4665 3152 4721 conductum
3185 4669 3372 4751 postea
3399 4656 3540 4751 apud

1961 4745 2312 4833 Pauormum,
2343 4772 2399 4819 et
2428 4761 2500 4817 ibi
2528 4759 2632 4815 fuit
2663 4756 2954 4830 sepultum.
2987 4754 3246 4810 Dominus
3277 4745 3547 4804 Henricus

1965 4856 2057 4919 rex
2101 4865 2242 4919 ﬁlius
2273 4854 2480 4916 domini
2531 4848 2880 4921 imperatoris
2905 4855 3224 4916 procreatus
3278 4843 3347 4898 de
3384 4851 3556 4891 uxore

1965 4954 2171 5023 Angliaa
2199 4952 2410 5010 decimo
2435 4956 2578 4998 nono
2607 4944 2698 5000 die
2713 4938 2916 4998 mensis
2937 4937 3185 4995 Januarii
3214 4938 3375 4994 dictae
3399 4941 3563 4982 nona:

1969 5022 2281 5101 indictionis
2301 5031 2560 5108 applicuit
2579 5031 2976 5094 Messanam,et
2995 5043 3117 5083 cum
3147 5022 3348 5100 gaudio
3363 5028 3564 5084 magno

1970 5135 2076 5191 fuit
2106 5136 2180 5193 ibi
2207 5137 2476 5200 receptus.

2478 5209 2612 5230 ΙΩΡΛ
2667 5213 2682 5227 ο
2744 5212 2779 5230 10
2799 5209 2922 5230 -.9-.-
2942 5225 2959 5230 _
3009 5209 3192 5230 I--!_--.
3261 5209 3447 5230 ..ΑΛἈΩΩ
3481 5191 3572 5230 1').—
