4010 5230
504 319 642 377 lilii

899 389 906 392 _
990 320 1086 374 AD
1120 320 1470 376 CAUFREDI
1517 322 1865 379 MALA'I'ER.
1911 325 2074 382 MON.
2117 326 2364 382 BENED.
2406 325 2582 382 IIIST.
2614 322 2832 380 SICUL.
2873 320 3237 378 APPENDIX.

3648 323 3780 381 1216

502 433 706 488 domini
743 434 1114 506 imperatoris,
1149 442 1202 488 et
1233 434 1491 504 applicuit
1537 437 1588 490 in
1618 437 1878 507 Apnlcam
1906 447 2096 494 octavo
2123 458 2165 514 Α
2197 458 2381 497 comes
2406 440 2728 496 Fredericus
2755 438 2966 495 Lancea
3014 439 3163 493 venit
3213 436 3450 492 vicarius
3488 436 3542 492 in
3573 437 3776 505 Sicilia,

503 524 750 579 Januarii
779 525 936 578 dicta:
965 524 1296 579 indictionis.

576 621 734 672 Anno
763 617 973 671 Domini
1004 616 1142 671 I252
1189 617 1491 672 indictione
1536 618 1877 684 duodecima,
1906 636 2091 676 mense

506 705 757 764 Octobris
783 708 1051 779 ejusdem,
1075 709 1269 764 civitas
1301 708 1553 780 Neapolis
1584 721 1742 782 capta
1774 713 1875 768 fuit
1904 715 1971 770 ab
2000 729 2094 770 eo-

506 801 628 856 dem
660 799 877 854 domino
909 815 1034 867 rege
1070 799 1334 855 Corrado.
1367 801 1424 856 In
1477 818 1666 858 mense
1691 803 1814 858 Maii
1847 805 2089 876 ejusdem

505 887 660 952 obiit,
697 898 745 941 et
779 889 1022 959 Sepultus
1053 889 1155 944 fuit
1187 889 1469 946 Messalae.
1524 892 1659 957 Item,
1711 893 1901 948 eodem
1949 910 2092 949 anno

507 996 692 1040 mense
725 981 970 1036 Januarii
999 981 1116 1052 ejus
1162 983 1479 1040 indictionis
1510 1000 1609 1040 rex
1637 984 1904 1042 Henricus
1954 1003 2094 1058 prae-

503 1077 676 1132 dictus
712 1077 862 1132 obiit.

571 1166 730 1220 Anno
762 1167 970 1221 Domini
1000 1167 1136 1222 I255
1168 1166 1464 1225 indictione
1478 1170 1687 1229 decima
1707 1171 1886 1231 tertia.
1906 1185 2094 1227 mense

503 1257 825 1314 Novembris
853 1259 1094 1328 ejusdem
1123 1261 1457 1324 indictionis.
1491 1265 1838 1319 Innocentius
1861 1280 1997 1335 papa
2026 1263 2092 1318 IV

505 1349 731 1404 intravit
790 1349 1069 1422 Neapolim
1132 1368 1256 1408 cum
1301 1371 1493 1426 magna
1529 1355 1924 1422 exsultatione,
1967 1357 2094 1426 quia

506 1442 759 1496 dominus
789 1443 1042 1514 princeps
1071 1444 1264 1508 voluit.
1295 1455 1344 1502 et
1379 1461 1476 1515 per
1514 1446 1790 1501 licentiam
1823 1463 1978 1502 suam
2010 1448 2096 1502 in-

509 1536 670 1588 trath
697 1536 748 1589 in
779 1551 1026 1607 regnum.
1061 1537 1128 1594 Et
1169 1539 1224 1594 in
1276 1539 1380 1594 illis
1419 1541 1611 1596 diebus
1641 1540 1745 1595 fuit
1778 1540 2096 1596 interiectus

505 1624 782 1684 Borrellus
810 1631 876 1682 de
902 1628 1170 1701 Anglone.
1202 1632 1270 1688 Et
1299 1633 1539 1688 intrante
1571 1649 1756 1689 mense
1809 1633 2092 1690 Decembri

507 1716 664 1771 dicta:
691 1718 1004 1774 indictionis
1029 1722 1282 1777 dominus
1316 1739 1451 1794 papa
1494 1723 1840 1781 Innocentius
1867 1726 2006 1781 obiit
2038 1726 2092 1780 in

507 1808 698 1862 eadem
735 1819 878 1865 terra
903 1811 1178 1881 Neapolis,
1209 1822 1261 1887 et
1294 1815 1366 1870 ibi
1391 1815 1492 1869 fuit
1518 1817 1792 1887 sepultus;
1832 1826 1884 1872 et
1908 1817 2090 1872 statim

2194 543 2252 588 et
2279 533 2620 604 congregatis
2643 531 2942 588 baronibus
2966 530 3228 586 Calabria:
3255 528 3597 602 Vallisgratis
3623 540 3782 586 terra:

2195 627 2440 690 Jordani,
2473 634 2526 679 et
2557 625 2721 679 totius
2759 624 2978 686 Siciliae,
3012 623 3108 676 ivit
3152 637 3273 676 cum
3317 637 3511 692 magno
3542 623 3780 677 exercitu

2193 733 2356 787 super
2383 717 2632 780 Platiam,
2664 725 2721 770 et
2746 715 2959 770 obsedit
3009 724 3064 768 et
3109 713 3251 783 cepit
3272 713 3477 782 ipsam;
3510 722 3564 767 et
3593 728 3785 782 quam-

2197 809 2320 863 dam
2363 807 2723 877 quantitatem
2767 805 3046 860 hominum
3082 805 3250 874 ipsius
3292 812 3450 858 terrae
3485 803 3782 858 interfecit.

2194 898 2260 952 Et
2289 908 2474 968 postea
2501 897 2598 952 ivit
2626 912 2788 968 super
2813 896 3062 952 Castrum
3085 893 3371 960 Joannem,
3397 904 3452 950 et
3478 894 3783 966 Aydonem,

2193 1002 2248 1047 et
2279 991 2529 1046 homines
2561 991 2874 1046 earumdem
2917 999 3186 1045 terrarum
3215 995 3610 1042 converterunt
3631 1002 3692 1040 se
3716 986 3784 1039 ad

2195 1085 2491 1140 dominium
2548 1085 2751 1139 domini
2811 1083 3089 1156 principis.
3135 1083 3192 1137 In
3235 1067 3423 1137 «ﬁdem
3480 1096 3625 1136 anno
3683 1079 3786 1136 fuit

2185 1174 2515 1245 justitiarius
2539 1174 2818 1245 Philippus
2848 1175 2916 1229 de
2938 1175 3161 1228 Aterno.

2265 1266 2396 1322 Item
2428 1282 2570 1321 anno
2623 1267 2836 1321 Domini
2889 1266 3028 1321 I256
3084 1266 3395 1321 indictionis
3441 1265 3656 1336 primas,
3684 1266 3786 1321 fuit

2188 1358 2520 1428 justitiarius
2543 1361 2744 1416 Sicilia:
2773 1360 3078 1416 Bernardus
3109 1359 3178 1413 de
3218 1359 3546 1428 Acquaviva.
3600 1359 3656 1412 In
3692 1374 3784 1414 eo-

2196 1453 2316 1507 dem
2341 1468 2486 1508 anno
2513 1468 2700 1508 mense
2727 1452 2929 1522 Aprilis
2953 1452 3140 1522 primae
3187 1451 3499 1507 indictionis
3527 1452 3783 1506 dominus

2153 1601 2156 1605 ,
2196 1544 2445 1615 princeps
2496 1543 2804 1599 Manl’tedus
2849 1544 2995 1598 venit
3031 1542 3354 1605 Messanam,
3383 1551 3440 1597 et
3473 1553 3658 1612 postea
3689 1542 3782 1595 ivit

2197 1636 2565 1701 I‘anormum;
2600 1645 2654 1690 et
2690 1635 2760 1690 ibi
2800 1633 2930 1690 fecit
2955 1633 3270 1703 congregari
3293 1649 3484 1688 omnes
3526 1632 3781 1702 przelatos

2197 1737 2250 1780 et
2274 1726 2506 1780 barones
2531 1728 2694 1784 totius
2721 1726 2909 1798 regni;
2943 1734 2999 1780 et
3034 1725 3100 1784 ad
3125 1724 3443 1779 electionem
3474 1739 3662 1778 eorum
3695 1724 3782 1779 do-

2199 1821 2378 1875 minus
2408 1823 2663 1890 princeps
2697 1821 2799 1875 fuit
2845 1805 3138 1875 coronatits
3187 1820 3279 1874 rex
3321 1818 3521 1874 Siciliae
3569 1818 3782 1873 decimo

505 1899 1219 1975 dominusAlexanderpapa
1235 1908 1470 1978 suscepit
1491 1908 2092 1978 papatumRomanum,
2129 1900 2168 1958 Β
2200 1912 2285 1965 die
2316 1913 2514 1967 mensis
2542 1911 2792 1983 Augusti,
2818 1911 3007 1980 prima:
3035 1908 3510 1973 indietionis,cum
3543 1908 3781 1962 maxima

507 2001 562 2047 et
589 1996 790 2049 mansit
833 1997 884 2050 in
920 2006 1062 2055 terra
1114 1998 1369 2070 Neapolis
1414 2017 1587 2070 usque
1643 2003 1695 2056 in
1731 2016 1914 2057 mense
1964 2001 2090 2056 Maii

505 2083 666 2138 dicta:
705 2085 1038 2142 indictionis.
1078 2088 1211 2144 Item
1254 2091 1306 2144 in
1338 2091 1528 2147 eodem
1561 2107 1727 2159 anno,
1777 2107 1964 2147 mense
1991 2093 2095 2146 De-

501 2177 706 2232 cembri
740 2179 962 2235 decima:
987 2182 1159 2236 tertice
1191 2183 1523 2252 indictionis,
1557 2185 1810 2239 dominus
1835 2185 2092 2254 princeps

502 2270 846 2338 recuperavit
874 2270 1158 2327 Luceriam
1188 2282 1242 2328 el
1264 2273 1696 2345 Achincngiam;
1728 2276 1781 2330 in
1807 2275 2094 2346 quainter-

500 2356 674 2412 fectus
698 2358 800 2414 fuit
841 2360 1084 2417 Joannes
1112 2363 1352 2428 Maurus,
1379 2373 1434 2419 et
1459 2365 1808 2434 postmodum
1865 2380 2092 2435 recupe-

500 2449 640 2502 ravit
671 2451 947 2506 civitatem
998 2453 1206 2519 Mellito,
1239 2465 1293 2510 et
1337 2458 1608 2512 destruxit
1655 2458 1932 2513 civitatem
1987 2459 2092 2512 Ita-

500 2539 656 2607 pnlla:
707 2543 980 2599 nolentem
1028 2561 1086 2601 se
1132 2547 1359 2603 reddere
1389 2549 1443 2603 in
1495 2563 1640 2605 eum.
1688 2550 1754 2604 Et
1799 2550 1850 2604 in
1903 2563 2092 2605 mense

501 2627 782 2686 Februarii
833 2633 1058 2688 decimae
1121 2637 1295 2692 tertia.-
1350 2637 1708 2702 indictionis,
1765 2639 2092 2694 universitas

499 2717 736 2776 civitatis
759 2721 1022 2780 Messanae.
1046 2725 1206 2795 ejecit
1237 2730 1494 2784 comitem
1520 2730 1742 2785 Petrum
1767 2731 2000 2786 Russum
2025 2731 2091 2786 de

499 2812 754 2868 Calabria
813 2817 880 2870 ab
911 2819 1099 2872 eadem
1147 2821 1369 2876 civitate
1401 2838 1521 2878 cum
1569 2832 1681 2879 tota
1730 2823 1929 2878 familia
1972 2840 2086 2890 sua,

503 2904 654 2958 misit
677 2906 894 2960 domino
918 2909 1148 2979 principi
1177 2921 1234 2966 ut
1258 2914 1468 2969 veniret
1491 2924 1546 2970 et
1587 2916 1860 2986 acciperet
1891 2917 2090 2972 Messa-

427 2999 438 3008 '
504 3011 631 3049 nam
660 3011 784 3050 cum
829 3008 939 3053 tota
973 2998 1180 3056 Sicilia.
1241 3004 1308 3058 Et
1355 3017 1542 3075 postea
1593 3008 1816 3064 sinistro
1867 3009 2093 3066 consilio

505 3086 694 3144 habito
725 3089 994 3167 miserunt
1014 3107 1268 3162 magnum
1297 3098 1599 3154 exercitum
1632 3111 1824 3156 contra
1880 3102 2092 3157 exerci-

507 3183 618 3229 tum
631 3177 835 3232 domini
852 3180 1112 3253 principis
1132 3185 1376 3254 praedicti
1401 3188 1455 3242 in
1477 3188 1748 3254 Calabria,
1775 3191 1828 3246 in
1842 3201 2087 3248 contrata

2197 2003 2380 2058 la‘lilia
2408 2011 2463 2059 et
2489 1996 2872 2059 exsultatione.

2264 2097 2396 2151 Item
2431 2113 2572 2151 anno
2611 2096 2822 2151 Domini
2862 2095 3024 2160 I257,
3054 2094 3350 2150 indictione
3397 2092 3659 2157 secunda,
3693 2107 3785 2146 co-

2195 2204 2310 2245 mes
2347 2188 2667 2244 Fredericus
2718 2187 2932 2242 Maletta
2976 2189 3126 2242 venit
3167 2188 3483 2257 capitaneus
3537 2186 3594 2240 in
3647 2184 3783 2239 Sici-

2196 2279 2342 2345 liam,
2384 2290 2439 2336 et
2461 2279 2791 2348 justitiarius
2823 2279 2924 2334 fuit
2947 2279 3271 2334 Fredericus
3299 2280 3365 2334 de
3394 2278 3598 2334 Avenis
3651 2279 3786 2332 Are-

2194 2387 2311 2426 nes.

2264 2464 2394 2517 Item
2418 2479 2562 2518 anno
2590 2463 2806 2519 Domini
2846 2463 2984 2519 I258
3010 2462 3321 2518 indictionis
3358 2461 3558 2524 tertiac,
3593 2475 3783 2518 mense

2195 2552 2343 2618 Maii,
2380 2551 2672 2609 Gobbanus
2714 2554 3078 2609 Theotonieus
3124 2551 3394 2607 interfecit
3419 2553 3785 2607 enmdemco-

2195 2643 2760 2704 mitemFredericum
2788 2643 3060 2700 Malettam
3093 2651 3222 2698 ante
3248 2651 3485 2698 montem
3517 2641 3781 2712 Trapani,

2193 2745 2248 2792 et
2278 2736 2418 2790 idem
2450 2733 2743 2790 Gobbanus
2789 2734 3035 2789 ascendit
3068 2735 3120 2788 in
3143 2734 3390 2788 eumdem
3422 2741 3703 2796 montem;
3731 2742 3784 2786 et

2195 2828 2308 2898 ipse
2339 2843 2443 2881 una
2488 2841 2613 2881 cum
2657 2826 2968 2882 hominibus
3017 2825 3186 2895 ipsius
3213 2824 3415 2879 montis
3466 2824 3796 2879 calcancum-

2193 2917 2502 2974 rebellionis
2529 2925 2824 2973 erexerunt
2853 2925 3042 2970 contra
3084 2913 3364 2970 domintum
3395 2927 3582 2984 regem
3636 2913 3786 2966 Man-

2194 3007 2429 3074 Iredum,
2474 3017 2738 3078 negantes
2768 3023 2963 3064 nomen
3011 3005 3158 3074 ejus;
3191 3017 3248 3060 et
3297 3005 3552 3060 dominus
3597 3018 3786 3059 comes

2192 3101 2516 3156 Fredericus
2572 3100 2784 3157 Lancea
2840 3114 2964 3154 cum
3023 3097 3268 3154 exercitu
3320 3109 3519 3163 magno
3573 3094 3788 3150 obsedit

2193 3191 2511 3261 praedictum
2566 3201 2906 3256 montem,et
2949 3204 3134 3245 mense
3171 3187 3424 3243 Octobris
3470 3185 3787 3240 indictionis

504 3285 626 3339 qua:
657 3271 858 3327 dicitur
885 3273 1117 3330 Corona.
1169 3278 1237 3333 Et
1279 3282 1554 3338 exercitus
1595 3281 1808 3338 domini
1829 3285 2091 3356 principis
2118 3271 2162 3332 C
2192 3283 2436 3353 ejusdem
2479 3283 2626 3354 cepit
2667 3283 2987 3353 praedictum
3031 3290 3270 3337 montem
3316 3295 3438 3335 cum
3470 3279 3786 3335 hominibus

503 3358 709 3416 insiluit
741 3363 794 3418 in
812 3367 1129 3435 prmdictnm
1149 3372 1448 3428 exercitum
1473 3374 1756 3443 Messanae,
1781 3387 1834 3433 ct
1859 3379 2094 3448 pessime

503 3455 904 3522 prazvaluerunt
937 3460 988 3515 in
1018 3476 1140 3517 eum
1169 3481 1182 3518 :
1215 3464 1464 3522 videlicet
1497 3469 1633 3525 alios
1675 3471 2088 3540 interfecerunt,

503 3555 558 3601 et
579 3548 714 3604 alios
752 3551 1196 3624 vulneraverunt,
1221 3567 1277 3613 et
1307 3560 1441 3615 alios
1467 3563 1860 3631 produxerunt,
1882 3577 1937 3620 et
1957 3567 2093 3623 alios

504 3652 784 3709 ceperunt,
811 3653 866 3697 et
893 3660 1084 3712 parum
1121 3662 1187 3702 ex
1229 3649 1309 3704 cis
1355 3662 1663 3709 evaserunt.
1714 3654 1848 3709 Item
1907 3672 2094 3712 mense

504 3734 733 3803 Augusti
767 3728 1042 3803 praedictae
1073 3740 1296 3796 decimze
1321 3745 1492 3799 tertia:
1521 3746 1832 3803 indictionis
1874 3749 2092 3805 univer-

506 3823 640 3878 sitas
676 3824 934 3882 Messanac
961 3831 1226 3885 destruxit
1253 3842 1452 3889 terram
1487 3837 1827 3894 Tavormenii
1855 3855 1920 3896 eo
1949 3842 2088 3911 quod

508 3913 726 3969 nolebat
753 3917 975 3973 obedire
1007 3923 1266 3978 mandato
1298 3941 1509 3980 eorum.
1551 3927 1682 3983 Item
1716 3932 1906 3986 eodem
1949 3947 2094 3988 anno

509 4021 696 4062 mense
723 4006 974 4066 Octobris
1005 4011 1228 4069 decimre
1258 4026 1466 4085 quarta:
1509 4019 1823 4077 indictionis
1869 4024 2082 4078 univcr-

508 4098 641 4153 sitas
693 4100 955 4157 Messanae
1007 4105 1152 4160 misit
1183 4107 1408 4163 Romam
1430 4152 1444 4177 ,
1477 4121 1532 4166 et
1561 4111 1723 4182 elegit
1768 4123 2088 4184 potestatem

509 4191 788 4248 dominum
812 4193 1076 4251 Jacobum
1103 4199 1168 4254 de
1204 4197 1388 4268 Pente,
1440 4212 1492 4258 et
1521 4207 1819 4274 permansit
1854 4207 1906 4262 in
1938 4217 2090 4277 pote-

507 4292 650 4339 state
698 4303 870 4357 nsque
900 4287 964 4342 ad
997 4291 1342 4348 medietatem
1390 4297 1592 4351 mensis
1635 4296 1759 4351 Maii
1819 4300 2093 4370 przedictze

510 4373 857 4443 indictionis;
905 4387 960 4433 et
989 4395 1111 4434 cum
1140 4397 1206 4437 eo
1237 4383 1384 4437 venit
1429 4384 1682 4441 dominus
1737 4386 1974 4444 Joannes
2023 4389 2090 4444 de

510 4464 788 4524 Columnis
832 4469 1191 4528 Messaneusis
1226 4475 1667 4548 archiepiscopus
1696 4481 1894 4536 missus
1926 4495 1956 4535 a
1989 4481 2086 4537 do-

515 4557 658 4613 mino
686 4575 844 4630 papa.

583 4649 713 4704 Item
743 4667 883 4709 anno
908 4655 1117 4709 Domini
1147 4656 1308 4722 I254,
1327 4658 1620 4714 indictione
1649 4658 1858 4716 decima
1872 4670 2086 4732 quarta,
2125 4634 2168 4688 Ι)

505 4756 692 4796 mense
717 4744 936 4813 Aprilis,
969 4747 1234 4804 Ilenrieus
1283 4752 1349 4804 de
1401 4752 1608 4806 Abbate
1658 4768 1782 4807 cum
1838 4755 2083 4808 exercitu

508 4829 675 4887 Vallis
703 4835 982 4893 Mazzaria:
1031 4844 1173 4910 cepit
1207 4841 1555 4907 Panormum,
1588 4852 1642 4898 et
1677 4843 1902 4900 fratrem
1931 4847 2083 4900 Busi-

508 4939 636 4978 nnm
669 4925 927 4997 legatum,
956 4946 1009 4985 et
1043 4943 1151 4988 tota
1195 4935 1378 4990 Sicilia
1411 4952 1470 4992 se
1495 4939 1766 4992 convertit
1820 4941 1886 4993 ad
1917 4941 2089 4996 domi-

2194 3374 2457 3444 ejusdem,
2482 3383 2537 3430 et
2565 3373 2694 3430 fecit
2719 3388 2813 3429 eos
2835 3374 2901 3430 ab
2926 3371 3050 3428 inde
3084 3371 3383 3435 discedere,
3416 3376 3472 3423 et
3516 3369 3786 3438 quosdam

2193 3487 2288 3526 eos
2318 3470 2636 3527 devastavit.

2264 3565 2418 3618 Anno
2451 3562 2663 3618 Domini
2700 3560 2856 3625 I265,
2885 3573 3024 3613 nona
3049 3556 3360 3621 indictione,
3394 3569 3581 3610 comes
3611 3553 3786 3608 Caro-

2194 3657 2277 3712 lus
2308 3654 2532 3710 intravit
2567 3655 2794 3710 Romam
2829 3654 2881 3707 in
2922 3661 3142 3716 mstate;
3174 3664 3360 3704 mense
3408 3663 3540 3703 vero
3585 3647 3786 3717 Aprilis

2193 3746 2432 3814 ejusdem
2465 3745 2679 3809 indict.,
2711 3743 2962 3798 dominus
2982 3757 3079 3798 rex
3105 3739 3412 3796 Manfrezlus
3448 3739 3601 3792 misit.
3632 3749 3787 3792 cato.

2193 3838 2321 3893 lium
2347 3853 2504 3892 sumn
2534 3838 2675 3908 apud
2698 3837 2989 3892 Marsiliam
3016 3835 3080 3889 ad
3107 3833 3465 3890 obsidendum
3494 3848 3640 3886 eam.

2263 3931 2418 3985 Anno
2448 3928 2691 3998 ejusdem
2709 3927 3102 3982 Incarnationis
3126 3924 3282 3990 I265,
3302 3923 3597 3978 indictione
3619 3937 3782 3984 nona,

2194 4036 2377 4079 comes
2419 4020 2642 4075 Carolus
2693 4020 2837 4089 cepit
2886 4026 3100 4089 pontem
3143 4015 3448 4086 Ciplanum,
3479 4023 3536 4068 et
3568 4011 3782 4067 turbata

2191 4124 2275 4170 est
2307 4115 2500 4169 civitas
2521 4113 2793 4184 Neapolis.
2831 4113 2895 4167 Et
2921 4110 3261 4181 postmodum
3286 4108 3424 4163 idem
3449 4121 3636 4161 eomes
3659 4118 3779 4160 cum

2193 4205 2438 4260 exercitu
2467 4219 2564 4259 suo
2588 4202 2736 4257 venit
2767 4201 2906 4270 apud
2935 4208 3152 4270 pontem
3201 4195 3548 4252 Valentinum
3579 4196 3633 4249 in
3659 4210 3782 4265 par-

2196 4295 2340 4349 tibus
2369 4292 2686 4355 Beneventi,
2712 4299 2767 4345 et
2797 4291 2884 4345 die
2944 4289 3172 4344 Veneris
3225 4286 3492 4356 vigesimo
3543 4286 3780 4341 secundo

2195 4387 2398 4443 mensis
2424 4385 2708 4440 Februarii
2736 4382 3017 4455 prtevaluit
3055 4383 3106 4436 in
3134 4380 3380 4437 eumdem
3413 4392 3599 4447 regem
3634 4377 3781 4431 Man-

2194 4481 2407 4536 I’rcdum
2433 4496 2554 4535 cum
2588 4479 2831 4534 exercitu
2865 4492 2981 4540 suo,
3009 4483 3065 4530 et
3087 4474 3277 4530 habuit
3306 4471 3595 4527 victoriam
3623 4483 3780 4540 super

2192 4589 2335 4628 eum.

2267 4667 2400 4720 Item
2454 4679 2596 4718 anno
2648 4663 2808 4718 dieue
2865 4657 3258 4714 Inearnationis
3287 4698 3301 4721 ,
3339 4654 3582 4724 ejusdem
3629 4667 3777 4708 nonat

2196 4757 2527 4817 indictionis,
2563 4754 2650 4808 die
2687 4753 2933 4815 Sabbati,
2960 4750 3173 4805 decimo
3201 4748 3360 4802 tertio
3395 4746 3601 4800 mensis
3636 4745 3776 4798 Mar-

2195 4847 2273 4910 tii,
2307 4846 2500 4902 civitas
2537 4845 2800 4899 Messana:
2839 4840 3072 4896 elevavit
3112 4837 3366 4893 vexillum
3412 4835 3660 4906 pnedicti
3687 4849 3778 4888 co-

2192 4937 2339 4991 mitis
2389 4935 2604 5002 Caroli;
2655 4943 2711 4988 et
2759 4934 2846 4987 die
2897 4930 3044 4986 Jovis
3092 4929 3269 5000 primo
3325 4926 3532 4981 mensis
3579 4926 3776 4996 Aprilis
