4010 5230
253 391 3478 454 W

1481 557 1662 608 ANNO'
1694 555 2319 606 DOAZISP'MLXXXVII.

1022 725 2486 894 WILLELMUS
2619 729 2702 886 Ι

535 992 789 1084 DUX
853 987 1968 1084 NORTHMANNORUM
2029 991 2182 1080 ET
2257 993 2498 1082 REX
2556 991 3214 1085 ANGLORUM

1357 1181 1833 1246 COGNOMINE
1876 1179 2442 1257 CONQUESTOR.

1677 1333 2062 1346 *-

677 1425 1632 1540 πιιιειιιηι
1711 1426 3076 1575 αοΝρυι-ιειιτοιιιδ

425 1701 438 1736 ῗ
509 1713 524 1738 ³
558 1705 596 1754 λθ
611 1701 660 1752 [⁸ο
931 1741 940 1754 -.

425 1717 434 1736 -'
509 1713 524 1738 ⁸
573 1701 660 1752 δί’
931 1741 940 1754 ..
1091 1709 1118 1750 Ι

593 1757 724 1806 tif-3"”
837 1763 840 1766 λ
879 1763 956 1804 uti»
1023 1753 1092 1804 .-’⁴’
1117 1755 1144 1800 έΪ

1255 1703 1264 1708 .
1269 1695 1308 1724 ..ἢ

1231 1766 1256 1810 r

1151 1817 1160 1826 ._
1229 1819 1452 1840 μηιη
1461 1813 1504 1828 _._
1521 1819 1526 1822 _
1543 1815 1592 1824 -..

1359 1759 1382 1800 ι
1413 1663 2094 1806 ’ὶὲ;-·ζ,.,ίῧΕ5ΤΑ

561 1861 1339 1953 ΔἬίίΙισιηιοδΡίσιὶιῦἓιὶεἱ
1369 1861 1792 1952 ιθπψουίονωη
1827 1887 2304 1964 archidiacono,
2337 1899 2856 1973 contemporanco
2920 1895 3183 1973 scripta.

1023 2100 1346 2166 (Ducunsux,
1383 2099 1633 2156 Historiw
1666 2101 1985 2160 Norlhman.
2013 2105 2186 2176 Script
2217 2107 2406 2179 antiq.,
2430 2123 2552 2180 pag.
2584 2109 2728 2180 I78.)

1763 2306 2043 2326 ﬂ

309 2433 552 2506 (Initium
585 2432 1051 2503 desideratur.)....
1081 2448 1204 2487 cum
1240 2434 1346 2488 vita
1383 2451 1605 2506 regnum
1630 2435 1818 2504 Angli-

233 2541 362 2579 cum
389 2525 592 2588 amisit,
623 2523 767 2593 quod
789 2531 1026 2593 paterna:
1045 2537 1108 2577 ac
1127 2538 1238 2578 sua:
1255 2523 1542 2590 violentiae,
1570 2541 1674 2580 non
1699 2525 1818 2580 aliis

237 2616 446 2670 debuit.
501 2614 770 2670 Coronam
824 2615 1068 2669 eamdem
1119 2631 1240 2670 cmn
1300 2615 1494 2672 throno
1557 2617 1820 2672 ileraldus

231 2707 476 2762 obtinuit.
547 2707 686 2762 ﬁlius
732 2707 868 2778 ejus,
935 2707 1132 2777 partim
1184 2707 1254 2762 ab
1301 2723 1366 2764 eo
1409 2711 1708 2779 tyrannidis
1769 2709 1822 2764 in

235 2811 426 2852 amore
472 2798 722 2869 degener.
771 2797 994 2854 Exsules
1027 2797 1202 2854 adhuc
1247 2802 1538 2856 manebant
1593 2799 1823 2856 incuria

233 2889 526 2960 propinqui
561 2889 642 2945 sui
669 2889 924 2945 Willelmi
957 2891 1216 2961 principis
1246 2891 1546 2948 Edwardus
1575 2909 1638 2948 ac
1661 2893 1822 2948 Alve-

235 2985 426 3048 radus,
460 2983 549 3054 qui
584 2983 710 3039 olim
741 2985 892 3055 pueri
930 2999 996 3039 ne
1017 2983 1400 3056 jugularentur
1428 2987 1496 3042 ad
1524 2987 1822 3042 avunculos

235 3077 293 3130 in
341 3075 783 3132 Northmanniam
823 3075 1140 3147 effugerant.
1181 3077 1423 3134 Genitrix
1471 3095 1660 3134 eorum
1723 3079 1824 3136 fuit

232 3169 426 3224 Emma
459 3167 564 3222 filia
617 3167 872 3223 llichardi
911 3169 1093 3240 primi,
1142 3171 1357 3242 genitor
1385 3171 1680 3227 Edelrcdus
1725 3188 1821 3228 rex

233 3261 554 3334 Anglorum.
577 3261 774 3317 Verum
799 3263 864 3318 de
885 3263 1196 3335 genealogia
1222 3265 1416 3319 horum
1442 3280 1822 3337 germanorum

235 3355 456 3424 etquod
485 3355 836 3410 hereditatem
870 3370 1058 3410 eorum
1099 3353 1234 3410 Dani
1280 3357 1561 3412 invasione
1591 3373 1824 3427 occupa-

235 3448 441 3512 verint,
485 3447 618 3501 satis
647 3446 736 3500 alii
777 3447 1062 3516 scripsere.
1096 3447 1166 3504 Ut
1195 3463 1326 3520 ergo
1360 3449 1640 3504 decessum
1673 3447 1820 3504 Chu-

237 3536 358 3590 nnti
386 3535 689 3602 audierant,
719 3537 893 3605 primo
916 3535 1211 3592 Edwardus
1237 3537 1370 3592 mari
1401 3537 1632 3594 decurso
1659 3555 1824 3594 naves

237 3627 596 3698 quadraginta
631 3627 798 3682 milite
825 3627 1274 3682 instrnctissimas
1305 3625 1567 3683 llantonie
1595 3627 1820 3698 appulit,

237 3721 330 3775 ubi
363 3719 758 3776 multitudinem
794 3719 1020 3775 offendit
1059 3721 1351 3775 maximam
1395 3735 1454 3776 se
1480 3719 1546 3775 ad
1583 3721 1823 3776 interne-

235 3811 452 3866 cionem
489 3811 570 3866 sui
603 3811 956 3881 operientem.
995 3809 1130 3865 Nam
1166 3811 1456 3866 lleraldum
1487 3813 1641 3882 Angli
1671 3813 1824 3868 dese-
1871 3877 1874 3880 Α

237 3917 364 3957 rcre
407 3901 679 3967 nolebant,
721 3901 826 3968 vel,
852 3902 994 3972 quod
1029 3912 1116 3957 est
1139 3903 1474 3970 credibilius,
1503 3920 1610 3958 non
1661 3905 1824 3958 aude-

233 3993 389 4056 bant,
424 4001 728 4048 metuentes
761 3991 948 4048 adfore
980 3993 1157 4048 Danos
1188 3993 1254 4048 ad
1293 3995 1680 4064 protectionem
1710 3995 1823 4049 sive

235 4085 464 4140 citatam
493 4083 754 4138 ultionem
798 4084 933 4153 ejus,
965 4084 1266 4139 exstinctos
1299 4085 1463 4140 fuisse
1495 4085 1822 4140 truculentia

237 4178 444 4234 Danica
475 4192 585 4233 sua:
617 4177 792 4248 gentis
823 4177 1189 4232 nobilissimos
1217 4179 1438 4232 minime
1483 4177 1636 4232 obliti
1677 4187 1821 4233 sunt.

235 4272 576 4341 Congressus
625 4269 768 4325 illico
795 4285 987 4340 magna
1017 4269 1166 4324 caede
1212 4269 1507 4338 superavit.
1559 4268 1819 4324 Conside-

237 4379 368 4419 rans
408 4374 586 4419 autetu
628 4363 967 4417 adversantis
1009 4369 1164 4417 terrae
1191 4361 1334 4415 vires
1375 4360 1639 4430 ingentes,
1689 4373 1824 4429 quas
1857 4389 1899 4448 Β

239 4457 484 4513 traduxit
513 4457 756 4511 modicas
793 4470 934 4520 esse,
973 4453 1238 4525 regyratis
1273 4453 1453 4522 proris
1491 4467 1613 4506 cum
1643 4451 1825 4520 opima

235 4549 415 4620 pne-da
439 4547 891 4602 Northmanniam
914 4547 1127 4616 repetit.
1151 4544 1304 4599 "tlth
1330 4543 1428 4599 sibi
1461 4543 1628 4597 larem
1652 4551 1826 4597 tutum

238 4639 466 4705 sciebat,
485 4639 696 4710 largum
720 4647 772 4692 et
795 4637 1134 4693 benevolum.
1161 4634 1277 4690 Non
1298 4633 1464 4688 multo
1487 4643 1608 4704 post
1633 4632 1828 4687 deinde

241 4733 535 4789 interstitio
585 4730 844 4802 temporis
889 4727 1281 4785 Doroberniam
1327 4726 1476 4782 venit
1528 4723 1828 4780 Alveradus

241 4833 590 4880 transvectus
625 4837 692 4878 ex
741 4829 898 4892 portu
935 4821 1065 4887 Icio,
1113 4817 1422 4874 accuratius
1448 4831 1610 4886 quam
1654 4815 1829 4870 frater

243 4925 405 4971 antea
451 4915 712 4970 adversus
756 4913 864 4968 vim
901 4919 1235 4982 praeparatus
1258 4951 1272 4976 ,
1306 4916 1577 4979 sceptrum
1610 4915 1664 4962 et
1717 4907 1832 4977 ipse

243 5019 528 5080 paternum
583 5004 916 5075 requirebat.
989 5002 1158 5070 Quem
1222 5002 1509 5057 adeuntem
1571 4999 1829 5057 interiora

245 5099 535 5168 Godwinus
576 5111 764 5153 eomes
809 5093 1018 5152 nefario
1057 5093 1183 5148 dolo
1233 5092 1534 5162 suscipiens
1593 5089 1834 5151 factione

307 5191 576 5216 2.-.-έσιηξοκη
610 5187 830 5216 ΙηηιιῖηιεΙ
880 5187 944 5216 PI
983 5188 1086 5216 Ann:-

1091 5203 1122 5216 η
1147 5185 1286 5216 IIII-‘1‘
1315 5185 1546 5216 nﬂlnlll‘l':l
1581 5185 1626 5216 ﬂ:
1663 5186 1830 5216 Irn'n.I:

1931 2437 2100 2491 vitate
2155 2434 2495 2492 Lundoniam
2542 2438 2654 2510 regi
2713 2439 3010 2494 transmisit
3043 2439 3295 2504 lleraldo,
3353 2447 3408 2495 et
3451 2441 3520 2496 de

1930 2525 2192 2580 comitatu
2232 2525 2436 2596 aliquot
2481 2527 2733 2582 similiter
2773 2527 2984 2583 vinctos
3037 2527 3271 2598 reliquos
3317 2528 3515 2599 partim

1934 2615 1985 2669 in
2017 2615 2288 2688 ergastula
2317 2619 2593 2687 deputavit
2619 2627 2898 2686 separatos
2939 2621 3008 2675 ab
3050 2621 3280 2676 invicem
3311 2621 3512 2674 distra-

1931 2708 2110 2763 ctione
2139 2709 2469 2774 miseranda,
2511 2709 2708 2778 partim
2748 2711 2867 2765 diro
2895 2711 2998 2766 huc
3032 2714 3240 2768 necavit
3269 2713 3506 2778 horribi:

1929 2797 2055 2854 liter
2117 2800 2472 2854 evisceratos.
2544 2799 2776 2855 Gavisus
2837 2802 3103 2860 llcraldus
3167 2805 3220 2858 in
3280 2806 3512 2861 vinculis

1926 2899 2218 2960 conspecto
2280 2891 2568 2958 Alverado,
2611 2893 2879 2949 satellites
2919 2895 3034 2965 ejus
3081 2911 3243 2966 quam
3284 2897 3510 2969 optimos

1926 2997 2108 3037 coram
2139 2997 2204 3037 eo
2230 2981 2392 3052 jussit
2419 2983 2736 3052 decapitar‘,
2783 2986 2958 3056 ipsum
2989 2987 3172 3042 orbari
3202 2989 3516 3054 luminibus,

1929 3073 2051 3128 dein
2084 3082 2394 3143 equestrem
2427 3075 2670 3130 nuditate
2701 3085 2975 3144 turpatum
3025 3078 3092 3131 ad
3142 3094 3290 3134 mare
3322 3080 3513 3134 deduci

1928 3168 2026 3221 sub
2057 3182 2195 3236 equo
2225 3165 2452 3238 pedibus
2479 3165 2766 3237 colligatis,
2797 3175 2855 3222 ut
2885 3168 2938 3222 in
2970 3169 3098 3240 Elga
3136 3169 3311 3241 (Elge)
3341 3171 3516 3226 insula

1927 3259 2123 3312 exsilio
2177 3259 2520 3313 cruciaretur
2567 3269 2622 3314 et
2679 3269 2944 3330 egestate.
2998 3260 3313 3318 Delectabat
3344 3263 3516 3333 ipsum

1925 3353 2034 3407 vita
2055 3351 2259 3406 inimici
2283 3351 2501 3421 gravior
2527 3360 2717 3406 morte.
2749 3349 2919 3406 Simul
2949 3351 3272 3406 Edwardum
3299 3354 3519 3408 omnino

1927 3443 2236 3497 absterrere
2291 3441 2607 3496 intendebat
2654 3443 2900 3513 germani
2957 3444 3379 3500 calamitatibus.
3441 3445 3516 3500 Ita

1926 3531 2155 3602 deperiit
2187 3529 2617 3586 formosissimus
2645 3531 2880 3602 juvenis,
2927 3531 3334 3586 laudatissiums
3365 3532 3520 3586 boni-

1927 3633 2060 3689 tate,
2091 3625 2236 3694 regis
2264 3624 2442 3694 proles
2473 3633 2525 3679 et
2564 3640 2751 3695 regum
2787 3640 2975 3695 nepos,
3023 3640 3122 3680 nec
3165 3627 3517 3696 supervivere

1925 3715 2104 3788 potuit
2131 3716 2254 3776 diu;
2298 3716 2386 3770 cui
2418 3715 2542 3770 dum
2567 3715 2710 3770 oculi
2738 3713 3126 3783 eﬂ‘oderentur,
3151 3717 3326 3771 cultro
3358 3733 3515 3772 cere-

1924 3807 2080 3862 brum
2105 3805 2326 3862 violavit
2361 3821 2569 3861 uiuere.
2587 3806 2711 3861 Ideo
2735 3807 2882 3862 brevi
2908 3807 3300 3863 exclamatione
3333 3810 3434 3866 hac
3461 3818 3517 3864 te

1927 3915 2025 3955 nos
2049 3897 2407 3969 alloquemur,
2441 3896 2726 3964 Godwine,
2771 3898 2926 3970 cujus
2959 3902 3160 3956 mortui
3186 3916 3396 3969 nomen
3433 3901 3518 3956 in-

1925 3989 2070 4046 fame
2099 3997 2349 4062 superest
2375 3999 2537 4061 atque
2571 3991 2840 4047 odiosum.
2883 3990 3016 4046 Nam
3043 4007 3073 4045 a
3116 3990 3344 4063 ﬂagitio,
3373 3993 3518 4062 quod

1925 4084 2355 4140 malitiosissime
2419 4086 2735 4155 patravisti,
2800 4087 3078 4140 deterrere
3145 4095 3217 4148 te,
3287 4085 3332 4138 si
3401 4085 3516 4140 fieri

1926 4177 2120 4247 possit,
2165 4177 2433 4232 volumus.
2479 4177 2650 4244 Quam
2694 4177 3028 4253 exsecranda
3073 4175 3212 4230 furia
3253 4174 3516 4246 agitaris?

1927 4283 2033 4338 quo
2061 4267 2224 4323 corde
2257 4275 2446 4322 contra
2473 4266 2561 4334 jus
2590 4276 2752 4336 atque
2795 4267 2879 4320 f..s
2907 4267 3335 4321 abominandum
3377 4265 3516 4321 faci-

1928 4377 2030 4415 nus
2062 4358 2436 4415 machinaris?
2461 4373 2558 4412 cur
2581 4358 2634 4412 in
2672 4359 2898 4414 exitium
2927 4358 3002 4412 tui
3034 4367 3360 4427 tuorumque
3389 4371 3514 4426 per-

1930 4449 2245 4504 ﬁdissimam
2296 4447 2655 4518 proditionem
2704 4447 2966 4513 admittis,
3004 4447 3378 4502 crudelissime
3419 4447 3518 4500 ho-

1931 4539 2170 4596 micida?
2212 4538 2440 4604 Moliris,
2481 4538 2785 4595 confecisse
2833 4538 3123 4609 gratularis
3159 4537 3302 4608 quod
3343 4551 3522 4590 remo-

1932 4631 2266 4686 tissimarum
2297 4645 2326 4686 a
2358 4629 2777 4686 Christianismo
2802 4629 3089 4684 nationum
3118 4629 3256 4684 ritus
3279 4641 3343 4682 ac
3371 4625 3524 4696 leges

1931 4723 2291 4778 detestantur.
2343 4720 2597 4776 Alveradi
2664 4719 3058 4792 indignissima:
3108 4731 3366 4776 aerumnae
3421 4715 3522 4772 tibi

1933 4811 2337 4882 improbissimo
2370 4809 2654 4882 gaudium,
2693 4813 2940 4868 honestis
2979 4810 3197 4880 pariunt
3235 4810 3532 4876 lacryn.as.

1933 4905 2088 4960 Dictu
2116 4904 2367 4974 equidem
2415 4901 2546 4957 talia
2582 4911 2716 4959 sunt
2751 4901 3028 4972 lugubria.
3056 4899 3372 4958 Willelmus
3401 4910 3540 4950 vero

1935 4997 2359 5070 gloriosissimus
2407 4995 2540 5058 dux,
2589 4996 2754 5065 cujus
2800 5003 2924 5051 acta
2972 5001 3263 5050 venturam
3318 4994 3541 5044 aetatem

1937 5090 2120 5146 divina
2151 5087 2510 5160 opitulatione
2541 5085 2676 5142 freti
2725 5089 3072 5152 docebimus,
3095 5087 3322 5144 vindice
3365 5076 3549 5148 gladio

1941 5181 2091 5216 fur-in!
2125 5181 2367 5216 inun‘nm
2405 5174 2626 5216 "nr-2th“
2689 5189 2794 5216 lum
2831 5178 3036 5216 cn‘lnnc
3072 5179 3408 5216 ρνιι-Ιοιῖίέὶίθ
3434 5181 3557 5216 1)(ξῖ-
