4040 5314
559 220 693 275 1919

1700 219 2047 276 κνιιιάῑωιι
2085 219 2615 287 CONQUESTORIS

3670 228 3808 285 1220

557 348 679 387 cum
710 335 1018 388 necessario
1045 332 1311 398 incidunt,
1346 348 1451 387 non
1482 350 1511 387 a
1542 334 1733 389 charta
1769 339 2129 390 semovendas
2158 336 2202 390 Α
2231 336 2415 401 valuit,
2449 347 2507 391 ut
2564 338 2922 393 directissima
2966 337 3091 395 belli
3144 339 3320 394 fronte
3373 340 3695 396 Valesdunis
3752 344 3802 395 in

557 432 830 491 putamus,
859 433 916 478 ut
941 426 1008 479 ab
1030 425 1328 480 imitatione
1358 425 1483 479 facti
1507 428 1843 481 semovenda:
1874 436 2020 481 sunt.

629 515 894 571 Heraldus
926 533 1031 570 non
1061 516 1227 572 multo
1256 526 1376 587 post
1407 518 1655 582 decessit,
1682 518 1767 573 cui
1795 518 1965 573 frater
1995 519 2129 573 llar-

558 607 895 664 dechunutus
915 624 981 663 ex
1004 610 1189 663 Emma
1210 610 1457 665 Edwardi
1480 620 1651 665 matre
1674 620 1852 675 natus,
1878 628 2130 668 reversus

558 714 589 751 a
622 699 1000 754 Danimarchia
1042 702 1323 755 successit.
1358 700 1455 755 Hic
1481 702 1661 771 generi
1704 712 1946 757 materno
1973 704 2127 758 simi-

560 792 680 856 lior,
708 807 816 845 non
860 807 963 860 qua
992 803 1152 862 pater
1182 805 1275 847 aut
1302 792 1469 848 frater
1497 793 1817 849 crudelitate
1845 796 2128 865 regnabat,

558 897 734 952 neque
766 883 1041 937 interitum
1086 884 1360 949 Edwardi,
1399 886 1493 940 sed
1532 896 1846 954 provectum
1894 886 2125 941 volebat.

557 974 638 1030 Ob
667 975 885 1030 morbos
911 978 1101 1041 etiam,
1131 993 1267 1047 quos
1305 977 1618 1048 frequenter
1654 980 1977 1050 patiebatur,
2009 980 2129 1050 plus

560 1065 725 1119 Deum
753 1064 804 1119 iu
831 1066 1001 1120 oculis
1024 1066 1257 1122 habebat
1284 1079 1339 1123 et
1365 1070 1487 1123 vitae
1515 1073 1762 1126 humanm
1787 1072 2127 1127 brevitatem.

557 1154 822 1210 Caaterum
855 1156 921 1211 de
966 1172 1131 1227 regno
1157 1157 1271 1227 ejus
1302 1169 1393 1213 ant
1420 1161 1528 1214 vita
1554 1162 1788 1216 scribere
1816 1163 1936 1217 aliis
1963 1164 2127 1218 relin-

556 1264 878 1318 quamus,ne
901 1248 1109 1320 longius
1131 1268 1160 1305 a
1191 1253 1413 1307 materia
1446 1254 1714 1322 proposita
1747 1255 2125 1325 digrediamur.

629 1338 810 1392 Illuxit
862 1341 1077 1395 tandem
1150 1344 1404 1412 gaudium
1460 1343 1889 1413 festivissimum,
1922 1363 2131 1402 summe

557 1429 767 1483 cunctis
823 1430 912 1498 qui
961 1446 1145 1501 pacem
1198 1444 1251 1487 et
1294 1434 1557 1503 justitiam
1613 1436 1990 1493 desiderabant
2031 1456 2127 1494 ex-

558 1529 885 1589 spectatum.
944 1522 1058 1575 Dux
1100 1536 1303 1589 noster,
1367 1526 1485 1594 plus
1533 1527 1882 1597 intelligentia
1947 1546 2129 1586 rerum

557 1610 904 1665 honestarum
929 1620 983 1667 et
1013 1614 1060 1667 vi
1082 1616 1327 1684 corporis
1348 1632 1506 1685 quam
1538 1628 1695 1674 (etate
1720 1621 1954 1687 adultus,
1978 1639 2126 1677 arma

2232 426 2507 485 dominum
2563 442 2719 481 suum
2774 429 3083 497 congregati
3134 428 3290 498 longe
3358 444 3455 498 per
3518 430 3805 485 circuitum

2230 518 2409 571 omnia
2456 518 2688 572 tumultu
2738 526 3111 573 concuterent.
3146 518 3485 588 Sequebatur
3513 521 3807 591 impietatis

2231 606 2484 661 vexillum
2510 623 2637 677 pars
2660 606 3025 662 Nortmannia:
3056 609 3247 679 major.
3268 609 3467 664 Verum
3494 620 3571 665 tot
3599 611 3808 679 gladios

2232 696 2461 752 minime
2496 699 2775 757 exhorruit
2818 699 2992 767 partis
3019 700 3349 755 vindicantis
3378 701 3571 757 ductor
3602 701 3809 755 Willel-

2232 801 2372 839 ntus.
2434 786 2650 842 lrruens
2693 788 2861 842 enim
2894 799 3077 860 strage
3130 804 3385 858 pavorem
3430 790 3647 859 injecit,
3700 807 3809 861 quo

2234 878 2345 933 fere
2384 881 2547 934 corda
2594 881 2920 938 adversariis
2960 892 3151 955 erepta
3179 893 3324 948 sunt,
3352 883 3577 938 brachia
3618 885 3809 939 debili-

2233 979 2366 1026 tata.
2414 969 2538 1025 Sola
2576 987 2731 1027 mens
2761 988 2881 1041 qua:
2920 972 2973 1027 in
3014 972 3193 1044 fugam
3225 974 3605 1043 praecipitaret,
3646 972 3811 1026 retin-

2233 1060 2521 1128 quebatur.
2574 1060 2952 1118 lnsectabatur
3006 1062 3095 1116 ille
3155 1076 3252 1133 per
3314 1062 3544 1116 miliaria
3601 1062 3811 1130 aliquot

2236 1152 2440 1206 duriter
2473 1152 2765 1221 castigans.
2796 1154 2927 1207 Avia
2960 1153 3246 1223 plerosque
3290 1164 3383 1207 aut
3420 1154 3521 1208 via:
3563 1154 3811 1208 difﬁciles

2233 1240 2287 1294 in
2314 1250 2540 1295 mortem
2570 1244 2973 1296 snbverterunt.
3003 1239 3286 1295 Nonnullis
3325 1243 3376 1295 in
3422 1242 3648 1311 planitie
3681 1244 3808 1294 trita

2235 1332 2486 1388 celeritas
2515 1334 2582 1388 ad
2626 1334 2859 1399 ruinam,
2894 1334 3217 1404 constipatio
3246 1335 3315 1388 ad
3346 1333 3657 1388 letbiferam
3689 1336 3805 1388 col-

2235 1424 2481 1480 lisionem
2529 1424 2647 1479 fuit.
2704 1418 2996 1481 Absorbuit
3038 1442 3145 1479 non
3191 1442 3391 1496 paucos
3438 1425 3635 1479 ﬂuvius
3672 1426 3807 1481 Olna

2236 1518 2445 1585 equites
2498 1534 2619 1572 cum
2668 1520 2845 1589 equis.
2887 1518 3134 1573 Interfuit
3173 1520 3297 1574 huic
3343 1520 3527 1588 praelio
3562 1520 3809 1573 Francia!

2236 1625 2329 1664 rex
2374 1609 2637 1664 Henricus
2678 1611 2889 1665 victrici
2931 1626 3109 1665 causm
3142 1611 3429 1664 auxilians.
3462 1611 3808 1665 Fructuosis-

562 1703 816 1758 militaria
849 1706 1047 1771 sumit;
1075 1708 1165 1776 qui
1198 1724 1382 1761 rumor
1418 1720 1618 1763 metmn
1661 1711 1901 1768 Francia:
1938 1716 2130 1771 detulit

2236 1703 2366 1757 sima
2409 1716 2537 1755 sane
2566 1712 2728 1771 atque
2769 1702 3093 1756 notilicanda
3122 1702 3336 1756 sreculis
3373 1702 3532 1755 unius
3561 1702 3670 1755 diei
3714 1718 3810 1770 pu-

556 1794 724 1847 omni.
760 1795 935 1849 Alium
965 1812 1070 1851 non
1104 1798 1334 1852 habebat
1360 1798 1555 1865 Gallia,
1599 1803 1690 1872 qui
1722 1804 1844 1859 talis
1872 1809 2128 1874 prmdica-

558 1895 709 1939 retur
734 1903 901 1957 eques
938 1898 992 1942 et
1034 1901 1295 1945 armatus.
1333 1891 1712 1962 Spectaculum
1741 1906 1857 1951 erat
1897 1900 2127 1955 delecta-

558 1975 666 2028 bile
715 1977 873 2031 simul
914 1995 975 2032 ac
1005 1980 1264 2046 terribile,
1314 1996 1439 2036 eum
1488 1999 1711 2041 cernere
1760 1986 1909 2041 frena
1948 1990 2129 2045 mode-

561 2076 791 2133 rantem,
839 2085 967 2123 ense
1007 2071 1282 2136 decorum,
1325 2062 1515 2145 clypeo
1544 2075 1832 2146 fulgentem
1864 2088 1918 2133 et
1948 2081 2122 2150 galea,

560 2154 775 2224 teloque
803 2158 1162 2213 minitantem.
1204 2160 1338 2215 Nam
1377 2165 1452 2217 uti
1485 2164 1885 2233 pulchritudine
1911 2181 2131 2239 prmsta-

560 2245 652 2298 bat
681 2261 802 2298 cum
848 2246 1159 2303 indumenta
1184 2250 1443 2321 principis
1466 2264 1703 2324 gestaret
1733 2265 1825 2310 aut
1852 2260 2023 2327 pacis,
2055 2261 2127 2316 ita

557 2341 781 2385 ornatus
809 2332 899 2402 qui
935 2344 1125 2388 contra
1157 2335 1364 2391 hostem
1388 2341 1618 2394 sumitur
1638 2358 1760 2396 eum
1784 2344 2133 2415 singulariter

559 2422 804 2477 decebat.
838 2424 976 2479 llinc
995 2426 1163 2482 virilis
1193 2428 1245 2482 in
1272 2442 1336 2482 eo
1358 2430 1572 2487 animus
1592 2442 1645 2487 et
1672 2435 1844 2491 virtus
1869 2438 2130 2495 enitesce-

559 2514 653 2567 bat
675 2515 888 2585 egregia
921 2516 1264 2574 claritudine.
1292 2520 1428 2576 Hinc
1462 2538 1695 2595 namque
1724 2543 1936 2584 summo
1955 2534 2132 2587 studio

561 2607 722 2674 erepit
746 2607 1005 2663 Eeclesiis
1034 2608 1127 2664 Dci
1161 2613 1509 2681 patrocinari,
1541 2629 1732 2672 causas
1759 2618 2131 2689 impotentium

562 2698 745 2759 tntari,
796 2696 919 2765 jura
953 2699 1233 2769 imponere
1276 2718 1395 2771 quae
1438 2719 1543 2759 non
1579 2720 1887 2777 gravarent,
1930 2712 2131 2781 judicia

562 2786 743 2841 facere
771 2806 890 2857 qure
916 2805 1258 2861 nequaquam
1286 2794 1354 2848 ab
1376 2797 1629 2866 acquitate
1666 2800 1747 2853 vel
1779 2806 2130 2872 temperantia

563 2880 865 2934 deviarent.
920 2881 1190 2953 Imprimis
1244 2888 1532 2954 prohibere
1581 2891 1777 2957 eaadcs,
1842 2894 2129 2960 incendia,

561 2971 799 3041 rapinas.
825 2972 1004 3027 Rebus
1032 2975 1176 3029 enim
1216 2976 1417 3032 illicitis
1446 2981 1611 3035 nimia
1641 2981 1856 3052 ubique,
1889 2994 1947 3039 ut
1969 3002 2130 3057 supra

2229 1806 2353 1861 gna,
2391 1807 2531 1860 qum,
2573 1807 2693 1845 eum
2733 1791 3039 1861 exelnplum
3090 1791 3426 1845 tremendum
3456 1791 3717 1856 sanciret,
3758 1802 3812 1844 et

2230 1884 2469 1937 cervices
2502 1882 2723 1935 nimium
2752 1880 2922 1935 elatas
2952 1881 3093 1935 ferro
3123 1881 3388 1944 contudit,
3418 1889 3471 1934 et
3497 1896 3811 1951 propugna-

2232 1974 2350 2027 eula
2408 1973 2706 2027 facinorum
2766 1972 2993 2041 plurima
3061 1971 3279 2026 castella
3344 1973 3585 2025 victoria:
3645 1987 3811 2025 manu

2232 2064 2554 2134 impellendo
2591 2063 2826 2133 disjecit,
2851 2074 2904 2117 et
2932 2063 3067 2117 bella
3098 2064 3391 2118 domestica
3422 2063 3563 2132 apud
3608 2078 3714 2117 nos
3756 2062 3809 2116 in

2233 2154 2450 2224 longum
2486 2154 2703 2224 sopivit.
2740 2152 3071 2223 Turpissime
3092 2154 3304 2222 elapsus
3329 2153 3502 2209 Guido
3528 2153 3809 2207 Briouium

2230 2260 2352 2300 cum
2398 2261 2593 2316 magno
2634 2246 2875 2315 equitatu
2912 2245 3213 2299 contendit.
3254 2244 3519 2314 Oppidum
3552 2246 3658 2321 hoc
3689 2259 3807 2297 cum

2233 2338 2334 2393 loci
2384 2346 2598 2399 natura,
2645 2344 2758 2390 tum
2805 2349 2967 2406 opere
3023 2335 3441 2405 inexpugnabile
3492 2334 3808 2389 videbatur.

2233 2430 2365 2485 Nam
2397 2439 2593 2502 praeter
2623 2428 2727 2483 alia
2765 2428 3105 2483 firmamenta
3151 2443 3270 2499 qua:
3315 2427 3488 2482 moliri
3530 2428 3814 2483 consuevit

2234 2524 2356 2578 belli
2391 2523 2755 2587 necessitudo,
2785 2522 2961 2576 aulam
2994 2522 3155 2576 habet
3185 2521 3450 2591 lapideam
3480 2520 3628 2575 arcis
3656 2535 3810 2575 usum

2232 2614 2595 2688 pugnantibus
2633 2613 2984 2685 przebenlem,
3020 2628 3182 2681 quam
3210 2608 3402 2666 ﬂuvius
3436 2611 3623 2666 Riscla
3666 2609 3810 2664 nullo

2234 2708 2452 2777 quidem
2492 2714 2666 2761 tractu
2728 2706 2846 2759 vadi
2895 2704 3183 2773 impatiens
3227 2700 3575 2757 circumﬂuit.
3632 2702 3814 2758 Victor

2236 2808 2447 2853 mature
2487 2798 2768 2852 insecutus
2814 2804 3023 2849 arctam
3074 2793 3269 2850 locavit
3303 2793 3687 2856 obsidionem,
3734 2806 3814 2847 ca-

2235 2890 2387 2946 szella
2423 2889 2675 2957 utrinque
2705 2888 2772 2942 ad
2805 2888 2950 2958 ripas
2979 2885 3215 2941 ﬂuminis
3241 2884 3811 2955 bipartiti.opponens.

2240 2980 2443 3035 Deinde
2484 2977 2883 3049 oppugnatione
2929 2978 3118 3031 diurna
3169 2978 3454 3041 territans,
3500 2976 3813 3045 egrediendi

562 3061 871 3128 docuimus,
930 3064 1149 3120 licentia
1198 3066 1317 3123 fuit.
1367 3070 1609 3142 Denique
1647 3042 2057 3144 cmpitomnino
2102 3095 2129 3133 a
2159 3042 2202 3101 ς
2235 3073 2546 3129 facultatem
2595 3074 2809 3144 penitus
2866 3072 3193 3127 interclusit.
3250 3072 3532 3126 Postremo
3586 3072 3815 3141 penuria

562 3154 934 3211 familiaritate
1001 3175 1096 3213 sua
1157 3176 1437 3217 removere
1504 3180 1641 3234 quos
1711 3167 1992 3237 imperitos
2046 3180 2135 3224 aut

561 3264 758 3317 pravos
786 3250 1166 3322 dignoscebat,
1198 3256 1719 3324 sapientissimorum
1753 3276 1879 3316 vero
1908 3262 2137 3331 optimo-

560 3358 795 3412 rumque
848 3344 1092 3399 consiliis
1144 3346 1258 3409 uti,
1315 3350 1559 3404 externis
1627 3352 1860 3407 inimicis
1925 3352 2139 3410 fortiter

562 3432 840 3497 resistere,
874 3435 1132 3506 obsequia
1163 3437 1342 3492 debita
1371 3455 1399 3492 a
1428 3440 1541 3495 suis
1575 3452 1821 3510 potenter
1848 3446 2087 3513 exigere.

634 3518 765 3574 Cum
800 3520 913 3574 haec
946 3521 1097 3575 initia
1150 3540 1304 3577 suum
1347 3526 1689 3594 splendorem
1729 3527 2138 3586 Northmannim

565 3618 619 3662 et
651 3609 856 3678 antiqui
898 3619 1065 3667 status
1115 3615 1560 3684 tranquillitatem
1606 3617 1720 3686 jam
1764 3620 2055 3679 redderent
2084 3633 2139 3679 et

565 3700 787 3753 meliora
823 3703 1217 3769 promitterent,
1255 3708 1409 3763 bonis
1436 3710 1798 3780 obsequenter
1822 3714 2138 3781 jnvantibus

565 3800 833 3845 rectorem
866 3804 1121 3849 consueta
1154 3798 1403 3855 libertate
1447 3802 1676 3870 perfrui,
1713 3806 1987 3861 malebant
2016 3810 2137 3879 qni-

566 3881 691 3934 dam
723 3897 816 3951 pro
844 3883 992 3938 libitu
1022 3900 1117 3941 sua
1154 3890 1409 3950 retinere.
1448 3893 1623 3947 aliena
1680 3896 1936 3966 diripere.
1972 3898 2140 3967 Hujus

564 3971 803 4025 vesania:
823 3971 1047 4042 signifer
1076 3977 1322 4045 prosiluit
1346 3978 1503 4035 Widn
1534 3980 1673 4039 ﬁlius
1700 3984 2140 4057 Burgundionum

565 4062 784 4118 comitis
809 4063 1110 4135 Raginaldi,
1145 4070 1234 4137 qui
1267 4070 1600 4128 validissima
1648 4086 1824 4131 castra
1864 4080 2139 4138 Briouium

564 4161 622 4204 ct
672 4150 1005 4208 Vernonium
1058 4157 1209 4213 ducis
1257 4160 1398 4215 dono
1468 4165 1702 4232 tenebat,
1760 4183 1787 4221 a
1844 4171 2142 4239 puerilibus

566 4244 724 4297 annis
752 4259 872 4298 cum
912 4247 1027 4315 ipso
1062 4247 1403 4307 familiariter
1434 4258 1688 4312 nutritus.
1724 4258 1830 4314 Sed
1864 4271 1955 4315 aut
1995 4266 2143 4333 prin-

2236 3156 2398 3220 e'tiam
2428 3163 2742 3219 victualium
2770 3164 3022 3217 obsessus
3052 3162 3381 3231 Burgundio,
3416 3162 3817 3217 interventores

2236 3272 2333 3328 pro
2349 3256 2629 3312 clementia
2653 3256 2975 3311 missitabat.
2996 3254 3171 3312 Motus
3192 3256 3297 3310 dux
3320 3255 3816 3325 consanguinitate,

2238 3347 2584 3416 supplieitate
2605 3387 2621 3413 ,
2650 3347 2865 3401 miseria
2896 3346 3047 3408 victi,
3080 3362 3184 3401 non
3215 3346 3460 3400 acerbius
3490 3346 3811 3400 vindicavit.

2241 3439 2477 3509 Recepto
2518 3448 2726 3504 castro,
2760 3439 2812 3493 in
2848 3438 2998 3493 curia
3028 3454 3125 3494 sua
3160 3453 3503 3493 commanere
3530 3452 3659 3492 eum
3690 3453 3818 3493 con-

2239 3530 2420 3584 Cessit.
2479 3530 2751 3600 Supplicia
2808 3529 2936 3584 item
2983 3528 3272 3594 consoeiis,
3307 3543 3425 3597 qua:
3466 3527 3817 3596 czipitaliaex

2238 3635 2394 3689 aequo
2445 3620 2834 3691 irrogarentur,
2884 3619 3192 3675 condonare
3241 3618 3431 3673 maluit
3472 3617 3543 3672 ob
3575 3621 3816 3675 rationa-

2239 3718 2376 3772 biles
2412 3733 2628 3772 causas.
2672 3715 2936 3789 Nigellum
2964 3718 3071 3772 alio
3105 3726 3345 3787 tempore
3368 3757 3382 3781 ,
3420 3717 3682 3786 quoniam
3724 3716 3819 3768 im-

2241 3812 2408 3879 probe
2438 3810 2771 3875 olfensabat,
2804 3810 2999 3865 exsilio
3028 3809 3278 3880 punitum
3321 3809 3485 3864 fuisse
3519 3807 3817 3877 comperio.

2241 3904 2414 3960 Guido
2464 3905 2515 3957 in
2566 3902 2932 3971 Burgundiam
2974 3913 3167 3973 sponte
3208 3902 3366 3957 rediit
3397 3910 3624 3971 propter
3656 3900 3822 3955 mole-

2242 3998 2400 4053 stiam
2430 3997 2634 4067 probri.
2662 3996 2830 4053 Ferre
2859 3996 2999 4066 apud
3024 3995 3392 4051 Nortmannos
3412 3994 3632 4065 pigebat
3660 3994 3819 4048 vilem

2243 4106 2303 4146 se
2337 4091 2567 4155 cunctis,
2597 4091 2843 4145 odiosum
2873 4105 2995 4146 esse
3023 4091 3224 4146 multis.
3254 4091 3323 4146 Et
3344 4089 3659 4159 Burgundio
3691 4088 3822 4144 tole-

2246 4181 2401 4235 rabat
2442 4196 2563 4235 cum
2613 4182 2801 4235 invita.
2842 4181 3107 4251 Equidem
3156 4182 3204 4237 si
3234 4181 3492 4236 valuisset
3524 4180 3616 4235 ille
3646 4196 3815 4249 quan-

2247 4279 2359 4324 tum
2385 4272 2760 4335 tontendebat,
2800 4286 3115 4341 grrmanum
3146 4279 3300 4326 su‘um
3332 4272 3500 4340 ipsius
3531 4270 3823 4340 provincia:

565 4339 816 4448 cipiittiin,
881 4349 974 4448 a‘ut
1032 4344 1319 4397 maximam
1376 4350 1675 4416 partionem
1725 4353 2137 4415 Northmannia:
2171 4363 2497 4448 Deoruitem
2543 4339 2885 4418 Guillclmum
2936 4373 3215 4432 potentatu
3269 4339 3543 4433 privasset
3580 4373 3637 4417 et
3690 4364 3818 4417 vita.

566 4429 860 4483 ambiebat.
901 4430 1096 4485 Secum
1130 4434 1309 4502 itaque
1344 4437 1395 4491 in
1427 4441 1689 4508 pcssimas
1712 4448 2139 4515 conspirationes

565 4522 739 4575 univit
770 4523 1033 4594 Nigellum
1063 4528 1346 4595 praesidem
1377 4532 1713 4589 Constantini
1758 4540 1895 4607 pagi,
1938 4540 2132 4597 Ranul-

568 4611 680 4665 fum
710 4613 1061 4681 Bajoecnsem
1094 4620 1466 4676 vieceomitem
1507 4633 1559 4677 et
1597 4624 1937 4695 llaitnonem,
1975 4649 2140 4702 agno-

570 4705 714 4758 ntinc
766 4707 1073 4774 Dentatum,
1127 4721 1181 4765 et
1230 4712 1365 4767 alios
1409 4724 1677 4784 potentes.
1735 4719 1848 4774 Non
1898 4725 2141 4780 cohibuit

572 4796 740 4866 iniqui
790 4799 1023 4854 hominis
1073 4805 1464 4859 contumaciam
1510 4812 1723 4878 generis
1748 4814 2138 4884 propinquitas,

572 4903 678 4940 non
711 4898 982 4943 tantorum
1008 4891 1390 4950 beneficiorum
1423 4898 1663 4967 impensa
1693 4900 2006 4971 liberalitas,
2035 4924 2139 4963 non

574 4981 805 5050 denique
842 4982 994 5035 ducis
1038 4984 1089 5037 in
1140 5003 1264 5040 eum
1307 4991 1519 5045 sincera
1565 4993 1781 5050 dilectio
1824 5012 2143 5069 summaque

573 5070 967 5123 benevolentia.
1021 5072 1266 5130 lnsontcs
1314 5081 1510 5135 ntultos
1550 5099 1830 5152 necavere,
1862 5105 1998 5160 quos
2043 5107 2142 5145 nc-

575 5156 859 5226 quieqnatn
903 5168 1243 5216 tentaverunt
1269 5166 1333 5217 ad
1370 5156 1973 5241 transverteniumfvel
2008 5196 2143 5251 quos

575 5246 766 5314 majori
793 5248 1073 5303 obstaculo
1115 5253 1213 5306 sibi
1252 5268 1369 5309 esse
1400 5262 1762 5314 nervidcan
1798 5266 1900 5314 Fas
1926 5246 2141 5314 ηιιεξιρη.

2238 4456 2424 4511 Annos
2479 4458 2665 4512 decem
2717 4458 2767 4511 in
2831 4458 2997 4511 armis
3044 4466 3099 4512 et
3154 4458 3383 4526 amplius
3431 4456 3818 4517 consumebat,

2237 4562 2441 4601 vcnans
2492 4548 2692 4617 prmliis
2757 4557 2865 4602 tam
2923 4558 3211 4619 cognatum
3284 4548 3627 4618 sanguinem.
3685 4546 3821 4613 Quid

2239 4636 2502 4703 laborem,
2542 4648 2599 4691 ut
2638 4639 2941 4695 evidentius
2979 4640 3232 4710 nequitia:
3258 4639 3631 4694 testimonium
3658 4638 3822 4691 addu-

2240 4730 2393 4783 cam?
2424 4730 2740 4785 Nortmauni
2779 4732 3017 4801 superati
3060 4732 3229 4786 semel
3258 4731 3493 4786 universi
3528 4730 3669 4785 colla
3698 4728 3823 4785 sub-

2241 4822 2425 4876 didere
2472 4823 2690 4880 domino
2718 4837 2853 4889 suo,
2890 4833 3052 4894 atque
3094 4826 3309 4880 obsides
3353 4825 3554 4879 dedere
3583 4823 3820 4895 plurimi.

2241 4911 2378 4968 Dein
2421 4915 2488 4968 ad
2532 4914 2743 4983 jussum
2800 4915 2917 4983 ejus
2974 4915 3300 4971 festinanter
3342 4930 3407 4970 ac
3438 4914 3686 4969 funditus
3736 4917 3823 4977 de-

2242 5014 2492 5061 struxere
2537 5008 2866 5062 munitiones
2920 5023 3183 5063 novarum
3225 5024 3406 5064 rerum
3459 5009 3646 5062 studio
3697 5023 3824 5061 con-

2245 5102 2495 5148 structas.
2529 5096 2876 5152 lnsolentiam
2907 5099 3071 5153 humo
3098 5108 3253 5155 tenus
3282 5114 3514 5167 posuere
3553 5100 3828 5166 metropO-

2245 5183 2352 5238 lita:
2393 5183 2884 5257 Rothomagenses,
2924 5204 3086 5257 quam
3135 5198 3324 5244 contra
3372 5188 3633 5243 tenellum
3664 5188 3826 5242 couti-

2248 5285 2353 5314 Inrn
2386 5290 2770 5314 Iuturnas-orant
2820 5279 3137 5314 Cnlnlnllnnl
3168 5283 3360 5314 dnhinn
3394 5280 3651 5314 anlmim
3701 5278 3823 5314 nnia
