4040 5314
301 267 430 322 {ﬁl

1827 261 2048 320 CESTA
2063 303 2078 318 .

3423 259 3577 326 ’12η

300 383 574 455 Cujusque
599 379 949 444 conditionis,
977 378 1240 450 cujusque
1262 379 1472 437 ordinis
1503 381 1664 435 homo
1691 379 1884 435 ducem
1916 387 1962 444 Α
2066 379 2360 436 Dictitabat
2399 397 2464 436 ex
2505 395 2568 437 ea
2601 391 2942 454 tempestate,
2971 385 3046 440 uti
3087 385 3408 459 opinabatur
3431 387 3576 444 Gau-

299 475 554 531 laudibus
601 474 669 528 ad
715 473 894 528 sidera
945 471 1198 536 tollebat,
1237 471 1628 543 longitudinem
1673 473 1722 526 ei
1763 473 1889 527 vitae

301 577 468 638 atque
497 565 786 621 sanitatem
815 563 952 620 votis
979 565 1228 620 omnibus
1255 565 1497 634 optabat.

375 657 816 715 Vicissitudinem
861 665 984 728 post
1029 657 1142 712 lucc
1179 656 1295 726 ipse
1330 657 1442 728 regi
1474 657 1576 712 fide
1599 656 1886 714 studiosis-

303 751 441 806 sima
480 749 743 812 reddidit,
773 757 997 814 rogatus
1027 748 1094 802 ab
1121 761 1184 802 eo
1215 747 1476 802 auxilium
1507 759 1696 804 contra
1726 765 1889 820 quos-

305 841 428 896 dam
481 839 882 894 inimicissimos
927 839 974 894 ei
1023 847 1188 908 atque
1221 841 1622 910 potentissimos
1667 841 1732 896 ad
1771 841 1889 898 olli-

303 932 581 988 cicndum.
655 929 770 984 Rex
845 929 1044 984 etenim
1117 927 1426 995 Henricus,
1484 931 1890 986 contumeliosis

306 1023 562 1080 Gaufredi
587 1021 816 1078 Martelli
847 1021 1027 1078 verbis
1057 1021 1332 1088 irritatus,
1359 1024 1658 1078 exercitum
1701 1033 1890 1079 contra

306 1133 430 1174 cum
455 1115 634 1182 duxit,
663 1125 717 1170 et
742 1123 978 1170 castrum
1011 1115 1128 1186 ejus
1156 1116 1298 1186 quod
1325 1114 1686 1171 Molendiuum
1718 1115 1890 1172 Herke

239 1243 248 1250 .
305 1209 608 1264 vocabatur
647 1207 700 1262 in
745 1221 882 1278 pago
915 1207 1292 1278 Andegavensi
1341 1223 1466 1262 cum
1513 1223 1676 1262 manu
1717 1207 1890 1263 valida

306 1301 517 1356 obsedit
551 1309 606 1354 et
644 1298 993 1370 expugnavit.
1029 1297 1337 1354 Cernebant
1361 1297 1716 1368 Francigena:
1745 1300 1888 1369 quod

309 1393 508 1447 invidia
557 1405 665 1446 non
715 1391 864 1446 cerni
917 1389 1112 1454 vellet,
1165 1390 1464 1444 exercitum
1520 1391 1810 1446 deductum
1861 1407 1892 1446 e

305 1479 700 1536 Nortiunannia
733 1480 844 1535 sola
875 1481 1024 1550 regio
1047 1479 1325 1548 majorem,
1357 1481 1616 1552 omnique
1640 1481 1886 1552 collegio,

308 1582 570 1646 quantum
599 1573 938 1628 adduxerant
967 1571 1054 1628 vel
1097 1571 1358 1627 miserant
1387 1573 1614 1628 comites
1649 1573 1888 1642 plurimi.

313 1667 680 1723 Celeberrime
705 1667 756 1721 in
787 1665 1108 1736 Aquitania,
1147 1665 1272 1720 dum
1297 1663 1536 1720 Pictavis
1561 1665 1886 1728 cxsularem,

307 1756 518 1820 eadem,
553 1771 716 1826 quam
759 1764 1033 1810 nostrates
1087 1763 1480 1820 contestantur,
1530 1754 1886 1812 Nortlunanui

308 1847 522 1902 comitis
554 1847 930 1918 divulgabatur
955 1845 1220 1901 claritudo
1246 1887 1258 1910 ,
1305 1855 1460 1916 parta
1501 1846 1552 1900 in
1601 1845 1688 1900 illa
1725 1861 1888 1918 expc-

309 1939 534 1993 ditione.
575 1937 724 1992 llunc
759 1937 902 1992 inter
935 1945 1162 1992 cunctos
1189 1936 1408 1991 aiebant
1449 1935 1772 1994 excelluisse
1803 1939 1886 1990 in-

309 2029 499 2100 genio,
531 2028 817 2094 industria,
854 2043 1036 2081 manu.
1069 2026 1181 2081 Rex
1222 2027 1270 2082 ei
1311 2041 1472 2097 quam
1503 2025 1734 2081 libenter
1765 2041 1890 2096 pro-

309 2122 542 2191 ponebat
593 2119 966 2187 consultanda,
1011 2129 1066 2175 ct
1111 2119 1350 2174 maxima
1393 2134 1623 2190 quaeque
1669 2119 1737 2174 ad
1773 2115 1889 2186 ejus

309 2213 530 2281 gerebat
587 2211 934 2276 sententiam,
1012 2218 1348 2279 anteponens
1403 2210 1458 2264 in
1511 2207 1891 2280 perspicientia

312 2304 546 2359 consulti
591 2305 836 2362 melioris
874 2321 995 2360 eum
1029 2304 1301 2360 omnibus.
1335 2301 1566 2360 Unicum
1609 2305 1660 2358 id
1704 2305 1890 2360 redar-

315 2396 535 2464 guebat,
585 2395 728 2468 quod
779 2395 1004 2451 nimium
1054 2395 1312 2466 periculis
1359 2395 1666 2464 objectabat
1707 2411 1788 2460 se,
1828 2409 1890 2450 ac

309 2487 632 2558 plerumque
680 2503 916 2558 pugnam
963 2486 1322 2556 qumritabat,
1375 2485 1666 2542 decurrens
1709 2485 1889 2556 palam

311 2593 434 2634 cum
495 2579 651 2636 denis
717 2589 808 2634 aut
855 2579 1224 2651 paucioribus.
1274 2577 1676 2634 Nortlimannos
1725 2581 1891 2634 etiam

310 2671 572 2742 primates
599 2671 1012 2739 obsecrabatjne
1047 2669 1310 2726 committi
1338 2668 1580 2739 pnnlium
1616 2669 1698 2724 vel
1731 2669 1892 2726 levis-

313 2765 510 2818 simum
548 2772 672 2818 ante
712 2763 1068 2832 municipium
1108 2761 1324 2832 aliquod
1375 2769 1723 2832 paterentur;
1777 2775 1894 2815 me-

317 2865 473 2912 tuens
517 2856 770 2911 videlicet
801 2871 1121 2910 occasurum
1165 2855 1422 2910 virtutem
1458 2853 1807 2917 ostentando,
1840 2851 1892 2907 in

315 2961 424 3017 quo
448 2947 593 3017 regni
611 2947 692 3001 sui
711 2947 1018 3016 praesidium
1042 2946 1412 3001 ﬁrmissimum
1438 2953 1492 3000 et
1513 2954 1892 3000 ornamentum

1991 469 2176 526 fredus
2221 469 2526 537 Martellus,
2593 489 2776 544 parem
2833 475 3018 531 comiti
3079 475 3574 537 Nortbmannorum

1989 561 2226 630 equitem
2268 563 2380 618 sive
2411 564 2636 620 militem
2682 567 2784 622 sub
2818 567 2958 623 coelo
3001 567 3202 624 nullum
3251 572 3466 642 degere.
3497 573 3575 630 De

1991 653 2258 709 Vascouia
2291 665 2345 710 et
2371 655 2634 712 Arveruia
2673 669 2920 730 potentes
2947 661 2995 716 ei
3027 665 3463 720 transmittebant
3491 669 3574 722 vel

1992 745 2332 804 adducebant
2355 763 2522 818 equos
2552 751 2642 822 qui
2671 751 2976 808 nominibus
3007 755 3236 824 propriis
3264 756 3425 828 vulgo
3450 769 3576 813 sunt

1989 834 2282 890 nobilitati.
2319 837 2450 892 Item
2483 855 2635 910 reges
2672 839 2943 912 Hispania:
2985 843 3069 897 bis
3108 843 3263 899 donis
3299 845 3440 900 inter
3469 848 3571 902 alia

1989 925 2108 994 ejus
2136 925 2428 982 amicitiam
2453 927 2760 998 captabant.
2790 931 2854 986 Et
2881 943 3002 987 erat
3025 935 3324 1005 expetenda
3353 935 3574 1006 optimis

1991 1023 2047 1068 et
2073 1015 2466 1083 potentissimis
2494 1019 2734 1075 amicitia
2776 1021 2920 1086 haec,
2969 1032 3131 1094 atque
3169 1025 3410 1080 colenda.
3447 1025 3574 1082 Pcr-

1991 1101 2290 1162 fectissime
2331 1123 2565 1178 namque
2605 1109 2780 1166 inerat
2821 1127 2982 1168 causa
3017 1114 3071 1169 in
3112 1115 3249 1186 ipso,
3286 1133 3384 1172 cur
3415 1135 3444 1170 a
3477 1117 3574 1170 do-

1991 1201 2253 1266 mesticis,
2281 1217 2312 1255 a
2344 1201 2609 1268 finitimis,
2650 1219 2679 1258 a
2712 1205 3004 1278 longinque
3049 1209 3296 1279 sepositis
3321 1211 3572 1280 diligere-

1995 1299 2104 1345 tur.
2141 1290 2223 1346 Ad
2253 1292 2358 1346 hoc
2389 1293 2502 1363 ipse
2549 1303 2606 1348 ut
2647 1304 2790 1352 esset
2829 1297 3008 1354 decori
3055 1300 3246 1355 amicis
3295 1301 3376 1354 vel
3430 1301 3574 1370 adju-

1993 1389 2206 1445 mento,
2234 1389 2440 1436 tantum
2489 1384 2764 1454 satagebat
2807 1397 3066 1456 quantum
3096 1403 3215 1443 esse
3245 1389 3485 1456 valebat;
3520 1397 3574 1446 et

1991 1472 2320 1543 procurabat
2359 1487 2574 1543 semper
2624 1483 2684 1529 ut
2739 1477 2840 1532 sibi
2907 1477 3362 1548 quamplurimum
3413 1481 3572 1533 amici

1992 1563 2272 1618 deberent.
2313 1561 2464 1618 Tunc
2505 1561 2824 1621 ﬂorescebat
2873 1567 2926 1622 in
2971 1567 3329 1624 adolescentia
3369 1570 3572 1640 princi-

1991 1669 2129 1724 pans
2171 1655 2261 1709 uni
2291 1655 2620 1725 provincia},
2662 1671 2761 1712 nec
2811 1661 2990 1727 regnis
3034 1659 3356 1726 dominatus,
3405 1675 3574 1714 annos

1993 1769 2150 1814 natus
2185 1759 2406 1814 circiter
2437 1761 2796 1832 quadraginta
2831 1757 3088 1833 quinque.
3123 1763 3256 1819 Cum
3288 1765 3355 1820 ab
3393 1767 3480 1819 illa
3508 1765 3575 1818 ad

1991 1857 2206 1904 aetatem
2241 1849 2412 1916 banc,
2455 1849 2541 1906 vel
2592 1851 2637 1906 si
2702 1851 2873 1920 majus
2915 1869 2944 1906 a
2990 1853 3219 1924 pueritia
3265 1855 3577 1922 per-noveris

1991 1943 2112 2013 ejus
2158 1951 2344 2011 actus,
2397 1955 2509 1999 tute
2552 1947 2708 2002 sicuti
2761 1963 2886 2004 vere
2924 1959 3100 2020 potes,
3143 1949 3432 2006 aﬂirmabis
3483 1966 3578 2020 per

1991 2048 2114 2086 cum
2145 2050 2423 2105 nunquam
2453 2037 2730 2092 societatis
2754 2037 2842 2106 jus
2870 2049 2962 2093 aut
2987 2041 3241 2096 amicitia:
3275 2041 3440 2098 fuisse
3469 2045 3577 2097 vioo

1991 2121 2178 2176 latum.
2195 2123 2326 2178 Fixc
2349 2125 2492 2179 enim
2523 2127 2800 2196 perstabat
2825 2127 2876 2181 iu
2899 2127 3058 2184 dictis
3079 2138 3242 2199 atque
3272 2132 3575 2195 conventis.

1995 2221 2253 2282 tanquam
2283 2214 2520 2270 edocens
2547 2225 2669 2270 actu
2711 2231 2808 2270 suo
2841 2219 2984 2287 quod
3025 2220 3310 2274 enuntiant
3342 2221 3578 2292 philoso-

1992 2300 2114 2372 phi,
2138 2299 2366 2370 justitia:
2399 2301 2806 2358 fundamentum
2855 2319 2978 2360 esse
3017 2307 3194 2362 tidem.
3231 2308 3288 2363 Si
3327 2310 3482 2378 cujus
3509 2311 3577 2363 ab

1993 2391 2232 2446 amicitia
2273 2390 2502 2463 disjnngi
2551 2395 2850 2450 rationibus
2893 2396 3228 2467 gravissimis
3265 2401 3574 2470 cogebatur,

1993 2482 2192 2537 sensim
2211 2483 2350 2538 hanc
2367 2483 2592 2548 diluere,
2611 2501 2768 2553 quam
2783 2495 3000 2556 repente
3011 2488 3303 2557 pra-cidere
3323 2490 3578 2546 malebat.

1993 2573 2425 2630 Consentaneum
2463 2575 2514 2629 id
2547 2576 2790 2630 videmus
2835 2577 3135 2647 sapientum
3165 2593 3406 2634 censura:
3440 2579 3577 2650 (Cic.

1994 2665 2160 2720 Amic.
2185 2666 2298 2736 2|).
2329 2666 2512 2736 inique
2531 2682 2592 2722 sc
2613 2668 2866 2722 alienavit
2895 2669 3127 2739 iniquus,
3152 2670 3324 2726 diram
3350 2673 3581 2728 inimici-

1999 2760 2128 2814 tiam
2157 2759 2396 2828 suscepit
2445 2775 2538 2814 rex
2591 2759 2882 2824 lienricus,
2919 2769 3258 2818 transversus
3305 2764 3582 2819 liontinunl

1997 2851 2360 2922 pessimorum
2379 2853 2619 2907 suadela.
2640 2853 2740 2920 Qui
2758 2853 2884 2908 dum
2901 2853 3114 2922 injuriis
3134 2854 3574 2910 Northmanniatv

1997 2939 2290 2998 lacesseret
2323 2943 2612 3000 admodum
2659 2943 3118 3011 intolerabilibus,
3157 2947 3461 3002 contraibat
3514 2949 3582 3002 ad

317 3037 811 3107 splendidissimum
881 3035 1192 3106 reponebat.
1255 3035 1522 3091 Caeterum
1577 3049 1700 3105 quae
1745 3033 1894 3089 velut
1923 3079 1970 3140 Ο
2001 3049 2160 3104 quem
2197 3033 2604 3091 Nortltmannite
2631 3039 2988 3108 propugnatio
3031 3037 3338 3107 pertinebat
3383 3037 3588 3094 Willel—

319 3126 733 3181 immoderatam
777 3125 1108 3180 fortitudinis
1142 3123 1560 3180 ostentationem
1600 3123 1898 3194 multopere

319 3217 668 3274 dissuadebat
718 3232 810 3273 rex
860 3227 1022 3288 atque
1067 3218 1405 3288 castigabat,
1444 3231 1504 3272 ea
1539 3233 1637 3272 nos
1674 3218 1898 3274 lervidte

318 3319 482 3381 atque
516 3311 775 3366 animoste
810 3311 956 3366 aetati
994 3319 1086 3365 aut
1122 3309 1298 3366 officio
1334 3309 1674 3366 ascribimus.
1709 3309 1902 3367 Seces-

319 3403 474 3457 sione
518 3401 608 3457 tali
659 3403 928 3458 interdum
979 3401 1312 3472 explorando
1379 3402 1723 3472 reperiuntur
1775 3417 1896 3471 qua:

319 3511 424 3550 non
475 3494 686 3549 modice
733 3495 1048 3564 expediunt.
1111 3493 1414 3563 Aliquando
1467 3491 1696 3547 malefici
1750 3494 1900 3548 exci-

319 3587 562 3655 piuntur,
602 3585 692 3656 qui
739 3585 1114 3640 multitudines
1154 3584 1428 3656 agminum
1471 3592 1694 3650 cavent;
1745 3585 1903 3640 modo

320 3677 550 3732 efficitur
575 3676 718 3731 aliud
751 3675 1124 3732 utilissimum.

393 3771 472 3824 En
523 3771 694 3839 ipsius
737 3769 936 3824 factum
979 3783 1138 3840 quem
1169 3781 1492 3823 excusamus
1535 3775 1590 3822 et
1618 3764 1772 3834 cujus
1805 3767 1906 3820 mi-

321 3861 492 3915 rabile
541 3861 850 3916 tirocinium
901 3860 1162 3916 attentius
1193 3859 1505 3914 meminisse
1545 3859 1772 3930 lepidius
1811 3860 1906 3914 de-

321 3957 506 4010 lectat.
541 3954 668 4008 Suis
699 3949 1056 4006 familiaribus
1084 3951 1272 4007 volens
1299 3949 1452 4020 quasi
1481 3949 1644 4015 elabi,
1668 3965 1908 4005 secesse-

323 4046 494 4098 ratab
517 4045 781 4109 exercitu,
813 4043 1025 4113 equites
1052 4043 1256 4096 ducens
1276 4041 1671 4111 aliquantisper
1700 4051 1909 4096 trecen-

325 4148 427 4192 tos.
467 4136 564 4193 llis
593 4138 716 4192 dein
757 4153 879 4193 cum
911 4137 1038 4192 solis
1063 4144 1296 4206 quatuor
1323 4135 1598 4190 subtrahit
1631 4149 1710 4201 se,
1751 4145 1911 4206 atque

323 4232 562 4304 palatur.
589 4230 728 4284 Ecce
745 4228 1038 4284 obveniant
1060 4241 1122 4282 ex
1141 4225 1490 4295 partcbostili
1519 4225 1582 4280 l5
1603 4227 1914 4294 superbient-

324 4333 407 4378 tes
445 4324 498 4376 in
527 4322 680 4391 equis
715 4327 772 4376 et
814 4319 1000 4373 armis.
1031 4317 1300 4372 Continuo
1345 4316 1626 4370 incurrens
1671 4315 1910 4368 lanceam

2003 3141 2149 3192 ntus;
2169 3125 2396 3180 multum
2415 3133 2592 3180 tamen
2614 3124 2788 3182 'veteri
2807 3125 3058 3181 amicitia:
3077 3127 3314 3182 tribuens
3337 3137 3392 3182 et
3429 3126 3588 3196 regizc

2001 3217 2270 3289 dignitati.
2321 3217 2621 3288 Conﬂigere
2649 3233 2771 3272 cum
2801 3218 2918 3286 ejus
2941 3218 3180 3272 exercitu
3207 3233 3272 3274 eo
3301 3227 3586 3288 prasente,

2002 3307 2204 3371 studio,
2234 3317 2496 3376 quantum
2528 3306 2870 3360 necessitudo
2901 3305 3134 3370 sinebat,
3160 3315 3404 3362 extremo
3429 3321 3591 3362 cave-

2003 3396 2116 3451 bat.
2137 3395 2202 3450 Et
2224 3394 2623 3450 Nortbmannos
2646 3393 2930 3449 cohibebat
2951 3407 3336 3462 smpenumero,
3361 3408 3460 3448 nec
3479 3391 3591 3460 jus-

2004 3503 2066 3543 su
2091 3493 2250 3546 modo
2265 3487 2406 3561 [sed]
2421 3487 2576 3558 quasi
2596 3487 2946 3558 oratu,}quam
2961 3485 3194 3541 maxime
3210 3477 3590 3554 concupientes

2003 3581 2172 3653 pradii
2201 3577 2524 3644 contumelia
2555 3581 2715 3634 decus
2747 3579 2949 3648 regium
2977 3575 3203 3633 fin-dare.
3228 3575 3376 3632 Alias
3399 3576 3590 3630 horum

2008 3675 2186 3746 aliqua
2208 3675 2482 3747 patentius
2509 3673 2893 3746 iutelligeutur,
2919 3672 3078 3730 simul
3101 3688 3205 3743 qua
3237 3671 3351 3743 ipse
3369 3685 3592 3744 magna-

2009 3769 2258 3826 nimitate
2295 3769 2631 3825 Francorum
2656 3775 3048 3836 aspernaretur
3075 3778 3265 3830 enses,
3287 3773 3448 3833 atque
3475 3777 3593 3818 utn-

2008 3875 2292 3918 versorum
2320 3859 2412 3930 qui
2436 3869 2621 3914 contra
2649 3873 2708 3914 se
2731 3857 2876 3928 regis
2902 3857 3078 3912 edicto
3117 3853 3329 3910 fuerant
3362 3853 3591 3910 evocati.

2079 3953 2252 4023 Ipsius
2277 3965 2492 4023 quoque
2533 3951 2741 4006 viribus
2782 3961 2838 4004 et
2875 3947 3102 4004 consilio
3133 3947 3430 4002 Edwardus
3455 3947 3594 4001 Har-

2011 4043 2287 4100 decbuniti
2315 4043 2421 4096 vita
2445 4043 2598 4096 finita
2631 4041 2846 4095 tandem
2875 4040 2928 4095 in
2957 4047 3184 4110 paterno
3207 4038 3344 4093 solio
3367 4052 3598 4092 corona-

2015 4147 2098 4193 tus
2124 4137 2342 4193 resedit.
2384 4145 2491 4190 tam
2543 4134 2808 4205 sapientia
2859 4145 2914 4188 et
2963 4133 3160 4188 eximia
3207 4145 3418 4186 morum
3476 4143 3598 4196 pro-

2013 4229 2184 4284 bitate.
2233 4243 2393 4298 quam
2443 4227 2664 4295 antiqua
2723 4225 2974 4295 prosapia
3037 4239 3099 4280 ea
3158 4223 3352 4292 dignus
3404 4219 3594 4291 gloria.

2015 4323 2390 4392 Disceptautes
2418 4319 2620 4374 etenim
2650 4317 2808 4389 Angli
2858 4315 3244 4373 deliberatione
3291 4311 3406 4368 suis
3435 4311 3598 4365 ratio-

323 4415 558 4488 projicit,
593 4411 1012 4468 audacissimum
1028 4424 1228 4464 cavens
1255 4405 1715 4478 perfodere.Coxa
1735 4417 1911 4462 autem
1946 4423 1990 4478 ι)
2019 4415 2176 4470 nibus
2218 4412 2502 4468 mitissima
2556 4420 2974 4476 consenserunt,
3041 4405 3402 4478 legationibus
3447 4401 3600 4470 jusja

325 4509 542 4576 dirupta
564 4513 649 4560 est
676 4503 831 4558 aliiso
863 4511 1040 4556 terrae.
1069 4498 1308 4554 Caeteros
1329 4497 1396 4551 ad
1427 4505 1678 4568 quartum
1717 4495 1912 4552 millia-

323 4601 466 4656 rium
509 4597 874 4670 persequitur.
915 4593 1050 4649 Tres
1082 4593 1292 4648 interea
1325 4589 1584 4646 centuriae
1613 4605 1747 4658 quas
1783 4589 1908 4645 reli-

325 4701 555 4764 querat,
597 4691 988 4760 subsequentes
1028 4683 1402 4755 investigando
1437 4681 1738 4754 (timebant
1767 4683 1911 4738 enim

325 4769 441 4855 ejus
473 4780 749 4852 fidentia)
799 4787 1019 4849 repente
1053 4777 1308 4834 comitem
1347 4771 1678 4830 Tedbaldum
1707 4775 1916 4846 perspi—

326 4879 480 4934 ciunt
513 4891 636 4930 cum
667 4871 940 4942 equitibus
968 4869 1300 4942 quingentis.
1350 4867 1440 4922 Fit
1477 4865 1661 4936 opinio
1709 4867 1909 4925 tristis-

329 4971 490 5026 sima.
525 4967 721 5023 Hostes
751 4963 1088 5019 arbitrantur
1117 4975 1232 5026 eos,
1265 4969 1429 5032 atque
1447 4959 1722 5013 dominum
1759 4975 1916 5018 suum

329 5065 382 5118 in
416 5075 605 5118 eorum
652 5063 920 5132 potestate
949 5053 1404 5128 comprehensum
1445 5051 1639 5105 teneri.
1677 5047 1918 5114 invicem

329 5156 496 5182 2-2a"...
547 5151 809 5182 θοι-Λειοηιῖ
881 5165 1041 5182 nica-nn
1081 5153 1134 5182 ἷη
1169 5147 1390 5182 linkith
1427 5159 1612 5182 nnclnn
1672 5151 1724 5182 111
1761 5146 1918 5182 ill-nn

2015 4503 2322 4576 petentibus
2362 4501 2730 4573 acquiescere,
2763 4516 2924 4571 quam
2969 4499 3460 4554 Nortbmannorum
3493 4493 3603 4547 vim

2017 4596 2274 4667 experiri.
2299 4593 2571 4649 Reducem
2608 4607 2730 4648 eum
2753 4605 2858 4646 non
2884 4591 3120 4645 maximo
3147 4584 3397 4658 praesidio
3421 4582 3606 4640 militis

2019 4685 2431 4745 Nortbmannici
2447 4684 2638 4754 cupide
2649 4683 2748 4738 sibi
2769 4698 2890 4737 cum
2913 4679 3338 4752 priestituerunt,
3357 4689 3423 4730 ne
3445 4689 3610 4729 manu

2019 4779 2301 4846 validiore,
2333 4777 2382 4833 si
2413 4789 2594 4831 comes
2640 4771 3098 4828 Nortbmanuicus
3124 4769 3429 4832 adveniret,
3464 4763 3616 4820 subi-

2021 4881 2297 4942 gerentur.
2319 4865 2420 4935 Qui
2457 4865 2584 4938 quid
2613 4864 2754 4920 bello
2786 4862 3008 4930 valeret,
3038 4877 3256 4920 rumore
3281 4861 3417 4916 satis
3441 4871 3618 4910 nove-

2024 4969 2165 5016 rant.
2219 4955 2519 5014 Edwardus
2552 4961 2733 5010 autem
2763 4952 2886 5007 dum
2925 4961 3080 5025 grato
3108 4957 3386 5024 reputaret
3420 4944 3626 5002 affet-tu

2026 5067 2189 5124 quam
2221 5054 2590 5118 sumptuosam
2640 5042 3058 5109 liberalitatem,
3089 5057 3254 5112 quam
3286 5034 3628 5106 singularem

2028 5147 2286 5182 memm
2363 5153 2528 5182 ninam
2561 5133 2881 5182 familiarem
2929 5133 3278 5182 rlilnelinnmn
3321 5131 3376 5182 in
3427 5125 3633 5180 North-
