4040 5314
495 323 637 380 1225

1681 316 2026 372 \\'ll.l.l°li..\ll
2067 313 2596 382 CONQUESTORIS

3635 328 3776 384 {2-28

495 463 622 504 eum
671 455 789 504 rata
841 445 1135 502 donatione
1195 442 1464 498 barredem
1513 447 1756 495 statuere
1825 436 2090 492 decrevit.
2120 447 2168 498 Α
2201 443 2304 488 rat.
2333 435 2526 489 Castori
2573 435 2754 490 statim
2811 439 3012 494 amisso
3055 442 3254 512 inrpctu
3304 444 3370 499 ad
3421 445 3778 504 munitionem

495 541 832 608 Uptimatum
888 537 1040 608 igitur
1086 549 1308 590 suorum
1361 546 1584 588 assensu
1630 545 1724 600 per
1787 527 2080 582 ltobertunt

498 633 948 690 Cantuariensem
994 627 1434 696 arclriprtesnlcm
1511 625 1672 689 huius
1740 619 2088 693 vlt-legationis

506 726 856 780 mediatorum
881 723 1096 778 obsides
1125 718 1513 788 polentlSSlttt£
1543 719 1832 787 part-mela:
1857 711 2088 770 Goduini

498 817 715 873 cornitis
745 815 912 868 lilium
940 830 1002 866 ac
1031 819 1280 883 nepotem
1310 827 1358 866 et
1387 813 1603 865 direxit.

573 908 666 962 Est
698 907 810 976 iam
843 914 1150 975 permutata
1197 921 1252 958 in
1303 919 1556 958 serenum
1591 901 1918 956 turbulentia
1947 899 2087 970 apud

497 1013 597 1054 nos
648 997 948 1052 domestica
1009 1009 1210 1050 omnis.
1279 993 1532 1050 Emulns
1579 1009 1762 1048 autem
1829 1009 1860 1048 e
1915 991 2090 1046 vicino

500 1091 735 1143 nondum
764 1089 942 1142 omnis
967 1087 1298 1156 conquievit.
1327 1085 1614 1140 Braclrium
1646 1085 1854 1139 levabat
1883 1085 1934 1136 in
1969 1098 2086 1145 nos,

498 1195 606 1248 quo
643 1195 748 1234 non
787 1179 978 1234 leviter
999 1191 1118 1233 sese
1155 1177 1497 1240 vulnerabat,
1531 1175 1834 1230 Gaul'redus
1867 1173 2088 1228 Martel-

499 1271 602 1324 lus.
632 1269 768 1324 Huic
797 1271 963 1326 enim.
990 1268 1288 1324 calliditate
1305 1268 1538 1322 bellandi
1562 1268 1780 1336 egregie
1803 1265 2086 1324 instructo,

501 1363 644 1416 unde
699 1361 1032 1429 triumphum
1107 1375 1212 1414 non
1291 1359 1728 1428 pellit-narentur
1783 1355 2084 1426 Andegavi,

500 1453 702 1508 'l'nroni
723 1495 736 1518 ,
767 1451 1040 1509 Pictones.
1069 1452 1400 1520 Burdegala,
1432 1453 1614 1505 multa:
1647 1463 1922 1520 regiones,
1958 1450 2092 1501 civr-

501 1557 640 1601 tates
671 1545 918 1616 plurima;
941 1560 1062 1614 qtae
1087 1545 1250 1614 sigan
1297 1543 1416 1612 ejus
1457 1543 1838 1613 parebant‘Hs
1860 1556 2092 1610 namque

500 1639 780 1694 dominum
825 1652 984 1691 suum
1037 1637 1294 1690 comitem
1339 1635 1624 1690 Pictonum
1676 1643 1726 1688 et
1779 1633 2091 1704 Btlrtlegalm

502 1730 552 1784 vi
593 1729 781 1784 bellica
829 1728 1010 1798 cepit,
1057 1743 1232 1796 neque
1281 1737 1406 1782 ante
1453 1725 1782 1796 postliminio
1821 1724 2092 1780 concessit

501 1821 700 1878 reverti
747 1831 1114 1890 mancipatum
1165 1819 1554 1890 indignissime
1599 1818 1878 1876 custodite.
1927 1831 2088 1885 quam
2125 1791 2167 1850 Β

499 1921 708 1986 argenti
735 1923 790 1970 et
826 1915 944 1968 auri
973 1914 1182 1982 pondus
1213 1913 1630 1982 gravissimum,
1684 1921 1846 1980 atque
1891 1909 2090 1979 przedia

501 2007 765 2062 ditissima
804 2007 1034 2062 extorsit
1062 2021 1184 2060 cum
1217 2015 1561 2059 sacramento
1595 2003 1662 2058 de
1701 2002 1891 2072 pactis.
1921 2001 2090 2056 Porro

501 2098 671 2168 ipsius
713 2095 972 2154 defuncti.
1023 2107 1146 2166 post
1179 2095 1611 2166 redemptionem
1656 2093 1745 2148 die
1786 2103 2003 2162 quarto.
2037 2103 2092 2148 et

503 2203 794 2246 novercam
829 2188 1113 2258 praecipuae
1141 2187 1441 2242 nobilitatis
1471 2196 1590 2242 toro
1628 2201 1727 2242 suo
1755 2186 2004 2251 sociavit,
2038 2194 2094 2240 et

499 2284 702 2340 fratres
741 2283 794 2340 in
841 2281 1062 2354 tutelam
1107 2297 1260 2335 suam
1288 2282 1522 2350 accepit,
1563 2291 1618 2337 et
1653 2283 1940 2336 thesauros
1968 2294 2091 2334 eum

502 2387 614 2432 tota
647 2376 913 2431 honorum
945 2391 1010 2430 ac
1037 2375 1294 2444 potentia:
1325 2374 1684 2443 amplitudine
1708 2377 1864 2444 quasi
1903 2371 2091 2428 ditiorri

500 2486 612 2526 sua:
643 2469 950 2526 vindicavit.
983 2468 1210 2522 Finibus
1239 2467 1460 2536 quidem
1488 2465 1893 2536 Andegavensis
1922 2463 2090 2519 corni-

503 2575 645 2621 tatus
676 2565 851 2620 claudi
881 2570 1206 2634 potestatenr
1229 2577 1409 2622 suam,
1439 2561 1651 2629 irrepem
1689 2567 1850 2630 atque
1891 2559 2095 2628 puden-

502 2657 624 2712 dam
669 2656 974 2726 angustiam
1003 2655 1330 2710 :estimabat.
1361 2651 1494 2708 Late
1517 2653 1570 2707 in
1601 2651 1776 2707 aliena
1809 2665 1932 2704 eum
1966 2665 2092 2720 cap-

511 2748 682 2802 tivum
733 2747 982 2816 raptabat
1039 2745 1292 2800 immanis
1337 2745 1624 2814 cupiditas.
1656 2744 1921 2798 Dilatatus
1965 2757 2094 2813 ergo

513 2839 831 2908 acquisitis,
863 2839 1032 2891 multa
1068 2837 1355 2907 insigniter
1389 2837 1807 2901 consummavit,
1849 2851 1950 2891 nec
1991 2836 2094 2889 mi,

513 2947 616 2986 nus
665 2931 818 2984 varia
873 2929 1074 2983 astutia
1124 2943 1288 2998 quam
1340 2927 1532 2998 opibus
1573 2943 1758 3000 agr-ns.
1791 2928 1934 2983 Inter
1975 2941 2096 2999 qua:

511 3021 858 3077 'l‘uronorum
891 3033 1106 3089 quoque
1153 3025 1424 3088 Ingentem
1454 3027 1504 3072 et
1533 3017 1863 3087 opulentiam
1895 3028 1946 3070 et
1979 3019 2092 3071 vir-

512 3123 686 3169 tutem
711 3111 1073 3184 expugnavit,
1103 3109 1334 3166 contrita
1362 3110 1512 3180 prius
1539 3109 1855 3164 fortitudine
1880 3108 2094 3163 comitis

509 3207 791 3262 Tcdhaldi.
833 3203 966 3259 Nam
1019 3219 1138 3260 cum
1177 3203 1468 3260 subvenire
1507 3213 1739 3258 mutaret
1789 3201 2094 3259 Tetlhaldus

513 3299 794 3369 perclrarm
833 3296 956 3352 urbi
981 3311 1092 3350 sua:
1113 3335 1128 3362 ,
1157 3311 1318 3366 quam
1342 3295 1442 3350 sub
1471 3296 1620 3350 duris
1647 3295 1843 3350 ictibus
1868 3285 2096 3349 Martiali

511 3387 814 3444 obsidentis
845 3387 1118 3458 ingemere
1154 3403 1216 3442 ac
1247 3401 1414 3457 prope
1461 3387 1696 3442 deiicere
1733 3387 1846 3457 ipsa
1889 3387 2098 3441 denun-

497 3465 684 3533 tiante
715 3479 1012 3543 didicerat,
1053 3478 1458 3552 promptissime
1493 3492 1786 3532 occurrens
1819 3475 2098 3530 Martellus

509 3574 663 3627 vicit.
699 3571 945 3640 Denique
974 3569 1428 3640 comprehensum
1466 3571 1610 3624 Boiis
1649 3571 1880 3624 art-tavit
1923 3571 2096 3640 ipsum

511 3677 636 3717 cum
669 3663 782 3718 suis
817 3663 1129 3731 prmeipuis;
1183 3677 1358 3731 neque
1390 3673 1546 3732 pacm
1571 3678 1664 3717 eos
1695 3662 1896 3717 leviore
1936 3677 2096 3732 quam

509 3755 863 3818 Willelmum,
900 3763 1056 3808 antea
1091 3755 1482 3816 l'ictavensem,
1511 3755 1689 3824 cjecit.
1719 3753 2007 3808 Civitatem
2032 3769 2096 3808 ex

511 3851 640 3904 hinc
663 3846 989 3901 Turouicarn
1015 3847 1357 3914 possidebat;
1389 3847 1610 3902 vexavit
1637 3848 1779 3902 idem
1807 3847 2095 3903 Franciam

517 3945 830 3996 universam
855 3939 966 4009 regi
985 3939 1272 3993 rebellans.
1293 3927 1556 3994 Tumidos
1581 3939 1762 4010 itaque
1788 3939 2096 4009 [meliorum

512 4047 768 4088 successu
799 4028 1206 4086 Northmannite
1231 4037 1470 4084 castrum
1502 4029 1782 4084 invasione
1812 4033 2098 4098 occupavit

511 4133 566 4179 ct
609 4135 953 4192 summopere
982 4119 1323 4175 custodiebat
1365 4119 1658 4174 Alentium.
1699 4119 2096 4178 lnbabitatores

511 4217 580 4270 ad
605 4229 664 4270 se
687 4229 889 4286 pronos
925 4219 1215 4282 repererat.
1247 4211 1643 4268 lncrenrentnm
1667 4211 2092 4284 pulcherrimiim

510 4295 806 4378 deputabat
839 4297 938 4360 stin
977 4303 1214 4368 nomini,
1259 4306 1558 4372 patravisse
1593 4306 1736 4375 quod
1771 4305 2093 4360 Nortbman-

511 4403 616 4456 nite
659 4391 956 4456 dominium
987 4398 1262 4452 minucrit.
1305 4397 1608 4453 Willelmus
1637 4409 1771 4454 tueri
1823 4397 2094 4454 solliciens

505 4494 596 4563 jus
632 4501 921 4563 paternum
951 4499 1002 4544 et
1031 4491 1266 4554 avitum,
1299 4491 1428 4560 quin
1469 4493 1634 4546 etiam
1677 4493 1922 4548 dill‘usius
1971 4509 2090 4562 pro-
2125 4529 2176 4589 Β

507 4585 763 4648 tendere,
787 4583 974 4637 adibat
1000 4595 1120 4634 cum
1138 4581 1382 4636 exercito
1402 4591 1600 4636 terram
1625 4583 2090 4654 Andegavensern,

511 4685 574 4730 ut
633 4677 863 4730 reddens
924 4675 1177 4729 talionem
1230 4673 1404 4744 primo
1449 4675 1778 4730 abalienaret
1821 4674 2094 4730 Gaulredo

517 4763 902 4826 Danl'rontum,
939 4774 1060 4834 post
1095 4765 1354 4834 reciperet
1387 4764 1678 4819 Alentium.
1711 4765 1972 4820 Craterum
2011 4767 2093 4820 sui

517 4859 705 4915 militis
731 4861 888 4914 unius
915 4860 1270 4914 l'raudulentia
1302 4861 1414 4915 fere
1437 4861 1668 4925 interiit,
1700 4859 1789 4930 qui
1821 4877 1925 4914 non
1953 4861 2094 4914 extio

515 4952 792 5008 rncscebat
818 4953 980 5006 latam
1010 4953 1341 5028 provinciam
1377 4953 1600 5008 inimici.
1631 4951 1760 5006 Nam
1789 4953 1876 5008 ubi
1903 4969 2096 5024 appro-

509 5043 824 5100 ximabatur
847 5045 1159 5109 Danl‘ronto,
1176 5060 1296 5099 cum
1309 5045 1578 5114 equitibus
1601 5045 2094 5114 divertitquinqua-

510 5139 682 5209 ginta,
699 5145 979 5204 acceptum
994 5151 1111 5206 quae
1129 5139 1244 5208 (sic)
1261 5139 1582 5208 stipendium
1600 5151 1878 5212 augerent.
1893 5141 2092 5196 Praula:

515 5237 695 5258 nc-Inns
747 5228 904 5258 ἶιιιΙΛν
951 5229 1258 5258 ηιιι-Ιηηθμῖι-
1303 5233 1528 5258 νι-ΑιΙΣᾸῗο

1641 5251 1752 5258 ιι..-.ι-
1789 5249 1998 5258 α....ι-.ι.

2195 525 2488 594 refugiunt.
2539 526 2766 582 Cursum
2815 541 3095 599 promovet
3141 543 3330 588 notum
3396 537 3779 607 compendium

2194 617 2443 670 tramitis.
2471 617 2560 672 Ille
2589 627 2768 674 autem
2801 635 2906 675 non
2929 622 3079 691 prius
3108 625 3176 678 ab
3206 625 3542 682 insecutione
3569 629 3786 684 desistit

2189 723 2354 776 quam
2406 719 2576 778 perun
2623 712 2938 768 munitionis
2987 714 3200 786 fugatos
3239 717 3496 787 eripimrt.
3551 719 3786 790 Captum

2192 800 2306 854 suis
2348 817 2512 855 unum
2543 805 2792 858 manibus
2829 807 3073 861 retinuit.
3107 809 3201 863 llis
3231 811 3400 880 magis
3431 813 3497 864 ad
3520 813 3786 866 obsiden-

2191 891 2425 945 dendum
2473 907 2782 959 accensus,
2833 897 3054 951 castella
3097 899 3461 969 circ-imponit
3525 913 3787 972 quatuor.

2191 981 2435 1036 Celerem
2483 983 2838 1055 irruptionem
2881 987 3018 1043 situs
3058 991 3238 1061 oppidi
3285 991 3590 1063 denegabat
3636 995 3786 1048 omni

2191 1077 2385 1132 robore
2421 1078 2538 1134 sive
2571 1081 2814 1149 peritize;
2842 1099 2964 1137 cum
3012 1085 3354 1154 scopulorum
3385 1088 3656 1157 asperitas
3689 1103 3789 1157 pe-

2193 1169 2334 1224 dites
2353 1171 2520 1225 etiam
2551 1173 2896 1240 deturbaret,
2931 1186 3128 1246 praeter
3161 1179 3251 1248 qui
3277 1181 3523 1250 angustis
3571 1180 3790 1234 itineri-

2194 1261 2292 1316 bus
2325 1262 2532 1319 duobus
2559 1275 2724 1336 atque
2747 1269 2930 1324 arduis
2959 1272 3298 1327 accederent.

2269 1353 2462 1410 Incolis
2521 1359 2834 1430 adiumento
2881 1363 3028 1418 viros
3086 1365 3420 1435 imposuerat
3473 1367 3792 1426 Gaul‘redns

2193 1445 2611 1505 delectissimos.
2662 1451 3076 1524 Oppugnatione
3137 1465 3316 1513 tamen
3379 1459 3660 1516 instabant
3708 1465 3791 1517 cis

2195 1533 2558 1594 Northmanni
2588 1543 2918 1598 creberrima
2953 1547 3483 1620 ferventissimaque.
3517 1553 3639 1608 Dux
3674 1555 3791 1624 ipse

2195 1629 2402 1694 prinms
2434 1645 2496 1686 ac
2527 1633 2800 1702 przecipue
2831 1635 3092 1692 terribilis
3113 1638 3448 1694 imminebat.
3477 1643 3792 1714 Aliquando

2195 1724 2412 1790 perdius
2440 1733 2494 1778 et
2527 1741 2728 1795 pernox
2763 1729 3015 1798 equitans
3063 1733 3145 1787 vel
3185 1734 3236 1788 in
3289 1737 3489 1792 abditis
3536 1741 3792 1798 occultus

2197 1813 2466 1882 explorat,
2518 1817 2561 1871 si
2593 1819 2685 1888 qui
2737 1819 3083 1876 effundantur
3133 1835 3226 1879 aut
3268 1841 3638 1886 commeatum
3690 1835 3792 1888 ad-

2195 1915 2496 1970 vectantes,
2533 1921 2627 1966 aut
2666 1911 2718 1966 in
2757 1915 3027 1985 legatione
3076 1916 3304 1982 directi,
3337 1933 3426 1975 aut
3453 1924 3794 1994 pabulatori-

2195 1999 2296 2053 bus
2335 1999 2449 2054 suis
2479 2000 2820 2060 insidiantes.
2859 2005 3023 2076 Sane,
3073 2019 3132 2065 ut
3178 2011 3448 2085 intelligas
3476 2031 3644 2084 quam
3700 2033 3792 2073 se-

2196 2104 2325 2145 cure
2365 2091 2416 2145 in
2459 2102 2604 2148 terra
2663 2095 2844 2152 hostili
2902 2101 3160 2170 agitaret,
3215 2105 3482 2162 interdum
3529 2119 3788 2166 venatur.

2197 2183 2293 2238 Est
2323 2186 2476 2256 regio
2506 2187 2594 2242 illa
2623 2189 2774 2246 silvis
2806 2193 3089 2251 abtrndans
3123 2197 3361 2254 ferarum
3405 2199 3789 2261 feracissimis.

2197 2275 2350 2347 Stepe
2384 2279 2678 2348 falcomun,
2715 2286 3014 2355 smpissime
3062 2291 3384 2363 accipitrum
3423 2297 3606 2354 volatu
3639 2302 3792 2360 oble-

2195 2375 2393 2421 ctatur.
2429 2367 2542 2424 Non
2577 2371 2678 2426 loci
2712 2375 3018 2444 dillicultas,
3065 2391 3158 2436 aut
3197 2385 3400 2441 Stl)\'llia
3433 2389 3658 2458 hiemis,
3689 2409 3792 2449 nec

2197 2459 2501 2516 adversitas
2531 2463 2638 2520 alia
2671 2467 2898 2536 rigidam
2947 2473 3201 2529 virtutem
3234 2477 3302 2532 al)
3338 2479 3625 2538 obsidione
3665 2487 3792 2554 qui-

2197 2549 2273 2638 vit
2321 2551 2621 2611 dimovere.
2669 2559 3071 2617 Auxiliaturum
3125 2577 3444 2638 exsirectant
3482 2581 3539 2626 ct
3596 2549 3792 2630 nuntio

2195 2637 2462 2734 advocant
2491 2643 2790 2704 Martellnm
2835 2651 3047 2708 inclusi.
3077 2637 3333 2713 Deserere
3365 2660 3790 2734 haudquaquam

2195 2727 2451 2787 volebant
2484 2735 2796 2806 dominum,
2831 2747 2932 2798 sub
2977 2761 3084 2814 quo
3133 2747 3364 2804 licenter
3403 2727 3680 2821 quaestum
3715 2757 3792 2811 Li-

2199 2823 2446 2879 trociniis
2475 2831 2900 2902 contr~.-iliercnt_‘,
2935 2838 3078 2906 quali
3112 2855 3276 2896 causa
3312 2844 3532 2900 fuerant
3577 2850 3790 2907 seducti

2197 2908 2561 3010 inhabitantes
2611 2923 2907 2981 Alentium.
2975 2929 3084 2985 Non
3137 2934 3454 3004 ignorabant
3507 2957 3678 3010 quam
3737 2947 3790 2998 in

2197 2999 2587 3067 Nortlnnannia
2629 3029 2774 3073 esset
2803 3021 3006 3076 invisus
3051 2999 3190 3082 latro
3236 3041 3328 3084 aut
3377 2999 3584 3101 prmdo,
3619 3053 3788 3106 quam

2197 3107 2349 3154 recto
2401 3121 2498 3160 usu
2549 3119 2776 3182 uterque
2830 3117 3092 3186 supplicio
3143 3121 3512 3193 addiceretur,
3559 3132 3792 3202 etquod

2203 3203 2394 3248 neuter
2434 3211 2602 3266 par-va
2634 3205 3030 3262 absolveretur.
3064 3209 3189 3266 Suis
3221 3215 3504 3274 maleﬁciis
3533 3223 3794 3279 eumdem

2203 3283 2334 3354 legis
2367 3293 2678 3350 metuebant
2713 3313 2888 3353 usum.
2921 3301 3112 3378 Educit
3149 3307 3450 3366 Gaufredus
3482 3316 3678 3384 copias
3711 3318 3796 3372 in-

2201 3380 2545 3446 gentissimas
2589 3400 2874 3456 equestres
2927 3410 2988 3448 ac
3031 3397 3311 3466 pedestres
3354 3403 3422 3455 ad
3454 3380 3796 3462 subvenien-

2203 3471 2350 3527 dum.
2383 3473 2680 3534 Willelmus
2709 3483 2796 3536 ubi
2831 3486 3048 3541 rescivit
3080 3489 3150 3552 id,
3179 3506 3425 3563 properat
3454 3511 3520 3550 ex
3555 3502 3796 3558 adverso

2202 3564 2613 3654 continuatione
2639 3571 2936 3632 obsidionis
2971 3579 3231 3638 militibus
3273 3587 3514 3654 probatis
3553 3595 3792 3650 credita.

2203 3651 2558 3724 Speculatum
2605 3667 3010 3732 prtemittuntnr
3057 3651 3321 3745 Rogerius
3351 3681 3416 3734 de
3455 3681 3644 3740 Monte
3683 3687 3798 3741 Go-

2203 3747 2408 3802 ruerico
2433 3762 2482 3804 et
2509 3751 2812 3812 Willelnius
2837 3761 2975 3816 lilius
3002 3763 3252 3834 Osberni,
3283 3771 3442 3824 ambo
3463 3770 3702 3839 juvenes
3727 3795 3793 3832 ac

2203 3841 2443 3906 strenui,
2495 3845 2586 3913 qui
2633 3859 2866 3905 tuentem
2917 3869 3132 3924 quoque
3181 3858 3352 3914 hostis
3401 3870 3792 3935 arrogantissi-

2203 3943 2344 4024 mam
2377 3936 2688 4002 per-discunt
2725 3955 2788 3993 ex
2826 3941 3092 4012 colloquio
3127 3947 3312 4018 ipsius.
3344 3949 3538 4006 Indicit
3569 3972 3670 4024 per
3693 3975 3792 4016 eos

2201 4018 2508 4080 Gaulredus
2536 4027 2764 4083 classico
2808 4045 2907 4087 suo
2947 4033 3204 4092 Willelmi
3237 4041 3376 4110 apud
3424 4018 3786 4104 Darii-rentum

2201 4115 2460 4170 excubias
2511 4119 2807 4176 excitatura
2855 4123 2919 4178 iri
2971 4127 3070 4182 sub
3122 4143 3372 4185 auroram
3421 4132 3559 4190 lucis
3591 4141 3790 4193 crasti-

2203 4219 2347 4259 nam.
2391 4207 2686 4281 Praisignat
2715 4213 2928 4284 qualem
2979 4217 3029 4271 in
3073 4221 3258 4294 praelia
3288 4240 3484 4292 eanun
3522 4228 3596 4280 sit
3629 4231 3785 4284 habi-

2201 4303 2374 4362 turos,
2421 4299 2580 4370 quale
2625 4313 2862 4369 scutum,
2896 4305 3108 4376 qualem
3163 4313 3436 4366 vestitum.
3471 4315 3550 4369 llli
3593 4331 3786 4374 contra

2201 4405 2336 4460 opus
2369 4409 2472 4446 non
2501 4409 2621 4451 esse
2657 4400 2982 4468 respondent
3011 4402 3258 4457 instituto
3283 4421 3406 4460 cum
3445 4408 3644 4464 itinere
3673 4411 3786 4478 Ion:

2202 4481 2322 4549 gius
2353 4481 2592 4553 fatigari,
2647 4503 2772 4540 nam
2821 4491 3098 4552 continuo,
3147 4503 3365 4563 propter
3403 4513 3567 4566 quem
3619 4503 3782 4568 vadit,

2203 4573 2391 4632 aﬂ'ore.
2414 4577 2623 4646 Equum
2646 4581 2882 4636 vicissim
2910 4583 3110 4639 domini
3134 4589 3212 4642 sui
3237 4591 3594 4660 pnesignant,
3623 4597 3786 4650 vesti-

2204 4673 2313 4720 ttun
2346 4677 2400 4723 et
2427 4684 2598 4724 arma.
2647 4671 2971 4730 “enuntiata
3003 4677 3117 4732 haec
3151 4695 3254 4734 non
3287 4695 3480 4750 parum
3511 4685 3784 4742 alacritati

2201 4761 2696 4820 Northmannorum
2727 4767 2950 4822 addunt.
2976 4769 3044 4824 At
3068 4773 3308 4826 omnium
3338 4777 3648 4832 acerrimus
3673 4781 3786 4848 ipse

2200 4855 2305 4908 dux
2360 4853 2575 4926 inurget
2607 4857 2992 4913 accelerantes.
3049 4859 3359 4932 Tyrannum
3405 4863 3646 4922 fortasse
3693 4871 3785 4924 ab-

2201 4949 2338 5004 sumi
2389 4949 2731 5005 desiderabat
2779 4951 3094 5008 adolescens
3149 4957 3446 5026 piissimus.
3509 4959 3668 5027 Quod
3717 4979 3782 5018 cx

2199 5043 2448 5098 Omnibus
2501 5043 2774 5113 praeclaris
2833 5045 2990 5100 facis
3038 5048 3462 5116 pulcherrimum
3513 5052 3788 5120 judictivit

2201 5145 2418 5190 senatus
2489 5135 2683 5190 latinus
2736 5145 2790 5190 et
2840 5137 3189 5193 atheniensis.
3249 5137 3446 5193 Verum
3497 5143 3786 5199 subitaneo

2817 5244 2837 5254 ρ.
2871 5227 3174 5254 ρ-..Ι¹..,.,Ι..-
3233 5229 3446 5252 ...1..-..--
3507 5249 3522 5251 _
3576 5236 3586 5245 -

2203 5238 2411 5256 'nhﬂl‘nll
2460 5237 2807 5256 Λοιπθολιιυιηοιι
