4040 5314
216 370 358 432 1225

1683 354 1922 412 GESTA.

3352 358 3490 416 l9‘26

215 485 453 542 ciscendi
490 478 774 540 continere
811 494 919 536 non
971 479 1160 550 possit.
1211 478 1396 534 Placet
1443 491 1573 547 ergo
1625 475 1792 530 fortu-
1829 482 1876 537 Α
1911 475 1978 530 tis
2019 474 2366 546 imperatoria
2409 490 2539 531 cura
2586 485 2906 546 promeruit.
2945 475 3119 547 Ipsius
3147 473 3293 530 velut
3319 478 3483 544 amici

220 587 404 630 natum
440 574 543 629 iter
565 581 908 628 convertere.
952 569 1202 626 Festinus
1247 569 1371 624 inde
1405 583 1536 624 ecce
1562 567 1797 623 Alenco-

218 665 314 719 nio
373 665 732 735 supervenit,
797 662 1023 717 arduam
1079 676 1193 716 rem
1246 675 1424 731 pugna
1485 659 1600 715 fere
1649 657 1796 714 nulla

219 754 461 809 conﬁcit.
493 753 764 825 Oppidum
792 753 937 808 enim
971 761 1193 816 natura,
1220 765 1386 821 opere
1432 760 1594 820 atque
1621 764 1800 804 arma-

219 854 346 900 tura
374 845 799 901 munitissimum
828 845 966 900 adeo
997 852 1253 898 currente
1285 852 1548 913 proventu
1585 841 1638 896 in
1683 839 1800 908 ejus

218 936 440 992 rnanuin
478 939 646 1001 venit,
667 948 725 992 ut
767 937 988 1008 gloriari
1030 937 1113 990 his
1144 936 1323 992 verbis
1359 935 1590 991 liceret:
1649 932 1798 1000 Veni,

217 1029 348 1094 vidi,
373 1029 488 1083 vici.
515 1027 752 1084 Perculit
775 1027 1040 1084 citissime
1063 1025 1151 1082 hic
1182 1042 1366 1081 rumor
1389 1026 1796 1082 Danfrontinos.

217 1117 536 1176 Diﬁidentes
576 1120 760 1190 itaque
799 1119 938 1174 alius
978 1117 1170 1190 clypeo
1213 1133 1273 1174 se
1302 1118 1640 1184 liberandos,
1679 1125 1802 1189 post

218 1213 400 1280 [ngam
432 1211 780 1268 famosissimi
811 1211 1091 1268 bellatoris
1139 1210 1397 1268 Gaufredi
1427 1209 1687 1274 Ilartelli,
1721 1210 1798 1265 si-

218 1302 424 1358 militer
444 1303 717 1358 deditione
740 1317 799 1358 se
826 1302 1064 1357 liberant
1090 1301 1556 1373 properatissima,
1581 1300 1800 1371 quando

217 1408 500 1449 reversum
529 1393 596 1448 ad
626 1393 1045 1466 oppugnandum
1090 1395 1275 1448 vident
1301 1393 1796 1448 Northmannorum

215 1485 537 1557 principem.
565 1487 858 1544 Perhibent
884 1489 1132 1544 homines
1152 1488 1475 1558 antiquioris
1498 1489 1794 1554 memoriae,

218 1585 402 1632 castra
453 1578 568 1633 haec
603 1579 763 1636 ambo
807 1581 1024 1636 comitis
1067 1579 1323 1636 Richardi
1368 1595 1633 1636 concessu
1679 1597 1802 1639 esse

214 1667 462 1735 fundata,
493 1685 657 1726 unum
687 1671 826 1727 intra
859 1673 1112 1738 alterum,
1139 1674 1383 1744 proxime
1413 1674 1550 1728 lines
1589 1671 1794 1731 North-

211 1762 468 1828 manniaz,
491 1770 652 1832 atque
681 1772 789 1819 tam
820 1763 1224 1820 succedentium
1265 1765 1312 1819 ei
1339 1765 1600 1821 comitum
1631 1782 1797 1836 quam

1905 574 1959 621 et
1984 566 2115 622 socii
2144 565 2485 635 prudentiam
2511 565 2561 619 in
2584 564 2974 621 deliberatione
2999 566 3358 621 maximorum
3391 583 3486 622 ne-

1902 657 2173 730 gotiorum
2202 657 2535 720 consulturi,
2569 655 3000 712 benevolentiam
3040 657 3196 712 donis
3225 665 3278 711 ct
3313 657 3482 714 multa

1903 740 2129 804 honoris
2156 747 2399 818 impensa
2423 747 2808 817 comparaturi.
2838 745 3065 802 Nomine
3086 748 3350 818 siquidem
3375 749 3483 805 Ro-

1903 842 2045 898 mani
2063 841 2270 912 imperii
2296 840 2584 907 milesfuil,
2601 856 2660 896 re
2681 841 2847 897 decus
2868 850 2921 896 et
2943 841 3110 912 gloria
3131 857 3338 898 summa
3351 858 3483 900 con-

1901 932 2148 987 siliormn
2172 933 2224 986 in
2245 947 2457 987 sunnna
2481 931 2904 988 necessitudine.
2926 931 3100 1004 fteges
3122 949 3337 1005 quoque
3361 951 3483 989 ma-

1900 1025 2234 1096 gnitudinem
2258 1024 2374 1093 ejus
2388 1035 2443 1080 et
2460 1024 2701 1080 venerati
2723 1036 2849 1080 sunt
2873 1034 2928 1082 et
2946 1025 3126 1081 veriti.
3150 1025 3242 1083 Est
3263 1027 3406 1082 enim
3432 1037 3488 1084 et

1903 1117 2212 1172 nationibus
2235 1117 2419 1186 procul
2441 1117 2661 1173 remotis
2678 1117 3042 1185 notissimum,
3056 1135 3218 1189 quam
3237 1120 3485 1192 frequen-

1903 1205 2062 1269 tibus,
2085 1221 2356 1276 quamque
2381 1207 2636 1278 gravibus
2653 1207 2806 1262 bellis
2827 1207 3210 1278 imperatorum
3234 1209 3488 1265 immani-

1904 1310 2068 1356 tatem
2095 1299 2423 1371 fatigaverit,
2449 1316 2582 1371 pace
2607 1301 2821 1356 demum
2853 1301 2920 1356 ad
2949 1301 3289 1358 conditiones
3314 1302 3484 1374 ipsius

1903 1392 2168 1447 arbitratu
2202 1393 2435 1448 dictatas
2471 1393 2802 1464 composita;
2841 1409 2964 1449 cum
3013 1409 3202 1465 regum
3235 1393 3488 1449 dominos

1905 1493 2066 1540 teme
2092 1485 2329 1555 ipsorum
2359 1485 2613 1541 nonnulla
2645 1496 2802 1557 parte
2846 1485 3191 1542 mnlctaverit
3221 1485 3487 1543 violenter

1901 1585 2140 1632 extorta.
2171 1576 2281 1634 Sua
2325 1593 2554 1649 qumque
2586 1577 2667 1633 vel
2702 1579 3061 1650 inexpugnata
3098 1578 3182 1634 vel
3216 1577 3483 1635 indefessa

1909 1668 2090 1737 potius
2118 1683 2280 1722 manu
2313 1677 2517 1724 tutans.
2567 1668 2876 1724 Monarchia
2909 1679 3030 1741 post
3073 1670 3316 1726 Francia:
3357 1688 3481 1726 cunt

1905 1773 2076 1828 puero
2123 1760 2418 1816 monarcha
2467 1760 2638 1830 ipsius
2663 1760 3095 1818 consiliosissimi
3140 1763 3244 1818 viri
3283 1752 3485 1828 tutelae,

212 1849 388 1919 ipsius
419 1850 587 1921 jussis
614 1854 993 1926 obtemperare
1023 1856 1204 1912 solita.
1241 1856 1428 1914 Victor
1455 1867 1663 1927 postea,
1697 1860 1795 1916 (ιυ-
1830 1845 1874 1906 Β
1902 1849 2208 1916 dictaturae,
2265 1860 2431 1922 atque
2485 1853 2944 1908 administrationi
2999 1855 3185 1910 cessit.
3246 1855 3488 1911 Marchio

214 1956 366 1996 mum
417 1957 686 2011 reversus,
717 1946 948 2017 patriam
981 1959 1233 2005 cunctam
1262 1953 1467 2006 recenti
1501 1953 1699 2008 decore
1737 1970 1803 2010 ac

213 2031 452 2101 tripudio
480 2033 812 2103 illustrabat,
856 2039 1018 2094 simul
1058 2056 1301 2098 amorem
1344 2050 1508 2114 atque
1537 2051 1800 2102 terrorem

211 2123 298 2176 sui
328 2127 544 2182 aurelius
571 2127 624 2181 in
645 2139 871 2185 externa
900 2130 1252 2188 dilfundebat.

285 2214 407 2268 Alia
431 2217 530 2270 sub
564 2226 774 2288 tempus
807 2221 947 2277 idem
975 2223 1267 2278 Annalium
1290 2223 1657 2281 voluminibus
1676 2234 1801 2296 apta

213 2305 384 2374 gessit
436 2307 695 2378 princeps
732 2310 939 2379 isdem,
969 2328 1091 2384 qua:
1118 2314 1278 2369 sicuti
1319 2314 1555 2385 plurima
1583 2318 1799 2373 cmteris

214 2397 553 2464 temporibus
609 2400 680 2455 ab
730 2414 798 2456 eo
845 2413 996 2473 gesta
1043 2406 1534 2472 praetermittimus,
1593 2416 1687 2463 aut
1733 2423 1800 2465 ne

211 2502 376 2555 quem
426 2503 618 2561 gravet
660 2496 936 2565 spatiosus
991 2498 1184 2564 codex,
1233 2506 1323 2552 aut
1361 2499 1489 2569 quia
1537 2515 1649 2556 rem
1691 2517 1799 2558 non

212 2577 510 2635 admodum
553 2583 914 2640 suilicicntcm
948 2586 1204 2656 scriptori
1244 2589 1613 2660 cognovimus.
1652 2588 1799 2646 Prte-

214 2676 365 2722 tcrea
401 2673 721 2740 quantulum
753 2675 804 2730 in
836 2677 1068 2732 dicendo
1111 2676 1382 2732 facultatis
1418 2678 1702 2745 habemus,
1731 2681 1799 2736 ad

210 2759 508 2816 dicendum
547 2768 999 2835 praestantissima
1042 2770 1284 2824 omnimn
1331 2769 1383 2824 id
1432 2784 1795 2828 reservamus.

209 2848 496 2910 Parturire
527 2872 625 2911 suo
671 2868 892 2928 pectore
935 2861 1072 2916 bella
1105 2877 1226 2931 quae
1265 2860 1474 2918 calamo
1511 2860 1800 2920 ederentur

210 2947 396 3014 poetis
435 2949 664 3015 licebat,
697 2961 861 3024 atque
915 2954 1250 3024 ampliﬁcare
1279 2965 1554 3028 utcunque
1585 2959 1798 3029 cognita

216 3053 320 3109 per
372 3057 592 3114 campos
639 3044 1018 3116 ﬁgmentorum
1072 3048 1394 3118 divagando.
1445 3047 1556 3105 Nos
1606 3049 1799 3106 ducem

211 3130 333 3185 sive
384 3147 590 3203 regem,
637 3135 724 3190 cui
777 3152 1053 3207 nunquam
1109 3137 1319 3208 impure
1364 3139 1496 3208 quid
1548 3139 1648 3196 fuit
1683 3142 1800 3212 pul-

210 3220 408 3276 chrum
430 3262 444 3285 ,
481 3239 614 3292 pure
645 3224 1020 3294 laudabimus,
1057 3244 1328 3299 nusquam
1371 3244 1402 3284 a
1454 3233 1698 3289 veritatis
1735 3233 1800 3288 li-
1826 3201 1872 3263 ο

211 3313 346 3367 mite
372 3330 532 3385 passu
567 3333 674 3373 uno
704 3319 1022 3378 delirantes.

283 3407 513 3479 Carpere
564 3419 686 3482 post
742 3413 858 3470 haec
909 3413 1272 3471 Northmanni
1325 3425 1624 3474 summates
1686 3417 1801 3475 fere

208 3501 395 3554 cuncti
461 3501 766 3559 incredibili
823 3521 948 3560 eum
1004 3507 1260 3577 amplecti
1309 3511 1688 3575 veneratione,
1739 3521 1799 3567 ut

207 3591 477 3648 obluctari
508 3594 736 3661 dudum,
775 3596 856 3654 sic
900 3599 1061 3654 modo
1106 3615 1353 3654 serenam
1383 3601 1432 3655 ei
1482 3600 1798 3658 ﬁdelitatem

209 3686 449 3756 quisque
481 3702 634 3743 suam
661 3691 892 3760 probare
922 3692 1180 3756 nitentes,
1215 3694 1350 3748 adeo
1381 3702 1439 3748 ut
1469 3693 1587 3763 ejus
1625 3705 1682 3751 et
1708 3713 1798 3752 so-

209 3774 422 3843 bolem,
444 3794 607 3848 quam
637 3780 750 3837 sola
791 3790 904 3836 tum
932 3797 1031 3854 spe
1061 3781 1347 3850 fovebant,
1387 3785 1664 3840 dominum
1693 3788 1796 3844 sibi

210 3870 474 3924 concordi
514 3881 763 3927 votorum
792 3873 1058 3930 electione
1095 3889 1286 3930 creare
1314 3884 1608 3932 certarent.
1641 3879 1794 3946 Quod

212 3956 332 4026 ipse
355 3959 633 4026 universa,
674 3977 795 4032 qua:
830 3977 960 4034 erga
1002 3976 1065 4018 se
1104 3964 1242 4019 vela
1281 3979 1341 4020 se
1379 3963 1612 4023 ﬁdeliter
1653 3977 1794 4035 acta,

210 4046 406 4102 humili
439 4052 725 4120 prudentia
770 4054 983 4110 muneri
1018 4055 1199 4110 divino
1227 4065 1286 4110 ut
1322 4059 1618 4128 reputanda
1649 4059 1800 4117 fuere

212 4143 514 4209 reputavit,
553 4141 856 4212 juventutis
887 4146 940 4201 in
967 4146 1266 4216 primordio
1298 4151 1794 4207 moderatissimum

211 4231 390 4285 virum
414 4248 600 4304 agens.
614 4234 865 4292 Consiliis
883 4237 1065 4307 itaque
1089 4237 1156 4292 de
1171 4239 1518 4294 matrimonio
1534 4240 1799 4311 discepta-

212 4332 326 4388 tur,
375 4333 434 4378 nt
474 4325 652 4382 solent
697 4326 750 4381 in
798 4327 1072 4384 diversum
1102 4329 1333 4385 suadere
1364 4328 1578 4400 ingenia
1619 4331 1801 4400 dispa-

211 4417 356 4471 rium
399 4427 564 4488 atque
609 4421 916 4486 sementim,
960 4421 1263 4490 praesertim
1290 4435 1412 4476 cum
1441 4422 1495 4474 in
1527 4421 1796 4492 frequenti

1901 1941 1990 1996 hic
2027 1940 2269 1998 fascibus
2297 1958 2362 1998 ac
2404 1943 2577 2000 titulis
2608 1944 2766 2016 longe
2795 1945 3026 2015 amplior
3048 1960 3212 2016 quam
3249 1947 3484 2001 strictim

1901 2031 1974 2085 sit
2013 2032 2358 2103 explicabile,
2401 2043 2588 2088 natam
2628 2051 2782 2090 suam
2835 2036 2992 2092 nobis
3049 2037 3484 2108 acceptissimam

1901 2121 2175 2178 dominam
2212 2125 2264 2178 in
2301 2124 2532 2180 Pontivo
2570 2125 2686 2196 ipse
2727 2127 3102 2196 praesentavit,
3145 2130 3353 2184 soceris
3389 2144 3486 2200 ge-

1903 2228 2144 2284 neroque
2168 2214 2328 2285 digne
2359 2215 2670 2271 adductam.
2703 2215 3015 2272 Enutrierat
3039 2227 3218 2273 autem
3247 2224 3487 2289 prudens

1901 2316 1955 2360 et
2008 2316 2196 2362 sancta
2250 2317 2427 2364 mater
2472 2308 2526 2363 in
2577 2308 2684 2364 ﬁlia
2713 2311 2856 2380 quod
2889 2312 3206 2368 muneribus
3241 2315 3485 2384 paternis

1903 2399 2168 2470 tnultuplo
2215 2401 2680 2471 praeponderaret.
2727 2402 3029 2472 llcquirens
3069 2421 3241 2474 genus
3289 2417 3490 2462 mater-

1903 2509 2053 2557 num,
2083 2493 2279 2549 matris
2323 2505 2533 2565 patrem
2560 2495 2700 2550 sciat
2730 2510 2911 2566 regem
2945 2495 3133 2551 Galliae
3163 2495 3487 2564 Iiobertum,

1903 2585 1992 2654 qni
2035 2585 2178 2640 ﬁlius
2213 2593 2267 2640 et
2319 2601 2487 2657 nepos
2537 2601 2725 2656 regum
2776 2588 3063 2658 progenuit
3107 2603 3284 2659 reges,
3335 2588 3490 2658 cujus

1901 2676 2334 2732 laudabilitatem
2370 2677 2423 2732 in
2453 2676 2716 2748 religione
2744 2678 2928 2734 divina
2957 2689 3011 2734 ct
3042 2684 3195 2752 regni
3224 2687 3491 2753 guberna—

1906 2767 2053 2822 tione
2082 2767 2268 2822 mundi
2300 2767 2480 2839 lingua
2512 2784 2618 2824 non
2650 2768 2869 2824 tacebit.
2900 2769 3295 2828 lntroductioni
3330 2774 3489 2843 hujus

1903 2873 2118 2930 sponsae
2166 2859 2362 2914 civitas
2394 2857 2850 2931 Ilothomagensis
2893 2861 3124 2917 vacabat
3155 2861 3484 2932 jucundans.

1973 2950 2374 3022 Compellamur
2418 2952 2542 3008 istic
2585 2967 2682 3008 ore
2723 2957 2958 3023 quodam
2989 2957 3122 3027 gesti
3164 2959 3488 3030 pervulgati,

1906 3055 2006 3095 nec
2040 3042 2340 3096 Arcenscm
2367 3043 2624 3098 comitem
2656 3043 2991 3100 Willelmum
3038 3052 3382 3120 properantis
3420 3053 3489 3108 ad

1904 3130 2099 3186 altiora
2151 3131 2276 3204 styli
2320 3131 2601 3187 celeritate
2639 3135 2918 3202 prmterire
2965 3145 3020 3190 ct
3053 3137 3227 3206 ipsum
3267 3141 3488 3209 quidem

1903 3223 2094 3294 patriae
2123 3221 2382 3294 lacrymis
2411 3221 2562 3277 ultra
2583 3223 2877 3279 terminum
2905 3227 3045 3296 :equi
3074 3237 3130 3282 et
3160 3230 3284 3284 boni
3307 3246 3486 3301 quan-

1903 3327 2017 3372 tum
2068 3318 2121 3374 in
2174 3319 2344 3388 ipsius
2391 3319 2678 3375 conatibus
2733 3319 2836 3376 fuit
2881 3331 3180 3391 potentem.
3230 3326 3484 3396 lgnavam

1901 3410 2253 3481 propaginem
2286 3419 2452 3480 atque
2477 3410 2738 3483 perfidam
2766 3413 3044 3483 pra'clarze
3067 3417 3255 3485 stirpis
3283 3417 3486 3473 Gnido-

1901 3517 2024 3556 nem
2076 3501 2458 3573 (Willelmnm)
2506 3518 2605 3559 nec
2662 3503 2915 3561 humanae
2965 3521 3067 3563 nec
3116 3511 3311 3564 divinae
3352 3511 3486 3582 legis

1901 3590 2056 3646 frena
2091 3591 2382 3647 retinuere.
2422 3592 2578 3648 Hunic
2609 3609 2786 3664 neque
2829 3595 2969 3661 haec,
2997 3612 3174 3668 neque
3218 3599 3484 3658 Guidonis

1903 3684 2078 3746 ruina,
2115 3693 2380 3754 praeterea
2410 3699 2588 3755 neque
2626 3686 2811 3756 magni
2857 3689 3083 3745 victoris
3115 3705 3145 3744 a
3177 3675 3324 3746 nullo
3355 3693 3484 3749 victi

1901 3772 2219 3827 admiranda
2248 3783 2304 3828 et
2329 3774 2504 3830 virtus
2541 3783 2597 3830 et
2631 3775 2895 3844 felicitas,
2927 3789 3257 3852 partumque
3303 3783 3370 3838 iis
3401 3784 3484 3839 in-

1899 3863 2100 3935 clytum
2128 3880 2346 3919 nomen.
2379 3865 2532 3934 Quod
2563 3867 2616 3922 in
2661 3878 2982 3939 prsestautes
3020 3872 3235 3928 animos
3262 3876 3330 3929 ‘ct
3362 3876 3482 3932 lau-

1899 3957 2073 4010 danda
2106 3973 2336 4029 quaeque
2379 3959 2617 4016 facinora
2653 3961 2866 4032 erigere
2912 3963 3130 4030 debuit,
3177 3966 3227 4019 id
3276 3967 3329 4022 in
3381 3969 3483 4023 im-

1902 4049 2235 4103 moderatam
2266 4050 2651 4106 confidentiam
2686 4066 2750 4107 ac
2793 4053 2955 4107 nimis
2980 4053 3144 4109 altam
3175 4057 3484 4112 extollendo

1899 4141 2260 4210 praecipitavit
2305 4152 2620 4214 utrumque,
2676 4155 2830 4200 ortus
2887 4147 3140 4202 videlicet
3186 4150 3268 4204 sui
3313 4153 3478 4206 nimia

1900 4231 2113 4286 notitia.
2143 4233 2317 4286 Ambo
2344 4233 2488 4286 enim
2513 4233 2733 4288 sinistre
2755 4245 3022 4290 noverunt
3053 4237 3106 4292 in
3139 4241 3396 4309 progenie
3420 4258 3481 4296 se

1898 4325 2201 4395 computari
2232 4324 2429 4380 ducum
2471 4324 2901 4382 Northmannim.
2935 4327 3252 4400 Burgundio
3291 4346 3350 4386 se
3381 4348 3477 4388 ne-

1897 4425 2078 4487 potem
2094 4416 2485 4472 Richardorum
2507 4432 2538 4472 e
2563 4417 2668 4473 ﬁlia
2692 4421 2951 4476 secundi:
2977 4422 3234 4480 Arcensis
3257 4424 3478 4480 fratrem

211 4510 365 4564 curia
411 4511 717 4580 ponderosa
758 4513 825 4567 de
867 4527 924 4566 re
968 4513 1331 4568 consultatur.
1364 4513 1539 4585 Reges
1576 4517 1641 4570 de
1677 4515 1796 4570 lon-
1830 4525 1961 4613 Dse
1985 4511 2150 4576 tertii,
2181 4511 2400 4566 secmnli
2449 4511 2644 4578 ﬁlium,
2693 4514 2853 4583 primi
2909 4525 3180 4586 nepotem.
3209 4519 3256 4574 ls
3277 4520 3346 4574 ab
3396 4520 3482 4573 in-

211 4600 422 4671 ginquo
455 4617 584 4658 suas
612 4603 772 4658 unice
801 4604 999 4660 charas
1030 4603 1168 4659 ﬁlias
1199 4605 1322 4660 huic
1370 4607 1566 4660 marito
1603 4607 1795 4662 volun-

212 4692 350 4747 tarie
381 4692 656 4760 locarent,
695 4709 758 4749 ac
787 4693 976 4751 amnes
1011 4696 1213 4751 habere
1241 4711 1378 4767 quos
1425 4696 1667 4754 conﬁnes
1703 4715 1798 4767 po-

216 4780 493 4837 tissimum
524 4783 748 4853 placuit,
793 4784 975 4842 multa:
1019 4787 1248 4843 rationis
1288 4788 1553 4860 gravitate
1587 4789 1637 4842 id
1667 4804 1796 4860 per-

209 4875 497 4929 suadente.

282 4964 518 5036 Vigehat
554 4978 618 5019 eo
669 4974 912 5038 tempore
961 4969 1297 5026 Teutonibus
1352 4968 1683 5026 collimitans
1731 4987 1798 5031 ac

201 5054 478 5120 Francis,
526 5057 885 5128 eminensque
950 5060 1190 5129 potentia
1247 5061 1554 5131 praecipuus
1601 5073 1796 5122 eorum

197 5148 570 5206 Flandrensis
631 5150 877 5205 marchio
935 5151 1270 5221 Balduinus,
1328 5151 1604 5209 nobilitate
1659 5154 1796 5221 item

1442 5256 1466 5268 η
1536 5239 1660 5268 Νη...
1709 5257 1794 5268 ---ο

195 5239 385 5268 ιικῖιπιιη
432 5252 498 5268 ιι.
549 5239 790 5268 nnnn-:nn
836 5239 1032 5268 .Dﬂl.:'n
1071 5241 1433 5268 ηι..,.ι..ε,...ε.....

1904 4615 2068 4663 eunte
2099 4605 2252 4677 pueri
2284 4606 2594 4678 principatu
2620 4607 2820 4665 inﬁdus
2840 4611 2890 4665 ei
2921 4620 2975 4667 et
3000 4613 3282 4680 adversus,
3313 4630 3484 4686 quan-

1903 4715 2064 4770 quam
2117 4699 2430 4755 ﬁdelitatem
2481 4699 2702 4770 juratus
2759 4712 2814 4758 ct
2864 4706 3216 4776 obsequium,
3264 4710 3487 4766 hostilia

1904 4789 2166 4859 agitabat,
2222 4790 2382 4846 modo
2433 4791 2744 4848 temeritate.
2794 4807 2901 4849 non
2953 4795 3157 4855 latente
3205 4801 3487 4867 resistens,

1905 4880 2258 4937 clandestinis
2295 4882 2564 4936 interdum
2602 4882 2760 4939 dolis.
2793 4884 3039 4956 improba
3073 4891 3294 4962 quidem
3322 4891 3492 4948 animi

1905 4972 2070 5028 elatio
2109 4972 2362 5028 facillime
2392 4972 2672 5026 hominem
2719 4974 2771 5028 in
2816 4991 2904 5033 res
2952 4978 3185 5049 injustas
3233 4981 3490 5040 detrudit.

1904 5061 2082 5118 Motus
2127 5061 2529 5120 dissensionum
2570 5059 2919 5135 aliorumque
2969 5074 3223 5139 superius
3252 5086 3497 5128 comme-

1905 5153 2209 5212 moratione
2236 5156 2513 5224 aliquanta
2559 5149 2893 5224 digestorum
2942 5159 3233 5232 malorum,
3267 5160 3500 5217 nonnul-

2834 5262 2882 5268 Α-
2945 5250 3002 5268 -.ι
