4040 5314
542 289 678 370 1227

1641 287 1976 344 Wll.LEL\fl
2009 284 2535 354 CONQUESTORIS

3676 274 3800 332 ιω

535 413 734 455 arcere
780 418 1153 474 saepenumero
1196 405 1454 459 surrexit.
1503 402 1783 458 Postremo
1831 403 1883 456 in
1935 415 2127 471 supra-
2157 406 2200 462 Α
2231 409 2290 455 ut
2318 401 2596 457 seditionis
2623 402 2918 474 principem
2951 402 3005 457 in
3035 399 3258 472 przeallo
3305 407 3486 454 monte
3515 413 3644 452 cum
3696 396 3799 454 acie

517 489 674 550 "dicti
714 494 995 550 Daufronti
1041 496 1441 566 oppugnatione
1492 496 1645 566 quasi
1675 493 1967 548 desertoris
2019 489 2130 544 fur-

518 584 660 639 ttivo
703 599 855 640 more
901 586 1172 649 discessit,
1229 599 1568 655 nequaquam
1618 583 1784 654 petita
1827 583 2124 637 missione:

527 674 786 729 satellitii
833 674 1096 741 debitum,
1135 674 1288 743 cujus
1332 686 1492 730 antea
1511 675 1727 729 nomine
1775 673 2128 728 liostilitatem

560 773 825 834 Itcunqne
853 765 1090 828 velabat,
1117 765 1229 837 jam
1261 779 1422 820 omne
1457 768 1789 819 detrectans.
1809 762 1901 818 'Ob
1938 762 2050 816 haec
2076 769 2130 816 et

555 857 650 915 )lia
688 866 764 912 tot
797 854 914 926 ejus
967 866 1022 912 et
1072 866 1221 912 tanta
1269 873 1424 922 ausa,
1452 858 1588 920 dux,
1626 855 1702 910 uti
1764 869 1850 910 res
1899 854 2126 919 monuit,

546 949 849 1019 suspiciens
891 949 1048 1020 plura
1097 959 1151 1005 et
1199 948 1403 1018 majora
1451 963 1734 1014 ausurum,
1770 945 2117 1017 receptaculi,

515 1054 646 1110 'quo
692 1039 986 1110 plurimum
1016 1034 1342 1108 conﬁdebat,
1375 1041 1570 1096 editius
1602 1041 1998 1094 ﬁrmamentum
2040 1054 2130 1094 oc-

519 1126 775 1202 “culpavit,
807 1131 1110 1188 custodiam
1151 1133 1471 1198 immittens,
1501 1133 1552 1186 in
1581 1131 1727 1186 nullo
1768 1130 2004 1202 amplius
2041 1139 2126 1185 ta-

538 1239 662 1279 men
704 1222 796 1293 jus
839 1217 957 1296 ejus
1004 1222 1352 1280 imminuens.
1391 1224 1596 1296 Nempe
1647 1240 1742 1279 eas
1788 1218 2025 1278 latebras
2074 1218 2125 1278 id

540 1316 938 1372 munimentum
989 1315 1133 1372 initae
1179 1316 1433 1372 elationis
1471 1326 1634 1386 atque
1679 1316 1963 1371 dementia:
2012 1315 2126 1385 ipse

535 1407 745 1479 primus
774 1408 1042 1477 fundavit,
1080 1417 1134 1465 et
1177 1425 1338 1480 quam
1365 1408 1744 1480 operosissime
1774 1409 2040 1463 exstruxit
2071 1407 2123 1463 in

535 1500 746 1570 praealti
792 1502 998 1558 montis
1019 1501 1284 1558 Arearum
1317 1501 1620 1557 cacumine.
1655 1501 1920 1556 Caeterum
1951 1499 2121 1555 male-

537 1592 630 1648 ﬁdi
664 1594 917 1650 custodes
951 1611 1057 1650 non
1090 1593 1259 1648 multo
1287 1603 1408 1664 post
1447 1593 1610 1648 castri
1637 1585 1957 1664 potestatem
1988 1606 2122 1646 con-

540 1684 702 1741 ditori
751 1687 1002 1751 reddunt,
1041 1702 1325 1741 munerum
1373 1685 1763 1757 pollicitatione
1810 1694 1864 1740 et
1909 1685 2118 1755 impen-

2234 492 2523 547 multarum
2581 492 2850 564 legionum
2907 493 3222 564 prospexit,
3279 491 3462 546 enisus
3520 486 3576 543 in
3638 488 3796 542 arduo

2233 597 2456 641 cunctos
2495 587 2636 641 intra
2676 587 3028 642 munitionem
3078 595 3226 656 terga
3265 586 3394 639 dare
3440 581 3802 652 impigerrime

2232 676 2509 746 compulit.
2555 672 2634 732 Ac
2684 677 2738 731 ni
2790 676 3127 732 obstitissent
3152 674 3313 729 citius
3339 674 3605 728 obserata:
3635 668 3800 734 fores,

2232 767 2542 830 insecutus,
2573 767 2648 821 uti
2697 766 2911 821 animus
2947 767 3119 820 iratus
3175 764 3442 832 fortisque
3473 761 3632 825 tulit,
3674 758 3806 813 male

2229 859 2499 913 ominatos
2530 874 2595 913 ex
2631 875 2822 930 tnagna
2851 868 3003 929 parte
3033 856 3494 912 obtruncavisset.

2301 947 2434 1004 Rem
2468 965 2594 1005 vere
2619 959 2826 1022 gestam
2857 958 2911 1004 et
2933 949 3059 1019 quid
3085 963 3254 1019 prope
3294 956 3508 1017 gestum
3536 952 3657 999 erat
3703 955 3807 997 meo

2230 1055 2526 1104 moramus,
2561 1041 2652 1094 sed
2687 1055 2807 1109 qua:
2833 1040 3125 1108 posteritas
3155 1036 3368 1092 difficile
3414 1035 3485 1091 sit
3510 1033 3802 1090 creditura.

2231 1133 2361 1187 Dein
2385 1131 2545 1201 potiri
2572 1131 2758 1186 volens
2775 1131 3091 1196 munitione,
3111 1128 3264 1198 jussu
3285 1141 3511 1198 propere
3529 1133 3807 1180 contracto

2232 1222 2473 1278 exercitu
2519 1221 2885 1278 circumsedit.
2939 1219 3064 1273 Fuit
3105 1217 3507 1279 difﬁcillimum,
3560 1229 3702 1286 quos
3744 1229 3804 1267 ea

2227 1321 2419 1368 natura
2469 1311 2570 1367 loci
2621 1310 2855 1366 maxime
2919 1307 3234 1366 defensabat
3278 1321 3612 1378 expugnare.
3671 1303 3809 1359 Sane

2229 1419 2381 1459 more
2429 1417 2528 1458 suo
2577 1400 2667 1456 illo
2713 1400 2920 1471 Optimo
2968 1415 3081 1456 rem
3109 1408 3304 1469 optans
3354 1398 3559 1466 absque
3609 1409 3803 1450 cruore

2225 1493 2528 1549 confectum
2578 1492 2681 1557 iri,
2735 1490 2988 1547 efferatos
3040 1499 3095 1545 et
3141 1498 3488 1545 contumaces
3514 1487 3676 1542 obice
3723 1499 3808 1539 ca-

2225 1585 2362 1641 stelli
2398 1586 2463 1639 ad
2488 1585 2684 1639 montis
2705 1584 2894 1654 pedem
2918 1583 3179 1640 exstructi
3207 1581 3420 1643 clausit,
3447 1577 3807 1650 praesidioque

2223 1678 2494 1748 imposito,
2537 1678 2658 1733 aliis
2713 1688 2897 1749 postea
2963 1680 3192 1749 negotiis
3253 1676 3613 1732 invitantibus
3696 1674 3807 1744 ipse

537 1775 653 1831 sius
704 1776 1026 1833 imminente
1078 1776 1229 1831 varia
1284 1775 1667 1831 sollicitatione
1723 1774 1934 1847 fatigati
1991 1775 2120 1830 sub-
2153 1778 2196 1838 Β
2225 1769 2472 1834 recessit,
2505 1779 2564 1822 ut
2593 1769 2719 1823 dum
2743 1770 2887 1824 ferro
2921 1778 3190 1840 parceret,
3221 1769 3364 1823 fame
3393 1769 3664 1821 vinceret.

536 1867 776 1938 actique.

568 1952 573 1957 ’
608 1955 778 2011 Solito
809 1972 934 2012 mox
960 1955 1201 2013 acriores
1223 1956 1594 2012 intromissum
1622 1956 1776 2012 furiae
1800 1955 2120 2022 incendunt,

525 2041 798 2101 ultionem
838 2061 1054 2117 quoque
1092 2047 1174 2102 sui
1234 2048 1380 2102 velut
1432 2061 1528 2117 per
1585 2047 1815 2117 injurias
1869 2045 2121 2101 diminuti

524 2146 875 2191 exacturum.
910 2135 1096 2192 Oritur
1151 2145 1262 2191 toto
1313 2138 1519 2192 ambitu
1573 2137 1696 2209 pagi
1747 2136 1910 2192 vicini
1955 2137 2120 2191 multa

528 2229 777 2285 miseria.
819 2228 1125 2293 Tumultus,
1167 2229 1385 2300 praedae,
1420 2229 1623 2299 rapina)
1659 2229 1910 2294 saeviunt,
1954 2230 2122 2283 vasti-

528 2330 702 2377 tatem
733 2321 1025 2378 minantes.
1051 2322 1258 2388 Armis,
1287 2322 1441 2390 viris,
1470 2330 1773 2376 commeatu
1804 2329 1860 2377 et
1897 2321 2120 2392 quibus-

532 2428 746 2484 eunque
779 2413 872 2468 tali
905 2413 1119 2485 negotio
1148 2413 1358 2468 idoneis
1388 2421 1626 2468 castrum
1651 2421 1965 2477 exornatur,
2003 2427 2122 2466 tnu-

532 2505 772 2559 nimenta
799 2504 949 2576 prius
977 2503 1132 2558 ﬁrma
1159 2502 1398 2558 ﬁrmiora
1429 2503 1581 2558 ﬁunt.
1604 2502 1730 2557 Paci
1755 2511 1808 2556 et
1829 2503 1940 2558 otio
1967 2502 2119 2556 locus

531 2593 712 2650 nullus
761 2593 1108 2664 relinquitur.
1141 2593 1382 2664 Denique
1422 2593 1717 2648 szcvissima
1754 2591 1976 2647 rebellio
2033 2591 2116 2644 in-

531 2687 782 2740 struitur.
837 2685 968 2752 Qure
1013 2693 1302 2757 postquam
1351 2684 1475 2738 duci
1519 2691 1794 2754 comperta
1825 2692 1948 2737 sunt
1978 2683 2114 2738 Wil-

534 2776 713 2840 lelmo,
746 2791 776 2832 e
805 2776 1162 2832 Constantino
1190 2790 1354 2846 pago,
1388 2775 1475 2829 ubi
1515 2775 1804 2830 certiorem
1867 2774 2112 2828 nuntium

533 2868 764 2938 accepit,
799 2883 860 2922 ea
893 2867 1221 2938 properabat
1267 2865 1571 2932 celeritate,
1603 2873 1660 2920 ut
1689 2866 1810 2935 equi
1843 2865 2110 2920 comitan-

534 2959 696 3024 tium,
727 2967 928 3029 praeter
960 2971 1075 3018 sex,
1107 2970 1321 3031 omnes
1345 2955 1658 3024 priusquam
1690 2963 2012 3024 perventum
2045 2953 2115 3007 sit

530 3045 1050 3102 A'rcaslassitudine
1095 3043 1412 3100 defecerint.
1464 3043 1598 3098 Nam
1658 3043 2002 3098 festinantem
2055 3052 2114 3098 ut

2298 1858 2478 1913 Monet
2517 1861 2766 1930 equidem
2803 1861 2961 1931 digna
2989 1861 3124 1915 ratio
3156 1870 3211 1916 et
3241 1860 3344 1915 hoc
3374 1859 3657 1914 memoriae
3687 1871 3808 1928 pro-

2222 1949 2350 2004 dere
2376 1966 2536 2019 quam
2567 1952 2653 2020 pia
2679 1953 3014 2007 continentia
3042 1953 3243 2008 cuidem
3277 1965 3492 2020 semper
3517 1950 3796 2012 vitaverit,

2229 2041 2333 2095 nisi
2368 2041 2557 2096 bellica
2595 2041 2646 2095 vi
2675 2052 2770 2097 aut
2801 2043 2904 2097 alia
2935 2044 3087 2114 gravi
3118 2043 3519 2098 necessitudine
3553 2049 3804 2112 urgente.

2224 2131 2456 2196 Exsilio,
2505 2147 2762 2198 carcere,
2817 2133 2943 2189 item
2990 2133 3094 2189 alia
3140 2133 3618 2188 animadversione
3682 2149 3804 2203 qua}

2223 2225 2386 2279 vitam
2429 2240 2532 2279 non
2583 2225 2870 2293 adimeret,
2906 2227 3094 2282 ulcisci
3137 2227 3403 2290 malebat,
3443 2243 3604 2297 quos,
3651 2228 3806 2296 juxta

2222 2315 2385 2370 ritum
2417 2316 2532 2370 sive
2559 2316 2737 2386 legum
2769 2317 3038 2383 instituta,
3081 2319 3262 2373 caeteri
3297 2319 3572 2388 principes
3627 2320 3807 2387 gladio

2223 2409 2511 2462 absumunt
2564 2408 2686 2463 belli
2721 2419 2943 2480 captos,
2982 2409 3056 2464 .‘cl
3104 2411 3246 2464 domi
3274 2411 3563 2465 criminum
3596 2413 3808 2482 capita-

2220 2497 2346 2551 lium
2401 2497 2761 2555 manifestos:
2815 2501 3108 2556 salubriter
3147 2517 3382 2571 pensans
3432 2503 3524 2572 qui
3588 2503 3807 2558 Arbiter

2219 2606 2380 2660 quam
2418 2592 2728 2647 tremendus
2769 2601 3000 2648 terrena:
3053 2594 3334 2664 potestatis
3387 2604 3510 2649 acta
3572 2595 3806 2665 desuper

2220 2682 2550 2750 prospiciat,
2620 2683 2914 2738 moderata:
2955 2684 3257 2740 clementia:
3311 2694 3372 2738 ut
3427 2685 3806 2740 immoderata:

2221 2771 2469 2837 saevitite,
2521 2773 2778 2844 omnique
2817 2775 3138 2831 meritorum
3168 2776 3418 2848 qualitati
3451 2791 3552 2830 sua
3601 2777 3803 2849 cuique

2217 2863 2538 2919 decernens.

2285 2955 2524 3010 Audiens
2554 2971 2683 3012 vero
2734 2973 2828 3013 rex
2878 2957 3146 3015 Henricus
3191 2959 3457 3016 inclusum
3493 2975 3621 3016 esse
3652 2961 3806 3032 cujus

2215 3047 2449 3102 vesania:
2477 3046 2658 3103 fautor
2682 3059 2801 3102 erat
2831 3058 2994 3119 atque
3023 3050 3315 3114 consultor,
3344 3051 3614 3105 auxilium
3660 3052 3807 3108 ferre

530 3138 827 3194 contrairet
862 3136 1074 3207 injuri-.e
1120 3151 1232 3192 suae
1270 3134 1504 3205 amplius
1532 3135 1900 3190 incitaverunt
1925 3133 2108 3190 audita
2140 3132 2183 3194 C
2215 3140 2458 3207 festinat,
2490 3157 2706 3197 manum
2728 3144 3001 3200 adducens
3015 3153 3348 3200 armatorum
3375 3159 3479 3199 non
3505 3145 3806 3210 modicam,

506 3228 669 3284 winala
701 3229 995 3299 provincia:
1020 3243 1150 3284 suae.
1182 3227 1545 3284 Ecclesiarum
1573 3228 1745 3293 bona,
1778 3227 2111 3298 aggrestium

524 3321 766 3389 labores,
784 3321 1178 3392 negotiatorum
1201 3319 1377 3389 lucra,
1410 3320 1643 3374 militum
1655 3321 1891 3389 prazdam
1915 3319 2114 3390 injuste

527 3411 648 3467 fieri
701 3413 935 3469 dolebat.
969 3412 1278 3469 Miserando
1309 3413 1525 3482 planctu
1558 3411 1795 3468 imbellis
1822 3413 1990 3483 vulgi,
2018 3413 2110 3482 qui

528 3503 733 3560 multus
790 3513 1037 3574 tempore
1089 3505 1215 3561 belli
1277 3515 1372 3560 aut
1421 3504 1744 3560 seditionum
1781 3504 1913 3559 oriri
1953 3504 2111 3572 solet,

529 3597 786 3651 advocari
823 3611 884 3652 se
915 3582 1210 3668 cogitabat.
1269 3595 1560 3660 Caeterum,
1617 3600 1670 3650 in
1724 3596 1919 3652 itinere
1970 3597 2111 3652 baud

529 3688 720 3758 procul
749 3688 817 3742 ab
852 3690 970 3759 ipso
1017 3697 1201 3744 castro
1246 3689 1435 3744 obvius
1482 3689 1672 3743 habuit
1702 3689 1964 3759 quosdam
2001 3705 2113 3744 sua:

528 3777 741 3832 militiae
775 3778 1075 3848 principes,
1107 3778 1242 3833 ﬁdos
1276 3788 1640 3848 acceptosque
1669 3779 1791 3832 sibi.
1822 3777 1885 3832 Hi
1921 3795 2114 3848 repen-

531 3867 651 3921 tino
674 3882 893 3922 rumore
914 3867 967 3921 in
996 3867 1130 3921 urbe
1147 3867 1485 3937 Rothomago
1508 3885 1627 3938 qum
1653 3885 1836 3924 comes
1858 3871 2113 3927 Arcensis

531 3957 1088 4029 agitabataudierant,
1105 3967 1299 4014 etcum
1313 3959 1581 4028 equitibus
1604 3960 1863 4015 trecentis
1883 3971 2112 4031 quanto-

530 4052 650 4108 cius
675 4051 845 4107 Arcas
873 4061 1236 4118 accesserant,
1265 4052 1310 4108 si
1341 4053 1808 4108 convectationem
1848 4052 2108 4110 frumenti

530 4151 588 4198 et
616 4142 847 4197 aliarum
881 4156 1062 4197 rerum
1093 4151 1283 4198 contra
1311 4141 1646 4199 obsidionem
1678 4145 2107 4201 necessariarum

529 4233 822 4304 prohibere
851 4232 1115 4288 valerent.
1148 4231 1349 4288 Verum
1381 4233 1472 4288 ubi
1502 4244 1879 4305 cognoverunt
1933 4237 2108 4291 niaxi-

530 4343 649 4382 mas
676 4325 859 4397 cepias
890 4325 1122 4380 militum
1161 4325 1291 4381 inibi
1339 4336 1697 4398 congregatas
1744 4341 1888 4394 esse,
1951 4328 2110 4382 simul

529 4419 656 4491 quia
695 4420 1045 4485 metuebant,
1096 4419 1242 4488 ipsos
1294 4419 1458 4474 etiam
1514 4421 1603 4490 qui
1637 4435 1820 4476 secum
1849 4431 2110 4476 venerant

2214 3233 2282 3288 ad
2312 3235 2413 3288 hoc
2457 3234 2654 3304 quibus
2703 3233 2944 3306 indigent
2973 3235 3184 3290 obsessi
3217 3235 3520 3306 complura.
3563 3235 3811 3289 Adducti

2215 3325 2268 3380 in
2299 3341 2448 3396 spem
2471 3327 2801 3381 memorandi
2832 3325 3088 3382 facinoris
3110 3327 3328 3397 quidam
3357 3342 3422 3381 ex
3449 3343 3517 3382 eo
3545 3343 3807 3391 numero,

2213 3415 2305 3484 qui
2331 3416 2383 3470 in
2405 3417 2660 3486 praesidio
2689 3417 2842 3473 ducis
2869 3418 3040 3474 relicti
3081 3419 3414 3482 custodiunt,
3455 3417 3809 3474 Francorum

2213 3507 2619 3562 adventantium
2693 3508 2886 3564 itinera
2952 3509 3228 3580 explorata
3277 3509 3539 3564 insidunt.
3575 3510 3649 3564 Et
3678 3525 3809 3565 ecce

2215 3611 2498 3654 numerosa
2542 3612 2671 3668 pars
2717 3598 2892 3654 minus
2919 3599 3068 3654 cauti
3107 3599 3476 3669 excipiuntur.
3521 3599 3810 3669 lngelran-

2214 3707 2318 3746 nus
2350 3691 2562 3745 Pontivi
2595 3706 2802 3758 comes,
2833 3692 3116 3748 nobilitate
3143 3702 3301 3746 notus
3333 3707 3398 3747 ac
3446 3691 3806 3761 fortitudine,

2213 3791 2268 3837 et
2297 3798 2419 3838 cum
2450 3798 2514 3836 eo
2540 3783 2886 3854 quamplures
2933 3783 3032 3837 viri
3066 3783 3326 3838 nominati
3379 3782 3802 3838 interimuntur.

2214 3873 2368 3944 llugo
2393 3874 2751 3944 Bardulplius,
2787 3874 2902 3944 ipse
2935 3875 3063 3928 item
3111 3875 3197 3928 vir
3245 3889 3492 3944 magnus,
3553 3877 3804 3944 capitur.

2213 3964 2543 4020 Perveniens
2587 3973 2766 4020 tamen
2803 3979 2910 4034 quo
2938 3965 3016 4020 ire
3050 3965 3358 4020 intenderat
3387 3980 3507 4032 rex,
3567 3981 3806 4020 exacer—

2217 4053 2516 4108 batissimis
2549 4053 2746 4109 animis
2775 4069 2985 4108 summa
3029 4054 3082 4108 vi
3126 4054 3433 4124 praesidium
3482 4054 3804 4118 attentavit,

2213 4144 2544 4200 Willelmum
2577 4145 2644 4200 ab
2669 4147 2928 4201 aerumnis
2956 4145 3032 4200 uti
3083 4146 3338 4216 eriperet,
3369 4146 3582 4214 pariter
3608 4148 3806 4203 decre-

2213 4245 2455 4291 menlum
2503 4236 2588 4290 sui
2637 4244 2875 4308 stragem
2923 4252 3142 4292 suorum
3195 4235 3517 4291 vindicaret.
3566 4236 3678 4291 Sed
3712 4237 3806 4290 ubi

2212 4325 2488 4396 negotium
2564 4325 2779 4382 difficile
2833 4327 3217 4382 animadvertit
3271 4327 3495 4396 (quippe
3547 4327 3808 4381 inimicos

2215 4418 2448 4488 impetus
2513 4416 2670 4472 facile
2743 4417 3112 4473 toleraverunt
3184 4418 3386 4472 castelli
3454 4418 3807 4472 munimenta

531 4519 861 4566 transituros
891 4511 1008 4566 fore
1036 4512 1103 4565 ad
1132 4512 1444 4566 societatem
1504 4511 1781 4578 Willelmi,
1834 4524 1960 4569 ante
2011 4532 2102 4586 po-
2134 4501 2184 4559 Ῐ)
2210 4519 2262 4563 et
2299 4509 2528 4563 militum
2571 4509 2745 4563 Virtus
2779 4523 2933 4578 aeque
2971 4508 3196 4574 valida).
3231 4523 3297 4562 ne
3327 4515 3561 4562 crucnla
3611 4519 3808 4562 ῐῐιοτιε

524 4601 665 4655 steri
701 4601 806 4656 diei
836 4609 1014 4655 ortum
1070 4601 1181 4670 (sic
1234 4600 1313 4654 eis
1349 4601 1644 4654 amicorum
1676 4602 1858 4672 opinio
1896 4613 2109 4658 secreto

526 4691 894 4762 praedixerat)
953 4691 1110 4756 diffisi
1162 4708 1325 4763 quam
1373 4693 1627 4748 ocissime
1667 4695 1934 4749 redibant.
1983 4696 2110 4751 llasc

527 4780 796 4846 referunt,
824 4790 986 4852 atque
1018 4783 1117 4852 ipsi
1167 4793 1224 4835 ut
1253 4782 1552 4838 exercitum
1585 4785 1928 4853 praestoletur
1973 4802 2106 4840 cou-

531 4870 711 4927 silinm
743 4871 915 4925 dant:
947 4873 1145 4927 etenim
1194 4871 1310 4942 ejus
1355 4882 1562 4942 partem
1613 4872 1733 4942 plus
1765 4889 1924 4944 quam
1965 4877 2105 4930 fama

531 4960 889 5030 divulgaverit
915 4960 1111 5026 deseri,
1144 4961 1395 5016 viciniam
1423 4977 1560 5033 pene
1585 4977 1800 5018 omnem
1833 4964 1886 5019 in
1917 4965 2108 5020 adver-

529 5049 663 5104 sarii
716 5047 956 5102 favorem
1005 5050 1348 5124 concedere,
1401 5050 1631 5106 ulterius
1696 5067 1922 5124 pergere
1981 5070 2104 5107 cum

529 5139 723 5190 naucis
759 5138 922 5190 nimis
950 5139 1308 5190 periculosum
1348 5157 1487 5190 esse.
1522 5141 1590 5190 At
1620 5144 1926 5190 constantia
1967 5143 2109 5190 illius

2211 4609 2264 4656 et
2286 4600 2531 4669 pudenda
2573 4599 2694 4669 fuga
2724 4599 3030 4669 pelleretur,
3063 4600 3214 4654 abire
3262 4600 3584 4662 maturavit,
3628 4600 3807 4654 decus

2213 4693 2414 4748 nullum
2473 4692 2731 4760 adeptus,
2796 4692 2897 4746 nisi
2956 4693 3092 4746 forte
3139 4692 3395 4747 decorum
3448 4690 3618 4746 fuerit
3662 4705 3808 4760 quo-

2211 4799 2330 4838 rum
2383 4782 2602 4836 advenit
2652 4797 2816 4837 causa
2887 4782 3126 4851 inopiam
3177 4781 3447 4852 stipendio
3492 4782 3809 4843 minuisse.

2213 4873 2478 4928 militibus
2511 4887 2797 4926 numerum
2829 4875 3064 4927 auxisse.
3105 4873 3342 4928 Reverso
3368 4872 3494 4928 dein
3528 4873 3600 4926 ad
3656 4872 3812 4927 obuio

2212 4967 2426 5020 dioncm
2459 4965 2617 5030 duce,
2651 4975 2705 5017 et
2740 4965 2974 5033 qualiter
3021 4966 3189 5019 otium
3236 4965 3456 5034 aliquod
3488 4963 3810 5033 jucundum

2211 5056 2473 5111 celebrari
2529 5056 2697 5123 solet,
2762 5057 2812 5110 in
2864 5057 3143 5125 procinctu
3184 5057 3501 5125 aliquandiu
3551 5065 3810 5117 morato,

2212 5149 2371 5190 femi:
2419 5149 2715 5190 m-rimnnia
2813 5149 3006 5190 cmt'inc
3060 5159 3108 5190 ιιι
3153 5148 3358 5190 sar-mine
3407 5163 3577 5190 aliam
3628 5148 3811 5190 armi:
