4040 5314
243 317 380 375 im

1691 317 1934 376 GESTA.

3375 325 3513 384 1250

245 440 360 484 tum
413 435 508 482 aut
547 424 706 484 ﬁdem
739 423 944 482 violare
978 435 1036 480 ut
1075 427 1342 498 iniquum,
1395 427 1470 482 sic
1503 428 1818 498 plerumque
1855 440 1896 492 Α
1929 427 2026 480 ciis
2071 427 2254 482 multis
2295 429 2606 498 praesideret
2655 429 2986 498 potentibus,
3033 447 3262 502 quarum
3307 435 3511 491 domini

242 519 606 590 perniciosum
635 537 648 573 :
681 519 834 590 pacis
865 533 1059 572 nomen
1091 519 1346 574 blandum
1381 527 1437 574 et
1485 520 1661 582 dulce,
1709 537 1822 573 rem

251 612 426 682 ipsam
487 609 731 680 profecto
782 609 1074 678 jucundam
1123 619 1178 664 et
1228 613 1544 666 salutarem.
1596 613 1826 666 Damnat

241 706 360 774 ipse
385 719 496 774 prae
521 705 734 759 cunctis
763 703 990 758 nimium
1037 705 1206 758 audax
1243 705 1556 775 inemptum,
1607 705 1826 758 demen-

243 797 528 851 tissimum~
552 795 858 860 consilium,
895 795 1169 850 ruinosum
1201 795 1424 850 factum.
1462 795 1614 850 Dolet
1647 811 1826 849 arma—

245 896 358 941 tum
406 903 464 942 se
515 887 568 941 in
617 886 783 942 arctis
834 887 1056 941 arrtari.
1109 888 1406 958 [mpetrant
1459 887 1828 958 supplicantes

245 975 578 1030 deditionem
607 977 816 1047 accipi;
849 985 1046 1046 praeter
1093 978 1260 1031 vitam
1313 977 1444 1031 nihil
1473 978 1618 1032 aliud
1652 993 1826 1048 neque

239 1053 530 1122 honestum
569 1083 742 1138 neque
775 1071 906 1124 utile
961 1071 1124 1142 pacti.
1155 1071 1232 1127 En
1261 1072 1626 1142 spectaculum
1653 1075 1822 1139 triste,

241 1159 408 1214 l'etum
433 1163 760 1217 miserabile.
793 1162 1092 1234 Properaut
1121 1163 1258 1220 ultra
1303 1181 1466 1234 quam
1495 1167 1636 1220 vires
1671 1167 1824 1220 inva-

243 1248 372 1304 lidaa
437 1249 704 1306 sufﬁciant
765 1252 956 1308 famosi
1007 1254 1166 1324 paulo
1235 1265 1362 1310 ante
1425 1257 1636 1326 equites
1702 1271 1824 1310 cum

241 1339 638 1398 Northmanuis
681 1345 908 1400 evadere
947 1345 1162 1410 Franci,
1213 1363 1318 1401 non
1353 1346 1531 1402 minus
1563 1349 1826 1405 dedecore

243 1447 408 1501 quam
443 1432 620 1488 inedia
655 1435 960 1491 cervicibus
989 1437 1266 1504 contusis,
1317 1454 1443 1506 pars
1474 1439 1525 1492 in
1561 1439 1825 1508 jumcutis

249 1523 514 1579 famelicis
551 1541 670 1594 quae
695 1527 893 1595 pedum
940 1543 1108 1582 cornu
1144 1529 1356 1583 modice
1409 1529 1489 1583 vel
1543 1539 1822 1596 sonarent,

237 1615 324 1669 vel
347 1615 622 1685 pulverem
651 1619 970 1682 excitarent,
1009 1621 1304 1689 pendentes
1345 1639 1357 1674 :
1397 1636 1521 1691 pars
1551 1621 1728 1676 ocreis
1773 1632 1828 1677 et

227 1706 550 1764 calcaribus
595 1709 772 1762 ornati
821 1703 1038 1764 insciito
1088 1713 1347 1764 comitatu
1399 1711 1714 1766 incedentes
1765 1721 1819 1766 et

1933 527 2020 569 aut
2050 527 2288 573 rectores
2313 518 2518 572 militiae
2545 535 2654 574 stne
2682 529 2860 574 essent
2888 521 3192 576 administri
3215 540 3227 588 ;
3251 525 3508 578 comitem

1927 607 2260 662 Willehuum
2317 625 2472 663 suum
2523 625 2622 664 nec
2685 611 2916 664 amicum
2973 625 3071 665 nec
3125 613 3376 676 militem,
3417 615 3526 670 sed.

1927 699 2136 754 hostem
2161 715 2315 766 esse;
2351 700 2798 754 Nortlnnanniam
2829 718 2948 772 qua:
2972 703 3072 758 sub
3101 705 3319 774 regibus
3345 706 3516 760 Fran-

1927 806 2111 846 corum
2141 793 2250 862 egit
2291 809 2354 847 cx
2384 793 2626 862 antiquo,
2659 809 2823 862 prope
2873 793 2925 846 in
2967 809 3190 864 regnum
3231 805 3510 862 evectum;

1928 886 2266 954 superiorum
2315 887 2432 955 ejus
2475 887 2736 940 contitum
2784 901 3095 956 quanquam
3125 887 3292 940 ardua
3327 887 3526 942 value-‘

1929 978 2040 1032 rint
2077 978 2282 1032 nullum
2313 981 2363 1032 in
2389 979 2502 1035 lucc
2527 993 2656 1034 ausa
2687 979 2916 1033 illatum.
2943 978 3308 1034 Condoleutes
3341 980 3394 1034 in
3423 995 3516 1034 ea-

1927 1068 2048 1124 dem
2073 1067 2397 1134 Tcdbaldus,
2427 1069 2770 1125 Pictavormn
2803 1085 3007 1137 comes,
3037 1069 3366 1136 Gaufredus,
3387 1073 3515 1126 item

1929 1159 2122 1229 reliqui
2157 1169 2455 1216 summates
2484 1161 2715 1230 quatiant
2743 1162 2964 1230 insuper
2993 1161 3364 1231 indignatione
3403 1163 3518 1232 pri-

1932 1259 2050 1304 vata
2091 1249 2492 1305 intolerandum
2522 1252 2785 1306 ducebant
2816 1267 2935 1306 sese
2971 1251 3137 1320 regis,
3181 1265 3512 1322 quocunque

1928 1340 2130 1410 praevia
2181 1348 2460 1407 vocarent,
2509 1341 2677 1409 signis
2725 1356 2948 1411 parere;
2991 1341 3320 1396 Willelmum
3377 1339 3512 1396 Nor-

1931 1433 2312 1486 thmannorum
2347 1447 2684 1500 nequaquam
2713 1447 2810 1502 pro
2857 1445 3001 1502 rege,
3032 1431 3126 1486 sed
3168 1431 3507 1487 conﬁdenter

1928 1531 2090 1592 atque
2120 1523 2492 1578 indesinenter
2515 1525 2582 1575 ad
2615 1523 2730 1593 ejus
2759 1523 3184 1592 magnitudinem
3220 1539 3383 1594 quam
3419 1525 3518 1577 aliv-

1927 1623 2188 1682 quantum
2215 1613 2444 1677 attrivit,
2483 1613 2708 1668 ulterius
2753 1615 3112 1677 alterendam,
3166 1615 3250 1667 vc!
3307 1615 3352 1668 si
3404 1629 3512 1684 qua

1929 1708 2014 1760 via
2047 1707 2224 1760 valeat
2259 1706 2648 1762 conterendam
2681 1706 2734 1760 in
2782 1707 2950 1761 armis
2989 1707 3216 1776 agitare.
3249 1707 3516 1762 Praeterea

239 1809 430 1848 eorum
459 1796 702 1867 plerique
733 1797 918 1852 sellam
949 1809 1256 1868 equestrem
1285 1799 1508 1855 incurvo
1535 1801 1822 1872 languido-
1857 1789 1896 1848 Β
1927 1799 2792 1870 coucupiehautNorthmanuiam
2813 1807 2906 1855 aut
2925 1801 3042 1870 ejus
3067 1811 3274 1878 partem
3297 1801 3517 1871 quidam

239 1905 348 1958 que
382 1889 564 1954 dorso,
605 1891 848 1944 nonnulli
895 1892 1070 1946 solum
1117 1909 1175 1946 se
1207 1893 1506 1946 uutalumdi
1547 1894 1632 1946 vix
1666 1909 1824 1962 epor-

241 1990 442 2035 tantes.
479 1979 610 2037 Erat
639 1981 766 2036 item
801 1997 1026 2038 cernere
1063 1981 1432 2038 calamitatem
1463 1983 1595 2038 levis
1647 2000 1824 2038 arma-

243 2082 380 2126 tura:
409 2073 736 2144 egredientis
770 2073 959 2128 faetlam
991 2089 1056 2130 ac
1087 2075 1318 2129 variam.
1353 2075 1618 2131 Miserans
1659 2075 1821 2130 infor-

237 2165 390 2240 tunia
421 2151 578 2233 h’ujus
598 2181 826 2235 quoque,
855 2175 914 2219 ut
941 2165 1148 2236 pridem
1173 2165 1466 2234 Guidouis,
1499 2167 1824 2222 celebranda
1847 2155 1850 2158 ’

231 2255 394 2324 ducis
421 2257 730 2312 clementia.
779 2256 960 2311 Noluit
999 2267 1273 2312 extorrem
1323 2267 1380 2313 et
1432 2259 1644 2329 inopem
1691 2275 1820 2314 casu

237 2345 417 2414 magis
445 2345 694 2414 pudendo
741 2345 993 2410 cruciari,
1029 2348 1122 2400 sed
1153 2362 1275 2401 cum
1307 2349 1482 2418 gratia
1513 2358 1568 2403 et
1611 2363 1828 2418 posses-

237 2437 491 2492 sionibus
519 2438 838 2508 quibusdam
869 2439 1096 2508 amplis,
1149 2449 1308 2508 atque
1358 2441 1650 2494 multorum
1687 2441 1829 2496 redi-

237 2539 432 2593 tuum,
492 2531 724 2600 patriam
783 2531 832 2584 ei
905 2531 1210 2596 concessit;
1271 2533 1552 2587 :estimans
1621 2541 1826 2586 rectum

235 2622 422 2692 potius
453 2621 506 2676 in
546 2636 611 2678 eo
650 2633 902 2692 patruum
937 2625 1236 2691 reminisci,
1265 2640 1428 2696 quam
1457 2626 1827 2682 adversarium

239 2714 522 2770 insectari.

309 2805 370 2859 ln
389 2806 502 2875 ipsa
531 2821 680 2860 mora
705 2808 1026 2864 obsidionali
1053 2809 1544 2866 Nortbmaunorum
1568 2811 1828 2880 aliquanti

235 2899 574 2968 potentiores
603 2915 632 2952 a
679 2901 814 2955 duce
855 2901 920 2956 ad
955 2917 1135 2972 regem
1172 2903 1526 2968 defecerunt,
1565 2901 1830 2972 quosjam

237 2999 398 3045 antea
441 2992 861 3061 conspirationis
891 2994 1266 3050 rebellantium
1298 2977 1609 3064 occultique
1657 2995 1828 3052 fuisse

239 3075 519 3147 adjutores
561 3080 836 3150 Opinabile
884 3091 1022 3136 erat.
1062 3081 1492 3138 Malevolentiam
1550 3099 1658 3153 qua
1696 3067 1852 3138 olim

239 3177 430 3222 centra
477 3169 736 3225 infantem
787 3171 1004 3227 fuerant
1041 3171 1231 3238 inflati,
1261 3177 1496 3228 noudunt
1539 3189 1829 3230 evomuere

245 3271 438 3315 totam.
488 3262 690 3317 Eorum
743 3279 774 3318 e
819 3266 1092 3320 consortio
1140 3263 1478 3321 Guimundus
1535 3267 1832 3336 praesidens

241 3353 551 3416 munitioni,
607 3371 766 3424 quam
805 3355 1142 3411 Molendiuas
1191 3358 1486 3427 appellant,
1534 3359 1587 3414 in
1637 3375 1832 3414 manus

241 3446 388 3516 regis
434 3461 554 3500 eam
586 3445 750 3502 dedit.
787 3447 1042 3517 Imposita
1075 3457 1156 3502 est
1209 3449 1358 3518 regia
1401 3451 1615 3504 cohors.
1656 3447 1830 3504 Guido

241 3537 414 3590 frater
449 3535 666 3592 comitis
710 3537 1045 3593 Pictavensis
1077 3537 1328 3592 Willclmi
1377 3549 1539 3609 atque
1586 3539 1826 3608 impera-

239 3630 398 3684 tricis
425 3631 680 3685 Romanae
713 3640 768 3685 et
803 3647 925 3686 cum
955 3646 1018 3684 eo
1048 3631 1152 3684 viri
1189 3631 1454 3686 militares
1499 3640 1662 3700 atque
1713 3631 1830 3686 illu-

241 3727 408 3775 stres.
443 3721 641 3775 Verum
671 3721 796 3786 etii,
821 3733 872 3775 et
897 3721 1085 3791 quiqui
1109 3721 1245 3776 alias
1269 3720 1437 3776 relicti
1468 3731 1591 3775 sunt
1614 3737 1644 3775 a
1667 3721 1830 3776 Fran—

241 3808 346 3872 cis,
378 3824 500 3864 cum
530 3809 737 3864 deditas
779 3826 898 3865 esse
928 3813 1324 3882 comperissent
1351 3811 1657 3867 Archarum
1687 3813 1824 3866 late--

241 3897 395 3964 bras,
428 3913 548 3954 sese
576 3899 782 3956 nostris
804 3900 926 3972 fuga
959 3903 1123 3958 furati
1165 3913 1309 3958 sunt.
1351 3901 1704 3957 Northmanni
1737 3921 1829 3958 au-

239 3997 356 4043 tem
409 3975 670 4060 p'uuiendi
724 3991 842 4062 lege
893 3992 1315 4062 transfugarum,
1375 3993 1478 4049 levi
1538 4009 1698 4065 poena
1737 4005 1828 4050 aut

239 4077 389 4134 nulla
415 4080 634 4135 domina
668 4096 767 4136 suo
795 4084 1130 4138 reconciliati
1162 4093 1306 4150 sunt,
1349 4087 1450 4139 rati
1501 4086 1674 4142 nullas
1715 4086 1830 4156 jam

239 4185 380 4242 Opes
407 4171 488 4226 vel
515 4173 747 4227 astutias
774 4155 965 4227 contra
996 4157 1258 4228 eum'fore
1287 4174 1554 4230 efﬁcaces.

315 4251 707 4317 Vehementius
735 4255 860 4332 pust.
889 4263 1006 4342 haec
1033 4263 1086 4316 itt
1116 4263 1512 4318 mmulationem
1544 4265 1828 4331 cxardere,

239 4367 492 4423 novoque
536 4356 737 4408 moveri
771 4353 1000 4408 tumultu
1043 4353 1272 4408 Francia
1315 4355 1501 4424 cmpit.
1553 4355 1832 4424 Principes

239 4443 512 4510 universi,
544 4461 669 4499 cum
698 4461 846 4516 rege,
875 4445 1250 4500 Northtuantto
1286 4447 1513 4516 principi
1547 4463 1614 4500 ex
1647 4447 1829 4502 inimi-

239 4535 324 4588 cis
361 4535 474 4604 jam
511 4537 896 4591 inimicissimi.
932 4537 1107 4591 Anxie
1139 4537 1378 4593 tumebat
1411 4537 1462 4590 in
1493 4551 1680 4591 eorum
1716 4553 1830 4590 ma-

241 4629 436 4684 levolis
473 4631 748 4684 mentibus
795 4629 992 4683 vulnus
1044 4629 1312 4700 praecipue
1367 4629 1629 4692 invidum,
1687 4629 1830 4699 quod

245 4730 502 4777 recenter
547 4721 834 4786 sauciavit,
869 4737 1016 4776 mors
1063 4721 1373 4792 lngelrauni
1416 4721 1632 4775 comitis
1676 4731 1730 4776 et
1775 4723 1828 4777 in

241 4811 437 4868 eodem
479 4811 728 4867 conflictu
772 4813 1242 4884 interemptorum.
1281 4812 1488 4867 Accrbe
1522 4811 1826 4867 inflamma-

237 4903 340 4961 bat
359 4921 454 4960 eos
483 4907 744 4960 memoria
764 4915 988 4960 eventus
1009 4906 1421 4976 Audcgavorum
1446 4907 1662 4960 comitis
1684 4906 1829 4963 Gau-

243 4995 408 5061 frcdi,
437 4997 646 5067 depulsi
672 4997 876 5052 dudum
907 4995 1162 5052 Willelmi
1192 4996 1402 5067 clypeo,
1437 4995 1668 5064 qualiter
1713 5015 1828 5056 ute-

243 5087 578 5112 -.Α-Α..ξ-ιιι-.ι.
646 5085 986 5112 ηΙΞΑ-ιιννιηιιή
1035 5101 1137 5112 “an
1169 5087 1359 5112 υι-Λιιῖαξ
1397 5085 1605 5112 utaut-LIIII:
1656 5085 1792 5112 rlnl..!

1929 1893 2072 1962 regis
2099 1892 2355 1963 proximi.
2401 1892 2464 1946 lli
2496 1893 2651 1963 quasi
2691 1893 2837 1948 faces
2867 1892 3304 1966 flagrantissimae
3336 1909 3516 1964 regem

1931 1984 2292 2040 incendebant
2320 1995 2374 2040 et
2405 1985 2698 2056 principes.

1999 2075 2107 2131 Eas
2154 2077 2224 2131 ob
2261 2093 2348 2132 res
2381 2087 2504 2148 post
2535 2079 2994 2134 coosultationcm
3047 2077 3285 2134 infausto
3339 2080 3520 2135 omine

1929 2169 2409 2234 communicatam,
2443 2171 2622 2225 edicto
2669 2171 2816 2240 regio
2855 2171 3056 2225 bellum
3080 2168 3328 2238 iubente,
3363 2171 3523 2225 inuu-

1931 2261 2314 2315 merosissimze
2340 2261 2506 2332 copiae
2527 2261 2581 2317 itt
2605 2262 3054 2316 Northmanuiant
3077 2263 3340 2331 expedita:
3366 2271 3519 2316 sunt.

1929 2349 2322 2421 Burgundiam,
2358 2352 2705 2414 Arverniam,
2753 2361 2915 2422 atque
2943 2351 3287 2406 Wasconiam
3330 2367 3522 2422 prope»

1933 2443 2053 2495 rare
2083 2441 2296 2495 videres
2331 2441 2619 2496 horribiles
2654 2441 2825 2505 ferro;
2862 2442 2970 2496 into
3005 2441 3146 2495 vires
3180 2441 3314 2494 tanti
3343 2443 3518 2512 rt-gui,

1932 2543 2192 2602 quantum
2226 2535 2278 2589 itt
2311 2535 2526 2590 climata
2560 2535 2744 2589 mundi
2777 2545 3009 2604 quatuor
3035 2543 3513 2604 patent,cunctas;

1932 2624 2217 2680 Franciatn
2249 2635 2426 2682 tamen
2470 2636 2522 2681 et
2570 2627 2906 2680 Britanniam
2943 2635 3147 2694 quanto
3199 2625 3355 2678 nobis
3385 2625 3522 2679 vici-

1935 2715 2116 2770 niores
2153 2725 2300 2772 tanto
2352 2717 2630 2772 ardentius
2673 2717 2918 2773 infestas.
2966 2717 3164 2772 Julium
3221 2715 3517 2781 Cmsarem,

1934 2807 2018 2862 vel
2054 2808 2290 2863 bellandi
2329 2810 2640 2880 peritiorem
2687 2809 2942 2880 aliquem,
2985 2809 3028 2864 si
3078 2807 3240 2864 fuerit
3266 2809 3520 2878 peritior.

1934 2900 2208 2954 exercitus
2235 2899 2464 2955 Romani
2492 2901 2704 2967 ducem,
2746 2916 2812 2956 ex
2869 2899 3016 2955 mille
3065 2899 3378 2956 nationibus
3433 2915 3526 2955 co-

1937 2990 2042 3044 acti
2071 2989 2222 3054 olim,
2271 2990 2396 3044 dum
2427 2990 2596 3046 Roma
2631 2989 3014 3046 florentissima
3047 2989 3194 3046 mille
3223 2990 3522 3072 provinciis

1939 3085 2328 3154 imperitasset,
2354 3083 2515 3153 hujus
2547 3083 2778 3154 agminis
2807 3083 3145 3138 immanitate
3187 3084 3381 3138 terreri
3424 3099 3521 3156 po-

1939 3169 2106 3230 tuisSe
2152 3171 2460 3230 aﬂirmaris.
2510 3173 2775 3228 Nimirum
2835 3175 3071 3243 concipit
3123 3189 3376 3244 pavorem
3423 3173 3524 3230 ali-

1934 3271 2196 3330 quantum
2231 3273 2376 3318 terra
2402 3271 2608 3318 nostra.
2635 3263 2890 3318 Ecclesia:
2907 3272 3152 3318 metuunt
3175 3263 3524 3332 inquietanda

1933 3351 2047 3405 fore
2075 3352 2182 3406 otia
2213 3361 2416 3406 sancta:
2443 3351 2740 3422 religionis,
2773 3351 3038 3421 stipendia
3065 3367 3158 3406 sua
3191 3367 3255 3406 ex
3303 3351 3525 3408 libidine

1933 3451 2266 3496 armatorum
2292 3442 2616 3512 diripienda,
2651 3441 2898 3510 quamvis
2928 3441 3240 3495 orationum
3269 3441 3524 3512 przesidio

1931 3535 2206 3588 certantes
2224 3534 2516 3588 confidant.
2533 3533 2690 3588 Plebs
2719 3533 2927 3592 urbana
2950 3541 3006 3587 et
3028 3534 3281 3604 agrestis,
3310 3549 3520 3588 necnon

1932 3625 2240 3696 quicunque
2265 3624 2496 3679 imbellis
2523 3633 2577 3679 et
2605 3625 2784 3678 minus
2817 3631 3027 3690 ttrmus,
3057 3623 3276 3678 solliciti
3300 3633 3426 3678 sunt
3453 3637 3521 3679 ac

1934 3717 2158 3786 trepidi;
2196 3719 2386 3771 timent
2433 3715 2555 3780 sibi,
2599 3715 2884 3777 uxoribus,
2930 3711 3135 3778 liberis,
3169 3715 3334 3769 rebus
3381 3715 3519 3780 suis,

1932 3825 2052 3864 cum
2087 3810 2222 3863 adeo
2265 3823 2480 3878 gravent
2520 3809 2732 3863 hostem
2769 3806 2980 3862 timoris
3007 3807 3166 3862 modo
3202 3823 3326 3880 amp
3349 3809 3522 3864 iorem

1931 3913 2092 3967 quant
2129 3899 2198 3952 sit
2227 3898 2522 3951 metiuntur
2589 3899 2658 3952 At
2706 3913 2828 3952 cum
2878 3897 3307 3952 reminiscuntur
3351 3915 3512 3970 quem

1934 3987 2172 4042 habeant
2199 3995 2675 4056 propugnatorem,
2705 4001 2868 4057 quam
2903 3985 3180 4041 luctuosas
3212 3987 3402 4058 patria:
3433 4005 3524 4044 ca-

1933 4077 2202 4132 lamitates
2233 4077 2408 4133 adhuc
2447 4077 2781 4145 adolescens,
2816 4077 2898 4131 vel
2938 4092 3074 4147 puer
3099 4079 3300 4147 potius,
3329 4093 3524 4148 magno

1933 4167 2179 4234 consilio,
2207 4167 2551 4236 maximaque
2576 4167 2778 4220 virtute
2801 4163 3108 4230 sustulerit,
3141 4179 3238 4236 spe
3267 4167 3521 4223 timorem

1936 4261 2161 4325 leniunt,
2196 4257 2540 4312 afllictionem
2575 4259 2768 4313 fiducia
2794 4259 3167 4312 consolantur.
3199 4257 3398 4313 Verum
3426 4261 3524 4312 ad-

1935 4353 2195 4407 miraudze
2222 4352 2542 4407 constantite
2574 4351 2680 4404 dux
2711 4349 3018 4404 Willelmus
3065 4349 3209 4403 nulla
3240 4349 3523 4418 perculsus

1937 4441 2244 4504 formidine,
2287 4441 2396 4510 regi
2421 4439 2514 4509 qui
2544 4439 2708 4493 robur
2739 4439 3030 4492 immanius
3069 4439 3186 4508 ipse
3210 4437 3378 4502 ducit,
3403 4435 3520 4504 jam

1939 4532 1989 4584 in
2022 4530 2511 4598 Rothomageusem
2540 4543 2606 4582 ex
2637 4527 2950 4582 Ebroicensi
2995 4541 3132 4597 pago
3163 4526 3364 4580 sensim
3393 4539 3524 4594 pro.

1936 4621 2168 4684 cedenti,
2209 4633 2406 4689 magno
2438 4620 2620 4672 animo
2645 4633 2767 4674 sese
2791 4616 3019 4673 festinus
3045 4619 3270 4688 opponit
3300 4633 3314 4670 :
3345 4625 3524 4673 trans-

1938 4711 2217 4765 adversam
2251 4709 2423 4779 ripam
2448 4707 2713 4777 Sequanae
2736 4717 2944 4778 partem
2973 4721 3194 4762 suarum
3217 4705 3522 4776 copiarum,

1941 4813 1994 4855 ut
2013 4803 2224 4856 hostem
2251 4801 2599 4856 distributum
2624 4799 2909 4870 praenovit,
2939 4809 3130 4856 contra
3154 4797 3412 4870 dirigens.
3433 4801 3528 4855 Sic

1937 4893 2082 4946 enim
2113 4893 2432 4962 dispositum
2476 4899 2561 4944 est
2607 4889 2898 4953 industria,
2931 4906 3050 4960 qua:
3077 4893 3307 4948 multum
3339 4889 3530 4960 profu-

1943 4996 2060 5041 tura
2109 4987 2451 5058 sperabatur,
2488 4993 2546 5039 ut
2573 4995 2810 5052 quantus
2849 4985 3006 5039 miles
3051 4983 3194 5042 inter
3219 4985 3531 5056 Sequanam

1942 5089 1990 5112 at
2024 5079 2356 5112 Cnnulnxo‘nn‘l
2386 5075 2578 5112 “ut-inc
2606 5077 2957 5112 nnllinarnhvn
3009 5091 3146 5112 nunc
3189 5087 3371 5112 munitm
3396 5079 3536 5112 mn‘-
