4040 5314
227 284 361 340 1253

1684 291 1921 351 CESTA.

3359 300 3497 355 1256

226 418 295 458 eo
341 411 659 474 perventum
721 411 804 458 est
847 418 1030 469 cursu,
1071 414 1126 458 ct
1148 405 1227 460 sic
1257 406 1310 460 in
1339 406 1651 473 Frauciam,
1685 410 1806 464 dein
1839 417 1885 471 Α
1984 410 2255 466 Comitum
2290 411 2758 483 Andegavensium
2788 412 3087 469 dominatio
3117 410 3495 469 Cenomanno-

229 494 467 548 evadere
492 492 811 558 incolomes,
844 495 1118 562 pra‘clara:
1143 494 1301 551 fama:
1326 500 1673 554 occasionem
1704 502 1807 555 sibi

232 584 554 655 promisere,
606 586 749 653 quod
801 585 1059 641 Willelmi
1109 586 1470 644 Northmanni
1516 601 1715 645 terram
1744 591 1811 646 ad

228 674 384 728 littus
442 689 613 743 usque
643 674 911 729 marinum
974 676 1119 731 ferro
1176 678 1405 749 igueque
1451 682 1803 744 vastaverint,

226 764 448 819 nemine
484 764 807 829 obsistente,
858 766 1075 821 nemine
1128 766 1468 837 insequente.
1515 770 1713 825 Verum
1746 787 1811 827 ea

226 872 374 926 spes,
408 866 466 910 ut
489 854 577 910 illa
618 856 917 926 quondam,
949 856 1156 913 fefellit.
1202 858 1333 913 Nam
1364 861 1490 914 dum
1517 862 1583 915 ad
1616 863 1810 919 vadunt

231 945 381 1000 Diva:
408 956 772 1011 morarentur,
799 949 1113 1017 supervenit
1138 950 1251 1018 ipse
1274 950 1453 1005 alacer
1473 967 1594 1006 cum
1616 953 1813 1023 exigua

229 1052 396 1092 manu
417 1038 660 1094 virorum
682 1036 821 1092 felici
854 1038 1004 1093 hora.
1030 1038 1164 1095 Pars
1186 1042 1459 1098 exercitus
1476 1042 1589 1113 jam
1614 1042 1811 1099 flumen

227 1144 353 1182 cum
385 1144 513 1200 rege
544 1130 860 1185 transierat.
901 1130 967 1185 Et
1015 1147 1146 1187 ecce
1177 1132 1507 1190 fortissimus
1531 1137 1726 1191 vindex
1759 1138 1811 1192 in

230 1221 482 1276 residuos
508 1222 733 1287 insiluit,
766 1224 965 1278 cecidit
1012 1225 1383 1295 populatores,
1414 1243 1640 1297 parcere
1669 1229 1815 1301 flagi-

230 1315 365 1369 tium
404 1315 653 1381 credeus,
679 1330 802 1371 cum
829 1316 1016 1385 patri-.e
1046 1319 1302 1374 sauciatm
1332 1321 1470 1375 adeo
1501 1324 1809 1378 necessaria

227 1421 394 1461 causa
444 1416 717 1476 ageretur,
764 1408 1112 1463 infestissimo
1160 1412 1316 1465 hoste
1372 1411 1425 1465 in
1486 1413 1662 1467 medio
1692 1414 1812 1467 sinu

226 1498 347 1564 ejus
383 1497 750 1566 deprehenso.
806 1498 957 1554 Citra
989 1514 1187 1569 aquam
1217 1501 1525 1572 intercepti,
1562 1519 1616 1556 ιιι
1642 1502 1813 1557 oculis

226 1588 397 1658 regiis
452 1587 567 1643 fere
618 1589 799 1643 cuncti
830 1588 973 1644 ferro
996 1591 1330 1656 ceciderunt,
1357 1603 1553 1661 praeter
1582 1592 1671 1661 qui
1694 1606 1816 1647 sese

225 1677 565 1748 ingurgitare
607 1678 934 1741 maluerunt,
963 1696 1164 1750 pavore
1216 1682 1545 1751 impellente.
1577 1682 1655 1737 Ne
1683 1697 1812 1738 vero

1915 518 2034 557 rum
2065 504 2356 559 comitibus
2395 504 2605 574 pridem
2644 506 2825 576 gravis
2858 521 2920 560 ac
2952 519 3090 575 pene
3144 505 3499 561 intolerabilis

1913 594 2223 648 exstiterat.
2255 592 2326 647 Ut
2353 594 2497 646 enim
2522 593 2625 649 alia
2654 594 2882 665 plurima
2907 596 3181 659 omittam,
3203 596 3499 661 novissime

1914 694 2098 739 nostra
2150 686 2411 740 memoria
2466 685 2635 740 Fuleo
2701 686 3109 757 Andegavensis
3172 686 3499 741 Herbertum

1913 776 2375 833 Cenomanmcum
2402 778 2662 849 majorem
2698 777 2966 833 Santonas
2996 778 3183 843 illexit,
3210 779 3501 849 sponsione
3524 814 3529 817 τ

1916 867 2067 921 urbis
2097 866 2286 936 ipsius.
2331 866 2407 921 lbi
2453 867 2693 922 vinctum
2725 868 2779 922 in
2812 869 2988 924 medio
3014 868 3287 938 colloquio
3315 870 3381 921 ad
3408 883 3502 938 pa-

1914 969 2143 1024 ctiones,
2168 974 2305 1029 quas
2327 974 2494 1015 avare
2520 960 3125 1030 concupierat,carcere
3139 969 3195 1017 et
3217 960 3513 1016 tormentis

1912 1050 2107 1119 coegit.

1985 1141 2250 1211 Tempore
2280 1156 2411 1196 vero
2439 1141 2705 1212 llugonis,
2741 1140 3046 1198 Gaufredus
3088 1142 3363 1197 llartellus
3410 1157 3500 1196 ur-

1912 1233 2036 1288 bem
2082 1232 2545 1289 Cenomannicam
2593 1250 2738 1305 sa-pe
2787 1235 2909 1306 igne
2954 1235 3150 1305 injecto
3200 1235 3499 1299 cremavit,

1914 1338 2057 1393 swpe
2082 1324 2345 1380 militibus
2371 1325 2485 1380 suis
2512 1340 2633 1379 eam
2680 1328 2734 1381 in
2768 1327 3004 1396 przedam
3046 1327 3349 1394 distribuit,
3387 1327 3501 1396 plc-

1915 1431 2145 1485 rumque
2175 1417 2364 1471 vineas
2393 1417 2537 1473 circa
2570 1417 2684 1486 ejus
2722 1420 2984 1474 ambitum
3014 1422 3354 1491 exstirpavit,
3396 1422 3493 1475 ali-

1913 1508 2132 1578 quando
2152 1507 2376 1578 expulso
2404 1509 2492 1577 qui
2517 1508 2663 1577 juste
2703 1510 2976 1580 przesedit,
3003 1511 3100 1565 soli
3131 1512 3371 1567 dominio
3399 1528 3523 1568 suo.

1914 1612 2035 1653 eam
2080 1599 2392 1655 vindicavit.
2450 1599 2602 1671 llngo
2651 1601 3199 1657 hatreditatetnsuam
3233 1601 3519 1660 llerberto.

1916 1688 2135 1759 reliquit
2190 1689 2301 1744 lilio
2343 1699 2400 1745 et
2442 1691 2756 1747 inimicitias
2806 1691 3046 1747 easdem.
3097 1692 3197 1748 llic
3244 1693 3500 1750 Gauiredi

219 1769 347 1838 jure
373 1774 605 1827 saeviens
634 1773 847 1843 gladius
898 1774 949 1828 in
983 1777 1264 1830 adversam
1291 1778 1461 1847 ripam
1496 1778 1808 1848 insequere-
1846 1780 1890 1839 Β
1921 1780 2204 1850 tyrannide
2257 1789 2506 1836 metuens
2549 1782 2775 1837 omnino
2822 1783 3035 1849 deleri,
3093 1782 3505 1839 Northmanniae

226 1874 338 1928 tur,
386 1880 569 1918 reuma
612 1866 780 1919 maris
809 1865 1083 1931 obstabat,
1116 1867 1328 1921 alveum
1364 1867 1508 1921 Diva:
1530 1870 1810 1939 insupera-

224 1956 321 2010 bili
365 1957 505 2011 mole
553 1958 891 2028 occupantis.
950 1958 1230 2014 luteritum
1285 1968 1504 2015 suorum
1542 1962 1809 2018 miserans

225 2063 293 2103 ac
334 2058 582 2104 metuens
628 2066 746 2113 rex,
804 2066 925 2105 cum
952 2052 1345 2122 Andegavense
1377 2062 1608 2125 tyranno
1646 2068 1808 2123 quam

222 2139 511 2195 celerrime
574 2141 1036 2197 Northmannicos
1089 2145 1224 2199 lines
1280 2145 1469 2209 exivit,
1511 2146 1810 2201 decernens

221 2232 409 2285 animo
423 2243 772 2288 consternato
796 2234 881 2287 vir
903 2243 1161 2289 strenuus
1183 2244 1236 2290 et
1254 2236 1564 2291 nominatus
1584 2236 1635 2291 in
1653 2239 1812 2293 rebus

222 2321 454 2386 bellicis,
496 2324 781 2379 dementiae
802 2327 1161 2395 repntandum
1187 2324 1639 2383 Northmanniam
1672 2329 1811 2385 ultra

222 2422 520 2469 attentare.

296 2507 410 2563 Non
448 2508 617 2564 multo
652 2518 769 2578 post
796 2508 1062 2565 universa?
1088 2511 1269 2566 carnis
1297 2511 1437 2565 viam
1470 2512 1810 2582 demigravit,

221 2617 504 2671 nunquam
557 2602 820 2671 gloriatus
870 2604 1149 2671 triumpho
1195 2618 1355 2673 quem
1412 2605 1479 2660 de
1537 2604 1813 2659 Willclmo

221 2693 603 2749 Northmanno
651 2698 851 2750 comite
904 2696 1179 2762 retulerit;
1234 2699 1345 2752 imo
1394 2714 1497 2753 nec
1534 2698 1715 2754 multa:
1757 2700 1807 2753 in

219 2804 346 2842 eum
380 2788 630 2842 vindictae
659 2804 902 2859 compos.
960 2788 1238 2860 Philippus
1284 2790 1422 2843 filius
1451 2790 1501 2847 ei
1550 2792 1814 2847 successit

222 2878 426 2942 infans,
460 2880 601 2934 inter
627 2896 787 2949 quem
816 2891 871 2935 et
915 2882 1215 2951 principem
1252 2893 1493 2937 nostrum
1528 2884 1679 2937 firma
1709 2900 1809 2954 pax

221 2974 519 3042 composita
548 2982 649 3038 est,
679 2989 742 3029 ac
768 2988 959 3028 serena
1001 2974 1262 3041 amicitia,
1308 2982 1417 3029 tota
1456 2975 1688 3030 Francia
1719 2991 1815 3030 cu-

221 3064 407 3134 piente
435 3073 490 3119 et
516 3076 812 3121 annuente.

1911 1870 2103 1925 ducem
2133 1871 2503 1935 Guillehnnm,
2557 1873 2658 1927 sub
2704 1889 2811 1943 quo
2861 1883 3009 1929 tutus
3064 1875 3223 1940 foret,
3277 1876 3515 1945 supplex.

1912 1961 2062 2025 adiit,
2116 1960 2370 2017 manibus
2400 1962 2449 2017 ei
2480 1978 2600 2018 sese
2645 1964 2817 2027 dedit,
2864 1976 3059 2021 cuncta
3107 1982 3204 2020 sua
3253 1968 3414 2023 abeo
3446 1978 3505 2021 ιιι

1912 2050 2068 2104 miles
2091 2066 2121 2104 a
2148 2052 2369 2105 domino
2401 2053 2623 2121 recepit,
2651 2062 2970 2108 cunctorum
3000 2054 3351 2125 singulariter
3378 2073 3501 2109 eum

1912 2148 2160 2195 statuens
2186 2140 2457 2196 hmredem
2489 2143 2533 2197 si
2579 2158 2684 2196 non
2718 2143 2962 2215 gigneret
2987 2144 3173 2199 alium.
3206 2146 3501 2213 Prmterea,

1914 2241 1972 2287 ut
2023 2231 2368 2300 conjunctius
2427 2234 2719 2305 attingeret
2786 2245 2992 2289 tantum
3043 2236 3219 2290 virum
3276 2240 3391 2307 ipse
3446 2248 3509 2297 et.

1914 2324 2207 2392 posteritas
2262 2323 2454 2395 ipsius,
2504 2325 2659 2381 ducis
2688 2326 2736 2380 ci
2778 2326 2886 2381 lilia
2918 2327 3084 2396 petita
3127 2337 3290 2399 atque
3344 2342 3521 2399 pacm,

1911 2424 2015 2468 est.
2045 2415 2174 2480 Quae
2202 2430 2519 2485 priusquam
2566 2417 2776 2471 nubiles
2812 2419 3149 2488 pervenisset
3196 2420 3261 2475 ad
3303 2436 3497 2482 annos.

1913 2509 2105 2561 morbo
2146 2509 2259 2578 ipse
2295 2508 2524 2571 interiit,
2570 2524 2698 2563 suos
2746 2510 2797 2563 in
2836 2508 2953 2580 ipso
2997 2510 3104 2565 line
3142 2511 3422 2565 obtestans
3448 2521 3507 2566 et.

1912 2600 2232 2667 obsecrans,
2280 2615 2348 2655 ne
2394 2611 2701 2671 qmerereut
2736 2601 2898 2655 alium
2950 2612 3145 2671 prieter
3178 2618 3336 2672 quem
3390 2603 3504 2673 ipse

1914 2694 2192 2747 dominum
2222 2694 2326 2755 eis,
2358 2694 2629 2748 lucredem
2663 2695 2763 2749 sibi
2805 2693 3152 2763 relinqueret.
3185 2695 3281 2750 Cui
3331 2697 3374 2749 si
3416 2711 3506 2749 vo-

1915 2784 2085 2839 lentes
2113 2795 2359 2855 pareant,
2380 2784 2495 2840 leve
2526 2787 2806 2840 servitium
2834 2785 3158 2841 toleraturos
3188 2784 3303 2841 fore
3333 2801 3347 2839 :
3372 2786 3418 2841 si
3451 2787 3501 2842 vi

1914 2877 2149 2940 subacti,
2184 2875 2414 2932 forsitan
2465 2894 2649 2949 grave.
2695 2879 2999 2934 Potentiam
3056 2879 3218 2943 illius,
3268 2879 3503 2949 pruden-

1920 2966 2087 3031 tiam,
2154 2969 2554 3035 fortitudinem,
2608 2970 2832 3041 gloriam
2879 2985 2978 3025 nec
3027 2987 3129 3026 non
3173 2987 3341 3042 genus
3367 2971 3502 3024 anti-

1918 3075 2083 3128 quum
2118 3062 2265 3131 ipsos
2303 3064 2507 3132 optime
2552 3079 2729 3118 nosse.
2779 3064 2890 3119 Sub
2918 3080 2983 3119 eo
3012 3066 3240 3135 praeside
3285 3074 3529 3137 agentes-

296 3155 410 3209 Sub
443 3156 583 3210 idem
616 3166 830 3227 tempus
856 3156 991 3211 obiit
1017 3166 1069 3212 et
1096 3156 1405 3212 Gaufredus
1444 3156 1721 3213 Martellus
1747 3157 1811 3211 ad
1843 3142 1888 3203 C
1922 3151 2193 3205 formidini
2225 3154 2337 3207 fore
2362 3155 2665 3223 quilmsquc
2695 3156 3019 3210 confinibus.

224 3255 350 3299 vota
390 3244 680 3301 multorum
710 3248 793 3301 vel
824 3262 961 3317 quos
985 3257 1349 3317 oppresserat,
1383 3247 1466 3303 vel
1488 3249 1577 3316 qui
1607 3258 1816 3301 metue—

224 3345 351 3391 rant
376 3352 522 3391 emn.
555 3336 645 3392 Sic
674 3345 900 3392 terrena:
930 3339 1186 3407 potestati
1240 3348 1295 3392 et
1349 3340 1596 3392 humana:
1623 3354 1813 3408 super-

224 3426 328 3481 bire
360 3426 521 3480 finem
559 3435 752 3480 natura
785 3428 938 3497 ponit
961 3427 1352 3483 inevitabilem.
1403 3426 1539 3481 Sero
1564 3427 1818 3497 pienitnit

225 3519 596 3573 miserandum
648 3520 922 3573 hominem
962 3520 1144 3575 nimia:
1187 3520 1539 3585 fortitudinis,
1588 3522 1818 3574 ruinosze

228 3608 548 3677 tyrannidis,
585 3608 901 3678 perniciosae
924 3611 1258 3678 cupiditatis.
1282 3610 1542 3679 Equidem
1574 3625 1669 3663 sua
1693 3625 1815 3663 eum

224 3707 471 3751 extrema
501 3698 734 3753 docuere
755 3698 897 3766 quod
919 3708 1077 3751 antea
1110 3713 1339 3769 pensare
1364 3698 1617 3769 neglexit,
1650 3700 1815 3753 etiam

224 3805 347 3858 qna-
375 3790 521 3858 juste
557 3789 610 3842 in
646 3791 843 3843 mundo
895 3791 1262 3859 possidentur,
1314 3790 1629 3845 necessario
1661 3790 1818 3843 amit-

229 3880 388 3933 tenda
443 3878 580 3934 fore.
629 3880 845 3934 Sororis
899 3880 1063 3933 filium
1106 3881 1375 3935 heredem
1425 3880 1683 3950 reliquit;
1726 3880 1814 3948 qui

226 3973 447 4026 nomine
479 3973 698 4043 proprio
742 3973 881 4027 idem
935 3973 1203 4042 probitate
1246 3972 1509 4028 absimilis
1556 3973 1626 4035 ei,
1662 3972 1817 4027 θωπε-

224 4075 364 4119 stem
426 4064 626 4136 Regem
691 4065 881 4119 timere
931 4072 985 4118 et
1023 4080 1121 4133 pro
1177 4066 1542 4133 comparando
1590 4074 1816 4119 externo

226 4157 435 4212 honore
459 4158 599 4212 bona
625 4159 850 4212 actitare
880 4158 1064 4228 cmpit.

296 4251 450 4318 Quod
479 4251 725 4305 humanm
754 4252 947 4321 lingum
980 4249 1045 4303 ad
1072 4248 1506 4305 malevolentiam
1544 4264 1709 4319 quam
1749 4250 1815 4303 ad

222 4342 656 4397 benevolentiam
716 4342 1037 4398 laudandam
1090 4342 1197 4396 sint
1251 4342 1615 4412 promptiores
1666 4341 1817 4395 novi-

224 4451 370 4498 mus,
398 4436 468 4490 ob
512 4435 771 4489 invidiam
828 4435 1177 4505 plerumque,
1238 4435 1507 4488 interdum
1556 4436 1625 4489 ob
1655 4435 1814 4488 aliam

224 4528 580 4594 pravitatem.
610 4526 743 4580 Nam
774 4537 828 4580 et
858 4526 1218 4597 pulcherrima
1252 4525 1491 4581 facinora
1519 4526 1571 4580 in
1600 4535 1811 4581 contra-

224 4621 363 4673 riam
391 4629 601 4690 partem
649 4620 833 4688 iniqua
883 4619 1268 4687 depravatione
1301 4618 1588 4673 traducere
1616 4618 1810 4673 solent.

227 4710 381 4766 Unde
410 4724 797 4779 nonnunquam
863 4709 978 4763 fieri
1024 4717 1241 4764 constat
1295 4719 1565 4780 quatenus
1615 4710 1813 4763 decora

182 4836 185 4837 ν
224 4815 437 4869 regum,
468 4800 583 4854 sive
614 4800 835 4863 ducum,
889 4798 1003 4853 sive
1033 4799 1407 4869 cujuscunque
1436 4799 1649 4868 Optimi,
1690 4814 1815 4854 cum

227 4908 333 4946 non
365 4906 493 4947 vere
523 4892 813 4946 traduntur
851 4891 992 4959 apud
1014 4900 1229 4945 a2tatem
1261 4900 1559 4961 posteram,
1582 4905 1814 4946 censura

227 4984 491 5039 honorum
524 4984 873 5047 damnentur,
901 4992 959 5035 ut
996 4997 1337 5051 nequaquam
1379 4980 1638 5037 imitamla
1675 4983 1813 5037 mala

228 5074 292 5127 ad
322 5075 680 5137 invasionem,
710 5072 792 5127 vel
823 5072 965 5126 aliud
1020 5072 1267 5141 iniquum
1308 5074 1520 5131 facinus
1568 5073 1819 5143 placeant

225 5167 492 5236 exemplo.
528 5165 875 5234 Quapropter
898 5180 995 5219 nos
1020 5179 1200 5233 opera:
1225 5169 1457 5236 pretium
1485 5166 1819 5223 arbitramur

223 5271 383 5314 (Illam
418 5256 707 5311 verissime
751 5254 983 5314 tradere.
1020 5262 1293 5314 quatenus
1342 5257 1647 5314 Willelmus
1697 5260 1815 5314 hic.

1989 3244 2058 3296 At
2088 3244 2335 3299 homines
2378 3246 2612 3299 malefidi
2662 3246 2960 3300 Calterium
3010 3247 3375 3302 liledantinum
3413 3263 3505 3301 co-

1920 3338 2105 3391 mitem
2161 3336 2245 3389 cui
2296 3353 2451 3392 soror
2499 3337 2739 3409 llugonis
2775 3348 3039 3408 nupserat.
3076 3348 3394 3409 receperunt
3426 3339 3506 3391 in-

1920 3443 2165 3482 vasorcm
2213 3429 2541 3484 desertores.
2574 3429 2865 3500 ludiguans
2892 3446 3023 3499 ergo
3054 3430 3325 3501 repulsam
3353 3430 3507 3486 Guil.

1921 3521 2110 3575 lelinus
2150 3520 2273 3589 jure
2320 3523 2594 3591 multiplici
2643 3539 2999 3579 successurus
3031 3524 3317 3587 llerberto,
3345 3541 3497 3580 arma

1918 3614 2211 3682 expedivit,
2250 3614 2445 3683 quibus
2479 3616 2784 3684 requireret
2832 3617 2917 3671 sic
2960 3625 3243 3686 prmrepta.
3278 3615 3412 3670 Nam
3448 3624 3504 3670 et

1919 3706 2045 3759 olim
2080 3706 2190 3777 egit
2219 3708 2319 3761 sub
2345 3706 2839 3764 Northmannorum
2870 3709 3069 3764 ducum
3118 3710 3325 3764 (lilione
3357 3711 3505 3780 regio

1920 3794 2301 3850 Ccnomanica.
2372 3797 2686 3853 Incendium
2748 3797 3035 3855 confestim
3104 3799 3348 3869 injicere,
3414 3810 3509 3855 aut

1921 3888 2109 3941 urbem
2163 3896 2331 3942 totam
2381 3888 2698 3954 excindere,
2758 3906 2920 3945 ausos
2975 3891 3158 3961 iniqua
3215 3892 3504 3954 trucidare,

1918 3985 2177 4044 quantum
2232 3978 2448 4048 ingenio
2495 3978 2788 4033 abundavit
2838 3988 2891 4033 et
2946 3979 3181 4043 viribus,
3218 3981 3502 4048 potuisset.

1920 4067 2027 4122 Sed
2084 4070 2365 4123 hominum
2431 4070 2679 4140 sanguini
2740 4087 3053 4142 quanquam
3119 4072 3503 4125 nocentissima

1919 4174 2145 4227 parcere
2166 4160 2355 4214 maluit
2376 4160 2534 4215 solita
2559 4161 2647 4213 illa
2668 4164 3023 4230 temperantia
3044 4170 3097 4217 et
3121 4154 3505 4215 validissimam

1921 4252 2109 4306 urbem
2164 4251 2473 4320 relinquere
2532 4251 2802 4307 incolume
2856 4262 3036 4324 caput,
3102 4262 3263 4321 atque
3320 4250 3503 4306 muni-

1922 4352 2160 4396 mentum
2193 4351 2349 4397 terra:
2372 4358 2535 4411 quam
2568 4343 2620 4397 in
2651 4359 2814 4398 manu
2872 4346 3126 4401 habebat.
3172 4344 3293 4398 [hec
3322 4343 3505 4409 itaque

1920 4431 2262 4501 expugnandi
2310 4429 2396 4483 via
2448 4431 2693 4501 placuit:
2735 4434 2947 4488 crebris
2991 4432 3423 4502 expeditionibus
3451 4440 3507 4484 et

1920 4523 2194 4578 diuturnis
2243 4524 2294 4577 in
2354 4523 2471 4592 ipso
2536 4525 2812 4579 territorio
2866 4524 3238 4579 mansionibus
3304 4532 3504 4577 metum

1924 4614 2182 4681 incutere,
2211 4615 2414 4680 vineas,
2448 4630 2630 4684 agros,
2681 4616 2839 4671 villas
2884 4615 3107 4681 vastari,
3140 4616 3256 4672 loca
3300 4616 3509 4671 munita

1920 4707 2340 4776 circumquaque
2371 4722 2590 4776 capere,
2617 4709 2891 4777 praesidia,
2918 4707 3005 4761 ubi
3057 4723 3143 4763 res
3192 4706 3507 4779 postulavit,

1922 4794 2223 4864 imponere,
2251 4795 2486 4866 denique
2537 4795 2771 4863 plurima
2802 4796 2957 4851 turba
2997 4812 3368 4851 aerumnarum
3424 4796 3511 4849 in.

1923 4895 2204 4941 cessanter
2232 4887 2491 4955 aﬂligere.
2518 4886 2661 4943 Cum
2690 4907 2753 4947 ea
2786 4886 2897 4961 geri
2940 4886 3187 4944 viderent
3212 4888 3517 4943 Cenoman-

1923 4978 2054 5042 nici,
2086 4993 2252 5048 quam
2288 4979 2437 5033 anxii
2487 4979 2803 5056 trepidique
2856 4979 3087 5045 fuerint,
3128 4994 3291 5053 quam
3328 4978 3522 5045 cupie-

1924 5070 2033 5124 rint
2086 5084 2226 5126 onus
2288 5068 2743 5132 molestissimum
2802 5090 2829 5129 a
2887 5070 3191 5127 cervicibus
3226 5066 3527 5137 depellere,

1920 5164 2227 5235 conjectare
2256 5178 2421 5233 quam
2466 5161 2678 5224 referre
2726 5166 2940 5226 facilius
2967 5172 3068 5218 est.
3106 5164 3296 5220 Accito
3322 5160 3528 5225 saepius

1918 5254 2215 5314 Gaufredo.
2249 5268 2413 5314 ouem
2445 5268 2648 5314 ormses
2682 5274 2877 5314 eorum
2921 5253 3193 5311 Galterius
3240 5246 3532 5307 dominum
3606 5300 3615 5305 -
