4040 5314
551 315 694 387 19.55

1683 318 2029 378 WlLLELMI
2062 315 2292 394 CQNQU
2301 316 2427 372 EST
2432 317 2587 374 OlllS

3689 325 3824 383 1236

549 430 776 484 honore.
799 429 1048 484 Studium
1073 439 1156 486 est
1179 431 1427 498 summis,
1457 433 1669 498 mediis,
1699 434 1901 490 inﬁmis
1925 432 2141 506 placare
2169 433 2218 490 Α
2247 431 2416 502 Fuga,
2449 433 2678 498 astutia,
2707 433 3000 504 validaeque
3025 436 3354 494 munitiones
3399 454 3506 494 non
3543 441 3822 498 modicum

551 517 840 574 infensum.
903 520 1250 586 Occurrunt,
1311 523 1552 578 clamant
1605 524 1883 580 dominum
1939 539 2134 586 suum,

549 617 838 686 procidunt
881 627 936 670 et
983 617 1316 674 inclinantur
1343 619 1460 690 ejus
1491 620 1766 690 dignitati,
1818 621 2022 690 ﬁngunt
2057 619 2140 672 hi-

549 707 692 760 lares
743 707 940 772 vultus,
979 709 1130 764 laetas
1170 725 1358 776 voces,
1411 712 1635 784 plausus
1685 711 2134 784 congratulantis.

547 797 710 852 Fiunt
756 799 970 854 obviam
1021 799 1264 856 faventes
1311 801 1576 858 laicorum
1625 804 1842 869 studio,
1892 806 2136 857 omnium

547 901 814 960 quotquot
853 893 1050 948 ibidem
1077 906 1202 948 sunt
1229 896 1582 950 ecclesiarum
1622 898 1844 952 ordines
1869 896 2134 965 religiosi.

547 980 768 1049 Templa
814 997 1186 1052 summopere,
1237 985 1692 1052 quemadmodum
1737 986 2132 1055 processiones,

545 1073 806 1126 adornata
846 1073 1126 1144 elfnlgent,
1181 1059 1427 1131 redolent
1477 1076 1848 1149 tbymiamata,
1877 1085 2135 1131 resonant

547 1177 702 1218 saera
731 1165 964 1226 cantica.
997 1167 1196 1232 Victori
1220 1167 1494 1222 sufﬁciens
1517 1182 1680 1236 paena
1711 1167 2048 1236 perdomitus
2079 1166 2132 1221 in

545 1263 870 1324 potestatem
907 1271 1060 1310 suam
1091 1257 1306 1311 venisse
1341 1269 1394 1311 et
1421 1257 1570 1312 urbis
1595 1256 2002 1311 ﬁrmamentum
2033 1269 2130 1310 sua

547 1345 600 1398 in
633 1345 900 1415 reliquum
925 1347 1166 1400 custodia
1191 1347 1470 1417 occupari.
1499 1346 1814 1402 V'oluntarie
1839 1346 2132 1402 Gualterus

545 1436 806 1492 deditioni
855 1438 1156 1500 consensit,
1209 1453 1278 1492 ne
1331 1438 1514 1493 invasa
1567 1447 1856 1510 protegens
1901 1437 2130 1494 Incredi-

546 1531 680 1584 taria
713 1532 1007 1588 amitteret.
1039 1533 1237 1588 Clades
1265 1549 1294 1586 ει
1343 1531 1735 1590 Northmannis
1765 1535 1914 1589 illata
1941 1535 2130 1590 vicini-

545 1619 644 1674 tati
691 1619 922 1674 Medanti
969 1633 1024 1677 et
1078 1623 1434 1678 Calvimontis
1471 1633 1670 1678 metum
1703 1623 1752 1680 ei
1801 1624 2034 1682 faciebat
2063 1625 2128 1682 de

545 1725 756 1778 majori.

2247 520 2459 576 ﬁduciae
2489 523 2956 580 ministraverunt.
3007 526 3210 582 Statuit
3246 545 3374 600 ergo
3417 531 3708 600 prudentia
3740 548 3824 587 re-

2245 611 2454 678 pudiati
2494 614 2700 668 domini
2729 613 3010 670 latibulum
3038 617 3415 674 charissimum
3442 619 3760 676 abalienare
3774 623 3824 676 ei

2243 710 2483 756 castrum
2514 701 2839 758 Meduanum
2860 723 2872 733 ’
2907 706 3184 764 aestimans
3226 709 3394 765 multo
3417 711 3600 766 satius
3631 728 3698 766 ac
3741 712 3824 766 di-

2243 795 2398 864 gnius
2433 795 2536 852 hac
2565 811 2724 866 pinna
2759 796 2941 862 ferire,
2984 814 3145 868 quam
3175 799 3493 871 fugitantem
3539 805 3825 874 persequi,

2241 895 2296 942 et
2335 888 2814 944 vietoriamlevem
2853 906 2918 946 ex
2968 905 3033 946 eo
3091 901 3248 962 capto
3297 893 3604 964 insignibus
3651 894 3824 950 titulis

2240 977 2463 1034 addere.
2499 978 2670 1050 Hujus
2712 982 2878 1036 castri
2927 981 3066 1038 latus
3125 983 3376 1052 alterum,
3407 985 3552 1054 quod
3605 984 3828 1040 alluitur

2241 1069 2528 1138 scopuloso
2552 1069 2846 1140 rapidoque
2896 1069 3119 1125 flumine
3154 1073 3302 1142 (nam
3349 1089 3510 1144 supra
3547 1073 3828 1134 Meduana:

2239 1157 2412 1226 ripam
2445 1159 2497 1212 in
2521 1169 2790 1230 prazrupta
2824 1161 3024 1216 montis
3067 1179 3202 1234 rupe
3239 1166 3401 1220 situm
3433 1169 3552 1238 est)
3597 1167 3652 1222 id
3683 1171 3826 1226 nulla

2239 1247 2314 1312 vi,
2347 1247 2492 1302 nullo
2523 1250 2736 1320 ingenio
2763 1250 2842 1306 vel
2879 1261 2996 1307 arte
3039 1253 3278 1308 humana
3323 1258 3585 1312 attentari
3617 1269 3820 1328 potest.

2237 1337 2405 1392 Alteri
2437 1353 2566 1394 vero
2596 1341 2930 1396 munimenta
2963 1341 3195 1411 lapidea,
3225 1347 3536 1416 pariterque
3563 1349 3824 1404 difﬁcilli-

2243 1445 2366 1484 mus
2397 1429 2577 1485 aditus
2603 1442 2964 1504 propugnant.
3013 1435 3330 1506 Disponitur
3377 1450 3558 1494 tamen
3587 1442 3826 1506 obsidio,

2235 1525 2476 1578 exercitu
2517 1534 2702 1580 nostro
2734 1526 2954 1581 admoto
3003 1539 3262 1596 quantum
3311 1539 3505 1587 natura
3545 1531 3816 1602 repellens

2233 1620 2462 1688 patitur,
2498 1621 2711 1676 cunctis
2745 1621 3072 1678 mirantibus
3099 1623 3290 1678 ducem
3324 1638 3436 1678 rem
3467 1623 3610 1680 hanc
3667 1624 3829 1680 nimis

2239 1712 2464 1766 arduam
2501 1711 2966 1770 conﬁdentissime
2995 1730 3395 1786 aggressurum.
3446 1715 3714 1784 Equitum
3763 1731 3828 1770 ac

617 1801 796 1856 Volvit
826 1803 880 1858 in
912 1819 1072 1860 omne
1097 1804 1354 1860 saeculum
1383 1817 1438 1860 et
1465 1807 1742 1877 progeniei
1773 1823 1886 1864 sum
1917 1808 2123 1877 optime
2153 1795 2200 1856 Β
2229 1803 2467 1872 peditum
2498 1804 2682 1874 c0pias
2703 1813 2882 1859 tantas
2905 1806 3176 1860 incassum
3238 1805 3446 1877 fatigari
3480 1807 3668 1862 cuncti
3711 1805 3824 1862 fere

544 1895 848 1952 consultum
875 1897 1041 1952 fuisse
1069 1899 1306 1967 prudens
1326 1901 1516 1966 vietor,
1541 1902 1664 1972 pius
1685 1916 1904 1969 parens.
1923 1901 2128 1956 ldeirco

543 2003 860 2058 germanam
899 1987 1207 2058 Heriberto,
1256 2007 1320 2046 ex
1377 1993 1622 2063 partibus
1667 1993 1976 2048 Teutonum
2013 1984 2127 2048 sua:

541 2079 926 2136 muniﬁcentia:
957 2082 1211 2139 maximis
1243 2083 1502 2153 impensis
1541 2083 1832 2140 adductam
1869 2097 1997 2140 nato
2027 2099 2128 2140 suo

540 2155 832 2239 conjugare
867 2173 1126 2238 decrevit,
1169 2181 1226 2228 ut
1255 2189 1350 2244 per
1383 2191 1502 2230 eam
1537 2175 1651 2244 ipse
1673 2186 1726 2231 et
1757 2176 2026 2246 progeniti
2057 2191 2122 2232 ex

541 2258 682 2328 ipso,
701 2261 824 2330 jure
847 2265 992 2330 quod
1019 2263 1162 2318 nulla
1192 2266 1566 2322 controversia
1581 2267 1812 2322 convelli
1836 2279 2018 2336 posset
2043 2267 2124 2323 vel

540 2351 826 2418 inlirmari,
870 2355 1142 2412 Heriberti
1195 2357 1568 2414 haereditatcm
1597 2361 1940 2430 possiderent
1969 2378 2122 2418 sero-

541 2443 656 2498 rius
683 2455 736 2498 et
765 2455 1007 2516 nepotes.
1033 2445 1100 2501 Et
1129 2449 1382 2517 quoniam
1415 2450 1566 2519 pueri
1589 2461 1722 2506 aetas
1743 2453 1984 2506 nondum
2019 2453 2123 2508 fuit

539 2547 750 2592 tnaturr
780 2539 1053 2610 conjugio,
1090 2541 1142 2594 in
1175 2541 1310 2597 locis
1343 2544 1473 2598 tutis
1504 2543 1649 2598 illam
1680 2559 1848 2614 prepe
1881 2545 2122 2600 nubilem

539 2645 734 2698 magno
760 2646 884 2684 cum
923 2631 1128 2687 honore
1177 2635 1436 2688 custodiri
1467 2634 1624 2700 fecit,
1659 2635 1920 2690 nobilium
1959 2649 2122 2708 atque

537 2719 865 2786 sapientium
907 2723 1147 2776 virorum
1181 2738 1246 2777 ac
1290 2733 1658 2779 matronarum
1686 2741 1830 2781 cura:
1861 2727 2118 2782 commis-

537 2823 674 2862 sam.
717 2810 840 2866 llaec
867 2827 1130 2882 generosa
1157 2814 1332 2884 virgo,
1373 2816 1588 2869 nomine
1611 2815 1902 2883 Margarita
1925 2859 1942 2884 ,
1985 2820 2120 2874 insi-

539 2899 628 2968 gni
653 2901 834 2969 specie
865 2903 1141 2958 decentior
1163 2904 1262 2960 fuit
1285 2907 1430 2960 omni
1467 2910 1783 2979 margarita.
1811 2909 1914 2964 Sed
1946 2911 2118 2980 ipsam

541 3005 648 3042 non
682 2990 836 3060 longe
871 3001 996 3047 ante
1023 2993 1165 3048 diem
1199 3009 1306 3064 quo
1337 2997 1548 3052 mortali
1575 3013 1772 3067 sponso
1794 2999 2117 3070 jungeretur

539 3081 848 3137 hominibus
866 3083 1086 3138 abstulit
1103 3086 1337 3156 Virginis
1355 3086 1542 3152 Filius,
1565 3089 1838 3158 virginum
1855 3105 2110 3160 sponsus,

541 3173 758 3228 earlieus
787 3174 1115 3244 imperator;
1145 3179 1298 3248 cujus
1333 3180 1454 3249 igne
1496 3181 1779 3236 salutifero
1821 3183 1908 3252 pia
1941 3183 2116 3252 [mella

538 3261 820 3334 llagtzabat,
852 3281 952 3336 pro
985 3282 1140 3333 cuius
1163 3269 1434 3330 desiderio
1463 3271 1824 3338 orationibus,
1845 3275 2124 3331 abstinen-

537 3355 644 3418 tia},
671 3357 1078 3423 misericordiae,
1111 3360 1431 3425 humilitati,
1464 3364 1697 3434 denique
1749 3367 1993 3436 plurinne
2021 3370 2121 3424 bo—

541 3449 694 3502 nitati
723 3450 1004 3516 studebat;
1041 3453 1390 3510 vehementer
1418 3466 1684 3526 exnptans
1713 3469 1910 3529 praeter
1943 3460 2118 3530 ipsius

536 3543 864 3596 connnhium
901 3544 1045 3598 aliud
1075 3557 1334 3616 perpetuo
1367 3549 1636 3619 ignorare.
1681 3551 1942 3620 Sepelivit
1983 3569 2104 3608 eam

536 3635 904 3692 Fiscannense
946 3642 1272 3708 etenobium,
1325 3645 1468 3712 quod
1517 3661 1640 3700 cum
1695 3645 1814 3702 aliis
1865 3648 2119 3704 ecclesiis

535 3738 797 3794 quantum
839 3730 1038 3784 licebat
1077 3733 1318 3801 religioni
1371 3736 1626 3790 nimirum
1675 3737 1846 3792 doluit
1887 3748 2108 3807 raptam

537 3828 830 3888 properato
887 3823 1060 3885 obitu,
1117 3826 1272 3894 cujus
1319 3825 1715 3898 longaavitatem
1780 3828 2121 3885 etl‘eetuosis-

537 3909 674 3964 sime
704 3914 1037 3980 concupivit.
1057 3915 1201 3972 Illius
1231 3919 1432 3972 etenim
1465 3922 1648 3974 anima
1687 3923 1981 3999 prudenter
2009 3925 2121 3979 evi-

536 4001 712 4071 gilans
749 4019 868 4057 cum
903 4005 1122 4061 lucerna
1157 4011 1383 4066 ardente
1443 4009 1644 4066 Christi
1683 4013 1974 4069 adventum
2023 4033 2117 4070 ex-

539 4097 1098 4161 spectans,ecclcsias
1125 4099 1304 4156 colere
1331 4101 1494 4171 cmpit
1523 4117 1645 4156 cum
1673 4105 1998 4160 reverentia.
2031 4107 2120 4161 Ci-

535 4184 718 4240 lieium
737 4203 972 4258 quoque,
994 4205 1105 4261 quo
1142 4191 1399 4248 latentius
1429 4207 1648 4248 carnem
1680 4195 1902 4252 domare
1922 4212 2118 4268 prOpo-

535 4287 742 4342 suerat,
781 4289 966 4348 postea
1013 4297 1174 4352 quam
1204 4285 1611 4356 lransmigravit
1639 4288 1940 4357 proditum,
1967 4305 2118 4348 men-

533 4379 642 4424 tem
675 4373 896 4428 :eternis
927 4375 1188 4429 intentam
1221 4378 1471 4446 prodidit.

605 4461 778 4526 Quam
805 4464 1132 4536 longinquus
1158 4483 1188 4520 a
1217 4467 1406 4524 favore
1431 4470 1585 4526 ducis
1624 4470 1894 4528 Guillelmi
1927 4476 2112 4532 animo

533 4548 696 4606 fuerit
725 4565 976 4610 versutus
1007 4557 1170 4612 homo
1199 4558 1502 4617 Gaufredus
1529 4562 1941 4632 Meduanensis,
1986 4583 2113 4623 cer-

535 4641 742 4700 tissime
771 4661 893 4702 eum
943 4651 1072 4705 urbs
1107 4651 1508 4710 Cenomannica
1559 4656 1848 4712 dederetur
1901 4661 2110 4728 patefa-

535 4745 682 4793 ctum
713 4747 816 4792 est.
855 4739 932 4794 Ne
961 4741 1104 4796 enim
1145 4745 1284 4798 hanc
1312 4744 1430 4814 ejus
1466 4746 1754 4817 gloriosam
1797 4749 2112 4807 felicitatem

533 4839 772 4893 pra-seris
801 4833 1156 4901 conspiceret,
1175 4835 1556 4892 dcseruitante
1585 4853 1692 4893 non
1727 4841 1906 4896 minus
1929 4844 2113 4900 invitlo

535 4917 723 4968 dolore
769 4935 934 4970 unam
979 4925 1324 4972 inonnetnnte
1363 4929 1588 4974 nuptialia
1639 4930 1884 4974 alumine-
1936 4933 2108 4976 anuii

2230 1896 2552 1966 Opinantur;
2596 1895 2750 1950 multi
2799 1907 3240 1968 conquerantur,
3277 1898 3419 1951 nulla
3449 1913 3545 1968 spe
3597 1899 3818 1953 animos

2229 2003 2414 2044 eorum
2444 1990 2710 2058 erigente,
2749 1989 2851 2044 nisi
2877 1989 3015 2044 forte
3041 2003 3190 2042 mora
3223 2004 3406 2042 annua
3439 1989 3522 2044 vel
3555 1989 3826 2058 ampliore

2229 2077 2400 2132 fames
2423 2088 2712 2148 expugnet.
2739 2077 2948 2132 Etenim
2979 2077 3190 2148 gladiis,
3223 2079 3452 2137 lanceis.
3485 2079 3814 2142 missilibus.

2229 2167 2364 2222 nihil
2391 2170 2618 2240 geritur,
2659 2169 2792 2222 nib'il
2822 2169 3116 2240 gerendum
3139 2180 3420 2238 speratur;
3459 2170 3612 2248 item
3645 2185 3820 2240 neque

2229 2259 2422 2324 ariete,
2447 2275 2624 2330 neque
2657 2270 2950 2326 tormento,
2982 2261 3259 2316 catterisve
3289 2262 3672 2316 instrumentis
3705 2263 3824 2316 bet-

2227 2349 2366 2414 licis,
2393 2350 2659 2420 siquidem
2702 2350 2855 2406 locus
2876 2353 3099 2406 omnino
3131 2351 3592 2430 machinamentis
3623 2353 3822 2422 impor-

2227 2453 2384 2497 tunus
2409 2451 2546 2498 erat.
2601 2440 2800 2498 Verum
2849 2443 3226 2513 magnanimus
3273 2443 3472 2498 ductor
3517 2443 3824 2498 Willelmus

2225 2543 2380 2606 urget
2407 2535 2726 2604 inemptum,
2755 2535 3023 2605 principit,
3065 2535 3334 2600 hortatur,
3363 2537 3658 2590 conﬁrmat
3689 2533 3822 2588 dilfr-

2223 2630 2435 2690 dentes,
2461 2627 2643 2682 laetum
2663 2629 2868 2683 exitum
2904 2628 3208 2700 pollicetur.
3235 2628 3344 2684 Nec
3359 2629 3528 2682 multo
3556 2629 3816 2698 temporis

2223 2719 2504 2774 intervallo
2545 2719 2688 2774 dubii
2737 2719 2944 2774 sedent.
3001 2719 3078 2774 Eu
3120 2719 3304 2774 solerti
3377 2721 3610 2774 consilio
3654 2719 3822 2788 ipsius

2222 2809 2404 2878 injecti
2438 2810 2586 2881 ignes
2611 2819 2850 2864 castrum
2899 2811 3219 2880 corripiunt.
3274 2809 3550 2865 Citissime
3625 2809 3822 2864 ditl’nn-

2207 2897 2426 2958 duntur
2455 2918 2606 2958 more
2629 2918 2747 2986 suo,
2784 2903 2979 2958 saevius
3008 2903 3156 2958 oumi
3194 2905 3338 2956 [erro
3379 2917 3614 2972 quinque
3661 2902 3820 2958 obvia

2221 3007 2518 3052 vastantes.
2585 2996 2852 3052 Custodes
2911 3005 3072 3066 atque
3121 3005 3555 3066 propugnatores
3609 2997 3818 3050 attoniti

2223 3087 2402 3144 subita
2424 3088 2575 3142 clade
2604 3097 2788 3156 portas
2815 3103 3138 3158 murumque
3177 3087 3436 3142 deserunt
3456 3127 3470 3150 ,
3503 3087 3822 3142 discurrunt

2231 3182 2424 3250 trepidi
2459 3181 2664 3236 laribus
2692 3191 2746 3234 et
2779 3180 2941 3236 rebus
2975 3181 3212 3236 incensis
3259 3181 3434 3250 primo
3469 3195 3817 3234 succurrere.

2229 3269 2358 3324 Dein
2389 3270 2622 3340 propriae
2683 3269 2844 3324 saluti
2879 3287 2985 3340 quo
3040 3270 3248 3340 refugio
3302 3267 3483 3322 valent
3533 3270 3818 3324 consulere

2238 3361 2516 3426 festinant,
2547 3361 2780 3416 victores
2803 3360 3010 3431 gladios
3033 3361 3407 3416 vehementius
3437 3377 3604 3431 quam
3637 3363 3820 3416 incen-

2226 3451 2374 3506 dium
2401 3461 2719 3506 metuentes.
2739 3450 3094 3506 Northmanni
3119 3451 3436 3506 alacerrime
3461 3463 3820 3518 concurrunt,

2225 3543 2558 3598 exsultantes
2585 3544 2796 3599 animos
2821 3553 2874 3600 et
2899 3544 3260 3614 gratulantem
3283 3543 3584 3598 clamorem
3611 3546 3819 3614 pariter

2229 3636 2505 3703 tollentes;
2537 3639 2784 3692 certatim
2822 3638 3160 3706 irrumpunt,
3204 3645 3454 3704 potenter
3503 3637 3810 3691 nnmitioae

2225 3730 2526 3800 potiuntur.
2585 3731 2776 3800 Opima
2831 3731 3011 3800 praeda
3051 3731 3344 3792 invenitur,
3394 3731 3609 3784 nobiles
3669 3730 3818 3799 equi,

2227 3837 2376 3876 arma
2407 3822 2980 3891 militaria,omnisque
3015 3824 3232 3892 generis
3255 3821 3522 3892 supellrx.
3551 3823 3688 3890 Qua:
3717 3823 3820 3876 sic-

2223 3895 2283 3966 ut
2331 3913 2456 3968 alibi
2501 3923 2656 3982 capta
2687 3913 3004 3983 plerumque
3048 3917 3296 3984 grandia,
3343 3915 3582 3970 militum
3627 3917 3806 3985 potius

2223 4020 2382 4074 quam
2413 4021 2506 4059 sua
2531 4020 2652 4060 esse
2685 4005 2854 4062 voluit
2875 4007 3380 4062 continentissimus
3403 4023 3466 4060 ac
3489 4007 3810 4062 liberalissi-

2223 4111 2342 4152 mus
2369 4097 2638 4166 princeps.
2667 4097 2982 4160 Caszellani,
3013 4097 3102 4167 qui
3129 4099 3180 4152 in
3213 4113 3396 4150 arcent
3421 4095 3808 4166 confugerant.

2221 4187 2308 4242 die
2336 4198 2554 4258 postero
2577 4189 2897 4244 dediderunt
2918 4205 2994 4253 se,
3025 4198 3212 4244 contra
3240 4188 3498 4242 Willelnii
3531 4189 3806 4259 ingenium

2221 4294 2288 4336 ac
2321 4279 2695 4336 fortitudinem
2737 4281 2866 4334 nulli
2899 4281 3238 4336 ﬁrmamento
3267 4281 3630 4336 confidentes.
3683 4283 3810 4334 lles-

2223 4373 2450 4426 tauratis
2501 4372 2591 4426 ille
2637 4387 2756 4441 quae
2793 4371 3008 4426 ﬂamma
3059 4382 3402 4441 corruperat,
3451 4373 3812 4442 pnesidioque

2221 4465 2568 4534 providenter
2598 4463 2892 4533 disposito,
2939 4463 3211 4518 insolitum
3265 4464 3604 4534 tritttnphum
3651 4463 3806 4532 quasi

2217 4559 2284 4612 de
2315 4565 2508 4612 natura
2560 4565 2814 4626 superata
2864 4557 3084 4612 domum
3139 4559 3348 4610 revexit
3385 4571 3513 4610 cuni
3547 4557 3812 4610 immenso

2217 4649 2416 4718 gaudio
2452 4649 2750 4702 exercitus.
2779 4647 2846 4702 Et
2899 4647 3141 4702 conﬁnes
3178 4647 3434 4702 Gaufredi
3497 4663 3608 4702 non
3659 4647 3812 4700 triste

2217 4749 2542 4810 acceperunt
2593 4741 2695 4794 hoc
2723 4755 2846 4794 eum
2877 4739 3043 4793 fuisse
3079 4739 3408 4792 detrimento
3459 4739 3806 4802 mulctatmn,

2217 4842 2596 4890 asseverantes
2643 4833 2874 4902 gloriam
2905 4832 3073 4886 solius
3106 4831 3358 4886 Willelmi
3393 4831 3616 4885 comitis
3649 4831 3808 4886 ultio-

2219 4939 2342 4976 nem
2367 4925 2662 4976 multorum
2685 4938 2806 4976 esse
2827 4923 2896 4976 de
2919 4924 3141 4976 periuro
3163 4939 3226 4976 ac
3249 4923 3526 4976 praedone.
