4040 5314
250 290 274 345 Ι
289 289 389 348 237

1697 291 1937 349 CESTA.

3389 293 3537 351 1238*

249 412 309 458 et
333 400 608 457 fratruelis
641 399 858 456 obsides
903 397 1116 454 fuerant
1145 399 1350 469 accepti
1390 400 1456 455 de
1486 402 1829 458 successione
1862 409 1909 467 Α
1939 409 2133 473 patruo
2182 414 2303 466 suo,
2352 409 2516 473 atque
2563 400 2795 459 vinculis
2846 403 3272 476 ergastularibus
3323 371 3534 462 manci-

251 497 469 552 eadem.
497 495 564 550 Et
593 509 714 549 eum
741 493 960 563 quidem
982 492 1419 562 prudentissime,
1438 503 1496 547 ut
1519 495 1686 564 ipsius
1709 495 1848 565 opes

252 599 310 643 et
331 587 628 642 auctoritas
660 585 827 640 totius
866 584 1106 656 Anglicas
1135 585 1312 654 gentis
1341 583 1647 640 dissensum
1687 601 1839 641 coer-

254 689 466 742 cerent,
505 676 549 731 si
604 692 716 730 rem
768 689 969 730 novare
1014 674 1234 728 mallent
1282 675 1483 745 perﬁda
1513 675 1832 742 mobilitate,

253 776 458 835 quanta
487 780 607 821 sese
633 773 820 836 agunt.
862 762 1126 819 Heraldus
1153 764 1279 817 dum
1335 763 1404 818 ob
1455 765 1511 818 id
1562 764 1837 833 negotium

255 858 446 912 venire
499 856 869 919 contenderet,
907 855 1116 909 itineris
1153 855 1346 910 marini
1401 855 1642 926 periculo
1680 869 1840 909 cvaso

256 950 411 1005 littus
437 950 670 1020 arripuit
698 947 932 1014 Pontivi,
959 949 1046 1004 ubi
1075 949 1131 1003 in
1156 965 1350 1004 manus
1396 950 1612 1004 comitis
1641 947 1842 1004 Guido-

257 1043 344 1098 nis
373 1042 579 1098 incidit.
629 1039 784 1111 Capti
816 1041 870 1095 in
919 1039 1221 1095 custodiam
1278 1039 1568 1094 traduntur
1624 1039 1739 1109 ipse
1787 1047 1841 1092 et

258 1137 551 1194 comitatus
591 1134 727 1205 ejus,
753 1136 896 1206 quOd
931 1134 1288 1190 infortunium
1316 1136 1399 1189 vir
1431 1135 1566 1190 adeo
1617 1149 1843 1206 magnus

259 1227 545 1297 naufragio
597 1235 853 1281 mutaret.
887 1225 1244 1282 Docuitenim
1297 1224 1540 1280 avaritiae
1570 1223 1842 1279 calliditas

258 1319 554 1374 Galliarum
584 1318 844 1388 quasdam
869 1317 1116 1372 nationes
1139 1316 1528 1371 exsecrandam
1555 1323 1843 1368 consuetu-

259 1413 444 1467 dinem
477 1452 492 1477 ,
518 1411 806 1466 barbaram
837 1421 891 1466 et
946 1410 1260 1482 longissime
1313 1410 1380 1465 ab
1409 1409 1554 1465 omni
1588 1408 1844 1478 :equitate

259 1500 569 1556 Christiana
614 1499 866 1554 alienam.
926 1498 1223 1569 lllaqueant
1251 1507 1522 1570 potentes,
1549 1507 1641 1551 aut
1694 1496 1844 1552 locu-

258 1589 438 1660 pletes
463 1598 644 1643 trusos
674 1587 729 1643 in
765 1588 1034 1659 ergastula
1065 1586 1305 1644 alliciunt
1333 1586 1700 1652 contumeliis,
1727 1593 1842 1640 tor-

261 1679 486 1734 mentis.
539 1676 631 1733 Sic
680 1678 833 1732 varia
874 1677 1092 1732 miseria
1136 1693 1302 1749 prope
1330 1678 1398 1733 ad
1429 1691 1617 1733 necem
1674 1689 1846 1746 usque

1940 499 2088 560 pato,
2118 491 2428 560 provinciae,
2457 506 2619 560 quam
2649 492 2788 547 dono
2811 503 3040 562 paterno
3066 496 3298 565 accepit,
3330 512 3527 568 magna

1940 598 2062 637 cum
2103 582 2426 638 truculentia
2479 583 2745 638 dominari
2797 586 2982 656 erepit.
3030 587 3281 642 Paterna:
3327 588 3525 644 dehinc

1943 673 2254 729 rebellionis
2287 683 2595 739 renovator,
2634 673 3043 732 Northmannire
3074 678 3243 732 hostis
3273 694 3379 734 non
3422 680 3525 734 mi-

1941 762 2020 819 les
2050 779 2169 842 esse
2200 763 2387 818 voluit.
2425 762 2684 819 Dominus
2729 774 2908 820 autem
2958 767 3073 837 ejus
3109 769 3334 840 antiquo
3380 771 3526 842 jure,

1941 853 2098 909 sicuti
2132 839 2624 908 Northmannorum
2659 853 2998 922 Willelmus,
3054 839 3335 914 castellum
3383 839 3530 930 quod

1943 944 2129 1000 Sancti
2184 944 2369 1000 Jacobi
2413 945 2741 1016 appellatum
2775 955 2858 1002 est
2906 947 3122 1004 interim
3173 950 3423 1021 Opposuit
3475 951 3529 1008 in

1944 1034 2196 1096 conﬁnio,
2249 1048 2316 1089 ne
2360 1033 2594 1089 famelici
2643 1035 2926 1104 praedones
2955 1036 3200 1093 ecclesiis
3231 1037 3531 1095 inermibus

1943 1136 2035 1183 aut
2063 1125 2252 1181 ultimo
2292 1135 2452 1181 terra:
2486 1142 2598 1182 sua:
2628 1128 2788 1198 vulgo
2831 1130 3262 1186 excursionibus
3307 1131 3533 1187 latroci-

1944 1217 2197 1272 nantibus
2247 1228 2526 1272 nocerent.
2580 1218 2726 1274 Emit
2769 1235 3006 1290 namque
3047 1235 3143 1275 rex
3191 1220 3528 1278 Francorum

1944 1310 2168 1378 Carolus
2211 1325 2397 1380 pacem
2448 1320 2611 1382 atque
2658 1311 2955 1367 amicitiam
3003 1311 3306 1382 aqRollone
3354 1311 3530 1383 primo

1945 1402 2082 1458 duce
2122 1401 2641 1470 Northmannorum,
2673 1419 2736 1460 ac
2767 1404 3128 1475 posteriorum
3160 1413 3388 1473 parente
3433 1420 3531 1459 na-

1949 1503 2055 1549 tam
2087 1509 2238 1548 suam
2269 1491 2474 1549 Gislam
2503 1494 2555 1548 in
2587 1495 2991 1551 matrimonium
3022 1504 3078 1551 et
3108 1495 3442 1551 Britanniam
3475 1495 3531 1552 in

1947 1587 2225 1644 servitium
2282 1594 2603 1657 perpetuum
2655 1588 2704 1642 ei
2757 1589 2998 1643 tradens.
3053 1587 3426 1643 Exoraverant
3474 1588 3533 1642 id

1950 1678 2128 1734 fuadus
2157 1678 2349 1734 Franci
2379 1693 2484 1734 non
2513 1679 2757 1734 valentes
2783 1679 3015 1750 amplius
3041 1679 3296 1735 resistere
3326 1678 3560 1735 Gallico.

259 1769 769 1840 contritosejiciunt
797 1771 1094 1839 saepissime
1116 1770 1361 1826 venditos
1389 1785 1606 1841 magno.
1636 1766 1841 1823 Directi
1874 1780 1917 1840 Β
1946 1787 2076 1827 ense
2107 1772 2321 1828 Danica:
2365 1771 2564 1827 securi.
2601 1772 2888 1827 Annalium
2928 1772 3136 1842 pagina:
3177 1779 3554 1828 attestantur.-

259 1865 329 1917 ad
360 1879 420 1918 se
455 1864 564 1918 dux
600 1861 905 1917 Willelmus
949 1871 1144 1917 eventu
1190 1863 1428 1935 cognito,
1454 1876 1683 1934 propere
1713 1863 1844 1919 mis-

190 1955 196 1960 ⁷
269 1959 346 2012 sis
375 1956 588 2027 legatis,
616 1963 841 2027 precatu
871 1954 1032 2010 simul
1065 1961 1128 2010 a'c
1152 1957 1312 2011 minis
1343 1965 1618 2012 extortum
1650 1957 1844 2012 obvius

262 2047 562 2103 honoriﬁce
603 2046 840 2116 suscepit
875 2061 1018 2101 eum.
1052 2043 1284 2101 Guidoni
1333 2045 1470 2101 bene
1503 2046 1699 2102 merito
1748 2046 1842 2116 qui

262 2153 366 2192 nec
407 2137 604 2207 pretio,
646 2152 747 2192 nec
791 2136 1046 2192 violentia
1099 2135 1430 2205 compulsus,
1465 2137 1640 2192 virum
1682 2152 1842 2207 quem

265 2235 540 2296 torquere,
575 2241 793 2292 necare,
815 2226 1049 2282 vendere
1086 2228 1354 2296 potuisset
1405 2243 1502 2299 pro
1552 2227 1705 2283 libitu
1732 2228 1845 2298 ipse

263 2317 538 2372 adducens
559 2318 699 2387 apud
735 2317 986 2373 Aucense
1034 2328 1274 2373 castrum
1322 2318 1424 2373 sibi
1473 2319 1842 2389 praesentavit,

267 2417 455 2480 grates
479 2409 664 2464 retulit
707 2409 1024 2480 condignas,
1049 2418 1222 2464 terras
1254 2409 1477 2464 tradidit
1520 2409 1748 2480 amplas,
1782 2423 1847 2464 ac

269 2499 498 2552 multum
523 2499 754 2567 opimas,
785 2498 994 2553 addidit
1023 2500 1244 2569 insuper
1267 2499 1318 2553 in
1346 2499 1592 2570 pecuniis
1611 2499 1844 2553 maxima

269 2587 430 2642 dona.
461 2587 751 2642 Heraldum
774 2602 904 2643 vero
933 2585 1389 2642 suﬁicientissime
1413 2602 1535 2642 cum
1558 2589 1767 2643 honore
1792 2588 1845 2641 in

271 2678 458 2732 urbem
489 2677 572 2733 sui
599 2677 939 2748 principatus
971 2686 1135 2747 caput
1159 2676 1559 2748 Rothomagum
1601 2678 1847 2732 introdu-

275 2773 379 2840 xit,
405 2772 494 2827 ubi
541 2771 820 2844 multiplex
852 2769 1241 2841 hospitalitatis
1279 2770 1592 2826 ofﬁciositas
1621 2771 1721 2825 via:
1764 2770 1845 2825 la-

271 2862 455 2918 borem
500 2876 786 2932 perpessos
809 2861 1203 2930 iucundissime
1244 2869 1538 2916 recrearet.
1579 2859 1846 2942 Nimirqu

271 2955 646 3027 gratulabatur
677 2965 829 3012 tanto
859 2970 1024 3026 super
1049 2954 1264 3024 hospite
1286 2954 1388 3010 sibi
1439 2955 1684 3010 omnium
1713 2955 1848 3009 cha-

274 3045 473 3099 rissimi
504 3045 792 3115 propinqui
819 3054 874 3100 et
897 3044 1058 3100 amici
1094 3043 1294 3115 legato,
1324 3059 1484 3114 quem
1531 3044 1672 3100 inter
1694 3058 1754 3099 se
1794 3052 1852 3099 et

270 3135 475 3204 Anglos
520 3135 718 3205 quibus
757 3150 787 3188 a
819 3150 945 3205 rege
983 3135 1255 3192 secundus
1291 3144 1446 3201 erat,
1494 3135 1848 3191 mediatorem

271 3226 527 3294 sperabat
574 3225 916 3280 ﬁdissimum.
995 3226 1308 3282 Coadunato
1355 3228 1422 3280 ad
1466 3225 1852 3279 Bonamvillam

273 3315 524 3381 «sotnsilio,
553 3315 667 3370 illic
727 3315 989 3371 lleraldus
1026 3317 1077 3369 ei
1123 3316 1438 3372 ﬁdelitatem
1493 3326 1684 3371 sancto
1748 3315 1856 3369 ritu

275 3405 708 3461 Christianorum
747 3407 971 3478 juravit.
1007 3407 1074 3461 Et
1098 3407 1236 3461 sicut
1269 3407 1624 3471 veracissimi,
1653 3406 1854 3461 multa-

275 3513 381 3566 que
441 3499 727 3554 honestate
774 3499 1177 3571 praeclarissimi
1233 3499 1480 3554 homines
1532 3499 1854 3564 recitavere,

277 3589 368 3658 qui
399 3600 525 3646 tunc
547 3592 768 3646 adfuere
813 3602 998 3658 testes,
1032 3592 1083 3646 in
1106 3591 1248 3646 serie
1279 3606 1490 3646 summa
1529 3593 1857 3647 sacramenti

277 3677 450 3736 libens
472 3696 584 3751 Ipse
607 3685 721 3737 haec
743 3682 1019 3748 distinxit;
1046 3699 1105 3738 se
1128 3682 1180 3736 in
1217 3681 1369 3737 curia
1397 3681 1604 3737 domini
1637 3683 1720 3737 sui
1748 3683 1856 3738 Ed-

275 3771 447 3826 wardi
499 3773 679 3843 regis,
716 3775 952 3844 quandiu
999 3782 1329 3844 superesset,
1375 3774 1531 3828 ducis
1597 3774 1855 3832 Willelmi

278 3861 541 3917 vicarium
581 3863 726 3931 fore;
757 3866 1282 3936 cnisurumquanto
1341 3865 1573 3920 consilio
1628 3865 1854 3930 valeret,

280 3963 374 4007 aut
411 3955 624 4024 opibus,
656 3965 712 4010 ut
747 3957 970 4023 Anglica
997 3960 1310 4015 monarchia
1339 3969 1458 4031 post
1485 3959 1742 4014 Edwardi
1765 3958 1861 4014 de-

280 4060 494 4100 cessum
549 4047 602 4101 in
634 4046 750 4113 ejus
809 4065 972 4103 manu
1030 4052 1478 4120 conﬁrmaretur;
1531 4054 1855 4110 traditurum

280 4137 496 4192 interim
521 4140 686 4210 ipsius
723 4141 950 4196 militum
979 4145 1238 4199 custodia:
1277 4156 1519 4201 castrum
1568 4147 1854 4213 Doveram,

280 4229 460 4283 studio
505 4239 667 4300 atque
712 4240 928 4302 sumptu
975 4247 1074 4287 suo
1125 4236 1544 4300 communitum;
1582 4237 1708 4290 item
1763 4252 1860 4305 per

281 4318 494 4376 diversa
539 4321 654 4376 lora
698 4323 842 4378 illius
873 4331 1032 4378 term
1069 4323 1173 4377 alia
1231 4334 1433 4392 castra,
1466 4326 1554 4379 ubi
1608 4325 1858 4381 voluntas

281 4409 435 4464 ducis
464 4427 526 4465 ea
561 4412 761 4466 ﬁrmari
801 4413 1036 4483 juberet,
1072 4414 1286 4469 abunde
1326 4428 1540 4484 quoque
1569 4415 1858 4470 alimonias

1946 1861 2157 1918 Exinde
2184 1862 2413 1917 comites
2440 1861 2735 1919 Britannici
2764 1877 2794 1917 e
2817 1862 2946 1933 jugo
2975 1861 3414 1918 Nortbmannica:
3435 1861 3556 1917 do-u

1947 1953 2262 2009 minationis
2293 1955 2562 2009 cervicem
2591 1955 2812 2008 omnino
2854 1954 3063 2010 solvere
3116 1969 3394 2024 nunquam
3446 1947 3538 2008 va-

1947 2047 2184 2115 luerunt,
2213 2049 2316 2104 etsi
2345 2032 2660 2104 multotiens
2687 2049 2742 2105 id
2766 2049 2944 2104 conati
2973 2058 3082 2104 tota
3105 2049 3157 2104 vi
3181 2049 3530 2105 obluctandn.

1948 2139 2152 2194 Alanus
2186 2151 2242 2194 et
2271 2140 2548 2206 Conanus,
2593 2149 2795 2210 quanto
2838 2139 3254 2197 Nortbmanniae
3299 2149 3540 2198 rectores

1949 2230 2421 2298 consanguinitate
2452 2230 2677 2301 prepius
2715 2229 3081 2301 attingebant,
3117 2241 3267 2286 tanto
3303 2231 3538 2302 glorian-

1949 2320 2092 2374 t’hus
2119 2319 2320 2374 animis
2347 2329 2535 2374 contra
2564 2335 2659 2375 cos
2680 2319 2936 2375 elatiores
2969 2319 3294 2376 existebant.
3323 2320 3533 2376 Conari

1952 2410 2003 2464 in
2030 2419 2236 2464 tantum
2263 2409 2375 2479 jam
2409 2411 2688 2467 temeritas
2715 2411 2913 2476 crevit,
2943 2420 3002 2465 ut
3023 2425 3130 2480 quo
3155 2411 3242 2466 die
3273 2412 3543 2466 terminos

1950 2501 2362 2557 Northmannia:
2390 2505 2795 2573 aggrederetur,
2837 2501 3159 2556 denuntiare
3196 2516 3301 2556 non
3341 2499 3534 2558 formi-

1950 2595 2123 2651 daret.
2158 2595 2370 2649 Homini
2402 2594 2630 2650 acrioris
2654 2603 2884 2654 natum,
2923 2593 3140 2648 fervidae
3169 2593 3346 2648 aetatis
3377 2592 3540 2651 mini-

1951 2687 2146 2741 stravit
2172 2685 2465 2757 plurimum
2492 2685 2686 2739 ﬁducia
2718 2683 2868 2755 regio
2893 2678 3295 2755 longe'lateque
3321 2683 3541 2748 diffusa.

1951 2777 2123 2832 milite
2165 2776 2338 2848 magis
2380 2789 2540 2844 quam
2592 2775 2854 2831 credibile
2906 2775 2979 2830 sit
3011 2773 3228 2830 referta.
3284 2773 3543 2828 Partibus

1952 2871 2202 2941 equidem
2252 2870 2304 2923 in
2344 2869 2449 2924 illis
2493 2867 2648 2923 miles
2689 2883 2829 2922 unus
2857 2867 3248 2938 quinquaginta
3293 2873 3540 2937 generat,

1955 2963 2181 3018 sortitus
2210 2977 2360 3017 more
2387 2962 2619 3016 barbaro
2667 2960 2836 3016 denas
2884 2968 2977 3014 aut
3023 2959 3254 3030 amplius
3302 2971 3539 3021 uxores;

1955 3055 2098 3126 quod
2135 3058 2201 3110 de
2231 3054 2432 3108 Mauris
2462 3055 2737 3109 veteribus
2765 3052 3025 3116 refertur,
3063 3051 3197 3122 legis
3230 3050 3425 3106 divinre
3455 3057 3542 3105 at-

1880 3160 1926 3223 ο
1957 3162 2062 3218 que
2092 3145 2270 3217 pudici
2308 3145 2444 3200 ritus
2475 3146 2698 3215 ignaris.
2725 3145 2803 3198 Ad
2827 3145 2928 3200 hoc
2952 3142 3284 3214 populositas
3308 3141 3422 3211 ipsa
3455 3157 3540 3196 ar-

1959 3241 2061 3296 mis
2091 3249 2144 3295 et
2179 3239 2333 3308 equis
2363 3239 2615 3301 maxime,
2645 3252 2904 3292 arvorum
2932 3237 3159 3292 culturae
3205 3244 3298 3289 aut
3333 3248 3564 3290 morum,-

1959 3332 2180 3384 minime
2226 3330 2465 3384 student.
2512 3326 2988 3391 Uberrimo‘lacte,
3034 3324 3358 3396 parcissimo
3404 3339 3547 3395 pane

1965 3435 2087 3477 sese
2115 3422 2439 3490 transigunt.
2471 3418 2698 3488 Pinguia
2745 3416 2938 3487 pabula
2986 3417 3213 3488 gignunt
3252 3414 3544 3486 pecoribus

1963 3511 2076 3567 loca
2105 3521 2253 3565 vasta
2282 3519 2334 3565 et
2355 3508 2526 3563 ferme
2559 3508 2736 3562 nescia
2764 3519 3025 3578 segetum.

2030 3604 2164 3657 Cum
2196 3611 2389 3656 vacant
2420 3617 2448 3654 a
2478 3601 2644 3664 bello,
2673 3601 2902 3671 rapinis,
2936 3599 3253 3662 latrociniis.
3290 3597 3557 3655 caedibus

1960 3695 2271 3750 domesticis
2331 3693 2570 3756 aluntur,
2623 3693 2736 3747 sive
2790 3701 3132 3748 exercentur.
3186 3689 3374 3744 Ρνινιία
3421 3703 3549 3742 cum

1967 3786 2180 3841 ardenti
2228 3785 2512 3839 alacritate
2562 3783 2794 3839 ineunt:
2849 3784 2974 3837 dum
3027 3779 3366 3852 prmliantur,’
3404 3777 3548 3832 furi-

1967 3876 2130 3931 bundi
2181 3874 2428 3930 sazviunt.
2475 3873 2683 3929 Pellere
2729 3873 2892 3938 soliti,
2939 3871 3153 3928 dillieile
3194 3871 3412 3926 cedunt.
3452 3867 3546 3924 Vi-

1965 3969 2135 4021 ctoria
2191 3975 2246 4020 et
2303 3966 2459 4020 laude
2508 3966 2796 4037 pugnando
2831 3974 2982 4035 parta
3033 3961 3258 4017 nimium
3296 3961 3569 4016 laetantur.

1961 4069 2126 4126 atque
2169 4056 2537 4121 extolluntur,
2597 4057 3042 4125 interemptorum
3097 4052 3268 4120 spolia
3314 4052 3558 4122 diripere»

1967 4155 2026 4200 ut
2079 4161 2215 4216 opus
2269 4147 2524 4202 decorum
2577 4145 3069 4216 volnptuosumque
3142 4149 3348 4222 amant.
3403 4139 3554 4196 Nihil

1964 4239 2205 4307 pendens
2235 4237 2636 4292 terribilitatem
2669 4236 2807 4288 hanc
2832 4234 2940 4288 dux
2965 4231 3274 4286 'Willclmus
3301 4230 3354 4283 in
3382 4244 3546 4299 quem

1967 4326 2110 4380 diem
2148 4323 2435 4380 adventum
2475 4324 2679 4378 Conani
2727 4321 2995 4384 meminit,
3044 4319 3550 4386 denuntiatum,‘eo

1964 4417 2082 4486 ipse
2129 4417 2270 4474 intra
2327 4413 2460 4470 ﬁnes
2512 4415 2629 4486 ejus
2675 4415 2938 4470 occurrit.
2974 4411 3083 4476 llle,
3112 4412 3266 4482 quasi
3306 4409 3580 4464 fulminis.

285 4501 539 4556 daturum
564 4505 897 4559 custodibus.
924 4505 1039 4559 Dux
1061 4505 1109 4559 ei
1131 4506 1243 4576 jam
1273 4505 1491 4561 satelliti
1517 4521 1618 4562 suo
1637 4515 1860 4576 accepto
1890 4512 1938 4571 ι)
1966 4507 2133 4562 ictum
2169 4505 2418 4575 proxime
2455 4507 2827 4562 imminentem
2867 4507 3161 4573 extimens,
3200 4506 3254 4559 in
3282 4504 3398 4559 loca
3431 4517 3555 4586 pro-

283 4609 383 4663 per
412 4611 603 4651 manus
628 4596 1148 4666 autejnsjurandum
1174 4607 1348 4653 terras
1367 4597 1861 4670 ejuscunctumque

281 4697 618 4757 potentatum
650 4689 798 4744 dedit
819 4689 1046 4758 petenti.
1070 4689 1185 4744 Non
1207 4691 1353 4745 enim
1383 4690 1434 4744 in
1475 4688 1696 4761 longum
1734 4707 1858 4753 spe-

283 4780 506 4835 rabatur
525 4781 820 4835 Edwardus
848 4783 1162 4852 aegrotantis
1200 4782 1332 4837 vita.

355 4872 556 4928 Deinde
593 4872 721 4942 quia
761 4870 992 4927 ferocem
1035 4881 1089 4926 et
1131 4874 1252 4928 novi
1309 4872 1542 4928 nominis
1596 4874 1851 4944 cupidum

280 4967 432 5021 novit
462 4966 633 5036 ipsum
667 4972 723 5018 et
759 4964 848 5032 qui
882 4971 1142 5018 venerant
1173 4979 1295 5020 eum
1330 4966 1470 5034 ipso,
1500 4966 1670 5019 armis
1711 4967 1856 5022 mili-

281 5058 487 5084 ..-ηἷιαιιη
527 5066 570 5084 nl
619 5057 772 5084 anu-:0
820 5055 1182 5084 ιῘΛΙΛΛιῖηοῖσειῖιι
1227 5058 1522 5084 ζειαί-σιηολιι
1577 5073 1757 5084 ann-um
1803 5061 1853 5084 2η

1963 4607 2269 4668 pugnatura
2313 4599 2632 4654 citissimam
2677 4599 2856 4670 fugam
2895 4597 3148 4662 instituit,
3189 4595 3355 4652 castri
3393 4603 3558 4650 terra:

1961 4703 2072 4743 suae
2093 4687 2206 4742 Doli
2232 4687 2637 4758 Oppugnatione
2657 4688 2877 4743 omissa.
2891 4687 2947 4742 ld
2967 4685 3136 4748 enim,
3160 4683 3345 4740 rebelli
3361 4682 3577 4738 adver-..

1964 4793 2124 4846 sum,
2171 4778 2330 4848 justas
2396 4793 2573 4832 causae
2627 4773 2792 4833 ﬁdum
2850 4778 3048 4834 stabat.
3108 4776 3327 4833 Sistere-
3377 4773 3560 4830 tentat'

1963 4868 2243 4923 Conanum
2269 4867 2437 4922 castri
2489 4881 2694 4935 praeses
2737 4865 2984 4930 Ruallus,
3026 4873 3270 4922 tevocat‘
3295 4861 3554 4928 illudens,

1970 4961 2172 5018 morari
2203 4961 2424 5016 biduum
2457 4967 2728 5028 precatur,
2785 4959 3056 5016 sufﬁciens
3092 4959 3221 5015 huic
3255 4968 3424 5010 morte
3459 4949 3564 5009 stis

1967 5055 2223 5084 πκηλῖηανι
2265 5051 2333 5084 Ah

2381 5051 2500 5084 :ncn
2539 5061 2882 5084 cuman-mnu.
2943 5049 3118 5084 “Ama
3158 5049 3356 5084 micnrn
3383 5053 3569 5084 αγιον-
