4040 5314
506 243 644 302 I339

1634 242 1977 300 WILLELMI
2014 240 2538 310 CONQUESTORIS

3554 302 3559 305 .
3638 246 3780 305 ιειο

506 330 641 411 bant
673 354 726 410 in
760 353 943 410 aristis
975 354 1157 427 fruges
1180 357 1500 413 immaturae.
1539 356 1707 427 Igitur
1737 373 1805 411 ne
1830 358 2091 429 sacrilega
2124 370 2167 429 Α
2200 354 2381 427 gentia
2438 355 2637 412 decore
2699 357 2990 414 satellitum
3065 374 3285 416 suorum
3354 370 3777 432 perseverantla:

508 446 693 518 praeda
737 446 1066 515 diriperent,
1116 451 1161 505 si
1217 464 1322 520 qua
1381 450 1682 520 reperirent
1733 450 2086 507 ecclesiarum

508 537 675 602 bona,
708 549 985 594 menstrua
1011 540 1242 611 penuria
1278 539 1565 610 fatigatum
1591 541 1892 596 exercitum
1922 540 2086 596 redu-

508 626 684 690 cebat,
714 642 910 699 magno
935 628 1116 683 animo
1143 644 1478 697 praesumens
1501 630 1779 685 Conanum
1806 644 1906 699 pro
1932 629 2087 684 venia

509 717 690 774 delicti
736 727 791 774 et
835 720 1012 790 gratia
1059 720 1369 790 propediem
1412 721 1856 790 deprecaturum.
1894 720 1968 775 At
1995 736 2088 774 ex-

508 810 720 865 cedenti
768 808 882 879 jam
926 810 1227 866 Britannia:
1264 811 1492 866 limitem
1541 819 1763 881 repente
1818 811 2089 867 indicatur

507 900 838 959 Ganfredutn
884 903 1331 975 Andegaveuscm
1378 919 1503 959 cum
1556 903 1870 974 ingentibus
1915 903 2089 973 copiis

507 991 729 1049 Conano
778 993 951 1050 fuisse
994 994 1344 1066 conjunctum
1391 1003 1448 1051 et
1492 996 1684 1051 ambos
1730 1004 1953 1067 postero
2002 996 2088 1052 die

504 1089 806 1160 proeliatum
857 1089 1138 1145 aﬂ'uturos.
1193 1091 1379 1161 Itaque
1431 1090 1675 1161 aperitur
1714 1090 1995 1146 conﬂictus
2020 1106 2087 1145 eo

508 1178 757 1244 cupidior
782 1181 924 1249 quod
955 1180 1243 1251 gloriosius
1274 1182 1629 1253 intelligebat,
1660 1182 1991 1252 triumphum
2021 1184 2087 1238 de

502 1273 663 1328 hoste
681 1271 831 1340 hmo,
848 1286 1076 1343 utroque
1101 1275 1343 1341 immani,
1360 1291 1465 1331 uno
1478 1275 1733 1344 consequi
1757 1275 2082 1343 certamine;

504 1346 585 1415 Ad
613 1361 714 1417 hoc
747 1362 864 1417 fore
890 1363 1240 1435 multiplicem
1270 1362 1511 1433 ejusdem
1538 1364 1796 1436 triumphi
1824 1365 2083 1421 fructum.

504 1452 727 1508 Itnallus
756 1467 963 1520 autem,
1020 1456 1175 1528 cujus
1216 1457 1270 1512 in
1327 1457 1607 1513 territorio
1668 1457 1899 1513 tentoria
1951 1458 2084 1529 fige-

502 1544 724 1610 bantur,
776 1545 971 1601 aﬂ‘atnr
1020 1548 1284 1618 querela:
1326 1549 1512 1605 haberi
1557 1549 1773 1619 quidem
1831 1546 2082 1621 gratum,

505 1636 648 1704 quod
690 1636 760 1691 ab
807 1638 1023 1694 inimica
1062 1639 1113 1694 vi
1144 1655 1242 1710 per
1264 1655 1388 1695 eum
1420 1640 1585 1695 fuerit
1613 1650 1854 1712 ereptus,
1886 1643 1931 1696 si
1964 1657 2087 1712 pro-

2193 444 2610 516 disponentem,
2665 448 2717 501 in
2778 448 2864 503 illa
2927 448 3314 519 gloriosissima
3362 454 3588 508 civitate
3662 457 3775 509 veri

2195 536 2505 605 summique
2552 535 2680 592 boui
2727 538 2924 608 patria.
2957 540 3274 596 Genitorem
3314 560 3471 599 suum
3515 545 3775 617 inclytum

2190 623 2380 679 ducent
2419 624 2713 681 Robertum
2760 637 2881 697 post
2921 632 3271 685 memoranda
3313 633 3533 697 merita,
3580 634 3777 703 quibus

2190 713 2334 769 domi
2366 715 2561 771 claruit
2580 757 2595 778 ,
2619 716 2798 773 fasces
2820 718 3141 790 dignitatum
3171 724 3472 793 seposuisse
3491 764 3506 788 ,
3539 724 3779 792 pert-gri-

2188 822 2315 861 num
2357 821 2464 863 tter
2504 824 2567 863 ac
2615 810 2872 880 periculis
2902 811 3118 881 plenum
3159 814 3476 884 arripuisse,
3506 818 3778 870 dcsrderto

2192 895 2541 967 imperatoris
2599 898 2741 955 illius
2795 900 2847 953 in
2902 915 3135 970 superna
3198 902 3327 957 Sion
3379 903 3775 975 conspiciendi.

2188 987 2358 1059 Ipsius
2405 1005 2621 1046 crucem
2684 991 2736 1046 in
2796 991 3003 1057 fronte,
3061 993 3409 1049 dilectionem
3458 996 3515 1050 in
3561 1004 3775 1060 mente,

2189 1081 2549 1136 reverentiam
2595 1083 2647 1137 iu
2695 1092 2841 1149 actu,
2879 1083 3182 1141 Richardos
3212 1102 3278 1142 ac
3309 1088 3621 1157 superiores
3648 1102 3780 1141 avos

2186 1171 2427 1239 potentia
2463 1172 2754 1239 sublimes,
2793 1174 2932 1229 fatna
2968 1176 3259 1245 prgcclaros
3288 1178 3567 1234 humiliter
3591 1189 3777 1249 gesta.

2187 1259 2348 1315 visse.
2375 1260 2724 1328 Pensaverat,
2750 1275 2801 1319 ut
2838 1267 3119 1335 prudentis
3156 1268 3352 1324 anima:
3390 1270 3578 1337 homo,
3613 1287 3778 1341 quam

2188 1354 2260 1409 sit
2318 1356 2576 1411 miserum
2646 1367 2811 1429 atque
2871 1359 3185 1415 indecorum
3243 1362 3503 1433 spoliatos
3559 1364 3775 1420 honore

2185 1447 2390 1503 caduco
2456 1449 2507 1503 in
2578 1450 2825 1505 exsilium
2887 1452 3246 1523 caliginosum
3312 1454 3613 1519 damnari,
3682 1457 3774 1511 ubi

2185 1534 2398 1592 ﬂatnma
2446 1538 2870 1610 iuexstiuguibili
2896 1543 3187 1610 ardehunt,
3216 1559 3321 1599 non
3352 1556 3781 1611 consumentur,

2185 1626 2444 1697 plangcnt
2501 1630 2554 1685 in
2623 1632 2858 1688 miseriis
2928 1633 3133 1704 absque
3194 1635 3521 1704 clementia,
3595 1652 3783 1695 errata

504 1729 703 1786 ﬁcum“
738 1749 844 1787 non
885 1734 1061 1790 deleat
1100 1735 1473 1803 incommodo;
1517 1754 1642 1792 nam
1671 1739 1715 1793 si
1746 1740 2083 1810 ρηρειοιωυ,
2117 1742 2157 1801 Β
2189 1719 2626 1778 lamentabuntur
2672 1726 2878 1795 absque
2925 1727 3107 1783 venia.
3164 1729 3399 1785 Econtra
3451 1729 3579 1785 felix
3616 1743 3783 1803 atquc

505 1839 598 1879 rus
669 1826 975 1894 consident,
1010 1828 1282 1899 regionem
1329 1830 1539 1886 modice
1584 1829 1869 1887 fecundam
1924 1832 2086 1888 nimis

506 1925 844 1972 attenuatum
876 1916 1117 1974 funditus
1144 1918 1450 1986 devastati;
1487 1936 1587 1976 nec
1617 1936 1786 1993 penes
1816 1922 2086 1994 agricolas

505 2006 773 2063 interesse
826 2006 1258 2068 Northmannico
1315 2027 1385 2067 an
1448 2011 1767 2069 Britannico
1839 2015 2083 2070 exercitu

500 2106 818 2168 consumpta
865 2099 996 2155 anni
1028 2100 1268 2157 laborem
1306 2101 1620 2169 amiserint;
1660 2103 1762 2158 sibi
1806 2105 1966 2160 modo
2016 2105 2084 2160 ad

505 2186 707 2243 [auitam
762 2187 1028 2257 valuisse,
1085 2206 1191 2245 non
1253 2191 1321 2247 ad
1375 2193 1845 2249 conservationem
1900 2210 2082 2249 rerum

503 2277 709 2334 Couani
750 2280 1142 2351 depulsionem.
1190 2283 1657 2340 Considerandum
1697 2300 1819 2341 esse
1855 2285 1962 2341 dux
1999 2302 2084 2342 re-

502 2368 818 2437 spondens,
881 2385 951 2425 ne
1013 2371 1272 2428 discessio
1328 2374 1708 2444 properantior
1775 2376 2083 2445 opinionem

502 2458 681 2529 pariat
730 2460 912 2519 minus
961 2463 1246 2530 honorum,
1278 2465 1587 2521 detrimenti
1632 2466 2083 2536 recompendium

502 2550 555 2605 in
603 2566 737 2607 auro
775 2552 1144 2623 plenissimum
1204 2560 1490 2628 promittit.
1537 2559 1732 2615 Statim
1775 2560 1947 2616 Rualli
1993 2577 2083 2617 se-

498 2652 649 2713 getes
677 2644 941 2703 militibus
987 2647 1263 2704 interdicit
1291 2665 1355 2705 ac
1386 2666 1604 2719 pecora.
1635 2651 2082 2723 Obtemperatum

501 2744 585 2787 est
631 2744 901 2807 praecepto
941 2752 1006 2793 ea
1042 2740 1373 2795 continentia
1415 2751 1474 2796 ut
1514 2741 1777 2797 frumenti
1834 2744 2085 2814 manipu-

502 2825 587 2882 lus
648 2828 847 2884 unicus
898 2829 969 2885 ad
1026 2834 1549 2901 recompensaudum
1611 2850 1771 2890 omne
1825 2837 2082 2891 damnum

505 2919 996 2986 superabundaret.
1037 2922 1323 2979 Certamen
1356 2926 1719 2997 nequidquam
1757 2927 1858 2982 fuit
1892 2944 2084 2999 exspe-

501 3016 743 3074 ctatum,
773 3009 1084 3068 adversario
1119 3014 1292 3084 magis
1333 3014 1386 3069 in
1424 3016 1678 3071 ulteriora
1718 3016 2082 3089 profugiente,

2190 1812 2474 1882 pulchrum
2513 1831 2633 1873 esse
2675 1827 2796 1887 post
2825 1820 3139 1876 consulatus
3173 1830 3351 1888 terrm,
3390 1824 3525 1879 stola
3557 1825 3787 1880 immor-

2190 1906 2414 1964 talitatis
2472 1909 2753 1968 redimitos
2799 1912 3111 1983 angelorum
3150 1914 3297 1970 cives
3345 1917 3631 1985 ordinari,
3688 1919 3781 1972 ubi

2187 1999 2463 2070 voluptate
2513 2002 2661 2057 omni
2710 2002 3151 2071 delectabuutur,
3198 2005 3387 2072 Deum,
3444 2009 3609 2063 sicuti
3664 2019 3781 2072 est,

2191 2088 2725 2160 contemplabuntur,
2767 2090 2821 2146 in
2855 2092 2972 2163 ejus
3023 2092 3179 2149 laude
3213 2103 3471 2166 perpetua
3506 2097 3784 2167 jucunda-

2188 2179 2411 2235 buntur.

2266 2260 2369 2326 Vir
2402 2273 2586 2343 itaque
2633 2273 2830 2346 dignus
2858 2276 2948 2347 pio
2978 2288 3203 2346 parente
3228 2288 3284 2334 et
3312 2279 3415 2349 piis
3454 2278 3781 2349 majoribus,

2188 2377 2365 2432 neque
2395 2365 2522 2420 dttm
2572 2377 2816 2421 armatus
2860 2367 3152 2434 actitabat,
3194 2370 3407 2424 oculqu
3459 2372 3782 2428 interiorem

2185 2471 2214 2509 a
2261 2458 2454 2511 timore
2502 2457 2846 2527 sempiterna:
2891 2460 3194 2530 majestatis
3233 2461 3539 2531 dcjiciebat.
3590 2464 3780 2523 Armis

2186 2564 2421 2619 namque
2458 2552 2787 2619 protereudo
2826 2551 2965 2607 bella
2991 2563 3239 2620 externa,
3270 2557 3511 2611 arcendo
3551 2560 3780 2613 seditio-

2186 2657 2308 2706 nes,
2354 2640 2607 2711 rapinas,
2645 2643 2889 2713 praedas,
2933 2648 3124 2716 patria:
3160 2648 3473 2704 consulebat
3499 2649 3780 2707 Christum

2184 2733 2423 2800 colenti;
2459 2744 2517 2787 ut
2548 2750 2657 2804 quo
2694 2750 2826 2805 pace
2866 2736 2985 2807 plus
3015 2736 3305 2805 frueretur,
3342 2741 3525 2797 tniuus
3550 2744 3781 2799 violaret

2187 2843 2346 2883 saera
2377 2830 2643 2885 instituta.
2670 2829 2780 2887 Nec
2804 2847 2933 2888 vere
2957 2834 3159 2889 dictum
3188 2850 3425 2906 unquam
3457 2839 3565 2892 erit
3596 2854 3783 2894 susce-

2184 2924 2329 2991 pisse
2369 2938 2492 2978 cum
2528 2922 2727 2978 bellum
2772 2924 2916 2994 quod
2947 2923 3158 2993 justitia
3199 2938 3435 2983 vacaret.
3482 2930 3562 2984 Ita
3617 2930 3780 2986 Chri-

2186 3013 2391 3069 sticolte
2444 3028 2601 3082 reges
2646 3014 2888 3085 gentium
2944 3015 3315 3072 Romanarum
3358 3027 3415 3074 et
3460 3018 3780 3077 Graecarum

506 3109 760 3170 receptus
813 3101 868 3156 in
910 3118 1006 3157 sua
1052 3120 1149 3174 per
1189 3106 1414 3161 charum
1466 3107 1731 3177 hospitem
1789 3108 2079 3165 Ileraldum
2112 3103 2155 3165 C
2189 3117 2432 3163 tutantur
2465 3124 2594 3174 sua,
2636 3110 2954 3180 propulsant
2984 3111 3230 3181 injurias,
3257 3111 3404 3182 juste
3434 3115 3501 3170 ad
3532 3115 3778 3185 palmam

504 3194 730 3263 apudse
779 3204 903 3265 post
948 3205 1219 3252 moratum
1270 3198 1583 3269 aliquandiu
1630 3200 1786 3256 donis
1830 3210 2083 3256 onustum

503 3284 717 3347 emisit,
761 3285 920 3355 digne
973 3296 1203 3357 utroque
1245 3297 1297 3343 et
1342 3288 1667 3358 cujusjussu
1702 3300 1756 3345 et
1794 3306 1893 3361 pro
1929 3290 2086 3360 cujus

505 3378 710 3432 honore
769 3377 1077 3449 amplianda
1142 3389 1386 3435 venerat.
1435 3380 1577 3448 Quin
1630 3381 1795 3436 etiam
1841 3382 2087 3438 fratuelis

502 3472 621 3540 ejus
666 3470 804 3525 alter
850 3472 1012 3527 obses
1063 3486 1187 3527 cum
1238 3472 1355 3541 ipso
1404 3475 1574 3528 redux
1630 3483 1853 3543 prOpter
1907 3475 2083 3546 ipsum

503 3565 751 3617 redditus
789 3568 893 3615 est.
938 3559 1132 3617 Paucis
1170 3560 1335 3633 igitur
1380 3572 1433 3617 te
1476 3562 1787 3631 aﬂ‘abimur,
1828 3563 2082 3621 Heralde.

502 3657 621 3725 Qua
646 3668 829 3714 mente
857 3667 976 3728 post
1006 3660 1119 3716 haec
1145 3660 1417 3717 Willelmo
1443 3661 1813 3718 hmreditatem
1846 3662 2082 3731 auferre,

502 3747 704 3805 bellum
763 3750 966 3805 inferre
1014 3766 1179 3807 ausus
1230 3766 1312 3818 es,
1345 3753 1433 3809 cui
1484 3762 1535 3809 te
1581 3763 1905 3827 gentemque
1936 3765 2084 3812 tuam

504 3855 668 3897 sacro
694 3852 883 3902 sancto
911 3840 1265 3911 jurejurando
1302 3844 1580 3915 subjecisti
1611 3856 1701 3903 tua
1741 3859 1796 3903 et
1824 3849 2001 3921 lingua
2031 3859 2087 3906 et

506 3930 715 3985 manul
753 3929 1016 3988 Coercere
1054 3933 1296 4004 debuisti,
1314 3945 1369 3991 et
1406 3939 1865 4007 pemiciosissime
1899 3941 2085 3996 conci-

510 4020 657 4074 tasti.
685 4020 977 4077 Infeliciter
1006 4026 1231 4081 secundi
1258 4025 1448 4092 ﬂatus,
1481 4030 1572 4099 qui
1620 4031 1925 4102 nigerrimis
1953 4031 2087 4088 velis

508 4111 625 4169 tuis
656 4112 1063 4183 ,aspiraverunt
1134 4116 1540 4187 redeuntibus;
1620 4120 1785 4193 impie
1848 4122 2091 4181 clemens

508 4212 738 4273 pontus,
770 4206 864 4274 qui
907 4207 1193 4265 vehentem
1242 4218 1293 4266 te
1331 4213 1605 4270 hominem
1649 4215 1986 4272 teterrimum
2016 4219 2085 4272 ad

504 4293 657 4350 littus
698 4296 921 4366 provehi
974 4313 1167 4367 passus
1218 4309 1339 4367 est;
1396 4302 1619 4359 sinistre
1667 4304 1878 4376 placida
1923 4307 2086 4363 statio

506 4385 631 4453 fuit,
658 4403 780 4458 qua:
806 4390 1012 4460 recepit
1044 4398 1097 4447 te
1129 4391 1469 4465 naufragium
1504 4397 1870 4456 miserrimum
1895 4399 2085 4469 patria:

506 4478 845 4538 aﬂerentem.

576 4568 720 4624 Inter
746 4570 1131 4642 occupationes
1165 4582 1342 4631 tamen
1384 4591 1564 4632 rerum
1600 4577 1939 4646 bellicarum,
1971 4579 2087 4635 sive

508 4660 948 4729 domesticarum,
1000 4680 1140 4735 quas
1195 4666 1500 4724 mundanas
1547 4670 1849 4740 appellant,
1903 4672 2084 4726 studia

506 4752 693 4822 optimi
741 4755 1000 4827 principis
1050 4760 1103 4814 in
1151 4759 1351 4816 divinis
1399 4763 1617 4833 egregia
1656 4764 1933 4829 exstitere,
1966 4780 2088 4835 quae

507 4854 606 4909 per
655 4840 865 4912 singula
907 4860 976 4900 ao
1018 4862 1117 4915 pro
1166 4848 1539 4918 magnitudine
1580 4864 1677 4905 sua
1716 4852 1947 4907 recitare
1979 4868 2087 4908 non

508 4932 831 4991 suﬂlcimus.
863 4934 1097 4992 Noverat
1131 4939 1275 4993 enim
1314 4955 1421 4995 non
1458 4941 1629 4997 solum
1668 4943 2002 5013 principatus
2030 4944 2085 4998 in

508 5026 710 5083 mundo
750 5025 1008 5084 ﬂorentes
1054 5030 1202 5085 brevi
1258 5047 1459 5088 occasu
1521 5034 1843 5099 terminari,
1896 5049 2086 5091 verum

508 5118 674 5175 etiam
701 5118 873 5190 ipsius
900 5121 1083 5175 mundi
1129 5122 1353 5192 figuram
1393 5125 1691 5195 prmterire.
1723 5126 1954 5184 Unicum
1986 5143 2086 5183 au—

2186 3200 2545 3254 contendunt.
2597 3200 2730 3268 Quis
2778 3211 2961 3257 autem
2993 3203 3137 3259 dicat
3186 3219 3307 3261 esse
3336 3206 3464 3260 boni
3513 3207 3782 3277 principis

2185 3292 2297 3361 pati
2344 3291 2633 3347 seditiosos
2670 3302 2765 3349 aut
2813 3296 3094 3363 raptores?
3132 3295 3261 3364 Ejus
3296 3297 3779 3351 animadversione

2186 3389 2242 3436 et
2278 3381 2488 3453 legibus
2513 3398 2544 3437 e
2575 3380 2963 3438 Northmanuia
2987 3396 3111 3439 sunt
3132 3387 3479 3441 exterminati
3513 3387 3779 3449 latrones,

2187 3471 2491 3539 homicidae,
2532 3473 2788 3529 malefici.
2858 3473 3213 3529 Sauctissime
3276 3477 3329 3530 in
3380 3474 3781 3531 Northmannia

2186 3562 2583 3619 observabatur
2631 3578 3035 3621 sacramentum
3085 3560 3257 3635 pacis,
3299 3583 3462 3637 quam
3522 3566 3782 3622 Trevi'am

2186 3662 2409 3721 vocant,
2459 3655 2602 3725 quod
2650 3653 2870 3711 eﬂrettis
2912 3657 3185 3727 regionum
3227 3658 3453 3713 aliarum
3514 3658 3786 3729 iniquitas

2187 3744 2504 3816 frequenter
2534 3754 2780 3803 temerat.
2830 3746 3061 3803 Causam
3101 3748 3308 3814 viduae,
3348 3750 3555 3820 inopis,
3590 3751 3783 3821 pupilli

2193 3836 2307 3908 ipse
2361 3836 2639 3893 humiliter
2700 3838 3001 3905 audiebat,
3058 3839 3482 3895 misericorditer
3534 3843 3775 3910 agebat,

2188 3932 2488 3989 rectissime
2551 3932 2863 3988 deﬁniebat.
2910 3932 3039 4001 Ejus
3098 3934 3352 4004 aequitate
3409 3926 3774 4006 reprimentc.

2189 4025 2430 4095 iniquam
2460 4024 2813 4095 cupiditatem
2840 4025 3003 4080 vicini
3033 4027 3210 4081 minus
3238 4026 3484 4091 valentis,
3511 4036 3609 4081 aut
3639 4027 3782 4082 limi-

2194 4123 2303 4170 tem
2325 4115 2443 4185 agri
2468 4130 2687 4170 movere
2712 4124 2805 4169 aut
2828 4130 2939 4169 rem
2959 4115 3120 4169 ullam
3150 4131 3433 4187 usurpare,
3459 4132 3562 4172 nec
3587 4128 3782 4187 potens

2188 4205 2421 4261 audebat
2455 4206 2744 4275 quisquam
2812 4221 2912 4261 nec
2952 4206 3253 4263 familiaris.
3327 4206 3511 4274 Villae,
3563 4218 3777 4274 castra,

2189 4300 2357 4355 urbes
2376 4299 2500 4369 jura
2526 4314 2622 4370 per
2649 4316 2773 4356 eum
2804 4301 3077 4356 habebant
3100 4302 3313 4358 stabilia
3334 4311 3387 4358 et
3411 4301 3575 4357 bona.
3600 4304 3778 4376 Ipsum

2190 4392 2325 4449 lmtis
2346 4396 2647 4465 plausibus,
2690 4398 2936 4454 dulcibus
2964 4399 3248 4455 cantilenis
3277 4400 3435 4470 vulgo
3456 4399 3755 4457 efferebant

2114 4463 2450 4557 l)Aceipere
2484 4489 2675 4545 solitus
2721 4500 2803 4546 est
2852 4491 3012 4545 avido
3062 4492 3249 4546 auditu
3296 4492 3561 4563 suavique
3617 4504 3778 4565 gustu

2189 4595 2361 4637 sacra
2410 4584 2622 4655 paginae
2655 4599 2955 4650 sermones,
3003 4584 3069 4640 iis
3116 4592 3174 4638 ut
3220 4585 3414 4639 animae
3437 4584 3658 4655 epulum
3688 4602 3779 4641 sn-

2194 4681 2371 4733 meret
2400 4674 2656 4731 delectari
2687 4674 3021 4739 desiderans,
3052 4675 3309 4745 castigari
3342 4684 3509 4745 atque
3538 4677 3776 4732 edoceri.

2194 4762 2459 4819 Sumehat
2505 4773 2561 4820 et
2606 4765 2909 4831 honorabat
2946 4764 3260 4819 condecenti
3314 4767 3625 4820 reverentia
3678 4767 3777 4819 ho-

2192 4856 2353 4908 stiam
2405 4854 2729 4920 salutarem;
2786 4853 3122 4908 Dominicum
3172 4854 3517 4925 sanguinem,
3567 4857 3782 4912 sincera

2198 4943 2305 5000 ﬂde
2341 4953 2533 5002 tenens
2572 4948 2716 5016 quod
2760 4960 2884 5001 vera
2914 4945 3161 5001 doctrina
3189 4958 3547 5016 prreceperat,
3583 4964 3779 5020 panem

2194 5045 2249 5092 et
2301 5038 2489 5093 vinum
2546 5054 2668 5109 qua:
2718 5039 2877 5095 altari
2935 5052 3411 5110 superponuntur,
3460 5054 3782 5099 consecrata

2205 5133 2505 5188 sacerdotis
2550 5134 2729 5194 lingua
2768 5141 2821 5186 et
2851 5148 3011 5186 manu
3045 5143 3240 5190 saneto
3275 5150 3501 5192 canone.
3551 5136 3783 5191 Redem-
