4040 5314
253 253 393 312 ηδι-

1774 239 2016 300 GESTA.

3382 215 3524 314 tua

249 373 580 429 nobitarum.
625 367 858 425 Senibus
903 367 993 423 ille
1023 365 1239 436 juvenis
1273 366 1483 440 grande
1519 366 1825 438 exemplum
1854 367 1904 426 Δ
1931 374 2267 436 promittere.
2300 364 2480 437 ipsum
2526 367 2613 438 pia
2642 367 2874 439 quadam
2900 367 3158 424 violentia
3192 370 3513 426 monasterii

251 460 507 517 inclaruit
561 457 848 514 sedulitate
879 458 1192 528 quotidiana
1241 456 1634 527 irequeutando
1673 472 1831 511 sacra
1868 529 1881 542 .

252 551 534 626 mysteria.
589 548 721 605 Item
770 548 888 619 ejus
949 547 1105 603 liberi
1157 549 1413 619 pietatem
1464 547 1832 603 Christianam

254 646 488 701 infantes
524 641 763 698 didicere
809 641 1052 711 diligenti
1102 641 1411 712 provisione
1469 639 1658 711 ipsius.
1705 639 1836 696 Ful-

251 746 380 808 gent
427 731 714 807 plangendi
773 731 996 804 quidam
1051 731 1105 787 in
1158 731 1485 788 culminibus
1545 730 1834 801 potestatis

251 836 504 892 terrenae,
534 839 656 882 sese
699 823 753 879 in
799 823 1082 880 interitum
1121 825 1316 880 animae
1345 824 1413 880 ab
1451 823 1532 879 eis
1560 823 1657 893 ipsi
1697 839 1834 894 pra:-

248 919 578 991 cipitantes,
633 932 864 988 quorum
916 931 1082 971 avara
1139 916 1452 986 malignitas
1503 915 1832 986 optimorum

245 1010 412 1082 larga:
444 1009 705 1065 voluntati
731 1008 1026 1072 obsistens,
1058 1008 1313 1064 basilicas
1345 1008 1484 1063 intra
1512 1007 1834 1064 dominatio-

243 1119 374 1160 nem
399 1119 550 1159 suam
573 1101 816 1158 construi
849 1101 1068 1156 dillicile
1090 1112 1183 1156 aut
1207 1101 1510 1157 nullatenus
1542 1100 1833 1172 permittit,

243 1203 591 1250 constructas
635 1192 826 1248 donari
879 1201 1060 1258 vetat,
1122 1207 1222 1248 nec
1278 1201 1497 1247 veretur
1558 1192 1830 1264 spoliare,

246 1271 536 1359 sacrilegio
569 1285 855 1343 cumulaus
899 1285 1117 1341 divitias
1150 1283 1472 1356 peculiares.
1501 1283 1558 1339 In
1589 1284 1833 1355 pluribus

242 1392 375 1432 vero
413 1375 665 1432 ecclesiis
709 1375 995 1430 Dominum
1023 1375 1296 1429 collaudat
1325 1374 1498 1444 patria
1531 1383 1717 1429 nostra
1747 1373 1831 1429 sui

240 1470 507 1540 principis
534 1467 786 1525 Willelmi
817 1469 1053 1542 benigno
1082 1467 1264 1524 favere
1305 1470 1620 1536 exstructis,
1649 1483 1828 1540 prom-

241 1571 335 1631 pta
367 1560 617 1630 largitate
664 1560 932 1617 adauctis.
982 1560 1085 1628 Qui
1131 1558 1332 1616 volenti
1373 1559 1624 1616 conferre
1655 1560 1832 1617 libens

239 1652 440 1720 cuique
483 1651 710 1706 liberam
755 1650 1135 1706 auctoritatem
1186 1653 1558 1716 concedebat,
1605 1663 1828 1709 sanctos

1938 458 2289 515 Cadomensis
2308 460 2557 514 abbatem
2589 461 2798 526 statuit,
2821 475 2927 515 non
2958 460 3137 517 minus
3166 460 3521 516 reluctantem

1935 547 2292 618 subjectionis
2345 565 2552 614 amore,
2577 565 2740 618 quam
2796 549 3007 605 altioris
3045 551 3247 622 gradus
3299 551 3524 606 timore.

1935 640 2119 697 Multis
2167 642 2360 698 deinde
2411 643 2868 712 possessionibus,
2921 643 3050 698 item
3081 653 3330 714 argento,
3361 658 3521 708 auro,

1935 731 2278 803 diversisque
2331 735 2672 789 ornamentis
2725 734 3119 788 monasterium
3181 734 3320 788 idem
3370 732 3536 787 locu-,

1937 822 2178 894 pletavit,
2211 840 2311 880 suo
2333 824 2481 896 largo
2525 833 2744 893 sumptu
2776 840 2806 878 a
2831 823 3192 880 fundamento
3218 833 3520 879 astrnctum

1936 912 2136 983 ingenti
2170 924 2224 970 et
2253 916 2627 986 magnitudine
2656 925 2711 971 et
2734 916 2953 980 decore,
3007 916 3169 985 digne
3207 915 3520 972 beatissimo

1936 1015 2338 1079 protomartyre
2364 1008 2663 1079 Stephano,
2702 1007 2858 1078 cujus
2886 1008 3132 1079 reliquiis
3165 1008 3434 1078 magniﬁc:
3459 1023 3518 1063 n-

1937 1097 2064 1150 dum
2093 1137 2110 1162 ,
2166 1097 2373 1154 honore
2425 1098 2785 1154 dedicandum
2828 1107 2968 1154 erat.
3018 1097 3236 1168 Majoris
3285 1099 3540 1172 pendere.

1938 1203 2099 1242 nemo
2129 1190 2330 1260 poterit
2349 1189 2523 1247 otiicia
2549 1205 2792 1261 precum,
2827 1205 2949 1260 quze
3002 1191 3055 1245 in
3111 1191 3354 1246 ctelcstia
3393 1192 3516 1244 mit-

1941 1287 2147 1334 tuutur.
2197 1280 2402 1335 Crebro
2450 1281 2775 1334 famulorum
2808 1279 3011 1336 Christi
3065 1281 3343 1336 orationes
3370 1279 3526 1352 ﬂagi-

1941 1371 2091 1425 tabat
2121 1380 2179 1425 et
2208 1371 2427 1426 emebat
2474 1371 2711 1426 maximo
2735 1371 2963 1440 majore,
3013 1387 3134 1426 cum
3184 1371 3386 1426 bellum
3427 1379 3524 1426 aut

1935 1464 2040 1519 alia
2072 1479 2158 1520 res
2179 1465 2346 1519 ardua
2377 1464 2716 1520 imminebat.

2005 1576 2142 1633 Cum
2165 1577 2283 1632 huic
2300 1575 2748 1645 retracto,dulcis
2775 1575 3080 1632 recordatio
3102 1576 3323 1632 obvenit
3339 1575 3519 1631 Theo-

1934 1669 2072 1724 dosii
2101 1670 2353 1738 Augusti,
2402 1684 2562 1741 quem
2615 1668 2668 1722 in
2725 1683 2960 1740 pugnam
3009 1678 3198 1725 contra
3242 1678 3508 1738 tyrannos

239 1742 388 1796 nulla
420 1757 656 1813 unquam
690 1739 886 1810 injuria
918 1741 1153 1808 laedens,
1181 1743 1420 1798 dicatum
1444 1742 1526 1799 eis
1556 1742 1829 1814 quidpiam
1863 1756 1905 1816 Β
1936 1775 2316 1831 processurum
2372 1739 2690 1815 mjimabam
2739 1739 2890 1829 prius
2940 1759 3160 1814 oracula
3208 1768 3372 1827 atque
3427 1774 3518 1812 τε-

238 1833 622 1901 abalienando.
687 1831 1066 1888 Aimulabatur
1120 1831 1239 1903 ejus
1308 1845 1552 1904 tempore
1612 1834 1830 1890 beatam

236 1924 536 1997 A‘Igyptum
558 1923 953 1982 Northmannia
973 1924 1298 1996 regulariuiu
1321 1926 1690 1982 emnohiorum
1719 1925 1832 1981 col-

241 2018 423 2089 legiis,
473 2033 594 2087 qute
637 2017 968 2088 praecipuum
1019 2017 1298 2074 consulem
1351 2019 1622 2073 habebant
1652 2017 1830 2089 ipsum

237 2107 383 2162 ﬁdeli
430 2108 733 2174 patrocinio
799 2106 1022 2162 instanti
1075 2107 1410 2178 magisterio.
1451 2107 1674 2163 Cunctis
1708 2107 1830 2178 qui-

235 2202 360 2255 dem
393 2215 660 2264 amorem,
695 2200 980 2266 honorem,
1008 2216 1194 2254 curam
1241 2201 1560 2267 exhibebat;
1614 2201 1828 2272 impen-

232 2295 354 2347 sius
400 2303 580 2350 tamen
638 2294 745 2349 illis
789 2309 927 2364 quos
965 2294 1139 2364 major
1189 2293 1524 2349 existimatio
1576 2294 1830 2350 studiosa!

244 2389 526 2460 religionis
568 2389 990 2445 commendavit.
1031 2389 1075 2441 ()
1111 2388 1452 2444 recolendam
1479 2429 1494 2454 ,
1537 2403 1572 2443 ο
1611 2389 1828 2442 imitan-

234 2482 400 2546 dam,
448 2497 482 2536 ο
529 2481 582 2536 in
613 2497 774 2536 omne
803 2497 977 2535 aevum
1011 2481 1416 2552 propagandam
1445 2481 1781 2552 diligentiam
1809 2482 1823 2534 ε

234 2573 478 2628 Abbates
507 2582 668 2642 atque
692 2571 974 2642 pontiﬁces
1001 2588 1232 2643 persona
1264 2572 1580 2642 principalis
1609 2581 1664 2626 et
1690 2571 1827 2626 laiea

233 2681 337 2734 pro
368 2663 658 2734 disciplina
691 2663 1058 2719 ecclesiastica
1090 2663 1362 2718 subtiliter
1391 2664 1673 2724 iiioaebat,
1697 2680 1826 2717 cou-

231 2768 449 2814 stanter
495 2758 912 2822 exhortabatur,
966 2774 1158 2813 severe
1212 2758 1535 2830 castigabat.
1600 2757 1826 2825 Quoties

231 2849 356 2916 ejus
393 2849 573 2904 edicto
607 2857 664 2903 et
713 2849 929 2904 hortatu
961 2863 1266 2904 convenere
1295 2849 1586 2919 pnesulcs,
1618 2858 1822 2903 metro-

233 2938 507 3009 politanus
559 2953 681 2993 cum
759 2937 1148 3010 sull'raganeis,
1202 2941 1268 2995 de
1320 2951 1468 2996 statu
1526 2940 1820 3010 religionis,

235 3028 592 3093 clericorum,
641 3031 1032 3086 monachorum
1091 3043 1256 3103 atque
1299 3033 1562 3087 laicorum
1621 3033 1821 3095 acturi,

234 3120 462 3190 synodis
502 3121 589 3176 his
628 3120 895 3176 arbitrum
953 3137 1012 3178 se
1061 3123 1248 3178 deesse
1302 3123 1541 3189 nolebat,
1596 3139 1718 3178 eum
1762 3132 1821 3176 ut
1848 3109 1894 3172 C

237 3211 526 3281 pnesentia
560 3229 659 3267 sua
709 3215 968 3271 studiosis
1012 3216 1236 3271 adderet
1280 3216 1554 3279 studium,
1615 3215 1824 3284 cautio-

237 3314 363 3354 nem
415 3301 630 3369 cautis,
699 3311 810 3358 tum
867 3320 935 3360 ne
991 3305 1168 3360 alieno
1241 3305 1553 3361 testimonio
1609 3305 1825 3359 discere

236 3393 505 3464 indigeret
541 3396 775 3465 qualiter
802 3395 1030 3454 fuissent
1056 3408 1200 3464 acta,
1244 3413 1365 3469 qua:
1411 3408 1609 3454 cuncta
1657 3398 1828 3452 ratio-

236 3486 513 3550 nabiliter,
542 3487 792 3544 ordinate
818 3498 868 3544 et
891 3502 1081 3546 sancte
1109 3498 1228 3546 acta
1257 3490 1426 3546 fuisse
1455 3489 1827 3545 desiderabat.

236 3574 429 3631 Delato
457 3575 596 3632 lbrte
624 3593 752 3634 suas
779 3579 846 3634 ad
868 3595 1032 3634 auras
1062 3581 1283 3636 immani
1315 3579 1544 3649 alicujus
1573 3581 1827 3644 crimine,

235 3665 384 3736 quod
422 3666 709 3736 episcopus
748 3679 841 3724 aut
890 3671 1308 3727 archidiaconus
1340 3671 1488 3740 justo
1521 3672 1828 3727 dementius

235 3757 630 3823 vindicaverit,
671 3772 820 3815 reum
868 3761 1168 3832 majestatis
1203 3773 1420 3820 zeterme
1453 3764 1624 3820 teneri
1665 3764 1830 3834 jussit

236 3846 678 3918 incarceratum,
731 3867 1014 3925 quousque
1074 3871 1238 3910 causa
1302 3856 1512 3912 Domini
1569 3855 1828 3926 aequitate

235 3941 486 3998 districta
534 3943 945 4011 decerneretur,
1001 3948 1315 4019 episcopum
1352 3959 1446 4002 aut
1489 3949 1829 4004 archidiaco-

237 4048 368 4087 nmn
406 4034 572 4090 veluti
609 4036 958 4096 adversarios
993 4039 1190 4094 divina:
1227 4042 1401 4110 partis
1432 4041 1734 4095 criminans
1775 4040 1828 4094 in

229 4123 498 4191 judicium
543 4127 919 4193 de'vocandos,
977 4131 1250 4188 feriendus
1316 4133 1466 4202 gravi
1528 4140 1826 4187 sententia.

231 4218 469 4286 Clerici,
522 4223 638 4277 sive
676 4226 964 4291 tuonachi,
1011 4225 1165 4296 cujus
1212 4243 1242 4281 a
1271 4226 1610 4297 professione
1662 4227 1828 4282 vitam

233 4327 343 4366 non
415 4313 732 4384 discrepare
795 4317 1110 4372 testimonio
1184 4318 1450 4388 probabili
1517 4318 1827 4386 comperit,

232 4403 458 4457 cbaram
519 4404 751 4460 habebat
803 4408 1217 4463 ct-llocutioneui
1249 4450 1264 4474 ,
1339 4408 1578 4480 precatui
1656 4417 1823 4462 totam

234 4495 568 4550 voluntatem
600 4498 915 4553 inclinabat.
946 4500 989 4554 Ε
1029 4502 1245 4556 diverso
1277 4517 1453 4572 neque
1485 4501 1647 4556 amici
1675 4501 1822 4556 ocuii

232 4595 488 4656 respectu
516 4588 846 4660 dignabatur
874 4591 1132 4647 infamem
1159 4595 1228 4648 ob
1256 4594 1640 4649 enm-unitatem
1670 4594 1818 4654 vitae.

301 4677 670 4736 Lanfraucum
697 4685 1010 4752 quemdam,
1039 4686 1106 4740 de
1129 4702 1235 4755 quo
1257 4687 1406 4740 venit
1433 4686 1486 4740 in
1511 4687 1656 4742 litem
1705 4689 1826 4757 plus

229 4787 302 4828 ne
325 4773 399 4828 sit
432 4775 658 4830 meritus
717 4777 1080 4833 reverentiam
1131 4791 1296 4848 atque
1325 4779 1557 4850 gloriam
1592 4781 1822 4836 smcula-

231 4865 374 4920 rium
403 4881 467 4920 ac
495 4867 799 4921 divinarum
843 4869 1148 4926 litterarum
1193 4872 1454 4943 singulari
1498 4873 1716 4943 peritia,
1751 4891 1818 4932 an

228 4957 441 5014 ordinis
469 4960 772 5016 monachici
801 4964 1058 5034 singulari
1088 4965 1456 5033 observantia,
1501 4967 1692 5022 intima
1744 4971 1826 5026 fa-

226 5049 548 5104 miliaritate
574 5050 791 5106 colebat
814 5069 830 5107 :
856 5064 914 5109 ut
952 5067 1164 5128 patrem
1196 5072 1487 5121 venerans,
1544 5073 1739 5116 verens
1767 5073 1825 5119 ut

223 5150 620 5172 σι’-.-αηοηαι-ι
705 5141 932 5176 ιΙῖΙῖηΑιιι
965 5155 1021 5176 ..ο

1081 5159 1396 5182 acarnan-nn
1433 5156 1517 5184 QII'
1581 5150 1788 5188 nrnIa-n

1935 1868 2132 1924 sponsa
2179 1851 2404 1908 Joannis
2456 1852 2704 1907 monachi
2739 1852 2792 1906 in
2841 1851 3030 1906 ultima
3061 1849 3339 1906 Thebaide
3369 1865 3517 1904 com-

1935 1946 2218 2001 morantis.
2279 1945 2615 2016 Acceptabat
2669 1961 2737 1998 ex
2792 1943 3046 2000 omnibus
3105 1941 3387 1996 monachis
3434 1939 3524 1995 ille

1933 2033 2201 2090 Joannem
2249 2034 2555 2090 obediendo
2609 2034 2864 2104 adeptum
2915 2032 3213 2105 prophetia:
3256 2033 3519 2103 gratiam,

1934 2128 2037 2182 iste
2078 2127 2483 2183 Lanfrancbum
2542 2119 2796 2183 sartione
2846 2136 2901 2182 tt
2949 2137 3071 2182 actu
3121 2126 3373 2197 spiritum
3425 2125 3520 2180 Dei

1936 2218 2289 2275 redolentem.

2004 2327 2134 2382 Boni
2168 2327 2248 2397 ple
2264 2327 2411 2398 rique
2443 2327 2740 2382 transversi
2769 2325 2964 2382 aﬂ'ectn
2990 2323 3192 2380 carnali
3241 2324 3520 2395 sanguinis

1932 2419 2338 2488 propinquitate
2387 2418 2799 2486 coniunctorum
2849 2417 3172 2471 criminibus
3242 2423 3513 2485 parcunt,

1934 2507 2220 2564 inexcdso
2250 2508 2576 2578 dignitatum
2636 2509 2851 2579 indigne
2903 2506 3260 2576 praesidentes
3287 2521 3390 2559 non
3421 2505 3516 2558 de-

1931 2603 2192 2657 scendere
2224 2600 2430 2656 volunt.
2461 2601 2566 2655 Eos
2587 2599 3011 2656 clementissime
3041 2609 3294 2668 tauquam
3320 2597 3510 2651 crecali
3568 2620 3570 2622 τ

1930 2707 2117 2748 amore
2149 2691 2412 2758 indicant,
2438 2693 2572 2746 alios
2621 2691 3014 2762 perspicaciter
3058 2697 3221 2759 atque
3253 2689 3514 2743 districto.

1930 2781 2200 2838 Ca'trrum
2232 2781 2556 2845 ‘ViilLlllliiS,
2588 2783 2742 2852 cujus
2789 2781 3189 2850 integerritnatn
3220 2777 3516 2833 bonitatem

1933 2872 2305 2938 inscribimus,
2333 2873 2525 2926 ':mimo
2565 2871 2826 2926 intentius
2880 2870 3124 2924 volutare
3172 2870 3185 2922 Ι
3212 2871 3299 2924 bet
3328 2882 3392 2923 ac
3420 2869 3521 2921 nti-

1928 2963 2203 3026 rari,cum
2229 2962 2402 3033 patris
2426 2960 2784 3030 dejectionem
2805 2961 3004 3015 divitia:
3033 2973 3368 3029 nequaquam
3393 2973 3517 3011 esse

1929 3053 2324 3124 pneferuntlam
2359 3054 2590 3117 noverit,
2653 3053 2924 3122 negotium
2979 3051 3069 3106 Dei
3117 3051 3413 3120 prudenter
3439 3049 3513 3104 si-

1931 3145 2040 3200 mul
2063 3156 2118 3201 et
2150 3146 2298 3216 juste
2331 3153 2518 3200 contra
2573 3153 2822 3214 patruum
2863 3159 3020 3196 suum
3071 3143 3274 3213 peregit
3309 3142 3507 3212 Malge-

1933 3239 2073 3294 ritnn
2115 3237 2578 3308 archiprresulem.
2620 3236 2668 3290 Is
2698 3235 2956 3290 Riehardi
3010 3236 3228 3290 secundi
3261 3234 3402 3290 Illius
3426 3251 3514 3290 sa-

1930 3345 2023 3384 cra
2056 3329 2318 3398 dignitate
2353 3329 2695 3390 abutebatur,
2750 3325 2909 3378 veluii
2963 3325 3221 3379 natalium
3249 3324 3370 3394 jure
3395 3341 3514 3380 sua.

1933 3417 2104 3472 Pallio
2136 3429 2312 3471 tamen
2357 3434 2631 3486 numquam
2692 3425 2776 3471 est
2828 3416 3133 3486 insignitus,
3177 3419 3318 3484 quod
3364 3417 3513 3486 prin-

1930 3511 2109 3580 cipale
2131 3527 2194 3566 ac
2219 3511 2504 3582 mysticum
2535 3509 3018 3580 archiprznsulatus
3065 3509 3295 3580 insigne,
3324 3525 3518 3564 uanus

1931 3600 2163 3657 Romani
2195 3602 2467 3672 pontiﬁcis
2518 3602 2733 3657 mittere
2786 3601 2943 3656 solita
2997 3602 3044 3655 ei
3104 3601 3409 3671 denegavit,
3462 3610 3520 3654 ut

1932 3693 2115 3748 minus
2167 3693 2380 3749 idoneo.
2439 3694 2843 3762 Scripturarum
2896 3708 3094 3747 arcana
3153 3692 3522 3764 intelligentiae

1930 3782 2180 3838 litteralis
2209 3784 2368 3839 oculo
2395 3785 2653 3856 colligere
2686 3799 2791 3839 non
2825 3785 3076 3840 indoctus
3117 3784 3239 3849 fuit,
3284 3786 3377 3839 sed
3408 3801 3518 3854 quo

1931 3876 2249 3947 praecipiunt
2279 3878 2674 3944 moderamine,
2707 3891 2884 3950 neque.
2936 3879 3305 3947 subjectorum
3339 3894 3517 3947 neque

1931 3970 2207 4042 propriam
2261 3971 2424 4025 vitam
2479 3972 2784 4040 gubernare
2833 3971 3060 4026 studuit.
3118 3972 3292 4037 Quam
3346 3971 3522 4040 pietas

1931 4063 2286 4134 plurimorum
2311 4065 2556 4116 ornando
2584 4063 2801 4126 ditavit,
2848 4062 2934 4116 ille
2960 4061 3243 4130 spoliando
3265 4070 3518 4114 attenua-

1931 4153 2009 4206 vit
2034 4151 2345 4215 ecclesiam,
2379 4167 2483 4207 non
2515 4167 2748 4221 sponsus
2775 4151 2892 4221 ejus
2937 4151 3019 4206 vel
3052 4159 3206 4220 pater
3235 4150 3515 4217 dicendus,

1931 4243 2024 4297 sed
2076 4243 2432 4312 gravissimus
2482 4243 2734 4295 dominus
2767 4240 2848 4293 vel
2879 4240 3265 4312 rapacissimus
3309 4241 3516 4310 praedo.

1932 4333 2141 4390 Mensas
2163 4335 2410 4403 equidem
2429 4333 2654 4387 nimium
2681 4330 3035 4396 sufﬁcientes,
3063 4330 3287 4384 nimium
3318 4329 3520 4384 nitidas

1932 4425 2193 4494 praebere,
2250 4423 2529 4492 largiendo
2577 4421 2790 4477 laudem
2845 4436 3029 4476 emere
3060 4421 3296 4484 amabat,
3333 4421 3516 4488 specie

1930 4513 2272 4569 liberalitatis
2301 4515 2580 4585 prodigus.
2611 4511 2766 4584 Sarpe
2809 4528 3036 4566 munero
3070 4511 3311 4566 monitus
3356 4519 3521 4578 atque

1929 4605 2228 4675 castigatus
2252 4603 2506 4673 privatim
2531 4611 2697 4672 atque
2723 4601 2936 4673 publice
2967 4600 3167 4656 domini
3195 4601 3278 4655 sui
3306 4599 3522 4670 juvenis

1927 4704 1983 4750 et
2017 4694 2139 4749 laici
2163 4693 2411 4763 sapiente
2459 4693 2768 4760 diligentia,
2799 4707 3028 4762 pergere
3056 4689 3294 4745 malebat
3328 4690 3519 4742 eadem

1933 4785 2219 4854 pravitatis
2261 4800 2373 4838 vna.
2407 4782 2518 4838 Nec
2548 4784 2695 4838 enim
2728 4793 2947 4840 modum
2998 4782 3177 4854 posuit
3227 4781 3525 4853 largitioni,

1931 4879 2102 4932 donec
2164 4876 2323 4932 sedes
2381 4874 2804 4944 metropolitana
2851 4875 3001 4928 omni
3049 4872 3160 4929 fere
3198 4879 3532 4930 ornamento

1937 4972 2114 5027 caruit
2140 4980 2196 5026 et
2224 4971 2501 5025 thesauro.
2532 4965 2852 5036 Sequuntur
2880 4966 3157 5022 mnltoties
3183 4965 3530 5038 largitionem

1936 5067 2160 5134 rapinae.
2203 5062 2475 5117 Prwterea
2503 5059 2770 5118 molestus
2799 5061 3038 5116 infamia:
3073 5059 3191 5132 ejus
3238 5062 3376 5116 odor
3423 5055 3530 5107 dira

1939 5153 2269 5192 fni-uinitori"-
2297 5151 2367 5192 nli
2396 5151 2498 5192 alia
2529 5151 2762 5192 priminn
2820 5150 2924 5192 ςριι
2956 5167 2983 5192 ει
3035 5153 3244 5192 vatiam:
3289 5148 3532 5192 alienum
