4040 5314
428 360 436 366 _
529 293 672 348 ista

1733 293 2074 349 Wll.LEL-Ml
2111 291 2642 364 CONQUESTORIS

2345 123 2368 148 ο

3657 306 3792 362 1⁵244

529 427 752 466 manum
783 409 1076 468 concilium
1109 410 1334 474 accitus,
1365 409 1544 464 renuit
1591 410 1687 464 ire.
1732 409 1876 466 Sane
1897 409 2114 480 pigebat
2141 414 2184 473 Α
2220 427 2508 482 generoso,
2535 415 2752 485 juvenis
2779 433 2809 472 a
2841 416 3084 490 principe
3125 417 3468 488 pontiﬁcatus
3501 420 3558 476 in
3587 423 3794 494 apicem

530 502 951 572 Rothomagum,
984 501 1199 572 pigebat
1238 509 1490 556 cunctam
1535 499 1988 554 Northmanniam
2022 515 2112 552 ar-

532 603 898 672 chipransulis,
947 603 1036 672 qui
1074 617 1196 656 cum
1238 599 1538 656 honestatis
1591 597 1766 654 forma
1812 597 2112 650 eminentes

533 711 778 764 quosque
851 693 1178 748 antecedere
1225 692 1468 756 deberet,
1529 691 1842 746 infimarum
1921 702 2111 758 perso-

535 803 728 842 narum
767 787 1076 841 testimonio
1121 796 1420 841 accusante
1458 783 1865 851 confutabatur,
1896 783 2116 838 univer-

536 896 718 936 sorum
750 881 1006 950 despectu
1032 877 1410 950 degradandus
1432 877 1775 934 censebatur.

603 970 860 1039 Princeps
915 970 1082 1042 igitur
1123 970 1562 1025 animadvertetis
1586 968 1699 1037 jam
1755 983 1861 1024 non
1893 966 2116 1021 monitis

535 1063 618 1132 agi
648 1071 900 1130 oportere
922 1063 976 1116 in
1011 1076 1176 1116 causa
1209 1061 1490 1130 prrcipna:
1521 1058 1826 1130 gravitatis,
1859 1073 1929 1112 ue
1977 1057 2116 1110 ultra

536 1149 790 1218 patiendo
821 1151 1038 1218 superni
1077 1149 1269 1220 judicii
1316 1148 1451 1202 iram
1487 1147 1726 1202 irritaret
1764 1147 1818 1200 in
1851 1159 1926 1210 se,
1958 1146 2120 1214 depo-

538 1243 640 1296 suit
669 1253 919 1312 patruum
953 1243 1004 1296 in
1059 1242 1274 1312 publico
1313 1250 1518 1296 sancta:
1567 1239 1782 1312 synodi,
1835 1238 2116 1309 apostolici

537 1335 743 1390 vicario
787 1335 1108 1404 cunctisque
1157 1334 1560 1388 Nortlnnannize
1587 1333 1869 1404 episcopis
1898 1373 1913 1398 ,
1962 1329 2117 1401 juxta

541 1443 806 1482 canonum
857 1427 1262 1491 auctoritatem,
1312 1426 1638 1482 sententiam
1681 1427 1935 1482 dantibus
1981 1440 2119 1480 una-

541 1518 673 1572 nimi
726 1533 1021 1574 consensu.
1057 1517 1366 1572 Maurilium
1399 1533 1526 1572 vero
1556 1517 1830 1572 cathedra:
1877 1516 2122 1570 liberata:

540 1608 792 1678 providit,
823 1624 886 1664 ex
921 1608 1092 1672 italia,
1132 1609 1222 1663 ubi
1273 1625 1458 1674 supra,
1489 1617 1718 1663 cmteros
1746 1607 1957 1662 abbatis
1986 1607 2122 1662 emi-

545 1700 659 1755 cuit
707 1701 941 1756 eximius
995 1703 1298 1764 reductum,
1355 1702 1727 1772 dignissimum
1759 1715 1974 1756 summo
2011 1715 2129 1754 om-

2221 516 2532 578 provectus,
2571 507 2839 578 spirituali
2881 524 3006 565 mox
3055 511 3260 566 canitie
3290 511 3509 568 senibus
3536 516 3800 569 maturior

2213 599 2472 656 enitebat.
2491 599 2840 671 Nequaquam
2867 601 2954 656 ille
2981 600 3050 657 ob
3073 603 3352 672 antiquum
3381 611 3614 659 stemma
3643 615 3800 661 nota-

2213 690 2373 744 batur
2394 689 2684 756 fastuosus,
2715 705 2818 745 nec
2843 691 2912 747 ob
2941 691 3186 749 altiorem
3213 694 3436 764 gradum
3459 695 3578 749 sive
3598 693 3800 750 ﬂoren-

2217 791 2323 834 tem
2353 789 2568 835 a:tatem
2593 781 2776 836 animo
2807 791 2899 836 aut
2939 781 3135 848 elatus,
3182 791 3278 836 aut
3303 798 3400 853 per
3429 783 3672 840 lubricas
3699 801 3768 840 vo

2215 870 2452 942 luptates
2482 888 2672 944 vagus.
2702 873 2963 929 Librabat
2991 874 3242 946 equidem
3273 885 3499 931 strenua
3533 875 3800 932 sollicitu-

2217 967 2342 1022 dine
2367 980 2530 1038 grave
2571 981 2788 1032 munus,
2817 975 2974 1022 caute
3007 967 3325 1038 gestandum
3353 982 3512 1023 onus.
3555 967 3802 1039 Propria:

2218 1058 2646 1114 conversationis
2671 1057 2957 1113 directioni
2985 1067 3192 1113 attente
3215 1057 3498 1129 vigilabat,
3523 1057 3644 1129 jogi
3669 1075 3802 1115 cura

2219 1147 2599 1218 speculabatur
2627 1149 2895 1220 pascendo
2925 1163 3106 1220 grege,
3139 1149 3216 1204 sic
3247 1148 3604 1204 manifestans
3633 1165 3798 1220 quam

2221 1249 2378 1294 acute
2403 1239 2738 1312 prospiceret
2767 1241 2984 1296 interno
3015 1241 3240 1306 lumine,
3271 1241 3414 1310 quod
3450 1255 3675 1296 sacrum
3703 1243 3794 1296 mi-

2226 1331 2514 1388 nisterium
2555 1332 2848 1404 acceperit,
2900 1332 3144 1405 regimen
3179 1332 3640 1396 ecclesiasticum,
3701 1347 3806 1388 non

2225 1424 2557 1480 dominatum
2601 1424 2688 1480 vel
2723 1425 3010 1481 honorem.
3047 1425 3257 1490 Terris,
3285 1425 3568 1491 thesauro,
3599 1426 3808 1495 pretio-

2227 1530 2412 1572 sorum
2438 1525 2881 1572 ornamentorum
2938 1517 3132 1572 decore
3159 1525 3403 1573 sanctam
3431 1531 3698 1586 sponsam
3727 1517 3808 1572 di-

2225 1609 2381 1664 tavit.
2409 1607 2834 1665 Convenustavit
2875 1624 2994 1665 eam
3032 1609 3228 1665 mdium
3255 1623 3474 1681 quoque
3509 1607 3636 1677 ejus
3667 1615 3816 1662 tanto

2229 1701 2374 1756 cultu
2403 1710 2462 1756 ut
2493 1701 2793 1772 ambigeret
2823 1701 3119 1772 inspector,
3169 1700 3362 1756 melius
3405 1715 3474 1754 ne
3503 1715 3651 1754 nova
3687 1714 3820 1754 con-

545 1793 696 1846 nium
721 1793 1168 1864 archiprzesulatu
1206 1794 1399 1849 merito
1429 1793 1666 1866 generis,
1699 1808 1961 1864 persona),
2021 1793 2128 1848 vir-
2159 1779 2203 1838 Β
2232 1804 2516 1863 surgerent
2551 1803 2647 1848 aut
2689 1802 2900 1848 vetusta
2933 1800 3337 1864 repararentur.
3371 1789 3576 1846 Verum
3624 1789 3684 1844 in
3727 1803 3820 1843 se-

547 1893 750 1952 tutum,
775 1886 1054 1942 doctrinae.

623 1975 794 2045 Hujus
844 1993 1032 2048 parem
1081 1979 1392 2050 quemdam,
1443 1987 1498 2035 et
1533 1981 1590 2036 in
1631 1979 2000 2035 anachoretit-i
2052 1979 2129 2036 ri-

553 2066 700 2136 goris
719 2068 1036 2124 commilitio
1059 2069 1304 2125 sedulum
1327 2071 1768 2126 contubernalem
1785 2070 2130 2138 Gerbertum,

553 2169 764 2216 cunctae
785 2161 1089 2217 sanctitatis
1109 2163 1438 2218 conscientia
1466 2173 1522 2218 et
1547 2163 1690 2217 fama
1715 2162 1870 2232 juxta
1891 2162 2130 2226 beatum,

549 2249 753 2320 aliquot
799 2262 922 2320 post
980 2269 1150 2308 annos
1200 2253 1448 2308 cmnobio
1499 2253 1684 2310 Sancti
1733 2253 2134 2324 Guandregisili

553 2341 836 2411 praefecit,
891 2343 1139 2398 ordinem
1189 2344 1456 2416 dilapsum
1511 2346 1795 2400 restituere
1851 2345 2135 2400 intendens

553 2448 650 2501 per
679 2432 925 2488 abbatem
972 2433 1326 2504 spiritualem.
1359 2435 1532 2490 Ambo
1561 2434 1637 2499 hi,
1668 2433 1720 2488 in
1751 2442 1908 2490 aetate
1935 2432 2133 2488 floren-

555 2526 764 2580 tissima
795 2526 1154 2592 divinitatem,
1179 2536 1234 2583 et
1255 2543 1414 2598 quam
1445 2529 1702 2584 divinitas
1734 2528 1984 2599 largitur,
2006 2529 2136 2582 hea-

557 2618 840 2672 titudinem
899 2619 1162 2688 speculati
1195 2661 1211 2686 ,
1263 2619 1371 2673 alio
1432 2620 1708 2689 multoque
1763 2617 2137 2689 perspicatiori

560 2709 760 2764 mentis
791 2711 1064 2776 acumine,
1093 2725 1256 2780 quam
1285 2710 1458 2776 Plato,
1484 2710 1625 2764 nuda
1673 2708 2014 2781 professione
2041 2708 2141 2762 im—

559 2801 870 2872 pedimenta
901 2817 1083 2856 rerum
1117 2803 1495 2873 temporalium
1521 2817 1761 2865 evasere,
1796 2802 2140 2872 despicantes

562 2890 848 2945 mundanae
877 2891 1230 2964 philosOphiae
1277 2894 1585 2948 vehementi
1635 2885 1994 2964 apﬁpatione
2023 2907 2052 2946 a
2081 2906 2142 2948 se

561 2991 740 3036 amata
767 2983 1068 3054 gymnasia,
1108 2984 1268 3053 patrii
1299 2984 1397 3038 soli
1423 2985 1631 3040 dulcem
1663 2986 1916 3050 arrisum,
1947 2985 2142 3054 opibus

561 3089 628 3130 ac
677 3077 1040 3146 generositate
1095 3075 1299 3130 claram
1353 3078 1718 3146 parentclam,
1773 3093 1922 3148 spem
1969 3076 2141 3132 subli-

2234 1886 2465 1957 mctipso
2499 1885 2699 1942 dicavit
2725 1887 2774 1941 ei
2802 1887 2982 1941 dotem
3013 1901 3146 1940 auro
3181 1894 3237 1940 et
3265 1884 3470 1940 electro
3500 1882 3820 1938 chariorem

2233 1977 2490 2047 omnique
2535 1977 2731 2048 lapide,
2761 1977 2876 2032 sive
2912 1991 3125 2046 gemma
3154 1975 3602 2045 splemlidiorem.
3635 1970 3816 2026 Vene-

2237 2081 2428 2126 rantur
2459 2086 2522 2128 ac
2553 2071 2784 2140 diligunt
2815 2069 3316 2125 reverentissimum
3358 2065 3650 2138 praesulem
3701 2077 3810 2116 mo-

2235 2165 2496 2226 nasteria,
2533 2165 2748 2236 synodi,
2777 2163 2962 2224 curiae,
3001 2170 3060 2216 ut
3085 2159 3432 2231 prudentem,
3461 2159 3538 2212 ita
3569 2156 3828 2225 eloquen-

2237 2263 2368 2320 tem,
2419 2263 2478 2308 ut
2517 2253 2747 2324 justum,
2799 2253 2874 2308 ita
2922 2252 3236 2308 discretum.
3283 2249 3386 2317 Qui
3429 2263 3532 2305 nec
3581 2246 3824 2316 pecunia:

2237 2361 2473 2416 unquam
2517 2345 2694 2402 faveat
2735 2355 2828 2400 aut
2870 2345 3078 2418 gratiae,
3109 2344 3224 2400 sive
3275 2342 3328 2397 in
3358 2340 3568 2410 judicio
3617 2340 3736 2394 sive
3771 2339 3824 2392 in

2238 2437 2466 2492 consilio
2501 2437 2826 2492 sententiam
2871 2437 3078 2492 dicens.
3117 2435 3234 2504 ipse
3261 2433 3527 2504 profecto,
3573 2444 3704 2485 cum
3731 2429 3826 2483 de-

2241 2541 2533 2600 poneretur
2551 2527 2904 2598 archipraesul
2925 2525 3352 2598 Malgertus,vox
3373 2521 3606 2592 justitia
3629 2533 3826 2577 sonora

2241 2625 2366 2690 fuit,
2414 2633 2731 2680 constanter
2779 2635 3102 2690 permanens
3147 2620 3200 2673 in
3235 2627 3390 2688 parte
3433 2616 3554 2679 Dei,
3607 2621 3830 2683 propter

2245 2715 2414 2771 Deum
2451 2715 2718 2770 damnans
2757 2713 2924 2768 lilium
2968 2713 3166 2783 patrui.
3197 2709 3427 2766 Exhibet
3467 2723 3528 2764 se
3567 2705 3830 2763 blandum

2241 2821 2310 2863 ac
2357 2821 2606 2862 severum
2653 2803 3034 2860 decentissima
3075 2803 3128 2856 in
3181 2802 3500 2856 alterutrum
3551 2805 3834 2868 permuta-

2243 2899 2422 2966 tione;
2461 2898 2659 2953 nullius
2689 2896 2943 2960 hominis,
2969 2896 3147 2950 omnis
3173 2893 3288 2948 vitii
3307 2893 3550 2947 clemens
3579 2903 3834 2960 persecu-

2246 2997 2352 3054 tor,
2399 2989 2520 3059 pius
2572 2987 2843 3042 inimicus.
2892 2985 3164 3056 Suhjectis
3193 2983 3510 3038 fidelissime
3559 2979 3830 3038 consulit,

2247 3081 2645 3150 comparandus
2695 3079 2990 3150 prudenter
3028 3075 3376 3148 diligentibus
3417 3073 3696 3142 patribus,
3744 3070 3832 3138 qui

561 3169 730 3242 mium
761 3179 1142 3238 provectuum.
1175 3169 1265 3224 Sic
1291 3171 1474 3224 animo
1512 3170 1718 3224 victore
1740 3170 1976 3240 expediti
2003 3186 2146 3226 nunc
2173 3160 2218 3224 C
2245 3170 2504 3240 juvenutn
2539 3170 2773 3225 filiorum
2805 3183 2913 3224 non
2945 3176 3052 3222 tam
3085 3175 3208 3220 vota
3233 3165 3476 3234 cogitant
3499 3175 3672 3232 quam
3695 3174 3834 3213 com-

561 3262 662 3317 sub
691 3261 822 3334 jugo
843 3263 1238 3327 coenobiorum,
1265 3278 1408 3318 [tunc
1433 3267 1486 3318 in
1539 3263 1710 3317 eremi
1749 3263 1889 3320 lucta
1938 3263 2147 3320 aemulis

565 3353 998 3412 Machabteornm
1028 3355 1385 3412 decertabant
1427 3355 1739 3423 sudoribus,
1765 3371 1864 3426 pro
1900 3356 2147 3412 intermi-

567 3448 730 3504 nabili
754 3458 810 3504 et
831 3447 1156 3504 liberalitate
1183 3449 1451 3519 etquiete,
1479 3465 1696 3506 omnem
1720 3451 2146 3517 extremitatem,

569 3539 772 3594 nullam
811 3539 1184 3609 prmlationem
1217 3541 1272 3596 in
1325 3541 1517 3597 exsilio
1545 3542 1730 3598 mundi
1772 3547 2152 3612 praetereuntis

565 3629 890 3684 ambientes.

640 3718 962 3774 Sublimavit
1003 3719 1144 3775 idem
1176 3720 1428 3792 princeps
1473 3722 1820 3792 quamplures
1856 3721 2136 3790 ecclesias,

568 3811 794 3882 provide
836 3813 1098 3868 trutinata
1165 3815 1510 3870 ordinatione
1540 3813 1828 3882 przcsulum
1862 3823 2026 3884 atque
2062 3814 2153 3870 ab-

567 3903 792 3968 batum,
846 3903 940 3958 sed
991 3904 1262 3975 praecipue
1316 3905 1732 3972 Lexovicnsem,
1779 3906 2153 3976 Bajocensem,

570 3995 986 4052 Abrincensem.
1043 3995 1246 4052 Statuit
1272 3998 1418 4052 enim
1457 4013 1668 4053 summe
1717 3999 1938 4054 idoneos
1978 3999 2157 4070 ponti-

573 4087 728 4155 fices,
759 4087 1036 4160 Hugoneln
1066 4089 1310 4156 chovii,
1343 4090 1622 4160 proprium
1657 4089 1881 4146 fratrem
1913 4090 2158 4146 Odonem

573 4181 924 4252 Bajocarum,
1005 4181 1268 4238 Joannem
1336 4183 1718 4238 Abrincarum.
1797 4182 2036 4251 Quorum
2102 4184 2158 4238 in

571 4274 835 4330 electione
895 4289 1060 4346 penes
1112 4275 1371 4345 judicium
1431 4276 1549 4347 ejus
1600 4277 1841 4346 probitas
1917 4278 2160 4348 ipsorum

573 4369 742 4423 valuit
821 4385 928 4424 non
991 4369 1220 4426 altitudo
1273 4370 1534 4425 natalium
1595 4371 1968 4442 proximorum
2037 4373 2159 4442 ipsi.

577 4457 820 4515 Joannes
873 4459 1142 4529 liadulphi
1192 4461 1407 4516 comitis
1452 4460 1596 4516 ﬁlius
1617 4459 1944 4532 jampridem
1989 4462 2160 4518 laicus

2251 3261 2430 3318 moda.
2464 3261 2634 3316 Favet
2667 3258 3075 3328 congratularis,
3111 3266 3166 3311 et
3195 3254 3476 3310 auxiliatur
3516 3249 3701 3307 ςαξΠοί
3735 3247 3836 3301 Re-

2250 3353 2332 3424 gis
2358 3353 2598 3422 quolibet
2638 3353 2690 3406 in
2723 3351 2914 3407 ordine
2949 3348 3234 3412 militibus,
3267 3346 3320 3400 in
3345 3343 3703 3399 veneratione
3741 3339 3838 3392 mi-

2250 3446 2404 3500 litum
2451 3455 2507 3500 et
2539 3459 2724 3499 amore
2767 3457 2948 3512 regem
3005 3441 3178 3511 ipsum
3225 3437 3428 3495 colens.
3477 3434 3574 3490 Sic
3621 3446 3840 3500 scalper

2253 3538 2526 3593 humanus
2553 3537 2706 3600 vivit,
2737 3535 2817 3590 sic
2846 3534 3164 3596 abstemius,
3209 3541 3268 3586 ut
3295 3527 3672 3584 indesinenter
3705 3521 3830 3578 atie-

2253 3637 2339 3684 rat
2385 3628 2590 3684 homini
2645 3625 3130 3696 cuique,-sa3pius
3179 3631 3356 3677 tamen
3406 3634 3513 3674 non
3561 3615 3832 3676 redituro,

2258 3719 2486 3789 prandia
2519 3734 2637 3786 sua,
2672 3719 2783 3773 Deo
2816 3716 3024 3786 jejunia
3071 3730 3191 3769 sua.
3224 3713 3462 3767 Hilarem
3500 3724 3560 3764 se
3606 3715 3667 3764 et
3697 3723 3844 3762 com-

2257 3809 2514 3866 munione
2539 3819 2774 3882 gratum,
2807 3807 3032 3862 minime
3059 3805 3424 3867 silescentem,
3443 3813 3652 3855 mensae
3675 3799 3842 3852 abun-

2257 3905 2410 3959 danti
2447 3913 2502 3960 et
2529 3902 2687 3958 lautae
2717 3915 2823 3955 non
2854 3901 3103 3970 denegat,
3135 3905 3314 3966 gustat
3345 3893 3575 3963 imperio
3611 3899 3840 3948 naturae,

2259 4013 2368 4052 non
2407 3995 2676 4066 epulatur.
2709 3993 2944 4048 Pascunt
2989 4003 3113 4045 eum
3157 3987 3387 4051 deliciae,
3419 3984 3622 4054 quibus
3651 3980 3848 4036 animae

2259 4089 2563 4147 esurientes
2592 4095 2798 4143 aeterna
2857 4083 3006 4156 pasci
3033 4081 3322 4144 desiderat,
3365 4092 3504 4150 quas
3531 4071 3848 4130 Paracletus

2262 4181 2502 4238 cmlestis
2527 4179 2749 4236 dulcore
2781 4176 3017 4234 infundit
3059 4171 3412 4232 suavissimo;
3441 4168 3692 4225 excubiae
3721 4179 3844 4220 ora-

2263 4275 2499 4332 tionibus
2549 4280 2835 4336 vacantes,
2899 4267 3204 4324 divinorum
3253 4262 3554 4318 ciliciorum
3607 4255 3846 4313 studiosa

2264 4363 2689 4426 concelebratio,
2727 4375 2896 4416 sacrae
2925 4357 3266 4414 bibliotheca:
3301 4351 3482 4408 cultus
3517 4345 3850 4421 perfamiliao

2267 4458 2364 4520 ris,
2389 4455 2620 4524 denique
2646 4451 2820 4507 sancti
2847 4449 3107 4518 cujusque
3130 4446 3310 4516 operis
3338 4441 3648 4498 indefessus
3671 4452 3842 4492 amor.

575 4551 784 4614 odiuc,
815 4525 1064 4606 eruditus
1101 4551 1295 4606 litteris
1325 4551 1492 4618 clero,
1531 4525 1638 4608 imo
1669 4525 1971 4610 rectoribus
2015 4555 2150 4610 cieri
2192 4525 2238 4584 υ
2269 4548 2384 4611 llis,
2425 4545 2668 4614 inquam,
2699 4541 2970 4611 prmcipue
3005 4538 3326 4598 delectatur,
3359 4533 3445 4587 his
3473 4532 3637 4586 avide
3671 4527 3852 4618 pasci--

583 4641 932 4699 admirandus
963 4646 1274 4699 innotuerat
1303 4644 1410 4698 vita
1445 4645 1716 4715 religiosa.
1751 4644 1867 4700 Non
1899 4646 2042 4702 illius
2067 4648 2162 4702 de-

579 4732 778 4786 sideria
825 4735 1004 4804 specie
1067 4735 1420 4790 sacerdotalis
1471 4736 1674 4806 gradus
1727 4737 2014 4804 honorem,
2070 4739 2164 4792 sed

583 4824 734 4878 illum
761 4838 882 4878 vota
913 4825 1206 4895 prarsulnm
1245 4826 1554 4881 atnhierunt
1588 4827 1850 4897 collegam
1901 4828 2001 4882 sibi
2037 4844 2164 4882 con-

585 4916 930 4971 secrandum.
959 4917 1198 4972 Odonem
1227 4917 1296 4970 ab
1317 4917 1474 4972 annis
1505 4917 1804 4986 puerilibus
1831 4919 2162 4987 optimorum

582 5022 809 5062 numero
838 5022 1074 5063 consona
1107 5008 1376 5076 praeconia
1429 5010 1755 5078 optimorum
1795 5008 2162 5074 inseruerunt,

584 5102 778 5156 Fertur
800 5099 888 5154 hic
913 5099 966 5154 in
993 5099 1310 5170 longinquas
1337 5100 1582 5171 regiones
1607 5101 1960 5156 celeberrima
1981 5101 2158 5164 fama;

585 5193 682 5248 sed
717 5191 888 5260 ipsius
925 5190 1286 5246 liberalissimi
1337 5203 1498 5262 atque
1547 5193 1834 5248 humillimi
1885 5192 2056 5248 multa
2111 5199 2167 5245 et

585 5283 852 5314 ἷιιιΙιιριιιῖη
884 5289 932 5314 nl
969 5281 1178 5314 hnniloc
1209 5281 1433 5314 nmnlina
1469 5293 1706 5314 ..τη-οηοηκ

2271 4653 2354 4696 tur
2377 4639 2613 4710 optimus
2640 4634 2904 4691 Dominici
2928 4631 3084 4686 ovilis
3106 4637 3292 4700 pastor
3315 4625 3490 4695 llugo.
3521 4623 3580 4678 In
3611 4617 3854 4676 adversis

2267 4732 2552 4788 eventibus
2585 4726 2910 4788 constantia,
2947 4725 3000 4778 in
3031 4720 3287 4776 secundis
3321 4715 3588 4771 modestia
3623 4711 3850 4782 parilem

2268 4824 2480 4878 laudent
2509 4819 2877 4888 consequitur,
2902 4814 3102 4868 nullius
3123 4811 3374 4881 cupidus.
3401 4807 3646 4876 Linguas
3667 4819 3856 4858 aman-

2271 4925 2348 4968 tes
2377 4913 2606 4967 alienam
2629 4909 2830 4964 famam
2859 4906 3054 4960 laedere
3093 4905 3228 4957 adeo
3259 4900 3430 4956 sensit
3461 4895 3858 4952 abominandas

2271 5015 2332 5060 ut
2375 5019 2562 5060 aurem
2603 5016 2755 5056 suam
2787 4997 3073 5068 pravitatis
3109 5009 3298 5050 earum
3343 5005 3624 5060 nunquam
3668 4997 3856 5043 testem

2273 5099 2534 5154 adhibere
2565 5096 2714 5152 velit.
2739 5093 3100 5148 Altitudinem
3131 5104 3288 5144 suam
3313 5085 3654 5141 admiranda:
3679 5082 3856 5137 humi-

2273 5189 2442 5246 litatis
2485 5186 2766 5258 privilegio
2795 5185 3082 5247 sublimat,
3123 5177 3514 5234 continrntiam
3543 5183 3602 5230 et
3627 5174 3860 5229 virtutes

2585 5279 2710 5314 ilnun
2740 5287 3088 5314 nilnemlnnnp.
3129 5271 3262 5314 nias.
3289 5269 3638 5314 «miserationes
3673 5277 3738 5314 ea
3781 5271 3860 5314 111·-

2275 5280 2506 5314 ιρι-ιιῖηιιαα
