4040 5314
259 341 403 400 1245

1682 331 1920 387 GESTA.

3387 335 3524 391 1246

257 458 648 530 digrediamur,
697 454 823 508 dum
878 467 975 524 per
1012 451 1412 507 honestissimae
1462 450 1584 504 vitae
1635 450 1832 517 templa
1867 453 1910 510 Α
1943 449 2096 518 longe
2140 447 2420 518 majorem.
2464 447 2658 504 Habuit
2711 449 2762 504 in
2814 449 3057 506 consiliis
3097 465 3163 507 ea
3209 460 3528 523 tempestate

251 550 494 620 jucunda
572 555 851 618 raptamur
919 544 1386 607 consideratione,
1455 541 1522 596 ad
1579 540 1839 612 principis

258 639 518 694 Willeltni
553 648 703 709 gesta
738 635 935 690 reverti
967 635 1164 704 placet.

333 730 605 800 Hispania:
627 743 784 798 reges
799 728 905 781 duo
934 727 1179 798 germani
1205 725 1382 781 audita
1414 723 1531 794 ejus
1562 723 1840 795 magnitu-

254 821 386 876 dine
444 831 628 875 natam
687 820 806 890 ejus
858 820 912 874 in
964 818 1370 873 matrimonium
1427 815 1838 885 cupientissime

254 911 562 983 petierunt,
607 925 764 965 suum
813 919 868 964 et
923 924 1150 980 regnum
1201 917 1256 964 et
1305 909 1678 978 posteritatem
1734 907 1839 960 hac

211 1054 216 1058 .
255 1001 654 1071 magnilieaturi
703 998 986 1054 afﬁnitate.
1033 998 1167 1053 Nam
1211 1008 1265 1053 et
1317 999 1384 1055 lis
1433 998 1587 1053 valde
1618 999 1836 1053 inimica

256 1091 400 1146 inter
430 1091 576 1160 ipsos
604 1101 826 1159 propter
850 1106 968 1145 eam
995 1101 1112 1146 orta
1137 1101 1220 1147 est
1249 1092 1469 1146 minime
1491 1092 1834 1161 degenerem,

254 1180 352 1234 sed
384 1181 609 1235 omnino
639 1181 854 1251 dignam
891 1180 980 1235 tali
1017 1191 1264 1251 parente,
1297 1181 1376 1236 sic
1404 1181 1646 1236 moribus
1674 1198 1836 1237 orna-

252 1276 387 1333 tam,
423 1267 501 1320 sic
543 1267 596 1321 in
646 1281 831 1320 amore
877 1266 1074 1320 Christi
1107 1267 1401 1322 studiosam
1444 1274 1501 1320 ut
1529 1267 1730 1335 reginis
1771 1281 1836 1322 ac

250 1360 754 1414 sanctimonialibus
799 1360 1047 1430 exemplo
1093 1376 1218 1416 esse
1269 1369 1458 1431 posset
1508 1360 1685 1428 puella
1727 1376 1832 1415 non

249 1452 449 1506 velata.
480 1453 890 1519 Admirabatur,
924 1453 1201 1518 laudabat,
1235 1469 1299 1510 ac
1328 1455 1688 1509 venerabatur
1707 1470 1832 1509 eum

249 1558 420 1612 supra
444 1544 659 1598 nomina
682 1560 870 1614 regum
896 1545 1104 1615 imperii
1134 1546 1358 1601 Romani
1385 1545 1659 1611 maiestas,
1679 1545 1834 1614 cujus

248 1635 382 1688 olim
437 1635 863 1704 gloriosissimus
919 1639 1230 1694 moderator
1279 1637 1546 1694 Henricus
1597 1637 1831 1695 Conradi

248 1723 598 1795 imperatoris
625 1727 851 1798 Augusti
880 1728 1022 1783 filius
1043 1745 1166 1784 cum
1192 1730 1307 1800 ipso
1329 1731 1492 1786 etiam
1523 1739 1634 1786 tum
1663 1745 1832 1802 puero

1942 539 2562 612 Northtnannia,praeter
2588 544 2870 614 episcopos
2898 553 2950 599 et
2973 543 3352 608 abbates,laici
3382 547 3527 602 ordi-

1940 632 2026 686 nis
2048 634 2521 703 praestantissimos
2533 635 2700 699 viros,
2715 650 2944 704 quorum
2965 637 3019 690 in
3036 635 3261 708 collegio
3282 637 3521 708 splendi-

1940 723 2092 780 diora
2140 728 2384 794 quadam
2427 727 2544 796 ejus
2596 726 2798 781 lumina
2831 737 2992 797 atque
3040 737 3362 784 ornamenta
3389 731 3526 784 etui-

1938 833 2124 884 cuere,
2153 818 2424 875 ltobertus
2452 817 2834 874 Moritoliensis
2869 834 3073 887 comes,
3105 820 3376 877 Robertus
3407 821 3525 874 Au-

1939 910 2115 966 censis
2133 920 2339 975 comes,
2369 911 2717 966 Lexovicnsis
2739 911 2973 983 episc0pi
2999 911 3258 982 Hugonis,
3280 911 3347 966 de
3369 910 3526 978 cujus

1938 1003 2046 1057 vita
2098 1019 2258 1074 supra
2307 1005 2666 1075 scripsimus,
2710 1003 2911 1071 frater,
2959 1004 3299 1060 Ebroicensis
3340 1019 3525 1060 comes

1940 1093 2240 1149 Hichardus
2270 1093 2492 1149 Roberti
2538 1094 2928 1164 archiepiscopi
2973 1093 3133 1158 filius,
3169 1092 3412 1163 Rogerus
3437 1093 3524 1164 .de

1937 1183 2296 1249 Bellomoute,
2340 1186 2585 1256 ltogerus
2620 1186 2686 1240 de
2729 1185 3192 1255 Montegomerici,
3221 1185 3524 1240 Willelmus

1938 1274 2078 1328 filius
2127 1273 2394 1340 Osberni,
2446 1275 2596 1345 llugo
2656 1275 2973 1330 vicecomes.
3021 1274 3224 1330 Horutn
3289 1273 3524 1343 ingeniis

1936 1373 2098 1434 atque
2153 1365 2422 1420 industria
2465 1367 2778 1422 conservari
2828 1375 3008 1436 posset
3059 1366 3371 1430 incolumis;
3425 1378 3525 1420 nec

1936 1453 2071 1508 adeo
2092 1455 2433 1510 senatoribus
2452 1456 2698 1511 ducentis
2726 1457 2992 1526 indigeret
3014 1454 3150 1510 freta
3175 1455 3258 1508 his
3280 1454 3524 1508 Romana

1935 1545 2259 1616 respublica,
2292 1547 2335 1601 si
2366 1558 2565 1616 quanta
2593 1548 2733 1617 apud
2766 1557 2978 1602 veteres
3009 1563 3153 1601 nunc
3195 1545 3441 1615 polleret.
3467 1543 3524 1599 In

1933 1637 2082 1693 omni
2109 1647 2288 1694 tamen
2320 1639 2708 1695 deliberatione
2736 1639 3033 1709 prudentia:
3056 1641 3314 1709 pl‘lnCtplS
3337 1653 3368 1692 a
3394 1653 3526 1692 cun-

1935 1729 2403 1785 ctisconcessum
2463 1729 2631 1786 fuisse
2683 1731 3048 1801 comperimus
3077 1772 3090 1795 ,
3140 1746 3203 1784 ac
3253 1729 3298 1785 si
3344 1737 3526 1784 mente

244 1817 412 1870 veluti
445 1832 565 1871 cum
597 1819 1033 1876 nominatissimo
1065 1837 1188 1891 rege
1224 1822 1519 1877 amicitiam
1546 1823 1730 1893 junxit
1765 1839 1829 1879 ac
1861 1811 1904 1870 Β
1933 1819 2112 1874 divina
2140 1818 2269 1890 quid
2292 1821 2556 1890 agendum
2590 1819 2730 1876 foret
2778 1830 2870 1875 aut
2911 1820 3189 1875 vitandum
3223 1833 3524 1889 prtenosce—

243 1908 584 1962 societatem.
626 1908 758 1977 Ejus
788 1911 931 1964 enim
966 1912 1139 1966 adhuc
1167 1912 1320 1980 pueri
1366 1929 1562 1969 nomen
1589 1913 1830 1968 clarissi-

244 2014 396 2050 nmm
431 2013 528 2067 per
554 2009 739 2068 gentes
777 1999 1066 2054 ferebatur.
1105 2003 1210 2056 Sed
1234 2011 1301 2057 de
1330 2004 1700 2075 magnttudine
1727 2003 1828 2059 viri

246 2088 536 2145 disseram.
562 2090 798 2159 Optabat
830 2092 974 2147 hunc
1011 2093 1246 2148 vicinum
1279 2104 1334 2149 et
1364 2095 1598 2150 amicum
1630 2095 1829 2150 nobilis

242 2191 300 2236 et
338 2183 516 2254 ampla
557 2184 850 2254 nmltisque
885 2187 1099 2256 regibus
1134 2188 1418 2243 dominans
1445 2187 1832 2244 Constantino-

239 2275 400 2345 polis,
424 2291 531 2345 quo
551 2285 950 2346 propugnatore
973 2286 1254 2346 sperneret
1283 2293 1503 2349 gravem
1528 2279 1825 2349 potentiam

238 2363 554 2435 Babylonis.
593 2364 710 2418 Jam
753 2366 805 2418 in
839 2364 1288 2421 Nortbtnanniam
1340 2382 1498 2422 nemo
1531 2368 1823 2423 confinium

240 2457 540 2527 quidquam
572 2457 827 2512 audebat.
858 2458 928 2514 Ut
968 2459 1316 2523 seditionum,
1343 2461 1423 2516 sic
1451 2461 1663 2516 externi
1703 2462 1826 2517 belli

246 2548 483 2615 procella
507 2548 686 2603 omnis
713 2548 1024 2603 defremuit.
1061 2550 1320 2617 Fraueiae,
1347 2551 1669 2622 Burgundia:
1698 2553 1824 2608 item

237 2639 468 2695 ulterius
519 2649 849 2695 remotarum
903 2642 1305 2711 provinciarum
1356 2643 1618 2712 praasules
1666 2652 1828 2713 atque

238 2730 469 2785 comites
493 2731 898 2786 Northmannia:
924 2733 1123 2786 domini
1145 2733 1350 2806 curiam
1375 2734 1824 2804 frequentabant;

239 2821 333 2878 alii
363 2829 422 2875 ut
451 2823 700 2888 consilia,
735 2823 823 2876 alii
851 2833 909 2878 ut
938 2823 1196 2878 beneficia
1226 2826 1560 2894 acciperent,
1583 2826 1827 2896 plerique

240 2914 353 2966 sola
386 2913 558 2984 gratia
594 2914 895 2982 gloriaturi.
935 2914 1127 2970 Portus
1179 2925 1232 2972 et
1277 2917 1542 2989 refugium
1575 2927 1700 2987 apte
1731 2935 1825 2974 no-

241 3003 554 3057 minabatur
590 3003 708 3072 ejus
749 3006 1074 3076 benignitas,
1123 3007 1418 3062 admittens
1473 3018 1528 3063 et
1579 3009 1825 3064 relevans

240 3093 524 3162 plurimos.
599 3096 854 3151 Homines
907 3100 1127 3154 advenae
1180 3109 1468 3157 cernentes
1524 3103 1666 3171 apud
1722 3117 1821 3158 nos

239 3188 454 3256 equites
494 3189 595 3244 hac
645 3191 768 3246 illac
813 3207 1039 3264 pergere
1075 3195 1310 3251 inermes
1357 3205 1412 3251 et
1455 3167 1671 3267 quo-que
1721 3196 1824 3253 iter
1851 3167 1895 3230 ς·

242 3280 439 3347 cuique
476 3281 643 3335 vianti
677 3290 850 3336 tutum
888 3292 1091 3352 patere,
1125 3284 1493 3353 hujuscemodi
1534 3287 1825 3341 beatitudi-

242 3385 403 3436 nem,
466 3374 679 3440 quoties
738 3385 1064 3446 exoptuvere
1117 3379 1230 3433 suis
1287 3379 1625 3450 regionibus!
1673 3380 1824 3436 llanc

243 3478 471 3532 pacem,
525 3473 661 3519 hanc
723 3469 1040 3539 dignitatem
1096 3469 1353 3526 Willelmi
1413 3473 1590 3526 virtus
1638 3474 1824 3542 patriae

240 3557 470 3624 peperit.
523 3555 674 3611 Juste
719 3559 900 3629 itaque
952 3561 1125 3630 patria
1160 3577 1261 3632 pro
1306 3561 1423 3630 ipso
1471 3562 1823 3616 invalitudinc

240 3648 402 3702 dubia
472 3649 760 3717 aliquando
829 3654 1189 3709 deettmbente
1255 3654 1524 3726 lacrymas
1586 3655 1823 3726 profudit

240 3745 405 3808 atque
435 3754 645 3808 preces,
691 3742 879 3815 quales
907 3743 1163 3800 defuncto
1194 3746 1359 3800 vitam
1384 3747 1624 3801 valerent
1652 3747 1824 3818 impe-

237 3837 419 3894 trare;
470 3844 632 3886 orans
664 3833 971 3890 tardissime
1000 3836 1343 3902 moriturum,
1384 3839 1538 3908 cujus
1574 3839 1628 3893 in
1669 3839 1821 3894 obitu

239 3931 569 3990 praematuro
611 3925 903 3994 turbinem,
938 3943 1046 3997 quo
1091 3931 1244 4000 prius
1287 3931 1605 3994 vexabatur,
1645 3933 1822 3987 denuo

240 4011 466 4066 timebat
508 4015 807 4083 oriturum;
861 4033 959 4073 nec
987 4022 1130 4074 enim
1171 4022 1375 4091 prolem
1411 4032 1520 4077 tttm
1549 4024 1823 4094 relinque-

239 4111 343 4165 ret,
377 4102 442 4156 ad
479 4104 884 4172 gubernandum
933 4117 1094 4162 aetate
1144 4112 1411 4166 idoneam.
1465 4112 1734 4179 Creditur,
1765 4122 1821 4170 et

238 4191 559 4262 dignissime
589 4195 833 4264 quidem,
864 4198 952 4268 pia
985 4199 1289 4255 devotionis
1315 4202 1595 4256 Arbitrum
1633 4219 1819 4274 super-

235 4302 364 4340 num
437 4296 662 4345 strenuo
724 4290 1022 4358 majestatis
1085 4307 1194 4347 sua:
1251 4293 1434 4347 clienti
1501 4297 1818 4364 sospitatem

236 4377 556 4445 prmstitisse
582 4387 636 4432 et
665 4379 1064 4449 quietissimum
1092 4381 1286 4448 otium,
1331 4383 1480 4437 omni
1509 4384 1666 4438 hoste
1696 4399 1818 4453 pro-

237 4468 385 4535 trito,
417 4476 477 4523 ut
518 4470 745 4525 meritus
786 4471 853 4526 ad
883 4471 1076 4528 altiora
1121 4472 1300 4536 evehi,
1335 4488 1502 4543 regno
1545 4484 1816 4546 prterepto

1934 1919 2036 1965 ret.
2062 1908 2156 1965 Pie
2185 1912 2469 1981 agentibus
2500 1912 2641 1967 Deus
2662 1914 2809 1966 dedit
2843 1912 3179 1982 sapientiam,
3200 1911 3273 1964 ait
3302 1910 3524 1980 quidam

1933 2001 2142 2070 peritus
2171 2002 2495 2056 divinorum.
2521 2002 2614 2057 llie
2642 2013 2820 2056 autem
2857 2005 2922 2056 ab
2962 2002 3183 2056 infantia
3217 2002 3303 2070 pic
3334 2015 3528 2070 Opera-

1932 2091 2112 2146 batur.
2171 2093 2632 2166 Quantumvcro
2664 2093 2858 2161 jubere
2908 2094 3086 2157 libuit,
3141 2102 3372 2157 tantum,
3419 2093 3523 2148 nisi

1933 2183 2228 2238 necessitas
2267 2184 2590 2246 obsisteret,
2641 2199 2866 2252 paruere
2905 2183 3108 2237 cuncti.
3151 2182 3322 2248 Quam
3361 2182 3528 2251 igitur

1932 2275 2187 2344 prudenti
2237 2275 2406 2345 ipsius
2441 2277 2792 2345 dispositione
2841 2291 3008 2329 naves
3067 2276 3282 2338 fierent,
3335 2276 3522 2339 armis,

1935 2369 2085 2435 viris,
2118 2377 2424 2424 commeatu
2452 2369 2679 2438 aliisque
2719 2370 2879 2423 rebus
2916 2384 3036 2437 quan
3065 2367 3203 2422 bello
3233 2377 3358 2422 sunt
3382 2368 3522 2432 usui,

1933 2461 2353 2527 inStruerenlur,
2401 2463 2636 2532 qualiter
2681 2464 2847 2518 totius
2899 2462 3304 2516 Northtnannire
3344 2461 3521 2515 studia

1930 2549 2225 2614 ferverent,
2257 2551 2526 2620 prolixum
2555 2561 2637 2605 est
2667 2565 2760 2621 per
2789 2551 3000 2619 singula
3031 2565 3307 2604 enarrare.
3339 2548 3523 2617 Neque

1930 2641 2112 2695 mintts
2141 2641 2364 2711 provide
2399 2641 2663 2712 disposuit
2704 2643 2795 2711 qui
2837 2641 3283 2696 Northtuanniam
3323 2655 3384 2695 se
3421 2641 3521 2694 ab-

1928 2744 2084 2787 sente
2130 2733 2494 2804 gubernarent
2541 2748 2606 2788 ac
2662 2741 2989 2787 tutarentur.
3037 2731 3302 2787 Convenit
3355 2732 3520 2786 etiam

1926 2830 2184 2878 externus
2211 2823 2367 2877 miles
2406 2824 2457 2877 in
2493 2824 2752 2878 auxilium
2784 2824 3056 2892 copiosus,
3104 2839 3242 2891 quos
3271 2838 3336 2876 ex
3365 2833 3522 2891 parte

1928 2915 2206 2970 notissima
2235 2912 2388 2971 du'e'is
2413 2916 2730 2980 liberalitas,
2747 2931 2930 2970 verum
2954 2930 3142 2970 omnes
3161 2913 3324 2982 justa:
3345 2929 3521 2969 causa:

1929 3009 2120 3063 fiducia
2149 3011 2446 3064 contraxit.
2475 3008 2685 3078 Rapina
2722 3013 2868 3064 omni
2912 3008 3217 3070 interdicta,
3253 3005 3521 3077 stipendio

1928 3098 2097 3167 ipsius
2145 3100 2308 3154 millia
2349 3100 2573 3156 militum
2613 3100 3002 3170 quinquaginta
3035 3099 3341 3162 alebantur,
3389 3097 3518 3150 dum

1928 3197 2212 3244 ventorum
2254 3189 2668 3245 incommoditas
2703 3190 2769 3243 ad
2813 3199 3024 3259 portum
3064 3189 3210 3242 Diva:
3244 3187 3521 3242 detinebat

1927 3294 2077 3337 mora
2110 3289 2408 3334 menstrua.
2451 3281 2522 3334 Ea
2558 3280 2700 3335 illius
2730 3281 3084 3350 temperantia
3139 3279 3237 3332 fuit
3280 3294 3345 3334 ac
3391 3293 3511 3348 pru-

1926 3369 2146 3425 dentia:
2182 3371 2440 3425 militibus
2477 3382 2530 3426 et
2553 3372 2857 3440 hospitibus
2895 3370 3109 3424 abunde
3138 3377 3386 3438 sumptus
3411 3367 3512 3422 mi~

1926 3464 2282 3529 nistrabatur,
2321 3465 2518 3518 nemini
2553 3478 2744 3533 rapere
2787 3463 3060 3533 quidpiam
3096 3460 3516 3526 concedebatur,

1923 3557 2334 3626 provincialium
2366 3568 2482 3612 tuto
2505 3568 2750 3614 armenta
2781 3559 2860 3613 vel
2900 3572 3089 3628 greges
3130 3555 3515 3626 pascebantur,

1924 3666 2017 3706 seu
2048 3665 2146 3720 per
2174 3652 2520 3722 campestria,
2549 3667 2644 3708 seu
2677 3667 2772 3722 per
2814 3661 3002 3720 tesqua
3029 3663 3044 3704 :
3071 3657 3282 3720 segetes
3321 3647 3515 3704 falcem

1923 3743 2146 3796 cultoris
2173 3742 2391 3798 imaeue
2435 3744 2844 3813 exspectabant,
2883 3756 3019 3812 quas
3063 3755 3163 3796 nec
3191 3740 3516 3795 attrivitsu-

1923 3832 2084 3902 perba
2103 3833 2344 3901 equitum
2366 3833 2576 3901 effusio,
2600 3848 2700 3889 nec
2719 3832 3012 3888 detnessuit
3025 3831 3325 3900 pabulator.
3344 3830 3516 3885 Homo

1923 3923 2204 3980 imbecillis
2225 3935 2318 3982 aut
2347 3925 2591 3992 inermis,
2617 3941 2757 3996 equo
2778 3933 3007 3979 cantans
3027 3940 3133 3993 qua
3156 3923 3314 3978 libuit
3337 3936 3510 3976 versa-

1919 4018 2098 4081 batur,
2115 4028 2318 4074 turmas
2355 4019 2584 4074 militum
2610 4033 2858 4084 cernens,
2885 4034 2991 4073 non
3008 4017 3438 4072 exborrescens.

1995 4109 2262 4180 Tempore
2286 4113 2474 4165 eodem
2518 4110 2740 4164 sedebat
2782 4109 2953 4163 sancti
2987 4107 3130 4162 Petri
3158 4106 3342 4159 Romae
3369 4118 3510 4173 papa

1920 4201 2232 4257 Alexander
2260 4202 2610 4272 dignissimus
2641 4201 2730 4256 cui
2779 4200 3046 4262 obediret,
3084 4210 3356 4266 quemque
3385 4210 3514 4250 con-

1919 4293 2124 4348 suleret
2169 4293 2406 4348 Ecclesia
2447 4293 2714 4347 universa.
2770 4290 3049 4358 Responsa
3091 4288 3291 4342 etenim
3317 4285 3515 4342 edebat

1914 4381 2058 4450 justa
2091 4383 2476 4451 salutariaque.
2518 4382 2568 4436 is
2600 4380 2795 4452 praesul
2843 4379 3148 4443 Lucicnsis,
3193 4393 3316 4433 cum
3348 4375 3512 4431 altio-

1923 4489 2039 4528 rem
2075 4474 2300 4543 gradum
2327 4472 2630 4527 nullatenus
2651 4480 2950 4541 appeteret,
2983 4467 3219 4523 violento
3247 4467 3511 4536 plurimo-

233 4575 361 4614 mox
393 4560 605 4615 facilius
629 4561 914 4631 potiretur,
939 4578 1162 4618 securus
1181 4565 1247 4618 de
1273 4572 1417 4618 statu
1444 4533 1805 4635 principatus.
1846 4533 1893 4592 D
1926 4581 2044 4619 rum
2071 4579 2362 4628 consensu,
2386 4579 2615 4633 quorttm
2646 4564 2787 4633 apud
2832 4562 3109 4617 Romanos
3140 4568 3268 4614 tunc
3291 4556 3512 4628 νινεοθι-

305 4649 478 4706 Verus
526 4667 758 4718 namque
806 4668 992 4707 rumor
1037 4654 1313 4724 insperato
1352 4656 1498 4711 venit
1535 4656 1812 4724 Anglicani

235 4752 436 4798 terram
475 4760 600 4815 rege
628 4744 894 4800 Edwardo
933 4746 1180 4801 orbatam
1221 4761 1342 4802 esse
1373 4756 1426 4802 et
1462 4747 1577 4814 ejus
1613 4765 1814 4806 corona

234 4835 523 4892 Heraldutn
553 4848 828 4891 ornatum.
880 4837 991 4893 Nec
1035 4838 1294 4892 sustinuit
1342 4853 1572 4894 vesanus
1615 4840 1819 4914 Anglus

232 4930 359 4998 quid
389 4929 581 4985 electio
612 4930 821 4998 publica
854 4939 1117 4984 statueret
1159 4931 1468 4996 consulere;
1516 4933 1610 4986 sed
1649 4933 1699 4988 in
1733 4937 1818 4991 die

237 5021 442 5048 ..ιη-ιλοιξ
474 5038 576 5048 "lin
607 5021 840 5048 Λησζινιιιη
979 5023 1229 5048 ιιι-ἰνιλοιιη
1256 5031 1334 5048 ΛΑ.
1385 5035 1502 5048 Αι-ιι-
1537 5039 1662 5048 ιιι-Α...-

1925 4655 2069 4711 lebat
2106 4655 2424 4719 auctoritas,
2473 4655 2675 4724 ingenti
2707 4654 2937 4708 concilio
2972 4651 3323 4713 assentiente,
3369 4647 3514 4702 ineo

1926 4757 2133 4803 iocatus
2161 4757 2246 4803 est
2269 4747 2500 4816 primatu
2524 4761 2632 4814 quo
2660 4744 2951 4816 prmsulum
2982 4744 3132 4798 orbis
3162 4752 3325 4799 terra:
3351 4747 3514 4809 caput

1923 4839 2178 4895 existeret
2207 4849 2369 4908 atque
2405 4835 2684 4906 magister.
2717 4835 3078 4891 Allectionetn
3127 4836 3266 4890 hanc
3309 4831 3517 4885 sancti-

1928 4941 2036 4987 tate
2081 4938 2358 4988 m’eruerat
2398 4938 2561 4997 atque
2611 4927 2881 4985 doctrina.
2923 4928 3025 4983 Per
3060 4930 3258 4984 eadem
3302 4932 3423 4992 post
3451 4923 3522 4977 ad

2481 5039 2630 5048 ιιι-.--μ
2664 5023 2943 5048 -‘I‘.-‘_-l--a
3002 5021 3190 5048 10.-.“-..
3229 5021 3309 5048 vos:

3335 5031 3525 5048 IIIINII-
