4040 5314
536 328 670 385 lii?

1717 321 2060 383 Wll.LELMl
2101 325 2620 396 CONQUESTORIS

3672 335 3804 392 1218

532 440 805 513 peratoris
842 441 971 509 lilio,
1006 443 1189 513 nepoti
1231 442 1576 513 imperatoris
1613 442 1869 508 Couradi,
1901 444 2115 499 novitcr
2147 450 2191 507 Α
2219 460 2368 499 suam
2400 454 2453 501 et
2479 446 2703 517 gloriam
2733 458 2953 516 augere,
2991 455 3252 517 quantum
3281 446 3416 501 ritus
3446 445 3802 504 Christianos

524 539 753 607 junctus
785 536 886 590 fuit
942 538 994 591 in
1044 538 1303 603 amicitia,
1336 538 1493 606 cujus
1526 536 1705 591 edicto
1748 535 1801 590 iu
1824 536 2122 606 quemlibet

536 631 753 685 hostem
804 628 1095 684 Germania
1134 630 1205 694 ei,
1239 630 1283 683 si
1341 630 1660 700 postularet,
1714 630 1927 685 veniret
1967 630 2123 699 adju-

544 725 671 778 trix.
708 724 821 778 Rex
851 738 1068 793 quoque
1102 723 1374 777 Danorum
1404 723 1617 777 Suenus
1646 722 1803 777 lldem
1836 722 2121 793 legationi-

538 814 638 868 bus
654 816 703 869 ci
730 814 1040 884 spopondit,
1062 814 1157 869 sed
1176 814 1410 868 inimicis
1437 814 1556 884 ejus
1579 813 1814 867 amicum
1830 813 2121 869 exhibebat

536 919 595 961 se
646 904 893 968 ﬁdelem,
944 905 1086 959 sicut
1134 905 1187 960 in
1243 908 1596 977 sequentibus
1657 907 1885 977 legendo
1949 907 2119 978 ipsius

534 996 869 1051 detrimenta
898 996 1191 1067 spectabis.

610 1086 879 1141 lleraldus
906 1087 1112 1141 interea
1140 1098 1421 1158 promptus
1449 1088 1517 1143 ad
1542 1088 1938 1144 decernendum
1986 1104 2121 1160 prte-

538 1176 611 1231 lio
646 1176 760 1232 sive
790 1178 1065 1240 terrestri,
1090 1178 1206 1233 sive
1260 1178 1460 1241 navali,
1495 1180 1813 1248 plermnque
1840 1195 1961 1233 cum
2018 1179 2120 1233 im-

536 1270 683 1327 mani
732 1269 976 1325 exercitu
1034 1270 1102 1324 ad
1136 1269 1291 1324 littus
1319 1270 1586 1324 marinum
1621 1270 1892 1339 operiens,
1928 1269 2121 1324 callide

538 1365 866 1420 subornatos
896 1362 1198 1421 transmisit
1228 1361 1624 1431 exploralores.
1644 1362 1889 1429 Quorum
1921 1362 2118 1432 depre—

536 1453 708 1508 henso
738 1453 852 1515 uni,
883 1465 1215 1523 causamque
1237 1451 1319 1505 sui
1351 1454 1615 1506 adventus
1654 1466 1758 1521 qua
1792 1461 2118 1522 prazccptum

538 1553 619 1600 est
645 1542 827 1614 specie
855 1545 1116 1615 obtegere
1144 1550 1368 1609 conato,
1388 1542 1492 1595 dux
1534 1542 1701 1596 animi
1738 1543 1820 1597 sui
1849 1544 2119 1613 magnitu-

537 1637 721 1691 dinem
781 1638 1020 1708 prodidit
1051 1638 1136 1694 bis
1173 1640 1353 1694 verbis
1394 1656 1411 1696 :
1458 1657 1476 1692 ε
1507 1636 1623 1693 Νοη
1664 1639 1889 1711 indiget,
1922 1639 2117 1709 inquit,

539 1725 808 1782 ﬂeraldus
841 1729 957 1783 auri
981 1730 1064 1783 sui
1091 1729 1176 1783 vel
1201 1732 1407 1799 argenti
1434 1730 1644 1800 jactura
1682 1739 1824 1788 luam
1856 1731 2119 1786 aliorum-

2225 540 2470 610 partibus
2494 541 2545 594 in
2581 540 2683 595 illis
2707 542 2978 611 corrigere
3016 544 3267 597 intendit.
3300 541 3419 599 Jam
3461 552 3573 598 tota
3603 544 3799 599 classis

2225 630 2699 699 providentissime
2727 643 2984 687 exornata
3012 633 3079 688 ab
3106 634 3247 689 ostio
3296 634 3442 689 Diva:
3493 635 3803 705 vicinisque

2223 719 2507 790 portubus,
2540 720 2629 776 ubi
2669 719 2927 785 Notluun,
2959 738 3064 791 quo
3102 723 3559 789 transmitterem,
3593 724 3802 779 diutius

2223 818 2611 879 exspectavere
2637 812 2859 883 zephyri
2891 811 3020 865 llatu
3046 813 3097 866 iu
3124 812 3414 869 stationem
3453 814 3632 867 sancti
3662 812 3811 867 Gua-

2224 897 2377 953 lerici
2405 896 2584 955 delata
2615 911 2718 955 est.
2750 899 2825 956 lbi
2862 917 3078 973 quoque
3126 903 3395 972 precibus,
3429 903 3609 968 donis,
3640 904 3804 968 votis,

2222 990 2431 1045 cmlesti
2460 992 2716 1063 sull'ragio
2750 1008 2808 1049 se
2829 993 3321 1065 commisitoptime
3346 995 3629 1051 conﬁdens
3657 994 3811 1064 prin-

2227 1102 2357 1157 ceps
2381 1103 2543 1158 quem
2572 1102 2746 1158 neque
2770 1104 2919 1144 mora
2946 1091 3428 1147 sivecontrarietas
3451 1090 3808 1158 venti,neque

2228 1175 2488 1232 terribilia
2531 1177 2833 1251 naufragia,
2873 1196 3047 1251 neque
3077 1183 3268 1251 pavida
3322 1181 3445 1253 fuga
3480 1184 3802 1245 multorum.

2225 1270 2315 1340 qui
2344 1269 2503 1324 [idem
2543 1271 2964 1341 spoponderant,
3000 1273 3250 1343 frangere
3302 1274 3621 1344 praevalent.
3666 1275 3807 1343 Quin

2224 1368 2279 1414 et
2309 1360 2535 1415 consilio
2563 1362 2980 1419 adversitatibus
3023 1362 3234 1427 obvius,
3260 1367 3673 1421 submersarum
3746 1385 3806 1421 n-

2227 1452 2442 1516 teritus,
2472 1462 2733 1523 quantum
2780 1463 3025 1524 poterat,
3054 1457 3373 1523 occultavit,
3411 1457 3677 1538 latentius
3728 1468 3807 1512 tu-

2226 1541 2509 1607 mulando,
2552 1553 2915 1599 commeatum
2965 1546 3019 1599 in
3073 1547 3189 1601 dies
3236 1548 3510 1616 augendo,
3562 1548 3806 1618 inopiam

2226 1632 2431 1688 lenivit.
2462 1634 2544 1689 Ad
2566 1634 2988 1691 hochurtamine
3009 1637 3224 1693 diverso
3247 1638 3808 1703 retraxitexterritos,

2226 1722 2485 1779 animavit
2530 1734 2808 1795 paventes.
2866 1724 3051 1781 Sacris
3104 1727 3588 1798 supplicationibus
3660 1730 3801 1784 adeo

537 1836 644 1891 que
673 1822 833 1875 [idem
866 1831 1030 1892 atque
1052 1822 1328 1878 solertiam
1358 1838 1562 1889 emere,
1592 1826 1683 1895 qui
1716 1823 1946 1881 subdole
1990 1838 2117 1893 spe-
2156 1836 2196 1894 ιι
2230 1815 2531 1871 decertavi!
2561 1825 2622 1871 ιιι
2670 1831 2868 1888 corpus
2892 1818 3057 1872 etiam
3095 1819 3619 1889 acceptissimi‘Deo
3679 1837 3808 1875 coa-

539 1909 778 1963 culatum
809 1925 907 1964 nos
939 1913 1191 1966 veniatis.
1235 1912 1375 1980 Quid
1416 1915 1753 1981 consulatur,
1786 1917 1914 1986 quid
1956 1930 2125 1987 appa-

541 2010 692 2055 retur
728 2002 869 2070 apud
903 2017 1003 2056 nos
1027 2003 1229 2057 certior
1269 2018 1392 2057 eum
1424 2019 1587 2073 quam
1618 2006 1749 2060 velit
1795 2016 1845 2061 et
1875 2007 2129 2077 opinione

544 2091 664 2159 ejus
696 2093 859 2147 citiur
908 2093 1089 2157 iudex,
1118 2095 1319 2165 quippe
1369 2111 1488 2151 mea
1550 2098 1841 2168 presentia
1882 2098 2125 2153 docebit.

546 2181 659 2238 lloc
690 2201 756 2238 ex
791 2200 875 2239 me
900 2185 1046 2239 refer
1076 2186 1151 2240 illi
1183 2188 1521 2254 mandatum,
1551 2203 1651 2245 nec
1690 2190 1852 2245 ullam
1888 2192 2129 2247 adversi-

544 2282 710 2328 tatem
733 2291 796 2328 ex
832 2275 987 2329 nobis
1017 2276 1066 2331 ei
1096 2278 1495 2347 suscipiendam
1529 2294 1671 2347 esse,
1708 2283 2003 2350 quominus
2036 2297 2127 2338 re-

540 2365 743 2434 liquam
782 2375 996 2421 mtatcm
1021 2381 1248 2422 securus
1271 2379 1395 2438 agat
1425 2370 1528 2424 nisi
1561 2371 1703 2425 intra
1738 2386 1976 2427 annuum
2005 2388 2129 2443 spa-

540 2460 697 2524 tium,
739 2460 827 2513 ubi
860 2460 1116 2517 tutiorem
1145 2461 1321 2517 locum
1369 2464 1484 2519 suis
1524 2465 1751 2535 pedibus
1805 2476 2009 2538 sperat,
2044 2482 2130 2521 me

537 2552 905 2621 conspexerit.
961 2571 980 2605 ι
1022 2552 1313 2624 Stupentes
1360 2570 1489 2611 vero
1541 2559 1746 2627 grande
1803 2561 2129 2629 promissum

539 2643 810 2711 primores
835 2640 1359 2711 Nortlunannoruin,
1392 2647 1544 2701 multi
1594 2648 1943 2704 dilﬁdentiam
1976 2666 2129 2705 suam

540 2748 649 2788 non
690 2736 937 2789 reticent.
969 2736 1321 2807 Ampliﬁcant
1350 2742 1597 2797 oratione
1627 2759 1787 2813 quam
1821 2745 2131 2815 desperatio

540 2825 944 2893 dictavit,upes
998 2828 1217 2884 llcraldi
1265 2847 1391 2886 suas
1444 2833 1770 2891 diminuunt.
1830 2836 2130 2891 Thesauris

542 2916 693 2971 illum
732 2918 1031 2984 abundare,
1064 2922 1263 2990 quibus
1304 2924 1479 2993 partis
1526 2942 1636 2981 sua:
1687 2927 1854 2982 duces
1882 2938 1937 2982 et
1977 2945 2132 2999 rcges

541 3017 905 3078 praepotentes
926 3012 1301 3067 conducantur
1318 3015 1572 3079 ;classem
1595 3018 1795 3073 habere
1818 3020 2128 3089 plurimam,

546 3099 798 3155 homines
825 3100 878 3153 in
912 3101 1227 3159 ministeriis
1258 3106 1489 3161 nauticis
1519 3108 1881 3176 peritissimos
1910 3111 2001 3179 qui
2034 3127 2132 3165 sa:-

2230 1907 2452 1963 l‘essoris
2473 1907 2958 1964 Gualericicontra
3006 1910 3422 1980 praepedieutcm
3463 1922 3518 1966 et
3567 1929 3669 1983 pra
3715 1930 3804 1967 se.-

2228 2000 2405 2057 cundo
2434 2007 2596 2055 vento
2637 2009 2793 2055 extra
2825 2001 3102 2056 basilicam
3143 2002 3404 2071 deferret;
3444 2019 3812 2063 concurrente

2228 2094 2281 2150 in
2310 2095 2498 2149 eadem
2525 2092 2845 2151 humilitatis
2877 2110 3029 2150 arma
3070 2096 3329 2153 concione
3376 2098 3815 2169 profecturoqu

2228 2201 2351 2241 cum
2380 2187 2514 2255 ipso.

2301 2276 2557 2347 Spirante
2578 2278 2699 2333 dein
2728 2292 2859 2332 aura
2883 2288 3195 2348 exspectata
3217 2294 3381 2335 voces
3405 2297 3531 2335 cum
3561 2282 3813 2335 manibus

2231 2369 2284 2423 in
2317 2370 2509 2423 caelum
2552 2369 2944 2439 gratiﬁcantes,
2975 2385 3040 2424 ac
3074 2369 3233 2425 simul
3278 2370 3543 2425 tumultus
3576 2372 3809 2426 invicem

2231 2461 2465 2516 incitans
2513 2459 2735 2526 tollitur,
2771 2468 2911 2514 terra
2952 2476 3112 2530 quam
3143 2462 3632 2531 properantissime
3663 2463 3815 2515 dese-

2231 2552 2385 2615 ritur,
2419 2549 2639 2606 dubium
2682 2551 2788 2605 iter
2828 2566 2992 2620 quam
3029 2551 3435 2620 cupientissime
3485 2552 3675 2606 initur.
3742 2552 3815 2607 Eo

2232 2659 2464 2713 namque
2491 2644 2784 2698 celeritatis
2815 2652 2960 2697 motu
3001 2643 3347 2711 impelluntur
3377 2653 3436 2697 ut
3468 2659 3597 2699 cum
3650 2645 3811 2697 armi-

2232 2749 2417 2804 gerum
2446 2734 2557 2798 hic,
2587 2736 2792 2789 socimn
2826 2734 3082 2789 inclamet
3110 2736 3216 2800 ille,
3250 2736 3494 2805 plerique
3526 2736 3813 2790 immemo-

2235 2840 2320 2880 res
2344 2826 2620 2889 clieutum,
2654 2835 2744 2880 aut
2774 2826 3068 2889 sociorum,
3117 2836 3207 2880 aut
3250 2842 3428 2879 rerum
3479 2827 3816 2881 necessaria-

2234 2931 2374 2979 rum,
2406 2916 2457 2969 id
2484 2914 2685 2982 solum,
2719 2930 2785 2971 ne
2819 2917 3221 2987 relinquantur,
3252 2918 3493 2987 cogitant
3554 2933 3621 2971 ac
3674 2918 3819 2972 festi-

2233 3014 2385 3059 nant.
2416 3005 2664 3075 Increpat
2706 3014 2885 3060 tamen
2930 3016 3095 3078 atque
3147 3018 3306 3078 urget
3364 3007 3415 3060 in
3472 3022 3684 3077 puppes
3739 3024 3819 3061 ar-

2234 3095 2369 3151 dens
2398 3096 2738 3151 vehementia
2769 3097 2938 3157 ducis,
2996 3097 3041 3151 si
3094 3112 3229 3165 quos
3286 3096 3559 3150 nullatenus
3609 3113 3855 3173 moram,

545 3190 668 3259 pius
698 3190 936 3260 pericula
962 3204 1018 3247 et
1040 3194 1224 3264 ιιι-ωηο
1251 3197 1525 3253 maritima
1547 3199 1657 3253 εῖηι
1688 3200 1917 3271 experti.
1955 3202 2127 3258 Terra
2156 3196 2197 3253 (ζ
2232 3196 2447 3240 nectere
2479 3195 2649 3241 notat.
2678 3186 2872 3241 Verum
2899 3202 2965 3241 ne
2987 3187 3136 3257 prius
3161 3186 3280 3242 luce
3305 3188 3478 3251 littus,
3506 3202 3619 3256 quo
3647 3187 3819 3240 inten-

552 3280 699 3336 illius
728 3282 802 3336 uti
833 3281 1059 3349 divitiis,
1081 3285 1153 3339 ita
1192 3286 1379 3342 militis
1415 3290 1567 3360 copia
1598 3290 1739 3347 hanc
1766 3293 2135 3363 multipliciter

549 3362 819 3444 superari.
852 3375 985 3443 Quis
1013 3378 1180 3443 enim,
1211 3378 1367 3448 juxta
1400 3383 1786 3451 praestitutum,
1818 3362 1985 3442 naves
2007 3402 2132 3457 pcr-

550 3465 767 3529 ﬁci,aut
793 3468 1044 3538 perfectis
1057 3471 1290 3543 remiges
1309 3473 1538 3529 inveniri
1568 3490 1749 3531 annuo
1772 3479 1948 3547 spatio
1975 3494 2136 3549 posse

552 3560 832 3629 speraret?
867 3560 999 3627 Quis
1045 3578 1181 3617 nova
1206 3564 1310 3620 hac
1339 3567 1683 3635 expeditione
1706 3568 2132 3639 pulcherrimum

551 3656 753 3702 statum
783 3650 971 3718 patria:
1006 3650 1058 3705 in
1091 3668 1309 3709 omnem
1336 3655 1503 3727 redigi
1539 3656 1813 3712 miseriam
1843 3674 1947 3713 non
1974 3661 2137 3715 time-

555 3741 673 3794 ret?
701 3739 836 3807 Quis
865 3740 1094 3797 Romani
1127 3744 1471 3816 imperatoris
1497 3764 1628 3820 opes
1656 3764 1719 3806 ea
1743 3751 1888 3807 vinci
1912 3750 2135 3808 dilIirul-

545 3838 658 3885 tate
682 3847 789 3886 non
815 3831 1140 3889 aﬂirmaret?

617 3918 1003 3976 Erexitautem
1035 3923 1337 3983 dillldentes
1368 3929 1474 3985 dux
1506 3931 1610 3988 hac
1636 3932 1983 3995 elocutione:
2010 3934 2135 3991 «ln-

546 4010 722 4065 netuit
746 4010 924 4079 nobis,
951 4014 1047 4079 ait,
1080 4014 1296 4072 llcraldi
1339 4022 1627 4089 Sapientia,
1665 4034 1930 4081 terrorem
1978 4028 2135 4083 nobis

546 4100 764 4171 ingerit,
794 4104 889 4158 sed
919 4119 1070 4175 spem
1092 4117 1270 4179 auget.
1321 4109 1430 4165 Sua
1463 4113 1682 4182 quidem
1721 4116 1985 4174 inutiliter
2040 4135 2136 4175 ex-

543 4193 765 4265 pendet,
799 4211 991 4251 aurum
1028 4198 1325 4270 dissipans,
1346 4218 1452 4258 non
1478 4208 1820 4265 consolidans
1849 4212 2132 4269 honorem.

546 4282 664 4338 Non
694 4300 759 4339 eo
791 4286 961 4340 animi
994 4289 1140 4359 viget
1186 4292 1401 4359 robore,
1433 4308 1542 4362 quo
1571 4296 1656 4350 vel
1691 4299 1975 4354 minimum
2002 4303 2134 4370 quid

544 4388 789 4429 meorum
813 4375 1051 4443 polliceri
1077 4380 1292 4435 audeat.
1316 4382 1385 4435 At
1405 4384 1633 4441 arbitrio
1657 4390 1997 4458 meo'pariter
2017 4408 2136 4461 qua:

546 4478 669 4522 mea
689 4472 837 4527 sunt,
860 4479 1086 4535 qumque
1102 4470 1355 4526 dicuntur
1383 4473 1546 4539 illius,
1564 4479 1947 4545 promittentur
1968 4491 2134 4552 atque

546 4552 842 4609 dabuntur.
889 4555 1109 4612 Hostem
1161 4561 1301 4616 haud
1352 4564 1517 4621 dubie
1550 4570 1848 4638 superabit,
1880 4574 1972 4643 qui
2024 4591 2131 4630 non

548 4647 731 4703 minus
759 4663 881 4718 quae
911 4650 1084 4707 hostis
1115 4655 1355 4722 possidet
1382 4672 1546 4729 quam
1582 4664 1799 4732 propria
1830 4664 2010 4738 largiri
2035 4683 2132 4721 va-

550 4736 642 4790 let.
676 4736 900 4809 Navigio
930 4756 1039 4811 quo
1068 4743 1372 4801 sulliciente
1416 4748 1580 4804 citius
1619 4736 1992 4820 gaudebinnis,
2024 4774 2129 4814 non

549 4829 961 4898 prtepediemur.
991 4832 1113 4888 Sint
1134 4834 1223 4898 ,illi
1251 4839 1485 4906 experti,
1516 4855 1639 4908 quae
1680 4858 1777 4897 nos
1799 4859 1920 4898 cum
1961 4847 2131 4902 felici-

549 4928 663 4974 tate
701 4921 906 4991 majore
950 4926 1318 4993 experiamur.
1362 4927 1573 4985 Virtute
1618 4933 1810 4990 melius
1841 4953 2001 5005 quant
2034 4955 2132 4992 nu-

547 5027 701 5067 mero
732 5013 963 5068 militum
998 5015 1136 5070 bella
1163 5027 1443 5087 geruntur.
1474 5019 1763 5088 Pneterea,
1791 5040 1858 5080 ne
1884 5027 2125 5097 rapinam

2234 3275 2391 3340 dunt,
2448 3278 2807 3347 attiugculcs,
2851 3277 3035 3345 iniqua
3083 3288 3137 3333 et
3179 3279 3355 3334 minus
3400 3288 3527 3333 nota
3580 3280 3816 3333 statione

2235 3367 2631 3436 periclitentur,
2659 3369 2752 3421 dat
2786 3368 3051 3436 praeconis
3081 3382 3211 3423 voce
3238 3368 3498 3431 edictum,
3522 3378 3585 3421 ut
3614 3384 3739 3422 cum
3769 3370 3819 3421 in

2234 3460 2401 3514 altum
2445 3460 2555 3515 sint
2582 3459 2847 3525 deductae,
2895 3459 3167 3530 paululum
3203 3458 3377 3513 noctis
3419 3459 3817 3527 conquiescant

2236 3566 2341 3604 non
2374 3550 2530 3619 longe
2559 3564 2589 3603 a
2619 3564 2713 3603 sua
2743 3557 2890 3603 rates
2920 3559 3130 3603 cuncta:
3156 3549 3209 3603 in
3236 3548 3489 3603 anchoris
3517 3546 3815 3609 ﬂuitantes,

2234 3643 2407 3697 donec
2433 3642 2485 3697 in
2516 3642 2632 3709 ejus
2675 3642 2800 3697 mali
2831 3657 3045 3697 summo
3091 3641 3336 3711 lampade
3375 3650 3692 3711 wuspecta,
3726 3654 3818 3693 ex-

2237 3733 2436 3803 templo
2473 3734 2714 3788 buccina:
2734 3736 3043 3804 clangorem
3064 3748 3256 3789 cursus
3285 3734 3557 3803 accipiant
3580 3732 3819 3801 signum.

2236 3822 2497 3879 Memorat
2522 3825 2742 3893 antiqua
2772 3824 2979 3879 Graecia
3009 3825 3278 3887 Atridem,
3304 3825 3695 3894 Agamennona
3716 3823 3822 3875 fra-

2238 3925 2423 3972 ternos
2454 3916 2716 3973 thalamos
2742 3918 2911 3972 ultum
2944 3918 3105 3972 ivisse
3146 3917 3290 3971 mille
3323 3916 3584 3981 navibus;
3634 3928 3816 3985 prote-

2237 4018 2445 4063 stamur
2490 4022 2588 4063 nos
2617 4008 2951 4063 Willelmum
2989 4010 3233 4064 diadema
3268 4008 3474 4078 regium
3527 4009 3823 4078 requisisse

2236 4098 2503 4169 pluribus.
2538 4096 2772 4153 Xerxem
2802 4097 3075 4153 fabulatur
3125 4098 3214 4153 illa
3259 4096 3455 4153 Seston
3504 4108 3559 4153 et
3609 4098 3823 4153 Abidon

2237 4201 2402 4262 ponto
2429 4190 2726 4261 disjunctas
2757 4190 2917 4246 urbes
2966 4192 3181 4247 navium
3224 4201 3386 4262 ponte
3431 4192 3819 4262 OOIIjIIIIXisSB;

2234 4281 2566 4337 Willclmum
2598 4298 2698 4339 nos
2729 4299 2918 4339 revera
2970 4299 3330 4354 propagamus
3383 4300 3493 4339 uno
3522 4284 3679 4340 clavo
3711 4300 3823 4341 suze

2235 4374 2513 4445 potestati:
2549 4372 2919 4431 Nortmannici
2950 4377 3050 4431 soli
3081 4386 3136 4434 et
3162 4376 3374 4447 Anglici
3406 4376 3823 4446 amplitudinem

2238 4467 2593 4538 copulavisse.
2626 4467 2954 4523 Willelmum
2977 4471 3066 4539 qui
3098 4486 3127 4524 a
3172 4470 3318 4524 nullo
3362 4485 3603 4539 unquam
3660 4485 3821 4540 supe-

2166 4549 2212 4610 D
2240 4568 2390 4614 ratus
2423 4559 2658 4628 patriam
2690 4559 2905 4631 inclytis
2952 4561 3167 4616 ornavit
3216 4561 3454 4631 tropaeis,
3500 4562 3824 4617 clarissimis

2241 4650 2595 4721 locupletavit
2646 4651 2952 4723 triumphis,
3001 4654 3283 4722 superiore
3315 4654 3488 4709 hostis
3538 4670 3704 4708 manu
3736 4655 3825 4708 de-

2237 4741 2384 4795 victo
2414 4741 2602 4805 Xerxi,
2638 4753 2692 4797 et
2737 4743 2853 4797 sine
2882 4744 3055 4798 classe
3098 4743 3442 4814 arquandum,
3492 4759 3559 4800 ac
3607 4745 3825 4801 fortitu-

2239 4834 2365 4890 dine
2392 4836 2829 4905 anteponendum
2860 4851 3169 4893 censemus.

2311 4927 2513 4982 Solutis
2562 4938 2721 4984 noctu
2760 4939 2883 4999 post
2925 4930 3160 5001 quietem
3199 4930 3449 4993 navibus,
3487 4932 3697 4987 vehens
3727 4932 3826 4987 du-

2237 5032 2379 5082 cem,
2414 5026 2561 5073 retro
2602 5028 2827 5074 (steteras
2874 5020 3109 5091 agillime
3142 5020 3361 5091 reliquit
3407 5025 3696 5078 ardentius
3753 5023 3820 5077 ad
