4040 5314
201 304 338 361 me
383 275 438 339 °°

1620 300 1860 359 GESTA.

3335 311 3480 368 ωε)

178 419 450 474 qnmahili
493 433 616 473 cum
670 417 940 473 hilaritate
985 416 1210 487 accepit,
1262 426 1487 471 cunctos
1543 425 1784 472 actutum
1819 440 1860 496 Α
1895 414 2153 485 Equidem
2186 414 2449 472 l-leraldus
2479 416 2530 471 in
2565 417 2966 477 Eboracensem
3003 436 3200 491 pagum
3233 438 3482 482 recesse-

199 507 369 563 affore
399 508 741 578 promittens,
800 507 928 572 Deo,
985 506 1141 576 cujus
1200 523 1293 563 eos
1323 508 1502 562 tutelae
1535 507 1784 571 credidit.

197 599 524 672 adducente.
557 597 672 652 Non
708 598 986 669 indignum
1019 599 1238 653 duceret
1265 596 1586 653 Mantuanus
1611 609 1790 668 poeta-

196 706 320 746 rum
368 691 625 762 princeps
672 689 920 745 laudibus
959 690 1144 746 }Enea:
1186 688 1428 758 Trojani,
1472 690 1564 760 qui
1595 691 1788 760 prisca:

196 782 385 837 Romae
417 791 475 837 ut
495 782 871 854 parensgluria
898 782 1023 848 fuit,
1046 781 1393 838 securitatem
1420 791 1584 851 atque
1611 781 1787 836 inten-

197 874 401 936 tionem
435 875 593 945 hujus
623 888 822 929 mensa:
845 874 1105 928 inserere.
1137 873 1428 944 lnquisitus
1459 874 1634 927 denuo
1658 887 1785 942 spes

193 967 426 1030 colator,
452 983 621 1022 naves
642 976 878 1038 quatuor
898 967 1178 1031 advenire,
1205 969 1363 1022 tertio
1397 974 1575 1021 tantas
1603 966 1784 1022 excla-

193 1068 313 1113 mat
340 1060 674 1114 utarborum
702 1059 1051 1115 veliferarum
1092 1059 1366 1114 uberrima
1404 1060 1643 1114 densitas
1691 1074 1788 1114 ne-

191 1152 367 1207 moris
420 1161 643 1222 prrestet
696 1152 1124 1208 similitudinem.
1193 1153 1312 1219 Quo
1372 1153 1598 1223 proinde
1658 1167 1785 1223 spes

191 1241 348 1295 ducis
375 1241 571 1311 gaudio
602 1241 671 1295 sit
701 1250 929 1306 mutata,
961 1257 1122 1312 quam
1145 1256 1209 1296 ex
1245 1241 1436 1296 intimo
1455 1243 1620 1297 corde
1642 1241 1782 1298 divi-

191 1347 320 1386 nam
370 1331 760 1402 glorilicaverit
818 1333 1098 1401 pietatem,
1159 1333 1558 1401 conjiciendum
1609 1333 1783 1389 cuivis

190 1423 573 1492 relinquimus.
633 1423 1036 1478 Penevesellum
1091 1439 1352 1494 prospero
1405 1424 1532 1479 fhtu
1582 1439 1776 1494 prove-

188 1522 332 1576 ctus,
366 1513 534 1569 libere
559 1514 786 1570 navibus
809 1515 1103 1584 egreditur,
1128 1531 1302 1585 pugna
1334 1515 1477 1569 nulla
1507 1515 1775 1571 obstante.

1897 516 2003 574 rat,
2036 524 2160 564 cum
2207 507 2376 564 fratre
2413 525 2514 566 suo
2545 508 2772 567 Tostillo
2797 521 2851 568 et
2879 512 3115 571 Heraldo
3158 513 3481 575 Noricorum

1898 613 2027 668 rege
2065 599 2447 657 dimicaturus.
2477 599 2587 656 Nec
2617 601 2812 658 mirere
2841 605 2985 674 quod
3013 621 3307 676 germanus
3350 622 3480 678 per-

1893 699 2074 746 motus
2103 691 2338 761 injuriis,
2372 692 2545 748 invasi
2578 693 2802 750 honoris
2824 694 3053 753 aemulus
3068 714 3220 755 arma
3249 711 3479 757 externa

1894 781 2118 846 adduxit
2167 782 2218 835 in
2270 781 2583 847 l-lcrahlnm,
2617 798 2778 853 quem
2831 801 3089 856 germana
3137 803 3352 859 quoque
3398 789 3478 845 illi

1893 873 2137 928 moribus
2177 873 2521 928 absimillima
2553 891 2677 930 cum
2719 877 2889 932 armis
2920 893 3026 934 non
3069 879 3297 947 valeret,
3336 881 3480 938 votis

1884 963 2563 1034 impugnabatetconsilio,
2593 965 2807 1022 luxuria
2839 967 3063 1036 findunt,
3097 970 3473 1030 truculentum

1886 1053 2236 1121 homicidam,
2273 1055 2440 1110 divite
2471 1055 2660 1126 rapina
2713 1058 3030 1126 superbum,
3091 1060 3468 1116 adversarium

1884 1147 2022 1216 a-qui
2048 1157 2103 1201 et
2128 1148 2274 1202 boni.
2312 1147 2490 1202 Voluit
2513 1159 2694 1203 autem
2716 1150 2890 1204 virilis
2916 1150 3218 1220 prudentie
3244 1151 3476 1217 femina,

1889 1235 2196 1308 intelligens
2235 1238 2459 1293 honesta
2491 1239 2770 1309 qmehbet,
2806 1255 2868 1294 ac
2898 1240 3008 1295 vita
3027 1241 3234 1307 colens,
3266 1241 3478 1298 Willet-

1885 1343 2058 1393 mum,
2085 1327 2274 1396 Anglis
2301 1329 2589 1394 dominari,
2613 1344 2774 1400 quem
2805 1329 3057 1386 Edwardi
3103 1331 3247 1401 regis
3294 1330 3477 1387 mariti

1885 1421 1969 1474 sui
1998 1420 2216 1490 adoptio
2266 1419 2360 1476 lilii
2396 1420 2513 1477 loco
2541 1420 2644 1477 sibi
2695 1423 2989 1479 succedere
3020 1425 3230 1491 statuit,
3262 1424 3480 1495 sapien-

1885 1519 2016 1580 tem,
2042 1514 2246 1585 justum
2266 1555 2282 1575 .
2310 1513 2530 1571 fortem.

219 1649 3422 1678 ———_——————_———-——_——————_~

536 1777 814 1838 BELLUM
855 1777 1072 1833 INTER
1112 1777 1544 1836 WILLELMUM
1585 1777 1820 1834 DUCEM
1863 1779 1950 1833 ET
1992 1778 2376 1836 HERALDUM
2417 1781 2655 1838 REGE}!
2696 1782 3108 1840 ANGLORUM.
3201 1851 3204 1854 ,

251 2084 564 2141 Gandentes
594 2095 815 2157 arrepto
845 2085 1027 2141 littore
1056 2085 1413 2142 Northmanni
1444 2086 1617 2156 prima
1649 2102 1772 2143 mu-
1806 2071 1849 2125 Β
1879 2090 1973 2143 sed
2023 2087 2368 2160 conﬂigerem
2416 2091 2817 2163 quamprimum
2863 2109 2986 2149 cum
3033 2093 3305 2162 lleraldo,
3366 2112 3473 2152 nec

181 2176 390 2230 nitione
421 2175 845 2241 Penevesellum,
884 2177 1052 2232 altera
1088 2175 1378 2246 Hastingas
1407 2190 1766 2247 occupavere,

177 2282 300 2336 qua:
339 2268 442 2323 sibi
470 2269 834 2339 receptaculo,
868 2269 1094 2324 naribus
1134 2271 1538 2340 prepngnaculo
1567 2269 1765 2325 forent.

179 2356 404 2422 Marius,
456 2370 548 2412 aut
594 2377 823 2430 magnus
873 2360 1182 2431 Pompeius.
1239 2369 1465 2429 uterque
1513 2360 1766 2428 eximius,

179 2449 480 2504 calliditate
510 2460 672 2521 atque
709 2453 972 2506 industria
1017 2453 1242 2506 meritus
1277 2453 1632 2522 triumphum,
1677 2453 1768 2508 hic

178 2541 412 2596 adducto
462 2541 692 2597 Romam
744 2543 795 2597 in
847 2544 1078 2598 vinculis
1128 2544 1416 2615 Jugurtha,
1464 2546 1552 2601 ille
1579 2555 1770 2603 coacto

181 2634 497 2690 Mithridate
527 2638 593 2690 ad
626 2653 914 2700 venenum,
941 2639 1021 2692 sic
1049 2638 1100 2692 in
1136 2639 1372 2694 hostium
1399 2639 1533 2696 fines
1559 2639 1769 2695 delatus

183 2727 507 2782 formidaret
537 2743 703 2798 agens
739 2729 962 2784 militem
1013 2731 1348 2794 universum,
1376 2747 1435 2787 se
1477 2732 1528 2785 in
1559 2732 1768 2801 pericu-

178 2817 290 2872 lum
323 2819 552 2873 seorsim
590 2819 658 2875 ab
687 2821 901 2890 agmine
931 2835 1051 2875 cum
1085 2821 1298 2892 legione
1327 2824 1566 2894 segniter
1589 2825 1764 2878 daret.

179 2909 304 2965 Fuit
355 2911 592 2976 illorum,
626 2921 682 2968 et
711 2922 793 2968 est
833 2913 1032 2968 ducum
1064 2915 1477 2970 consuetudinis
1511 2915 1766 2985 dirigere,

179 3015 286 3054 non
323 3001 408 3055 ire
434 3002 825 3071 exploratores,
852 3003 1024 3074 magis
1061 3003 1127 3057 ad
1163 3003 1327 3059 vitam
1363 3004 1485 3067 sibi.
1521 3022 1682 3074 quam
1712 3017 1772 3062 ut

179 3095 444 3149 exercitui
464 3095 858 3164 providentiam
875 3111 1026 3151 suam
1045 3107 1450 3154 conservarent.
1466 3099 1770 3156 Willelmus

180 3204 309 3245 vero
339 3205 464 3246 cum
495 3190 685 3261 viginti
717 3191 955 3260 quinque
997 3208 1105 3246 non
1139 3192 1374 3261 amplius
1401 3193 1633 3248 militum
1679 3209 1769 3250 (ο-

176 3282 372 3335 mitatu
398 3290 679 3352 promptus
707 3282 820 3350 ipse
845 3281 960 3336 loca
981 3292 1036 3336 et
1058 3281 1264 3337 incolas
1294 3282 1621 3352 exploravit.
1643 3285 1769 3340 Inde

177 3379 463 3426 revertens
508 3371 578 3426 ob
623 3371 970 3440 asperitatem
1031 3372 1265 3427 tramitis
1318 3373 1502 3441 pedes,
1557 3389 1616 3427 re
1662 3389 1766 3429 nou

175 3464 385 3531 absque
431 3460 543 3515 risu
599 3469 770 3531 gesta,
823 3477 1134 3532 quanquam
1184 3461 1357 3518 lector
1395 3463 1534 3520 forte
1574 3465 1764 3530 rideat,
1795 3442 1836 3500 (ἶ

173 3555 336 3609 seriae
374 3553 520 3608 laudi
571 3555 852 3610 materiam
899 3554 1068 3620 dedit,
1097 3564 1316 3626 gestans
1346 3555 1399 3610 in
1434 3557 1660 3612 humero
1682 3573 1770 3613 so-

172 3644 374 3698 ciatam
406 3659 520 3699 suae
549 3643 773 3699 loricam
805 3645 1074 3711 satellitis,
1106 3647 1233 3700 dum
1273 3647 1766 3702 nominatissimnm

174 3737 225 3790 vi
257 3737 508 3808 corporis
539 3746 598 3792 ut
627 3737 792 3793 animi
819 3737 1047 3794 Osberni
1079 3737 1248 3794 lilium
1287 3737 1620 3793 Willelmum
1661 3736 1767 3794 fer-

170 3842 268 3883 reo
297 3827 448 3884 fasce
479 3827 696 3884 levavit.

243 3917 408 3974 Dives
446 3919 663 3990 quidam
712 3919 899 3974 fimum
938 3919 1150 3975 illorum
1181 3921 1502 3991 inquilinus,
1534 3920 1757 3976 natione

171 4008 606 4076 Northmannus,
638 4009 909 4066 Robertus
954 4010 1096 4066 filius
1125 4011 1398 4067 Guimarze
1417 4012 1613 4067 nobilis
1645 4027 1765 4066 mu—

172 4103 348 4167 lieris,
376 4102 668 4175 Hastingas
712 4104 835 4160 duci
867 4105 1088 4161 domino
1121 4120 1222 4160 suo
1248 4115 1409 4175 atque
1439 4105 1763 4176 consangui-

171 4208 278 4248 neo
307 4193 560 4248 nuntium
591 4193 902 4258 destinavit,
929 4193 1014 4248 his
1037 4193 1254 4266 verbis:
1283 4213 1300 4245 ι
1333 4193 1614 4248 Prmliatus
1639 4209 1762 4248 cum

169 4285 347 4341 fratre
373 4287 598 4357 proprio
627 4302 720 4342 rex
751 4285 1018 4341 lleraldus
1045 4295 1098 4340 et
1129 4301 1248 4340 cum
1275 4301 1402 4356 rege
1428 4285 1768 4341 Noricorum-

169 4394 282 4449 quo
315 4376 599 4432 fortiorem
635 4377 735 4432 sub
766 4377 907 4432 ctelo
948 4376 1152 4430 nullum
1183 4376 1366 4431 vivere
1410 4377 1591 4446 opinio
1638 4375 1760 4438 fuit.

169 4485 354 4540 pugna
393 4484 497 4523 una
528 4469 717 4524 ambos
739 4468 959 4532 occidit,
994 4468 1242 4538 ingentes
1271 4482 1458 4522 eorum
1490 4468 1763 4524 exercitus

169 4562 393 4617 delevit.
424 4561 711 4614 Animatus
739 4576 804 4615 eo
839 4575 1116 4626 successu,
1162 4558 1394 4615 festinus
1423 4560 1563 4616 redit
1589 4561 1640 4614 in
1687 4570 1762 4628 te,

170 4651 677 4706 numerosissimum
708 4650 963 4721 populum
990 4652 1191 4707 ducens
1211 4667 1275 4706 ac
1303 4651 1760 4719 robustisismum,

171 4744 438 4798 adversus
458 4757 618 4812 quem
651 4757 757 4796 non
795 4741 1026 4812 amplius
1057 4753 1177 4798 tuos
1205 4757 1368 4812 quam
1413 4742 1632 4797 totidem
1668 4742 1764 4797 de-

169 4834 500 4904 spcctabiles
529 4848 697 4888 canes
720 4833 932 4887 aestimo
965 4833 1164 4888 valere.
1206 4833 1449 4887 Prudens
1487 4833 1572 4886 vir
1614 4847 1763 4888 com-

169 4925 404 4994 putaris,
432 4923 576 4978 domi
611 4922 928 4991 miliumque
959 4933 1154 4978 cuncta
1180 4924 1442 4978 hactenus
1465 4923 1764 4992 prudenter

169 5015 354 5082 egisti.
403 5013 556 5068 Nunc
583 5013 679 5069 tibi
723 5013 968 5080 consule,
1011 5015 1255 5084 provide,
1307 5014 1516 5079 labora,
1569 5030 1636 5069 ne
1666 5033 1766 5088 per

653 5103 948 5138 ,εἶξον-ἴσκον.
993 5106 1136 5138 ηηιΙη
1185 5122 1290 5138 nan
1342 5105 1538 5138 n‘vnr'no
1572 5115 1734 5138 inma-

171 5106 538 5138 Onmn-ilolnvn
569 5107 620 5138 ἶ·-

1887 2177 2184 2234 difﬁderem
2215 2180 2533 2237 fortitudine
2581 2198 2823 2238 meorum
2869 2200 2991 2239 eum
3041 2186 3154 2241 suis
3181 2201 3304 2242 eum
3336 2202 3471 2242 con-

1880 2268 2068 2322 tritum
2102 2271 2199 2334 iri,
2233 2271 2514 2328 voluntate
2545 2273 2724 2328 divina
2750 2289 2856 2328 non
2891 2275 3209 2342 resistente;
3253 2279 3468 2332 tametsi

1873 2359 2059 2414 decem
2120 2360 2232 2416 sola
2285 2363 2452 2416 millia
2501 2364 2740 2419 virorum
2807 2366 3104 2433 haberem,
3159 2369 3346 2438 quales
3401 2371 3470 2424 ad

1878 2453 2164 2524 sexaginta
2207 2454 2376 2510 millia
2408 2456 2628 2510 adduxi.
2661 2475 2681 2509 ν
3471 2521 3476 2530 ι

1944 2544 2188 2611 Quadam
2220 2561 2348 2600 vero
2369 2547 2493 2611 die,
2524 2547 2653 2602 dum
2689 2548 2990 2604 custodiam
3021 2551 3240 2605 navium
3269 2551 3472 2606 viseret

1871 2635 2005 2701 dux,
2061 2637 2358 2693 indicatum
2410 2650 2494 2693 est
2539 2640 2680 2696 forte
2730 2642 2986 2712 spatiauti
3035 2657 3204 2714 prope
3252 2644 3466 2699 navalia

1873 2728 2199 2782 monachum
2246 2728 2462 2784 Heraldi
2510 2730 2744 2796 legatum
2797 2731 3008 2787 adesse.
3066 2733 3182 2803 Ipse
3217 2734 3470 2803 protinus

1873 2819 2022 2873 illum
2065 2821 2321 2874 convenit
2359 2821 2638 2889 ingeniosa
2690 2825 2790 2877 hac
2833 2821 3184 2878 elocutione:
3222 2843 3240 2876 ι
3273 2822 3467 2877 Proxi-

1875 2924 2030 2976 mus,
2061 2909 2198 2976 infit,
2230 2925 2331 2980 ego
2360 2927 2480 2966 sum
2514 2911 2768 2967 Willelmi
2803 2913 3020 2968 comitis
3055 2913 3465 2968 Northmanno-

1875 3017 1993 3056 rum
2023 3017 2087 3057 ac
2116 3002 2344 3074 dapifer.
2375 3002 2512 3059 Cum
2537 3004 2840 3075 alloquendi
2879 3004 2982 3060 nisi
3014 3020 3112 3076 per
3144 3019 3230 3059 me
3253 3008 3466 3075 copiam

1873 3094 2076 3150 habere
2100 3111 2205 3150 non
2231 3098 2468 3165 poteris;
2499 3099 2643 3166 quod
2673 3097 2834 3153 affers
2877 3098 3007 3152 mihi
3049 3112 3235 3152 narra.
3266 3096 3471 3152 Libens

1874 3187 1964 3242 illc
1996 3197 2289 3258 cognoscet
2322 3190 2464 3243 idem
2498 3205 2595 3258 per
2624 3204 2742 3253 me,
2769 3189 2898 3259 quia
2937 3189 3209 3246 neminem
3241 3203 3465 3243 suorum

1872 3279 2181 3334 chariorem
2215 3280 2375 3334 habet
2410 3295 2513 3334 me.
2542 3279 2674 3334 Post
2702 3288 3003 3350 opportune
3048 3279 3125 3333 uti
3170 3278 3318 3334 voles
3347 3293 3466 3332 mea

1873 3384 2059 3439 Opera,
2085 3383 2270 3423 coram
2304 3369 2539 3423 locutum
2572 3368 2778 3423 venies.
2815 3387 2836 3422 ι
2859 3367 3156 3439 Legatione
3184 3377 3465 3438 percepta,

1870 3459 2230 3529 patefaciente
2249 3460 2535 3523 monacho,
2556 3461 2676 3514 sine
2691 3460 3066 3524 cunctatione,
3091 3459 3196 3514 dux
3228 3458 3464 3528 legatum

1873 3551 2106 3620 hospitio
2147 3551 2312 3621 recipi
2345 3561 2398 3606 et
2425 3550 2666 3605 olliciosa
2721 3551 3060 3605 humanitate
3100 3551 3285 3604 curari
3329 3564 3468 3618 pra:-

1869 3643 2034 3711 ccpit.
2065 3642 2184 3711 Ipse
2203 3642 2422 3696 interim
2451 3657 2636 3697 secum
2661 3653 2715 3697 et
2739 3657 2864 3698 eum
2895 3642 3009 3697 suis
3034 3640 3165 3711 quid
3195 3639 3470 3696 mandatis

1871 3735 2223 3805 reSponderet
2251 3734 2622 3790 deliberabat.

1941 3824 1996 3878 ln
2025 3825 2266 3880 crastino
2303 3826 2654 3882 discumbens
2685 3825 2737 3880 in
2778 3825 2957 3882 medio
2999 3826 3292 3895 primatum
3337 3839 3468 3880 suo-

1868 3930 2006 3976 rum,
2037 3915 2310 3970 cucullato
2353 3917 2618 3972 advocato
2647 3916 2787 3972 dixit
2821 3934 2836 3971 :
2869 3935 2889 3969 ς
2933 3916 3042 3988 Ego
3088 3931 3207 3971 sum
3252 3915 3468 3971 Willel-

1866 4020 1937 4059 ιη,
1961 4021 1988 4058 s
2016 4003 2110 4058 Dei
2139 4006 2313 4074 gratia
2343 4005 2844 4060 Nortlnnannorum
2875 4005 3146 4074 princeps.
3171 4005 3302 4072 Qua:
3327 4005 3463 4059 mihi

1866 4095 2125 4150 hesterno
2154 4096 2241 4150 die
2270 4097 2524 4161 retulisti,
2557 4096 2611 4150 in
2641 4095 2832 4150 horum
2873 4110 3016 4150 nunc
3060 4095 3346 4164 praesentia
3379 4109 3464 4149 re-

1865 4185 1966 4240 fer.
1999 4205 2017 4237 ο
2055 4187 2290 4258 Legatus
2342 4188 2414 4241 ita
2445 4188 2693 4242 elocutus
2721 4197 2804 4241 est
2839 4204 2854 4240 :
2902 4203 2922 4236 α
2961 4183 3086 4239 llaec
3113 4184 3210 4239 tibi
3242 4185 3464 4238 mandat

1869 4293 1959 4332 rex
1987 4276 2282 4332 lleraldus:
2305 4277 2529 4333 Terram
2553 4279 2671 4345 ejus
2696 4276 3082 4346 ingressuses;
3109 4289 3213 4344 qua
3245 4273 3461 4336 fiducia,

1867 4387 1972 4440 qua
2011 4373 2315 4426 temeritate
2362 4370 2556 4425 nescit.
2602 4369 2843 4424 Meminit
2887 4367 3104 4439 quidem
3165 4366 3306 4435 quod
3365 4379 3462 4418 rex.

1869 4463 2170 4518 Edwardus
2219 4471 2272 4516 te
2318 4461 2530 4530 Anglici
2578 4460 2729 4532 regni
2777 4459 3046 4514 hzeredem
3084 4457 3204 4512 fore
3247 4455 3463 4526 pridem

1865 4553 2171 4609 decreverit
2205 4561 2260 4607 et
2299 4553 2445 4621 quod
2497 4552 2613 4621 ipse
2660 4551 2716 4606 in
2766 4549 3166 4606 Northmannia
3233 4549 3301 4602 de
3356 4547 3463 4599 hac

1865 4645 2213 4701 successione
2251 4645 2605 4698 securitatem
2644 4642 2739 4697 tibi
2793 4640 3112 4697 tirmaverit.
3161 4638 3322 4695 Novit
3357 4651 3465 4691 au-

1868 4747 1974 4792 tem
1995 4734 2121 4804 jure
2167 4750 2324 4791 suum
2371 4749 2493 4790 esse
2539 4748 2807 4805 regnum,
2850 4733 2992 4788 idem
3027 4730 3270 4800 ejusdem
3318 4729 3469 4799 regis

1868 4827 2203 4883 domini-sui
2253 4826 2402 4882 dono
2459 4826 2513 4880 in
2578 4823 2841 4880 extremis
2889 4824 3034 4879 illius
3077 4823 3182 4880 sibi
3234 4835 3464 4878 conces-

1873 4932 2014 4974 sum.
2047 4917 2257 4973 Etenim
2282 4915 2350 4970 ab
2373 4931 2440 4972 eo
2465 4925 2731 4984 tempore,
2762 4929 2871 4982 quo
2907 4915 3099 4968 beatus
3127 4909 3476 4981 Augustinus

1874 5015 1927 5068 in
1958 5015 2101 5070 hanc
2145 5013 2296 5068 venit
2343 5013 2647 5083 regionem,
2697 5022 3040 5063 communem
3087 5007 3270 5079 gentis
3314 5001 3478 5070 huius

1875 5103 2041 5138 Γηίοοο
2081 5101 2529 5138 ηηηοιιοιηιὶίηοηι
2571 5098 2922 5138 rlnnolimmm
2965 5112 3133 5138 ηιιειηι
3180 5099 3231 5138 in
3283 5089 3480 5138 ultimo
