  <div class='ocr_page' id='page_1' title='image "/cluster/home/n/w/nwhite01/storage/ocr_20150623/149/hvd.32044015473770/629.png"; bbox 0 0 4040 5314; ppageno 0'>
   <div class='ocr_carea' id='block_1_1' title="bbox 554 161 688 222">
    <p class='ocr_par' dir='ltr' id='par_1_1' title="bbox 554 161 688 222">
     <span class='ocr_line' id='line_1_1' title="bbox 554 161 688 222; baseline 0.037 -7"><span class='ocrx_word' id='word_1_1' title='bbox 554 161 688 222; x_wconf 66' lang='lat' dir='ltr'><strong>HS!</strong></span> 
     </span>
    </p>
   </div>
   <div class='ocr_carea' id='block_1_2' title="bbox 1775 159 2675 229">
    <p class='ocr_par' dir='ltr' id='par_1_2' title="bbox 1775 159 2675 229">
     <span class='ocr_line' id='line_1_2' title="bbox 1775 159 2675 229; baseline 0.001 -13"><span class='ocrx_word' id='word_1_2' title='bbox 1775 159 2118 216; x_wconf 80' lang='lat' dir='ltr'><strong>WlLLELMI</strong></span> <span class='ocrx_word' id='word_1_3' title='bbox 2155 160 2675 229; x_wconf 74' lang='lat' dir='ltr'><strong>CONQUESTORIS</strong></span> 
     </span>
    </p>
   </div>
   <div class='ocr_carea' id='block_1_3' title="bbox 3559 119 3822 218">
    <p class='ocr_par' dir='ltr' id='par_1_3' title="bbox 3559 119 3822 218">
     <span class='ocr_line' id='line_1_3' title="bbox 3559 119 3822 218; baseline 0.008 -2"><span class='ocrx_word' id='word_1_4' title='bbox 3559 119 3664 202; x_wconf 58' lang='grc' dir='ltr'><strong>πθ</strong></span> <span class='ocrx_word' id='word_1_5' title='bbox 3691 161 3822 218; x_wconf 67' lang='lat' dir='ltr'><strong>n52</strong></span> 
     </span>
    </p>
   </div>
   <div class='ocr_carea' id='block_1_4' title="bbox 540 274 3850 345">
    <p class='ocr_par' dir='ltr' id='par_1_4' title="bbox 540 274 3850 345">
     <span class='ocr_line' id='line_1_4' title="bbox 540 274 3850 345; baseline -0.003 -3"><span class='ocrx_word' id='word_1_6' title='bbox 540 282 672 342; x_wconf 74' lang='lat' dir='ltr'><strong>sivit</strong></span> <span class='ocrx_word' id='word_1_7' title='bbox 706 295 834 336; x_wconf 87' lang='lat' dir='ltr'><strong>num</strong></span> <span class='ocrx_word' id='word_1_8' title='bbox 866 290 1100 345; x_wconf 76' lang='lat' dir='ltr'><strong>.egatum</strong></span> <span class='ocrx_word' id='word_1_9' title='bbox 1130 292 1286 332; x_wconf 91' lang='lat' dir='ltr'><strong>suum</strong></span> <span class='ocrx_word' id='word_1_10' title='bbox 1335 277 1403 332; x_wconf 88' lang='lat' dir='ltr'><strong>ad</strong></span> <span class='ocrx_word' id='word_1_11' title='bbox 1456 275 1749 332; x_wconf 86' lang='lat' dir='ltr'><strong>Heraldum</strong></span> <span class='ocrx_word' id='word_1_12' title='bbox 1798 291 1920 331; x_wconf 93' lang='lat' dir='ltr'><strong>eum</strong></span> <span class='ocrx_word' id='word_1_13' title='bbox 1951 276 2128 331; x_wconf 83' lang='lat' dir='ltr'><strong>salute</strong></span> <span class='ocrx_word' id='word_1_14' title='bbox 2159 282 2204 340; x_wconf 73' lang='grc' dir='ltr'>Α</span> <span class='ocrx_word' id='word_1_15' title='bbox 2238 285 2416 340; x_wconf 92' lang='lat' dir='ltr'><strong>tuum,</strong></span> <span class='ocrx_word' id='word_1_16' title='bbox 2470 277 2564 332; x_wconf 91' lang='lat' dir='ltr'><strong>sed</strong></span> <span class='ocrx_word' id='word_1_17' title='bbox 2613 274 2889 344; x_wconf 74' lang='lat' dir='ltr'><strong>singulare</strong></span> <span class='ocrx_word' id='word_1_18' title='bbox 2937 284 3215 332; x_wconf 74' lang='lat' dir='ltr'><strong>certamen</strong></span> <span class='ocrx_word' id='word_1_19' title='bbox 3269 276 3664 334; x_wconf 48' lang='lat' dir='ltr'><strong>Northmanno’</strong></span> <span class='ocrx_word' id='word_1_20' title='bbox 3698 275 3850 334; x_wconf 62' lang='lat' dir='ltr'><strong>dilei‘</strong></span> 
     </span>
    </p>
   </div>
   <div class='ocr_carea' id='block_1_5' title="bbox 538 369 2127 444">
    <p class='ocr_par' dir='ltr' id='par_1_5' title="bbox 538 369 2127 444">
     <span class='ocr_line' id='line_1_5' title="bbox 538 369 2127 444; baseline -0.004 -16"><span class='ocrx_word' id='word_1_21' title='bbox 538 374 840 444; x_wconf 68' lang='lat' dir='ltr'><strong>penducere</strong></span> <span class='ocrx_word' id='word_1_22' title='bbox 868 369 1046 428; x_wconf 89' lang='lat' dir='ltr'><strong>vellet.</strong></span> <span class='ocrx_word' id='word_1_23' title='bbox 1076 371 1167 427; x_wconf 90' lang='lat' dir='ltr'><strong>llle</strong></span> <span class='ocrx_word' id='word_1_24' title='bbox 1193 371 1382 426; x_wconf 86' lang='lat' dir='ltr'><strong>salutis</strong></span> <span class='ocrx_word' id='word_1_25' title='bbox 1423 369 1539 438; x_wconf 86' lang='lat' dir='ltr'><strong>ejus</strong></span> <span class='ocrx_word' id='word_1_26' title='bbox 1582 378 1644 423; x_wconf 93' lang='lat' dir='ltr'><strong>ttt</strong></span> <span class='ocrx_word' id='word_1_27' title='bbox 1677 369 1913 438; x_wconf 77' lang='lat' dir='ltr'><strong>proprize</strong></span> <span class='ocrx_word' id='word_1_28' title='bbox 1942 384 2127 441; x_wconf 86' lang='lat' dir='ltr'><strong>curam</strong></span> 
     </span>
    </p>
   </div>
   <div class='ocr_carea' id='block_1_6' title="bbox 543 461 2130 534">
    <p class='ocr_par' dir='ltr' id='par_1_6' title="bbox 543 461 2130 534">
     <span class='ocr_line' id='line_1_6' title="bbox 543 461 2130 534; baseline -0.003 -15"><span class='ocrx_word' id='word_1_29' title='bbox 543 480 603 519; x_wconf 81' lang='lat' dir='ltr'><strong>se</strong></span> <span class='ocrx_word' id='word_1_30' title='bbox 629 465 941 520; x_wconf 88' lang='lat' dir='ltr'><strong>habiturum</strong></span> <span class='ocrx_word' id='word_1_31' title='bbox 963 463 1271 534; x_wconf 75' lang='lat' dir='ltr'><strong>spopondit.</strong></span> <span class='ocrx_word' id='word_1_32' title='bbox 1296 463 1412 516; x_wconf 77' lang='lat' dir='ltr'><strong>Dux</strong></span> <span class='ocrx_word' id='word_1_33' title='bbox 1437 463 1578 516; x_wconf 86' lang='lat' dir='ltr'><strong>illico</strong></span> <span class='ocrx_word' id='word_1_34' title='bbox 1609 461 1788 517; x_wconf 81' lang='lat' dir='ltr'><strong>verbis</strong></span> <span class='ocrx_word' id='word_1_35' title='bbox 1811 462 1896 516; x_wconf 92' lang='lat' dir='ltr'><strong>his</strong></span> <span class='ocrx_word' id='word_1_36' title='bbox 1939 477 2130 514; x_wconf 90' lang='lat' dir='ltr'><strong>mona-</strong></span> 
     </span>
    </p>
   </div>
   <div class='ocr_carea' id='block_1_7' title="bbox 541 553 2129 624">
    <p class='ocr_par' dir='ltr' id='par_1_7' title="bbox 541 553 2129 624">
     <span class='ocr_line' id='line_1_7' title="bbox 541 553 2129 624; baseline -0.003 -14"><span class='ocrx_word' id='word_1_37' title='bbox 541 557 703 610; x_wconf 87' lang='lat' dir='ltr'><strong>cltutn</strong></span> <span class='ocrx_word' id='word_1_38' title='bbox 727 555 1164 610; x_wconf 78' lang='lat' dir='ltr'><strong>Fiseamnenseut</strong></span> <span class='ocrx_word' id='word_1_39' title='bbox 1199 556 1486 624; x_wconf 79' lang='lat' dir='ltr'><strong>quemdam</strong></span> <span class='ocrx_word' id='word_1_40' title='bbox 1520 554 1796 618; x_wconf 83' lang='lat' dir='ltr'><strong>instruxit,</strong></span> <span class='ocrx_word' id='word_1_41' title='bbox 1827 568 1948 622; x_wconf 76' lang='lat' dir='ltr'><strong>qua:</strong></span> <span class='ocrx_word' id='word_1_42' title='bbox 1971 553 2129 606; x_wconf 64' lang='lat' dir='ltr'><strong>citius</strong></span> 
     </span>
    </p>
   </div>
   <div class='ocr_carea' id='block_1_8' title="bbox 543 645 2128 715">
    <p class='ocr_par' dir='ltr' id='par_1_8' title="bbox 543 645 2128 715">
     <span class='ocr_line' id='line_1_8' title="bbox 543 645 2128 715; baseline -0.003 -13"><span class='ocrx_word' id='word_1_43' title='bbox 543 646 774 702; x_wconf 86' lang='lat' dir='ltr'><strong>Heraldo</strong></span> <span class='ocrx_word' id='word_1_44' title='bbox 801 646 1051 702; x_wconf 87' lang='lat' dir='ltr'><strong>deferret.</strong></span> <span class='ocrx_word' id='word_1_45' title='bbox 1091 664 1110 698; x_wconf 74' lang='grc' dir='ltr'>ι</span> <span class='ocrx_word' id='word_1_46' title='bbox 1149 646 1262 702; x_wconf 85' lang='lat' dir='ltr'><strong>Non</strong></span> <span class='ocrx_word' id='word_1_47' title='bbox 1311 656 1534 712; x_wconf 88' lang='lat' dir='ltr'><strong>temere,</strong></span> <span class='ocrx_word' id='word_1_48' title='bbox 1577 660 1752 715; x_wconf 91' lang='lat' dir='ltr'><strong>neque</strong></span> <span class='ocrx_word' id='word_1_49' title='bbox 1782 645 1994 715; x_wconf 76' lang='lat' dir='ltr'><strong>injuste,</strong></span> <span class='ocrx_word' id='word_1_50' title='bbox 2033 645 2128 700; x_wconf 91' lang='lat' dir='ltr'><strong>sed</strong></span> 
     </span>
    </p>
   </div>
   <div class='ocr_carea' id='block_1_9' title="bbox 543 738 2145 813">
    <p class='ocr_par' dir='ltr' id='par_1_9' title="bbox 543 738 2145 813">
     <span class='ocr_line' id='line_1_9' title="bbox 543 738 2145 813; baseline -0.002 -19"><span class='ocrx_word' id='word_1_51' title='bbox 543 738 792 794; x_wconf 88' lang='lat' dir='ltr'><strong>consulto</strong></span> <span class='ocrx_word' id='word_1_52' title='bbox 820 747 874 793; x_wconf 89' lang='lat' dir='ltr'><strong>et</strong></span> <span class='ocrx_word' id='word_1_53' title='bbox 897 740 1169 809; x_wconf 65' lang='lat' dir='ltr'><strong>aequitatis</strong></span> <span class='ocrx_word' id='word_1_54' title='bbox 1197 740 1358 793; x_wconf 88' lang='lat' dir='ltr'><strong>ductu</strong></span> <span class='ocrx_word' id='word_1_55' title='bbox 1393 739 1447 793; x_wconf 91' lang='lat' dir='ltr'><strong>in</strong></span> <span class='ocrx_word' id='word_1_56' title='bbox 1483 739 1852 813; x_wconf 39' lang='lat' dir='ltr'><strong>hane‘terratn</strong></span> <span class='ocrx_word' id='word_1_57' title='bbox 1885 739 2145 791; x_wconf 48' lang='lat' dir='ltr'><strong>trattsve?</strong></span> 
     </span>
    </p>
   </div>
   <div class='ocr_carea' id='block_1_10' title="bbox 544 827 2130 900">
    <p class='ocr_par' dir='ltr' id='par_1_10' title="bbox 544 827 2130 900">
     <span class='ocr_line' id='line_1_10' title="bbox 544 827 2130 900; baseline -0.001 -16"><span class='ocrx_word' id='word_1_58' title='bbox 544 840 666 884; x_wconf 88' lang='lat' dir='ltr'><strong>ctus</strong></span> <span class='ocrx_word' id='word_1_59' title='bbox 695 845 844 895; x_wconf 90' lang='lat' dir='ltr'><strong>sum,</strong></span> <span class='ocrx_word' id='word_1_60' title='bbox 871 831 1027 900; x_wconf 88' lang='lat' dir='ltr'><strong>cujus</strong></span> <span class='ocrx_word' id='word_1_61' title='bbox 1050 847 1136 897; x_wconf 81' lang='lat' dir='ltr'><strong>me</strong></span> <span class='ocrx_word' id='word_1_62' title='bbox 1166 832 1466 896; x_wconf 68' lang='lat' dir='ltr'><strong>hmredem,</strong></span> <span class='ocrx_word' id='word_1_63' title='bbox 1500 840 1558 885; x_wconf 92' lang='lat' dir='ltr'><strong>ut</strong></span> <span class='ocrx_word' id='word_1_64' title='bbox 1595 829 1859 886; x_wconf 77' lang='lat' dir='ltr'><strong>Heraldus</strong></span> <span class='ocrx_word' id='word_1_65' title='bbox 1893 831 2005 899; x_wconf 82' lang='lat' dir='ltr'><strong>ipse</strong></span> <span class='ocrx_word' id='word_1_66' title='bbox 2049 827 2130 883; x_wconf 85' lang='lat' dir='ltr'><strong>fa-</strong></span> 
     </span>
    </p>
   </div>
   <div class='ocr_carea' id='block_1_11' title="bbox 542 918 2128 993">
    <p class='ocr_par' dir='ltr' id='par_1_11' title="bbox 542 918 2128 993">
     <span class='ocr_line' id='line_1_11' title="bbox 542 918 2128 993; baseline -0.001 -18"><span class='ocrx_word' id='word_1_67' title='bbox 542 930 708 986; x_wconf 86' lang='lat' dir='ltr'><strong>tetur,</strong></span> <span class='ocrx_word' id='word_1_68' title='bbox 739 922 930 976; x_wconf 83' lang='lat' dir='ltr'><strong>statuit</strong></span> <span class='ocrx_word' id='word_1_69' title='bbox 963 918 1214 978; x_wconf 84' lang='lat' dir='ltr'><strong>dominus</strong></span> <span class='ocrx_word' id='word_1_70' title='bbox 1257 938 1410 978; x_wconf 90' lang='lat' dir='ltr'><strong>meus</strong></span> <span class='ocrx_word' id='word_1_71' title='bbox 1452 932 1506 978; x_wconf 90' lang='lat' dir='ltr'><strong>et</strong></span> <span class='ocrx_word' id='word_1_72' title='bbox 1555 923 1992 993; x_wconf 88' lang='lat' dir='ltr'><strong>consanguineus</strong></span> <span class='ocrx_word' id='word_1_73' title='bbox 2032 933 2128 975; x_wconf 72' lang='lat' dir='ltr'><strong>rex</strong></span> 
     </span>
    </p>
   </div>
   <div class='ocr_carea' id='block_1_12' title="bbox 543 1013 2128 1085">
    <p class='ocr_par' dir='ltr' id='par_1_12' title="bbox 543 1013 2128 1085">
     <span class='ocr_line' id='line_1_12' title="bbox 543 1013 2128 1085; baseline -0.002 -16"><span class='ocrx_word' id='word_1_74' title='bbox 543 1014 861 1078; x_wconf 83' lang='lat' dir='ltr'><strong>Edwardus,</strong></span> <span class='ocrx_word' id='word_1_75' title='bbox 889 1015 958 1069; x_wconf 92' lang='lat' dir='ltr'><strong>ob</strong></span> <span class='ocrx_word' id='word_1_76' title='bbox 980 1016 1247 1071; x_wconf 84' lang='lat' dir='ltr'><strong>maximos</strong></span> <span class='ocrx_word' id='word_1_77' title='bbox 1272 1015 1507 1070; x_wconf 92' lang='lat' dir='ltr'><strong>honores</strong></span> <span class='ocrx_word' id='word_1_78' title='bbox 1529 1024 1583 1070; x_wconf 90' lang='lat' dir='ltr'><strong>et</strong></span> <span class='ocrx_word' id='word_1_79' title='bbox 1610 1015 1841 1085; x_wconf 86' lang='lat' dir='ltr'><strong>plurima</strong></span> <span class='ocrx_word' id='word_1_80' title='bbox 1863 1013 2128 1068; x_wconf 88' lang='lat' dir='ltr'><strong>beneﬁcia</strong></span> 
     </span>
    </p>
   </div>
   <div class='ocr_carea' id='block_1_13' title="bbox 543 1106 2128 1176">
    <p class='ocr_par' dir='ltr' id='par_1_13' title="bbox 543 1106 2128 1176">
     <span class='ocr_line' id='line_1_13' title="bbox 543 1106 2128 1176; baseline 0.001 -18"><span class='ocrx_word' id='word_1_81' title='bbox 543 1119 664 1174; x_wconf 65' lang='lat' dir='ltr'><strong>quae</strong></span> <span class='ocrx_word' id='word_1_82' title='bbox 686 1106 760 1160; x_wconf 91' lang='lat' dir='ltr'><strong>illi</strong></span> <span class='ocrx_word' id='word_1_83' title='bbox 785 1115 950 1176; x_wconf 87' lang='lat' dir='ltr'><strong>atqtte</strong></span> <span class='ocrx_word' id='word_1_84' title='bbox 980 1107 1134 1161; x_wconf 81' lang='lat' dir='ltr'><strong>fratri</strong></span> <span class='ocrx_word' id='word_1_85' title='bbox 1167 1124 1265 1162; x_wconf 92' lang='lat' dir='ltr'><strong>suo</strong></span> <span class='ocrx_word' id='word_1_86' title='bbox 1286 1147 1300 1171; x_wconf 92' lang='lat'><strong>,</strong></span> <span class='ocrx_word' id='word_1_87' title='bbox 1332 1123 1433 1162; x_wconf 91' lang='lat' dir='ltr'><strong>nec</strong></span> <span class='ocrx_word' id='word_1_88' title='bbox 1465 1123 1570 1161; x_wconf 90' lang='lat' dir='ltr'><strong>non</strong></span> <span class='ocrx_word' id='word_1_89' title='bbox 1606 1107 1913 1162; x_wconf 89' lang='lat' dir='ltr'><strong>hominibus</strong></span> <span class='ocrx_word' id='word_1_90' title='bbox 1941 1120 2128 1160; x_wconf 90' lang='lat' dir='ltr'><strong>eorum</strong></span> 
     </span>
    </p>
   </div>
   <div class='ocr_carea' id='block_1_14' title="bbox 543 1189 2126 1267">
    <p class='ocr_par' dir='ltr' id='par_1_14' title="bbox 543 1189 2126 1267">
     <span class='ocr_line' id='line_1_14' title="bbox 543 1189 2126 1267; baseline -0.003 -17"><span class='ocrx_word' id='word_1_91' title='bbox 543 1209 643 1264; x_wconf 82' lang='lat' dir='ltr'><strong>ego</strong></span> <span class='ocrx_word' id='word_1_92' title='bbox 662 1204 716 1250; x_wconf 92' lang='lat' dir='ltr'><strong>et</strong></span> <span class='ocrx_word' id='word_1_93' title='bbox 731 1195 965 1264; x_wconf 83' lang='lat' dir='ltr'><strong>majores</strong></span> <span class='ocrx_word' id='word_1_94' title='bbox 984 1197 1086 1251; x_wconf 93' lang='lat' dir='ltr'><strong>mei</strong></span> <span class='ocrx_word' id='word_1_95' title='bbox 1113 1197 1504 1267; x_wconf 84' lang='lat' dir='ltr'><strong>impendimus;</strong></span> <span class='ocrx_word' id='word_1_96' title='bbox 1525 1189 1844 1265; x_wconf 83' lang='lat' dir='ltr'><strong>etquoniam</strong></span> <span class='ocrx_word' id='word_1_97' title='bbox 1865 1195 2126 1260; x_wconf 90' lang='lat' dir='ltr'><strong>omnium,</strong></span> 
     </span>
    </p>
   </div>
   <div class='ocr_carea' id='block_1_15' title="bbox 544 1281 2130 1359">
    <p class='ocr_par' dir='ltr' id='par_1_15' title="bbox 544 1281 2130 1359">
     <span class='ocr_line' id='line_1_15' title="bbox 544 1281 2130 1359; baseline -0.002 -16"><span class='ocrx_word' id='word_1_98' title='bbox 544 1289 637 1358; x_wconf 94' lang='lat' dir='ltr'><strong>qui</strong></span> <span class='ocrx_word' id='word_1_99' title='bbox 662 1303 834 1359; x_wconf 87' lang='lat' dir='ltr'><strong>genus</strong></span> <span class='ocrx_word' id='word_1_100' title='bbox 857 1303 1012 1343; x_wconf 90' lang='lat' dir='ltr'><strong>suum</strong></span> <span class='ocrx_word' id='word_1_101' title='bbox 1045 1291 1402 1359; x_wconf 89' lang='lat' dir='ltr'><strong>attingerent,</strong></span> <span class='ocrx_word' id='word_1_102' title='bbox 1447 1281 1535 1343; x_wconf 84' lang='lat' dir='ltr'><strong>me</strong></span> <span class='ocrx_word' id='word_1_103' title='bbox 1580 1289 1834 1344; x_wconf 89' lang='lat' dir='ltr'><strong>credebat</strong></span> <span class='ocrx_word' id='word_1_104' title='bbox 1862 1286 2130 1342; x_wconf 84' lang='lat' dir='ltr'><strong>excellen-</strong></span> 
     </span>
    </p>
   </div>
   <div class='ocr_carea' id='block_1_16' title="bbox 547 1377 2132 1449">
    <p class='ocr_par' dir='ltr' id='par_1_16' title="bbox 547 1377 2132 1449">
     <span class='ocr_line' id='line_1_16' title="bbox 547 1377 2132 1449; baseline 0.001 -19"><span class='ocrx_word' id='word_1_105' title='bbox 547 1377 841 1442; x_wconf 86' lang='lat' dir='ltr'><strong>tissimum,</strong></span> <span class='ocrx_word' id='word_1_106' title='bbox 871 1378 964 1447; x_wconf 87' lang='lat' dir='ltr'><strong>qui</strong></span> <span class='ocrx_word' id='word_1_107' title='bbox 985 1378 1189 1447; x_wconf 89' lang='lat' dir='ltr'><strong>optime</strong></span> <span class='ocrx_word' id='word_1_108' title='bbox 1221 1379 1454 1434; x_wconf 78' lang='lat' dir='ltr'><strong>valerem</strong></span> <span class='ocrx_word' id='word_1_109' title='bbox 1483 1379 1569 1433; x_wconf 85' lang='lat' dir='ltr'><strong>vel</strong></span> <span class='ocrx_word' id='word_1_110' title='bbox 1592 1380 1640 1434; x_wconf 74' lang='lat' dir='ltr'><strong>ei</strong></span> <span class='ocrx_word' id='word_1_111' title='bbox 1665 1379 1900 1449; x_wconf 92' lang='lat' dir='ltr'><strong>quandiu</strong></span> <span class='ocrx_word' id='word_1_112' title='bbox 1926 1377 2132 1432; x_wconf 80' lang='lat' dir='ltr'><strong>viveret</strong></span> 
     </span>
    </p>
   </div>
   <div class='ocr_carea' id='block_1_17' title="bbox 545 1469 2128 1540">
    <p class='ocr_par' dir='ltr' id='par_1_17' title="bbox 545 1469 2128 1540">
     <span class='ocr_line' id='line_1_17' title="bbox 545 1469 2128 1540; baseline -0.001 -17"><span class='ocrx_word' id='word_1_113' title='bbox 545 1469 864 1534; x_wconf 86' lang='lat' dir='ltr'><strong>subvenire,</strong></span> <span class='ocrx_word' id='word_1_114' title='bbox 914 1469 999 1524; x_wconf 87' lang='lat' dir='ltr'><strong>vel</strong></span> <span class='ocrx_word' id='word_1_115' title='bbox 1045 1477 1397 1538; x_wconf 79' lang='lat' dir='ltr'><strong>posteaquam</strong></span> <span class='ocrx_word' id='word_1_116' title='bbox 1429 1470 1718 1526; x_wconf 83' lang='lat' dir='ltr'><strong>decederet</strong></span> <span class='ocrx_word' id='word_1_117' title='bbox 1766 1484 1990 1540; x_wconf 88' lang='lat' dir='ltr'><strong>regnum</strong></span> <span class='ocrx_word' id='word_1_118' title='bbox 2026 1484 2128 1539; x_wconf 89' lang='lat' dir='ltr'><strong>gu-</strong></span> 
     </span>
    </p>
   </div>
   <div class='ocr_carea' id='block_1_18' title="bbox 543 1561 2128 1638">
    <p class='ocr_par' dir='ltr' id='par_1_18' title="bbox 543 1561 2128 1638">
     <span class='ocr_line' id='line_1_18' title="bbox 543 1561 2128 1638; baseline -0.002 -21"><span class='ocrx_word' id='word_1_119' title='bbox 543 1561 797 1618; x_wconf 88' lang='lat' dir='ltr'><strong>bernare.</strong></span> <span class='ocrx_word' id='word_1_120' title='bbox 827 1561 971 1616; x_wconf 84' lang='lat' dir='ltr'><strong>Sane</strong></span> <span class='ocrx_word' id='word_1_121' title='bbox 1007 1577 1183 1630; x_wconf 88' lang='lat' dir='ltr'><strong>neque</strong></span> <span class='ocrx_word' id='word_1_122' title='bbox 1215 1562 1266 1615; x_wconf 91' lang='lat' dir='ltr'><strong>id</strong></span> <span class='ocrx_word' id='word_1_123' title='bbox 1301 1563 1514 1638; x_wconf 67' lang='lat' dir='ltr'><strong>absque</strong></span> <span class='ocrx_word' id='word_1_124' title='bbox 1543 1578 1764 1618; x_wconf 90' lang='lat' dir='ltr'><strong>suorum</strong></span> <span class='ocrx_word' id='word_1_125' title='bbox 1807 1562 2128 1632; x_wconf 81' lang='lat' dir='ltr'><strong>Optimatum</strong></span> 
     </span>
    </p>
   </div>
   <div class='ocr_carea' id='block_1_19' title="bbox 2237 366 3822 437">
    <p class='ocr_par' dir='ltr' id='par_1_19' title="bbox 2237 366 3822 437">
     <span class='ocr_line' id='line_1_19' title="bbox 2237 366 3822 437; baseline 0.004 -19"><span class='ocrx_word' id='word_1_126' title='bbox 2237 367 2472 436; x_wconf 84' lang='lat' dir='ltr'><strong>placere.</strong></span> <span class='ocrx_word' id='word_1_127' title='bbox 2504 366 2639 422; x_wconf 84' lang='lat' dir='ltr'><strong>Nam</strong></span> <span class='ocrx_word' id='word_1_128' title='bbox 2670 368 2752 420; x_wconf 88' lang='lat' dir='ltr'><strong>vir</strong></span> <span class='ocrx_word' id='word_1_129' title='bbox 2785 375 3046 422; x_wconf 85' lang='lat' dir='ltr'><strong>strenuus</strong></span> <span class='ocrx_word' id='word_1_130' title='bbox 3080 377 3135 422; x_wconf 89' lang='lat' dir='ltr'><strong>et</strong></span> <span class='ocrx_word' id='word_1_131' title='bbox 3170 368 3347 424; x_wconf 87' lang='lat' dir='ltr'><strong>bonus</strong></span> <span class='ocrx_word' id='word_1_132' title='bbox 3373 367 3584 437; x_wconf 90' lang='lat' dir='ltr'><strong>justum</strong></span> <span class='ocrx_word' id='word_1_133' title='bbox 3613 369 3822 436; x_wconf 77' lang='lat' dir='ltr'><strong>aliquid</strong></span> 
     </span>
    </p>
   </div>
   <div class='ocr_carea' id='block_1_20' title="bbox 2235 458 3819 530">
    <p class='ocr_par' dir='ltr' id='par_1_20' title="bbox 2235 458 3819 530">
     <span class='ocr_line' id='line_1_20' title="bbox 2235 458 3819 530; baseline 0.001 -19"><span class='ocrx_word' id='word_1_134' title='bbox 2235 473 2300 515; x_wconf 89' lang='lat' dir='ltr'><strong>ac</strong></span> <span class='ocrx_word' id='word_1_135' title='bbox 2325 460 2506 513; x_wconf 68' lang='lat' dir='ltr'><strong>laetum</strong></span> <span class='ocrx_word' id='word_1_136' title='bbox 2532 458 2865 525; x_wconf 89' lang='lat' dir='ltr'><strong>renuntiare,</strong></span> <span class='ocrx_word' id='word_1_137' title='bbox 2885 474 2986 514; x_wconf 89' lang='lat' dir='ltr'><strong>nec</strong></span> <span class='ocrx_word' id='word_1_138' title='bbox 3010 460 3207 514; x_wconf 88' lang='lat' dir='ltr'><strong>multos</strong></span> <span class='ocrx_word' id='word_1_139' title='bbox 3229 461 3554 530; x_wconf 85' lang='lat' dir='ltr'><strong>occumbere</strong></span> <span class='ocrx_word' id='word_1_140' title='bbox 3584 460 3819 524; x_wconf 82' lang='lat' dir='ltr'><strong>volebat,</strong></span> 
     </span>
    </p>
   </div>
   <div class='ocr_carea' id='block_1_21' title="bbox 2234 549 3824 620">
    <p class='ocr_par' dir='ltr' id='par_1_21' title="bbox 2234 549 3824 620">
     <span class='ocr_line' id='line_1_21' title="bbox 2234 549 3824 620; baseline 0.001 -17"><span class='ocrx_word' id='word_1_141' title='bbox 2234 549 2453 604; x_wconf 85' lang='lat' dir='ltr'><strong>Heraldi</strong></span> <span class='ocrx_word' id='word_1_142' title='bbox 2496 557 2691 619; x_wconf 89' lang='lat' dir='ltr'><strong>caput,</strong></span> <span class='ocrx_word' id='word_1_143' title='bbox 2737 564 2835 619; x_wconf 89' lang='lat' dir='ltr'><strong>pro</strong></span> <span class='ocrx_word' id='word_1_144' title='bbox 2873 564 2980 618; x_wconf 92' lang='lat' dir='ltr'><strong>quo</strong></span> <span class='ocrx_word' id='word_1_145' title='bbox 3019 551 3197 605; x_wconf 89' lang='lat' dir='ltr'><strong>minor</strong></span> <span class='ocrx_word' id='word_1_146' title='bbox 3246 551 3538 614; x_wconf 82' lang='lat' dir='ltr'><strong>fortitudo,</strong></span> <span class='ocrx_word' id='word_1_147' title='bbox 3589 551 3824 620; x_wconf 69' lang='lat' dir='ltr'><strong>aequitas</strong></span> 
     </span>
    </p>
   </div>
   <div class='ocr_carea' id='block_1_22' title="bbox 2233 642 3823 710">
    <p class='ocr_par' dir='ltr' id='par_1_22' title="bbox 2233 642 3823 710">
     <span class='ocr_line' id='line_1_22' title="bbox 2233 642 3823 710; baseline -0.001 -13"><span class='ocrx_word' id='word_1_148' title='bbox 2233 643 2379 697; x_wconf 91' lang='lat' dir='ltr'><strong>nulla</strong></span> <span class='ocrx_word' id='word_1_149' title='bbox 2418 652 2610 710; x_wconf 83' lang='lat' dir='ltr'><strong>staret,</strong></span> <span class='ocrx_word' id='word_1_150' title='bbox 2665 657 2922 698; x_wconf 86' lang='lat' dir='ltr'><strong>casurum</strong></span> <span class='ocrx_word' id='word_1_151' title='bbox 2961 643 3261 698; x_wconf 87' lang='lat' dir='ltr'><strong>conﬁdens.</strong></span> <span class='ocrx_word' id='word_1_152' title='bbox 3311 643 3448 698; x_wconf 86' lang='lat' dir='ltr'><strong>Tum</strong></span> <span class='ocrx_word' id='word_1_153' title='bbox 3492 643 3673 698; x_wconf 89' lang='lat' dir='ltr'><strong>levato</strong></span> <span class='ocrx_word' id='word_1_154' title='bbox 3713 642 3823 696; x_wconf 79' lang='lat' dir='ltr'><strong>lle-</strong></span> 
     </span>
    </p>
   </div>
   <div class='ocr_carea' id='block_1_23' title="bbox 2234 731 3825 795">
    <p class='ocr_par' dir='ltr' id='par_1_23' title="bbox 2234 731 3825 795">
     <span class='ocr_line' id='line_1_23' title="bbox 2234 731 3825 795; baseline 0.001 -9"><span class='ocrx_word' id='word_1_155' title='bbox 2234 732 2418 787; x_wconf 78' lang='lat' dir='ltr'><strong>raldus</strong></span> <span class='ocrx_word' id='word_1_156' title='bbox 2455 733 2508 786; x_wconf 93' lang='lat' dir='ltr'><strong>in</strong></span> <span class='ocrx_word' id='word_1_157' title='bbox 2535 732 2732 787; x_wconf 64' lang='lat' dir='ltr'><strong>caelum</strong></span> <span class='ocrx_word' id='word_1_158' title='bbox 2762 731 2936 795; x_wconf 89' lang='lat' dir='ltr'><strong>vultu,</strong></span> <span class='ocrx_word' id='word_1_159' title='bbox 2971 733 3049 787; x_wconf 90' lang='lat' dir='ltr'><strong>ait</strong></span> <span class='ocrx_word' id='word_1_160' title='bbox 3081 751 3094 786; x_wconf 87' lang='lat'><strong>:</strong></span> <span class='ocrx_word' id='word_1_161' title='bbox 3130 752 3148 784; x_wconf 69' lang='grc' dir='ltr'>ε</span> <span class='ocrx_word' id='word_1_162' title='bbox 3187 733 3449 788; x_wconf 76' lang='lat' dir='ltr'><strong>Dominus</strong></span> <span class='ocrx_word' id='word_1_163' title='bbox 3479 733 3629 788; x_wconf 90' lang='lat' dir='ltr'><strong>inter</strong></span> <span class='ocrx_word' id='word_1_164' title='bbox 3656 749 3746 787; x_wconf 91' lang='lat' dir='ltr'><strong>rne</strong></span> <span class='ocrx_word' id='word_1_165' title='bbox 3770 741 3825 787; x_wconf 85' lang='lat' dir='ltr'><strong>et</strong></span> 
     </span>
    </p>
   </div>
   <div class='ocr_carea' id='block_1_24' title="bbox 2231 822 3827 895">
    <p class='ocr_par' dir='ltr' id='par_1_24' title="bbox 2231 822 3827 895">
     <span class='ocr_line' id='line_1_24' title="bbox 2231 822 3827 895; baseline 0 -18"><span class='ocrx_word' id='word_1_166' title='bbox 2231 822 2560 878; x_wconf 85' lang='lat' dir='ltr'><strong>Willelmum</strong></span> <span class='ocrx_word' id='word_1_167' title='bbox 2608 825 2768 880; x_wconf 87' lang='lat' dir='ltr'><strong>hodie</strong></span> <span class='ocrx_word' id='word_1_168' title='bbox 2797 826 2942 895; x_wconf 91' lang='lat' dir='ltr'><strong>quod</strong></span> <span class='ocrx_word' id='word_1_169' title='bbox 2972 825 3182 895; x_wconf 80' lang='lat' dir='ltr'><strong>justum</strong></span> <span class='ocrx_word' id='word_1_170' title='bbox 3220 834 3304 880; x_wconf 88' lang='lat' dir='ltr'><strong>est</strong></span> <span class='ocrx_word' id='word_1_171' title='bbox 3342 825 3626 880; x_wconf 82' lang='lat' dir='ltr'><strong>decernat.</strong></span> <span class='ocrx_word' id='word_1_172' title='bbox 3658 843 3677 875; x_wconf 75' lang='grc' dir='ltr'><strong><em>ι</em></strong></span> <span class='ocrx_word' id='word_1_173' title='bbox 3721 826 3827 877; x_wconf 75' lang='lat' dir='ltr'><strong>Be-</strong></span> 
     </span>
    </p>
   </div>
   <div class='ocr_carea' id='block_1_25' title="bbox 2233 917 3821 989">
    <p class='ocr_par' dir='ltr' id='par_1_25' title="bbox 2233 917 3821 989">
     <span class='ocr_line' id='line_1_25' title="bbox 2233 917 3821 989; baseline 0.002 -20"><span class='ocrx_word' id='word_1_174' title='bbox 2233 917 2433 986; x_wconf 86' lang='lat' dir='ltr'><strong>gnandi</strong></span> <span class='ocrx_word' id='word_1_175' title='bbox 2467 918 2734 987; x_wconf 90' lang='lat' dir='ltr'><strong>siquidem</strong></span> <span class='ocrx_word' id='word_1_176' title='bbox 2776 919 3030 989; x_wconf 91' lang='lat' dir='ltr'><strong>cupidine</strong></span> <span class='ocrx_word' id='word_1_177' title='bbox 3065 928 3326 985; x_wconf 72' lang='lat' dir='ltr'><strong>emeatus,</strong></span> <span class='ocrx_word' id='word_1_178' title='bbox 3356 918 3518 974; x_wconf 87' lang='lat' dir='ltr'><strong>simul</strong></span> <span class='ocrx_word' id='word_1_179' title='bbox 3549 919 3622 972; x_wconf 88' lang='lat' dir='ltr'><strong>ob</strong></span> <span class='ocrx_word' id='word_1_180' title='bbox 3655 918 3821 988; x_wconf 82' lang='lat' dir='ltr'><strong>trepi-</strong></span> 
     </span>
    </p>
   </div>
   <div class='ocr_carea' id='block_1_26' title="bbox 2233 1005 3823 1076">
    <p class='ocr_par' dir='ltr' id='par_1_26' title="bbox 2233 1005 3823 1076">
     <span class='ocr_line' id='line_1_26' title="bbox 2233 1005 3823 1076; baseline 0.001 -16"><span class='ocrx_word' id='word_1_181' title='bbox 2233 1006 2504 1062; x_wconf 89' lang='lat' dir='ltr'><strong>dationem</strong></span> <span class='ocrx_word' id='word_1_182' title='bbox 2553 1008 2753 1063; x_wconf 86' lang='lat' dir='ltr'><strong>oblitus</strong></span> <span class='ocrx_word' id='word_1_183' title='bbox 2798 1007 3034 1076; x_wconf 64' lang='lat' dir='ltr'><strong>injuriae,</strong></span> <span class='ocrx_word' id='word_1_184' title='bbox 3068 1005 3463 1064; x_wconf 85' lang='lat' dir='ltr'><strong>conscientiam</strong></span> <span class='ocrx_word' id='word_1_185' title='bbox 3507 1009 3563 1063; x_wconf 93' lang='lat' dir='ltr'><strong>in</strong></span> <span class='ocrx_word' id='word_1_186' title='bbox 3605 1009 3823 1062; x_wconf 86' lang='lat' dir='ltr'><strong>ruinam</strong></span> 
     </span>
    </p>
   </div>
   <div class='ocr_carea' id='block_1_27' title="bbox 2233 1099 3066 1169">
    <p class='ocr_par' dir='ltr' id='par_1_27' title="bbox 2233 1099 3066 1169">
     <span class='ocr_line' id='line_1_27' title="bbox 2233 1099 3066 1169; baseline 0.002 -15"><span class='ocrx_word' id='word_1_187' title='bbox 2233 1099 2320 1154; x_wconf 90' lang='lat' dir='ltr'><strong>sui</strong></span> <span class='ocrx_word' id='word_1_188' title='bbox 2350 1109 2557 1154; x_wconf 91' lang='lat' dir='ltr'><strong>rectum</strong></span> <span class='ocrx_word' id='word_1_189' title='bbox 2578 1099 2816 1169; x_wconf 90' lang='lat' dir='ltr'><strong>judicem</strong></span> <span class='ocrx_word' id='word_1_190' title='bbox 2837 1102 3066 1169; x_wconf 88' lang='lat' dir='ltr'><strong>optavit.</strong></span> 
     </span>
    </p>
   </div>
   <div class='ocr_carea' id='block_1_28' title="bbox 2308 1191 3818 1264">
    <p class='ocr_par' dir='ltr' id='par_1_28' title="bbox 2308 1191 3818 1264">
     <span class='ocr_line' id='line_1_28' title="bbox 2308 1191 3818 1264; baseline -0.001 -18"><span class='ocrx_word' id='word_1_191' title='bbox 2308 1191 2520 1246; x_wconf 90' lang='lat' dir='ltr'><strong>Interea</strong></span> <span class='ocrx_word' id='word_1_192' title='bbox 2563 1192 2905 1262; x_wconf 84' lang='lat' dir='ltr'><strong>exploratum</strong></span> <span class='ocrx_word' id='word_1_193' title='bbox 2944 1193 3139 1248; x_wconf 89' lang='lat' dir='ltr'><strong>directi</strong></span> <span class='ocrx_word' id='word_1_194' title='bbox 3183 1193 3336 1249; x_wconf 88' lang='lat' dir='ltr'><strong>ducis</strong></span> <span class='ocrx_word' id='word_1_195' title='bbox 3358 1192 3511 1264; x_wconf 90' lang='lat' dir='ltr'><strong>jussu</strong></span> <span class='ocrx_word' id='word_1_196' title='bbox 3544 1192 3818 1263; x_wconf 86' lang='lat' dir='ltr'><strong>probatis-</strong></span> 
     </span>
    </p>
   </div>
   <div class='ocr_carea' id='block_1_29' title="bbox 2233 1284 3822 1359">
    <p class='ocr_par' dir='ltr' id='par_1_29' title="bbox 2233 1284 3822 1359">
     <span class='ocr_line' id='line_1_29' title="bbox 2233 1284 3822 1359; baseline -0.001 -20"><span class='ocrx_word' id='word_1_197' title='bbox 2233 1285 2353 1359; x_wconf 82' lang='lat' dir='ltr'><strong>simi</strong></span> <span class='ocrx_word' id='word_1_198' title='bbox 2377 1285 2610 1354; x_wconf 90' lang='lat' dir='ltr'><strong>equites,</strong></span> <span class='ocrx_word' id='word_1_199' title='bbox 2637 1286 2846 1340; x_wconf 85' lang='lat' dir='ltr'><strong>hostem</strong></span> <span class='ocrx_word' id='word_1_200' title='bbox 2872 1284 3063 1342; x_wconf 86' lang='lat' dir='ltr'><strong>adesse</strong></span> <span class='ocrx_word' id='word_1_201' title='bbox 3090 1285 3183 1341; x_wconf 92' lang='lat' dir='ltr'><strong>citi</strong></span> <span class='ocrx_word' id='word_1_202' title='bbox 3215 1287 3487 1342; x_wconf 88' lang='lat' dir='ltr'><strong>nuntiant.</strong></span> <span class='ocrx_word' id='word_1_203' title='bbox 3516 1285 3822 1340; x_wconf 87' lang='lat' dir='ltr'><strong>Accelera-</strong></span> 
     </span>
    </p>
   </div>
   <div class='ocr_carea' id='block_1_30' title="bbox 2233 1375 3824 1447">
    <p class='ocr_par' dir='ltr' id='par_1_30' title="bbox 2233 1375 3824 1447">
     <span class='ocr_line' id='line_1_30' title="bbox 2233 1375 3824 1447; baseline -0.003 -16"><span class='ocrx_word' id='word_1_204' title='bbox 2233 1377 2326 1431; x_wconf 87' lang='lat' dir='ltr'><strong>bat</strong></span> <span class='ocrx_word' id='word_1_205' title='bbox 2353 1377 2498 1430; x_wconf 90' lang='lat' dir='ltr'><strong>enim</strong></span> <span class='ocrx_word' id='word_1_206' title='bbox 2519 1391 2584 1431; x_wconf 91' lang='lat' dir='ltr'><strong>eo</strong></span> <span class='ocrx_word' id='word_1_207' title='bbox 2613 1376 2784 1447; x_wconf 87' lang='lat' dir='ltr'><strong>magis</strong></span> <span class='ocrx_word' id='word_1_208' title='bbox 2813 1391 2906 1430; x_wconf 83' lang='lat' dir='ltr'><strong>rex</strong></span> <span class='ocrx_word' id='word_1_209' title='bbox 2945 1375 3290 1443; x_wconf 82' lang='lat' dir='ltr'><strong>furibundus,</strong></span> <span class='ocrx_word' id='word_1_210' title='bbox 3331 1375 3476 1445; x_wconf 88' lang='lat' dir='ltr'><strong>quod</strong></span> <span class='ocrx_word' id='word_1_211' title='bbox 3513 1376 3824 1446; x_wconf 85' lang='lat' dir='ltr'><strong>propinqua</strong></span> 
     </span>
    </p>
   </div>
   <div class='ocr_carea' id='block_1_31' title="bbox 2239 1465 3827 1522">
    <p class='ocr_par' dir='ltr' id='par_1_31' title="bbox 2239 1465 3827 1522">
     <span class='ocr_line' id='line_1_31' title="bbox 2239 1465 3827 1522; baseline -0.003 0"><span class='ocrx_word' id='word_1_212' title='bbox 2239 1467 2435 1522; x_wconf 86' lang='lat' dir='ltr'><strong>castris</strong></span> <span class='ocrx_word' id='word_1_213' title='bbox 2471 1465 2972 1522; x_wconf 86' lang='lat' dir='ltr'><strong>Northmannorum</strong></span> <span class='ocrx_word' id='word_1_214' title='bbox 3006 1467 3209 1522; x_wconf 83' lang='lat' dir='ltr'><strong>vastari</strong></span> <span class='ocrx_word' id='word_1_215' title='bbox 3241 1468 3506 1522; x_wconf 82' lang='lat' dir='ltr'><strong>audierat.</strong></span> <span class='ocrx_word' id='word_1_216' title='bbox 3544 1465 3827 1520; x_wconf 81' lang='lat' dir='ltr'><strong>Nocturna</strong></span> 
     </span>
    </p>
   </div>
   <div class='ocr_carea' id='block_1_32' title="bbox 2233 1556 3828 1630">
    <p class='ocr_par' dir='ltr' id='par_1_32' title="bbox 2233 1556 3828 1630">
     <span class='ocr_line' id='line_1_32' title="bbox 2233 1556 3828 1630; baseline -0.003 -17"><span class='ocrx_word' id='word_1_217' title='bbox 2233 1558 2396 1613; x_wconf 89' lang='lat' dir='ltr'><strong>etiam</strong></span> <span class='ocrx_word' id='word_1_218' title='bbox 2421 1559 2644 1614; x_wconf 88' lang='lat' dir='ltr'><strong>incursu</strong></span> <span class='ocrx_word' id='word_1_219' title='bbox 2673 1567 2766 1613; x_wconf 87' lang='lat' dir='ltr'><strong>aut</strong></span> <span class='ocrx_word' id='word_1_220' title='bbox 2790 1559 3073 1630; x_wconf 86' lang='lat' dir='ltr'><strong>repentino</strong></span> <span class='ocrx_word' id='word_1_221' title='bbox 3096 1558 3276 1614; x_wconf 92' lang='lat' dir='ltr'><strong>minus</strong></span> <span class='ocrx_word' id='word_1_222' title='bbox 3302 1565 3492 1613; x_wconf 89' lang='lat' dir='ltr'><strong>cautos</strong></span> <span class='ocrx_word' id='word_1_223' title='bbox 3512 1556 3828 1626; x_wconf 84' lang='lat' dir='ltr'><strong>opprimere</strong></span> 
     </span>
    </p>
   </div>
   <div class='ocr_carea' id='block_1_33' title="bbox 545 1643 3829 1724">
    <p class='ocr_par' dir='ltr' id='par_1_33' title="bbox 545 1643 3829 1724">
     <span class='ocr_line' id='line_1_33' title="bbox 545 1643 3829 1724; baseline -0.002 -18"><span class='ocrx_word' id='word_1_224' title='bbox 545 1667 851 1718; x_wconf 86' lang='lat' dir='ltr'><strong>consensu,</strong></span> <span class='ocrx_word' id='word_1_225' title='bbox 897 1668 1086 1708; x_wconf 87' lang='lat' dir='ltr'><strong>verum</strong></span> <span class='ocrx_word' id='word_1_226' title='bbox 1136 1653 1363 1708; x_wconf 81' lang='lat' dir='ltr'><strong>consilio</strong></span> <span class='ocrx_word' id='word_1_227' title='bbox 1413 1654 1654 1724; x_wconf 82' lang='lat' dir='ltr'><strong>Stigandi</strong></span> <span class='ocrx_word' id='word_1_228' title='bbox 1708 1653 2131 1724; x_wconf 83' lang='lat' dir='ltr'><strong>archiepiscopi,</strong></span> <span class='ocrx_word' id='word_1_229' title='bbox 2169 1643 2210 1698; x_wconf 88' lang='grc' dir='ltr'><strong>Β</strong></span> <span class='ocrx_word' id='word_1_230' title='bbox 2237 1651 2535 1720; x_wconf 80' lang='lat' dir='ltr'><strong>cogitabat.</strong></span> <span class='ocrx_word' id='word_1_231' title='bbox 2564 1649 2631 1704; x_wconf 83' lang='lat' dir='ltr'><strong>Et</strong></span> <span class='ocrx_word' id='word_1_232' title='bbox 2657 1664 2724 1704; x_wconf 90' lang='lat' dir='ltr'><strong>ne</strong></span> <span class='ocrx_word' id='word_1_233' title='bbox 2751 1649 2996 1720; x_wconf 88' lang='lat' dir='ltr'><strong>perfugio</strong></span> <span class='ocrx_word' id='word_1_234' title='bbox 3024 1650 3261 1714; x_wconf 86' lang='lat' dir='ltr'><strong>abirent,</strong></span> <span class='ocrx_word' id='word_1_235' title='bbox 3298 1651 3473 1704; x_wconf 87' lang='lat' dir='ltr'><strong>classe</strong></span> <span class='ocrx_word' id='word_1_236' title='bbox 3512 1655 3736 1701; x_wconf 79' lang='lat' dir='ltr'><strong>armata</strong></span> <span class='ocrx_word' id='word_1_237' title='bbox 3762 1644 3829 1698; x_wconf 84' lang='lat' dir='ltr'><strong>ad</strong></span> 
     </span>
    </p>
   </div>
   <div class='ocr_carea' id='block_1_34' title="bbox 546 1741 2130 1816">
    <p class='ocr_par' dir='ltr' id='par_1_34' title="bbox 546 1741 2130 1816">
     <span class='ocr_line' id='line_1_34' title="bbox 546 1741 2130 1816; baseline 0.001 -19"><span class='ocrx_word' id='word_1_238' title='bbox 546 1741 792 1798; x_wconf 79' lang='lat' dir='ltr'><strong>Godwini</strong></span> <span class='ocrx_word' id='word_1_239' title='bbox 835 1743 1068 1808; x_wconf 86' lang='lat' dir='ltr'><strong>cornitis,</strong></span> <span class='ocrx_word' id='word_1_240' title='bbox 1109 1742 1321 1799; x_wconf 88' lang='lat' dir='ltr'><strong>Levriei</strong></span> <span class='ocrx_word' id='word_1_241' title='bbox 1361 1745 1598 1816; x_wconf 77' lang='lat' dir='ltr'><strong>comitis,</strong></span> <span class='ocrx_word' id='word_1_242' title='bbox 1642 1744 1856 1814; x_wconf 89' lang='lat' dir='ltr'><strong>Sigardi</strong></span> <span class='ocrx_word' id='word_1_243' title='bbox 1887 1743 2130 1806; x_wconf 85' lang='lat' dir='ltr'><strong>comitis,</strong></span> 
     </span>
    </p>
   </div>
   <div class='ocr_carea' id='block_1_35' title="bbox 547 1833 2131 1902">
    <p class='ocr_par' dir='ltr' id='par_1_35' title="bbox 547 1833 2131 1902">
     <span class='ocr_line' id='line_1_35' title="bbox 547 1833 2131 1902; baseline 0.002 -15"><span class='ocrx_word' id='word_1_244' title='bbox 547 1833 640 1901; x_wconf 81' lang='lat' dir='ltr'><strong>qui</strong></span> <span class='ocrx_word' id='word_1_245' title='bbox 674 1835 837 1890; x_wconf 89' lang='lat' dir='ltr'><strong>etiam</strong></span> <span class='ocrx_word' id='word_1_246' title='bbox 859 1833 1215 1902; x_wconf 87' lang='lat' dir='ltr'><strong>jurejurando</strong></span> <span class='ocrx_word' id='word_1_247' title='bbox 1236 1835 1349 1890; x_wconf 70' lang='lat' dir='ltr'><strong>suis</strong></span> <span class='ocrx_word' id='word_1_248' title='bbox 1373 1835 1621 1890; x_wconf 89' lang='lat' dir='ltr'><strong>manibus</strong></span> <span class='ocrx_word' id='word_1_249' title='bbox 1649 1838 2131 1900; x_wconf 88' lang='lat' dir='ltr'><strong>conlirmaverunt,</strong></span> 
     </span>
    </p>
   </div>
   <div class='ocr_carea' id='block_1_36' title="bbox 551 1925 2134 2005">
    <p class='ocr_par' dir='ltr' id='par_1_36' title="bbox 551 1925 2134 2005">
     <span class='ocr_line' id='line_1_36' title="bbox 551 1925 2134 2005; baseline 0.003 -26"><span class='ocrx_word' id='word_1_250' title='bbox 551 1925 696 1994; x_wconf 90' lang='lat' dir='ltr'><strong>quod</strong></span> <span class='ocrx_word' id='word_1_251' title='bbox 738 1935 860 1996; x_wconf 91' lang='lat' dir='ltr'><strong>post</strong></span> <span class='ocrx_word' id='word_1_252' title='bbox 887 1926 1138 1981; x_wconf 82' lang='lat' dir='ltr'><strong>Edwardi</strong></span> <span class='ocrx_word' id='word_1_253' title='bbox 1176 1929 1456 2005; x_wconf 66' lang='lat' dir='ltr'><strong>dteessutn</strong></span> <span class='ocrx_word' id='word_1_254' title='bbox 1485 1943 1571 1984; x_wconf 91' lang='lat' dir='ltr'><strong>me</strong></span> <span class='ocrx_word' id='word_1_255' title='bbox 1614 1929 1918 1998; x_wconf 83' lang='lat' dir='ltr'><strong>reciperent</strong></span> <span class='ocrx_word' id='word_1_256' title='bbox 1956 1929 2134 1984; x_wconf 86' lang='lat' dir='ltr'><strong>domi-</strong></span> 
     </span>
    </p>
   </div>
   <div class='ocr_carea' id='block_1_37' title="bbox 550 2016 2134 2089">
    <p class='ocr_par' dir='ltr' id='par_1_37' title="bbox 550 2016 2134 2089">
     <span class='ocr_line' id='line_1_37' title="bbox 550 2016 2134 2089; baseline 0.003 -20"><span class='ocrx_word' id='word_1_257' title='bbox 550 2031 711 2081; x_wconf 92' lang='lat' dir='ltr'><strong>num,</strong></span> <span class='ocrx_word' id='word_1_258' title='bbox 745 2031 845 2070; x_wconf 79' lang='lat' dir='ltr'><strong>nec</strong></span> <span class='ocrx_word' id='word_1_259' title='bbox 886 2016 1154 2073; x_wconf 86' lang='lat' dir='ltr'><strong>ullatenus</strong></span> <span class='ocrx_word' id='word_1_260' title='bbox 1190 2027 1434 2086; x_wconf 82' lang='lat' dir='ltr'><strong>peterent</strong></span> <span class='ocrx_word' id='word_1_261' title='bbox 1477 2019 1528 2072; x_wconf 92' lang='lat' dir='ltr'><strong>in</strong></span> <span class='ocrx_word' id='word_1_262' title='bbox 1572 2019 1679 2073; x_wconf 86' lang='lat' dir='ltr'><strong>vita</strong></span> <span class='ocrx_word' id='word_1_263' title='bbox 1720 2018 1863 2074; x_wconf 90' lang='lat' dir='ltr'><strong>illius</strong></span> <span class='ocrx_word' id='word_1_264' title='bbox 1905 2020 2134 2089; x_wconf 87' lang='lat' dir='ltr'><strong>patriam</strong></span> 
     </span>
    </p>
   </div>
   <div class='ocr_carea' id='block_1_38' title="bbox 554 2103 2136 2178">
    <p class='ocr_par' dir='ltr' id='par_1_38' title="bbox 554 2103 2136 2178">
     <span class='ocr_line' id='line_1_38' title="bbox 554 2103 2136 2178; baseline 0.004 -21"><span class='ocrx_word' id='word_1_265' title='bbox 554 2103 697 2158; x_wconf 90' lang='lat' dir='ltr'><strong>hanc</strong></span> <span class='ocrx_word' id='word_1_266' title='bbox 723 2103 832 2158; x_wconf 91' lang='lat' dir='ltr'><strong>ullo</strong></span> <span class='ocrx_word' id='word_1_267' title='bbox 860 2105 1243 2175; x_wconf 90' lang='lat' dir='ltr'><strong>impedimento</strong></span> <span class='ocrx_word' id='word_1_268' title='bbox 1272 2116 1461 2162; x_wconf 86' lang='lat' dir='ltr'><strong>contra</strong></span> <span class='ocrx_word' id='word_1_269' title='bbox 1489 2123 1578 2162; x_wconf 90' lang='lat' dir='ltr'><strong>me</strong></span> <span class='ocrx_word' id='word_1_270' title='bbox 1605 2108 1879 2178; x_wconf 90' lang='lat' dir='ltr'><strong>occupari.</strong></span> <span class='ocrx_word' id='word_1_271' title='bbox 1910 2108 2136 2164; x_wconf 88' lang='lat' dir='ltr'><strong>Obsides</strong></span> 
     </span>
    </p>
   </div>
   <div class='ocr_carea' id='block_1_39' title="bbox 553 2194 2136 2268">
    <p class='ocr_par' dir='ltr' id='par_1_39' title="bbox 553 2194 2136 2268">
     <span class='ocr_line' id='line_1_39' title="bbox 553 2194 2136 2268; baseline 0.004 -21"><span class='ocrx_word' id='word_1_272' title='bbox 553 2194 686 2249; x_wconf 89' lang='lat' dir='ltr'><strong>mihi</strong></span> <span class='ocrx_word' id='word_1_273' title='bbox 729 2195 877 2250; x_wconf 88' lang='lat' dir='ltr'><strong>dedit</strong></span> <span class='ocrx_word' id='word_1_274' title='bbox 911 2195 1157 2251; x_wconf 77' lang='lat' dir='ltr'><strong>Godwini</strong></span> <span class='ocrx_word' id='word_1_275' title='bbox 1210 2198 1376 2252; x_wconf 91' lang='lat' dir='ltr'><strong>ﬁlium</strong></span> <span class='ocrx_word' id='word_1_276' title='bbox 1422 2213 1486 2252; x_wconf 92' lang='lat' dir='ltr'><strong>ac</strong></span> <span class='ocrx_word' id='word_1_277' title='bbox 1531 2209 1802 2268; x_wconf 89' lang='lat' dir='ltr'><strong>nepotem.</strong></span> <span class='ocrx_word' id='word_1_278' title='bbox 1854 2198 2136 2254; x_wconf 87' lang='lat' dir='ltr'><strong>Postremo</strong></span> 
     </span>
    </p>
   </div>
   <div class='ocr_carea' id='block_1_40' title="bbox 552 2284 2138 2357">
    <p class='ocr_par' dir='ltr' id='par_1_40' title="bbox 552 2284 2138 2357">
     <span class='ocr_line' id='line_1_40' title="bbox 552 2284 2138 2357; baseline 0.001 -17"><span class='ocrx_word' id='word_1_279' title='bbox 552 2284 843 2350; x_wconf 86' lang='lat' dir='ltr'><strong>lleraldum</strong></span> <span class='ocrx_word' id='word_1_280' title='bbox 896 2287 1070 2357; x_wconf 90' lang='lat' dir='ltr'><strong>ipsum</strong></span> <span class='ocrx_word' id='word_1_281' title='bbox 1121 2288 1175 2341; x_wconf 91' lang='lat' dir='ltr'><strong>itt</strong></span> <span class='ocrx_word' id='word_1_282' title='bbox 1218 2287 1666 2344; x_wconf 82' lang='lat' dir='ltr'><strong>Northmanniam</strong></span> <span class='ocrx_word' id='word_1_283' title='bbox 1711 2290 2046 2354; x_wconf 90' lang='lat' dir='ltr'><strong>transmisit,</strong></span> <span class='ocrx_word' id='word_1_284' title='bbox 2080 2298 2138 2344; x_wconf 91' lang='lat' dir='ltr'><strong>ut</strong></span> 
     </span>
    </p>
   </div>
   <div class='ocr_carea' id='block_1_41' title="bbox 551 2376 2136 2450">
    <p class='ocr_par' dir='ltr' id='par_1_41' title="bbox 551 2376 2136 2450">
     <span class='ocr_line' id='line_1_41' title="bbox 551 2376 2136 2450; baseline 0.005 -22"><span class='ocrx_word' id='word_1_285' title='bbox 551 2376 696 2443; x_wconf 89' lang='lat' dir='ltr'><strong>quod</strong></span> <span class='ocrx_word' id='word_1_286' title='bbox 746 2383 898 2444; x_wconf 91' lang='lat' dir='ltr'><strong>pater</strong></span> <span class='ocrx_word' id='word_1_287' title='bbox 939 2377 1058 2447; x_wconf 84' lang='lat' dir='ltr'><strong>ejus</strong></span> <span class='ocrx_word' id='word_1_288' title='bbox 1104 2388 1268 2448; x_wconf 87' lang='lat' dir='ltr'><strong>atque</strong></span> <span class='ocrx_word' id='word_1_289' title='bbox 1321 2381 1505 2434; x_wconf 85' lang='lat' dir='ltr'><strong>caeteri</strong></span> <span class='ocrx_word' id='word_1_290' title='bbox 1565 2382 1994 2450; x_wconf 89' lang='lat' dir='ltr'><strong>supranominati</strong></span> <span class='ocrx_word' id='word_1_291' title='bbox 2051 2383 2136 2436; x_wconf 89' lang='lat' dir='ltr'><strong>hic</strong></span> 
     </span>
    </p>
   </div>
   <div class='ocr_carea' id='block_1_42' title="bbox 554 2465 2141 2544">
    <p class='ocr_par' dir='ltr' id='par_1_42' title="bbox 554 2465 2141 2544">
     <span class='ocr_line' id='line_1_42' title="bbox 554 2465 2141 2544; baseline 0.006 -25"><span class='ocrx_word' id='word_1_292' title='bbox 554 2465 963 2533; x_wconf 86' lang='lat' dir='ltr'><strong>mihijuravere</strong></span> <span class='ocrx_word' id='word_1_293' title='bbox 987 2469 1230 2539; x_wconf 85' lang='lat' dir='ltr'><strong>absenti,</strong></span> <span class='ocrx_word' id='word_1_294' title='bbox 1266 2470 1310 2524; x_wconf 94' lang='lat' dir='ltr'><strong>is</strong></span> <span class='ocrx_word' id='word_1_295' title='bbox 1354 2471 1426 2526; x_wconf 86' lang='lat' dir='ltr'><strong>ibi</strong></span> <span class='ocrx_word' id='word_1_296' title='bbox 1468 2485 1706 2540; x_wconf 81' lang='lat' dir='ltr'><strong>praesens</strong></span> <span class='ocrx_word' id='word_1_297' title='bbox 1741 2472 1956 2541; x_wconf 82' lang='lat' dir='ltr'><strong>juraret</strong></span> <span class='ocrx_word' id='word_1_298' title='bbox 2000 2489 2141 2544; x_wconf 78' lang='lat' dir='ltr'><strong>prae-</strong></span> 
     </span>
    </p>
   </div>
   <div class='ocr_carea' id='block_1_43' title="bbox 547 2559 2140 2634">
    <p class='ocr_par' dir='ltr' id='par_1_43' title="bbox 547 2559 2140 2634">
     <span class='ocr_line' id='line_1_43' title="bbox 547 2559 2140 2634; baseline 0.003 -18"><span class='ocrx_word' id='word_1_299' title='bbox 547 2559 716 2616; x_wconf 68' lang='lat' dir='ltr'><strong>Genti.</strong></span> <span class='ocrx_word' id='word_1_300' title='bbox 745 2559 847 2625; x_wconf 81' lang='lat' dir='ltr'><strong>Qui</strong></span> <span class='ocrx_word' id='word_1_301' title='bbox 882 2559 1008 2614; x_wconf 91' lang='lat' dir='ltr'><strong>dum</strong></span> <span class='ocrx_word' id='word_1_302' title='bbox 1036 2572 1286 2632; x_wconf 77' lang='lat' dir='ltr'><strong>pergeret</strong></span> <span class='ocrx_word' id='word_1_303' title='bbox 1337 2563 1404 2618; x_wconf 88' lang='lat' dir='ltr'><strong>ad</strong></span> <span class='ocrx_word' id='word_1_304' title='bbox 1454 2579 1574 2628; x_wconf 92' lang='lat' dir='ltr'><strong>me,</strong></span> <span class='ocrx_word' id='word_1_305' title='bbox 1607 2565 1661 2618; x_wconf 91' lang='lat' dir='ltr'><strong>in</strong></span> <span class='ocrx_word' id='word_1_306' title='bbox 1709 2565 2004 2634; x_wconf 90' lang='lat' dir='ltr'><strong>perieulum</strong></span> <span class='ocrx_word' id='word_1_307' title='bbox 2047 2582 2140 2621; x_wconf 83' lang='lat' dir='ltr'><strong>ca-</strong></span> 
     </span>
    </p>
   </div>
   <div class='ocr_carea' id='block_1_44' title="bbox 556 2649 2138 2724">
    <p class='ocr_par' dir='ltr' id='par_1_44' title="bbox 556 2649 2138 2724">
     <span class='ocr_line' id='line_1_44' title="bbox 556 2649 2138 2724; baseline 0.005 -22"><span class='ocrx_word' id='word_1_308' title='bbox 556 2649 760 2718; x_wconf 87' lang='lat' dir='ltr'><strong>ptionis</strong></span> <span class='ocrx_word' id='word_1_309' title='bbox 795 2649 984 2703; x_wconf 91' lang='lat' dir='ltr'><strong>incidit</strong></span> <span class='ocrx_word' id='word_1_310' title='bbox 1010 2689 1026 2716; x_wconf 93' lang='lat'><strong>,</strong></span> <span class='ocrx_word' id='word_1_311' title='bbox 1057 2652 1199 2706; x_wconf 88' lang='lat' dir='ltr'><strong>unde</strong></span> <span class='ocrx_word' id='word_1_312' title='bbox 1226 2667 1342 2707; x_wconf 91' lang='lat' dir='ltr'><strong>mea</strong></span> <span class='ocrx_word' id='word_1_313' title='bbox 1373 2667 1494 2707; x_wconf 92' lang='lat' dir='ltr'><strong>eum</strong></span> <span class='ocrx_word' id='word_1_314' title='bbox 1515 2653 1799 2724; x_wconf 88' lang='lat' dir='ltr'><strong>prudentia</strong></span> <span class='ocrx_word' id='word_1_315' title='bbox 1832 2670 1897 2712; x_wconf 87' lang='lat' dir='ltr'><strong>ac</strong></span> <span class='ocrx_word' id='word_1_316' title='bbox 1926 2655 2138 2711; x_wconf 88' lang='lat' dir='ltr'><strong>fortitu-</strong></span> 
     </span>
    </p>
   </div>
   <div class='ocr_carea' id='block_1_45' title="bbox 555 2737 2137 2810">
    <p class='ocr_par' dir='ltr' id='par_1_45' title="bbox 555 2737 2137 2810">
     <span class='ocr_line' id='line_1_45' title="bbox 555 2737 2137 2810; baseline 0.005 -18"><span class='ocrx_word' id='word_1_317' title='bbox 555 2739 680 2792; x_wconf 89' lang='lat' dir='ltr'><strong>dine</strong></span> <span class='ocrx_word' id='word_1_318' title='bbox 699 2738 894 2806; x_wconf 90' lang='lat' dir='ltr'><strong>eripui.</strong></span> <span class='ocrx_word' id='word_1_319' title='bbox 920 2737 992 2794; x_wconf 91' lang='lat' dir='ltr'><strong>Se</strong></span> <span class='ocrx_word' id='word_1_320' title='bbox 1017 2740 1150 2794; x_wconf 78' lang='lat' dir='ltr'><strong>mihi</strong></span> <span class='ocrx_word' id='word_1_321' title='bbox 1177 2756 1273 2810; x_wconf 91' lang='lat' dir='ltr'><strong>per</strong></span> <span class='ocrx_word' id='word_1_322' title='bbox 1295 2757 1490 2797; x_wconf 90' lang='lat' dir='ltr'><strong>manus</strong></span> <span class='ocrx_word' id='word_1_323' title='bbox 1511 2757 1642 2799; x_wconf 89' lang='lat' dir='ltr'><strong>suas</strong></span> <span class='ocrx_word' id='word_1_324' title='bbox 1662 2745 1827 2810; x_wconf 91' lang='lat' dir='ltr'><strong>dedit,</strong></span> <span class='ocrx_word' id='word_1_325' title='bbox 1853 2760 1947 2800; x_wconf 89' lang='lat' dir='ltr'><strong>sua</strong></span> <span class='ocrx_word' id='word_1_326' title='bbox 1973 2760 2137 2800; x_wconf 89' lang='lat' dir='ltr'><strong>manu</strong></span> 
     </span>
    </p>
   </div>
   <div class='ocr_carea' id='block_1_46' title="bbox 557 2830 2140 2904">
    <p class='ocr_par' dir='ltr' id='par_1_46' title="bbox 557 2830 2140 2904">
     <span class='ocr_line' id='line_1_46' title="bbox 557 2830 2140 2904; baseline 0.008 -22"><span class='ocrx_word' id='word_1_327' title='bbox 557 2831 906 2884; x_wconf 82' lang='lat' dir='ltr'><strong>securitatem</strong></span> <span class='ocrx_word' id='word_1_328' title='bbox 951 2830 1083 2884; x_wconf 89' lang='lat' dir='ltr'><strong>mihi</strong></span> <span class='ocrx_word' id='word_1_329' title='bbox 1114 2832 1181 2885; x_wconf 91' lang='lat' dir='ltr'><strong>de</strong></span> <span class='ocrx_word' id='word_1_330' title='bbox 1207 2847 1372 2904; x_wconf 86' lang='lat' dir='ltr'><strong>regno</strong></span> <span class='ocrx_word' id='word_1_331' title='bbox 1399 2835 1627 2901; x_wconf 82' lang='lat' dir='ltr'><strong>Anglico</strong></span> <span class='ocrx_word' id='word_1_332' title='bbox 1654 2837 1908 2892; x_wconf 82' lang='lat' dir='ltr'><strong>ﬁrmavit.</strong></span> <span class='ocrx_word' id='word_1_333' title='bbox 1936 2837 2140 2894; x_wconf 82' lang='lat' dir='ltr'><strong>Praesto</strong></span> 
     </span>
    </p>
   </div>
   <div class='ocr_carea' id='block_1_47' title="bbox 555 2920 2140 3000">
    <p class='ocr_par' dir='ltr' id='par_1_47' title="bbox 555 2920 2140 3000">
     <span class='ocr_line' id='line_1_47' title="bbox 555 2920 2140 3000; baseline 0.006 -26"><span class='ocrx_word' id='word_1_334' title='bbox 555 2932 658 2992; x_wconf 81' lang='lat' dir='ltr'><strong>ego</strong></span> <span class='ocrx_word' id='word_1_335' title='bbox 687 2934 806 2975; x_wconf 91' lang='lat' dir='ltr'><strong>sum</strong></span> <span class='ocrx_word' id='word_1_336' title='bbox 836 2920 902 2974; x_wconf 90' lang='lat' dir='ltr'><strong>ad</strong></span> <span class='ocrx_word' id='word_1_337' title='bbox 951 2921 1218 2990; x_wconf 88' lang='lat' dir='ltr'><strong>agendum</strong></span> <span class='ocrx_word' id='word_1_338' title='bbox 1249 2938 1473 2980; x_wconf 87' lang='lat' dir='ltr'><strong>causam</strong></span> <span class='ocrx_word' id='word_1_339' title='bbox 1503 2937 1697 2982; x_wconf 89' lang='lat' dir='ltr'><strong>contra</strong></span> <span class='ocrx_word' id='word_1_340' title='bbox 1731 2926 1878 2983; x_wconf 82' lang='lat' dir='ltr'><strong>illuni</strong></span> <span class='ocrx_word' id='word_1_341' title='bbox 1920 2929 1974 2984; x_wconf 91' lang='lat' dir='ltr'><strong>in</strong></span> <span class='ocrx_word' id='word_1_342' title='bbox 1996 2929 2140 3000; x_wconf 88' lang='lat' dir='ltr'><strong>judi-</strong></span> 
     </span>
    </p>
   </div>
   <div class='ocr_carea' id='block_1_48' title="bbox 558 3011 2138 3088">
    <p class='ocr_par' dir='ltr' id='par_1_48' title="bbox 558 3011 2138 3088">
     <span class='ocr_line' id='line_1_48' title="bbox 558 3011 2138 3088; baseline 0.008 -22"><span class='ocrx_word' id='word_1_343' title='bbox 558 3011 806 3080; x_wconf 75' lang='lat' dir='ltr'><strong>cio,~sive</strong></span> <span class='ocrx_word' id='word_1_344' title='bbox 835 3012 1010 3083; x_wconf 88' lang='lat' dir='ltr'><strong>placet</strong></span> <span class='ocrx_word' id='word_1_345' title='bbox 1049 3014 1137 3069; x_wconf 90' lang='lat' dir='ltr'><strong>ille</strong></span> <span class='ocrx_word' id='word_1_346' title='bbox 1156 3015 1314 3085; x_wconf 77' lang='lat' dir='ltr'><strong>juxta</strong></span> <span class='ocrx_word' id='word_1_347' title='bbox 1340 3015 1429 3086; x_wconf 88' lang='lat' dir='ltr'><strong>jus</strong></span> <span class='ocrx_word' id='word_1_348' title='bbox 1465 3018 1961 3076; x_wconf 75' lang='lat' dir='ltr'><strong>Northmannorum</strong></span> <span class='ocrx_word' id='word_1_349' title='bbox 1984 3061 1999 3088; x_wconf 92' lang='lat'><strong>,</strong></span> <span class='ocrx_word' id='word_1_350' title='bbox 2025 3023 2138 3079; x_wconf 89' lang='lat' dir='ltr'><strong>sive</strong></span> 
     </span>
    </p>
   </div>
   <div class='ocr_carea' id='block_1_49' title="bbox 556 3101 2137 3180">
    <p class='ocr_par' dir='ltr' id='par_1_49' title="bbox 556 3101 2137 3180">
     <span class='ocr_line' id='line_1_49' title="bbox 556 3101 2137 3180; baseline 0.007 -23"><span class='ocrx_word' id='word_1_351' title='bbox 556 3101 737 3171; x_wconf 87' lang='lat' dir='ltr'><strong>potius</strong></span> <span class='ocrx_word' id='word_1_352' title='bbox 764 3101 1080 3172; x_wconf 75' lang='lat' dir='ltr'><strong>Anglorum.</strong></span> <span class='ocrx_word' id='word_1_353' title='bbox 1125 3103 1182 3160; x_wconf 90' lang='lat' dir='ltr'><strong>Si</strong></span> <span class='ocrx_word' id='word_1_354' title='bbox 1213 3109 1510 3163; x_wconf 90' lang='lat' dir='ltr'><strong>secundum</strong></span> <span class='ocrx_word' id='word_1_355' title='bbox 1541 3111 1812 3180; x_wconf 67' lang='lat' dir='ltr'><strong>aequitatis</strong></span> <span class='ocrx_word' id='word_1_356' title='bbox 1853 3113 2137 3168; x_wconf 89' lang='lat' dir='ltr'><strong>veritatem</strong></span> 
     </span>
    </p>
   </div>
   <div class='ocr_carea' id='block_1_50' title="bbox 560 3195 2139 3276">
    <p class='ocr_par' dir='ltr' id='par_1_50' title="bbox 560 3195 2139 3276">
     <span class='ocr_line' id='line_1_50' title="bbox 560 3195 2139 3276; baseline 0.006 -26"><span class='ocrx_word' id='word_1_357' title='bbox 560 3195 900 3251; x_wconf 87' lang='lat' dir='ltr'><strong>decreverint</strong></span> <span class='ocrx_word' id='word_1_358' title='bbox 922 3195 1279 3253; x_wconf 77' lang='lat' dir='ltr'><strong>Northmanni</strong></span> <span class='ocrx_word' id='word_1_359' title='bbox 1302 3207 1393 3253; x_wconf 90' lang='lat' dir='ltr'><strong>aut</strong></span> <span class='ocrx_word' id='word_1_360' title='bbox 1426 3201 1607 3273; x_wconf 83' lang='lat' dir='ltr'><strong>Angli,</strong></span> <span class='ocrx_word' id='word_1_361' title='bbox 1631 3203 1772 3273; x_wconf 90' lang='lat' dir='ltr'><strong>quod</strong></span> <span class='ocrx_word' id='word_1_362' title='bbox 1799 3203 1889 3261; x_wconf 89' lang='lat' dir='ltr'><strong>ille</strong></span> <span class='ocrx_word' id='word_1_363' title='bbox 1913 3219 2139 3276; x_wconf 84' lang='lat' dir='ltr'><strong>regnum</strong></span> 
     </span>
    </p>
   </div>
   <div class='ocr_carea' id='block_1_51' title="bbox 558 3283 2138 3364">
    <p class='ocr_par' dir='ltr' id='par_1_51' title="bbox 558 3283 2138 3364">
     <span class='ocr_line' id='line_1_51' title="bbox 558 3283 2138 3364; baseline 0.009 -25"><span class='ocrx_word' id='word_1_364' title='bbox 558 3285 664 3340; x_wconf 87' lang='lat' dir='ltr'><strong>hoc</strong></span> <span class='ocrx_word' id='word_1_365' title='bbox 690 3283 814 3354; x_wconf 87' lang='lat' dir='ltr'><strong>jure</strong></span> <span class='ocrx_word' id='word_1_366' title='bbox 854 3287 1050 3342; x_wconf 87' lang='lat' dir='ltr'><strong>debeat</strong></span> <span class='ocrx_word' id='word_1_367' title='bbox 1074 3283 1380 3358; x_wconf 89' lang='lat' dir='ltr'><strong>possidere,</strong></span> <span class='ocrx_word' id='word_1_368' title='bbox 1429 3307 1552 3347; x_wconf 91' lang='lat' dir='ltr'><strong>cum</strong></span> <span class='ocrx_word' id='word_1_369' title='bbox 1592 3307 1724 3363; x_wconf 87' lang='lat' dir='ltr'><strong>pace</strong></span> <span class='ocrx_word' id='word_1_370' title='bbox 1752 3295 2045 3364; x_wconf 89' lang='lat' dir='ltr'><strong>possideat.</strong></span> <span class='ocrx_word' id='word_1_371' title='bbox 2081 3297 2138 3353; x_wconf 91' lang='lat' dir='ltr'><strong>Si</strong></span> 
     </span>
    </p>
   </div>
   <div class='ocr_carea' id='block_1_52' title="bbox 555 3379 2142 3449">
    <p class='ocr_par' dir='ltr' id='par_1_52' title="bbox 555 3379 2142 3449">
     <span class='ocr_line' id='line_1_52' title="bbox 555 3379 2142 3449; baseline 0.007 -16"><span class='ocrx_word' id='word_1_372' title='bbox 555 3393 688 3434; x_wconf 90' lang='lat' dir='ltr'><strong>vero</strong></span> <span class='ocrx_word' id='word_1_373' title='bbox 720 3379 850 3434; x_wconf 89' lang='lat' dir='ltr'><strong>mihi</strong></span> <span class='ocrx_word' id='word_1_374' title='bbox 885 3379 1110 3449; x_wconf 71' lang='lat' dir='ltr'><strong>justitire</strong></span> <span class='ocrx_word' id='word_1_375' title='bbox 1139 3381 1323 3438; x_wconf 90' lang='lat' dir='ltr'><strong>debito</strong></span> <span class='ocrx_word' id='word_1_376' title='bbox 1353 3382 1679 3440; x_wconf 89' lang='lat' dir='ltr'><strong>reddendum</strong></span> <span class='ocrx_word' id='word_1_377' title='bbox 1706 3401 1825 3441; x_wconf 89' lang='lat' dir='ltr'><strong>esse</strong></span> <span class='ocrx_word' id='word_1_378' title='bbox 1849 3401 2142 3444; x_wconf 88' lang='lat' dir='ltr'><strong>consense-</strong></span> 
     </span>
    </p>
   </div>
   <div class='ocr_carea' id='block_1_53' title="bbox 559 3469 2141 3549">
    <p class='ocr_par' dir='ltr' id='par_1_53' title="bbox 559 3469 2141 3549">
     <span class='ocr_line' id='line_1_53' title="bbox 559 3469 2141 3549; baseline 0.007 -26"><span class='ocrx_word' id='word_1_379' title='bbox 559 3469 700 3538; x_wconf 85' lang='lat' dir='ltr'><strong>rint,</strong></span> <span class='ocrx_word' id='word_1_380' title='bbox 734 3469 865 3523; x_wconf 90' lang='lat' dir='ltr'><strong>mihi</strong></span> <span class='ocrx_word' id='word_1_381' title='bbox 888 3470 1144 3525; x_wconf 84' lang='lat' dir='ltr'><strong>dimittat.</strong></span> <span class='ocrx_word' id='word_1_382' title='bbox 1173 3472 1243 3526; x_wconf 86' lang='lat' dir='ltr'><strong>At</strong></span> <span class='ocrx_word' id='word_1_383' title='bbox 1263 3473 1307 3527; x_wconf 89' lang='lat' dir='ltr'><strong>si</strong></span> <span class='ocrx_word' id='word_1_384' title='bbox 1331 3474 1694 3532; x_wconf 89' lang='lat' dir='ltr'><strong>conditionem</strong></span> <span class='ocrx_word' id='word_1_385' title='bbox 1723 3478 1860 3532; x_wconf 92' lang='lat' dir='ltr'><strong>hanc</strong></span> <span class='ocrx_word' id='word_1_386' title='bbox 1888 3479 2141 3549; x_wconf 91' lang='lat' dir='ltr'><strong>repudia-</strong></span> 
     </span>
    </p>
   </div>
   <div class='ocr_carea' id='block_1_54' title="bbox 563 3555 2140 3632">
    <p class='ocr_par' dir='ltr' id='par_1_54' title="bbox 563 3555 2140 3632">
     <span class='ocr_line' id='line_1_54' title="bbox 563 3555 2140 3632; baseline 0.008 -18"><span class='ocrx_word' id='word_1_387' title='bbox 563 3561 725 3627; x_wconf 88' lang='lat' dir='ltr'><strong>verit,</strong></span> <span class='ocrx_word' id='word_1_388' title='bbox 758 3575 864 3616; x_wconf 93' lang='lat' dir='ltr'><strong>non</strong></span> <span class='ocrx_word' id='word_1_389' title='bbox 893 3555 1032 3616; x_wconf 81' lang='lat' dir='ltr'><strong>duco</strong></span> <span class='ocrx_word' id='word_1_390' title='bbox 1053 3563 1256 3632; x_wconf 89' lang='lat' dir='ltr'><strong>justum</strong></span> <span class='ocrx_word' id='word_1_391' title='bbox 1290 3574 1348 3618; x_wconf 92' lang='lat' dir='ltr'><strong>ut</strong></span> <span class='ocrx_word' id='word_1_392' title='bbox 1373 3565 1620 3621; x_wconf 89' lang='lat' dir='ltr'><strong>homines</strong></span> <span class='ocrx_word' id='word_1_393' title='bbox 1649 3569 1753 3622; x_wconf 90' lang='lat' dir='ltr'><strong>mei</strong></span> <span class='ocrx_word' id='word_1_394' title='bbox 1788 3568 1871 3624; x_wconf 90' lang='lat' dir='ltr'><strong>vel</strong></span> <span class='ocrx_word' id='word_1_395' title='bbox 1894 3570 1976 3624; x_wconf 90' lang='lat' dir='ltr'><strong>sui</strong></span> <span class='ocrx_word' id='word_1_396' title='bbox 2006 3586 2140 3626; x_wconf 86' lang='lat' dir='ltr'><strong>con-</strong></span> 
     </span>
    </p>
   </div>
   <div class='ocr_carea' id='block_1_55' title="bbox 563 3651 2140 3731">
    <p class='ocr_par' dir='ltr' id='par_1_55' title="bbox 563 3651 2140 3731">
     <span class='ocr_line' id='line_1_55' title="bbox 563 3651 2140 3731; baseline 0.008 -26"><span class='ocrx_word' id='word_1_397' title='bbox 563 3651 749 3706; x_wconf 89' lang='lat' dir='ltr'><strong>cidant</strong></span> <span class='ocrx_word' id='word_1_398' title='bbox 781 3651 1106 3721; x_wconf 75' lang='lat' dir='ltr'><strong>praeliando,</strong></span> <span class='ocrx_word' id='word_1_399' title='bbox 1137 3669 1368 3722; x_wconf 89' lang='lat' dir='ltr'><strong>quorum</strong></span> <span class='ocrx_word' id='word_1_400' title='bbox 1403 3657 1454 3710; x_wconf 93' lang='lat' dir='ltr'><strong>in</strong></span> <span class='ocrx_word' id='word_1_401' title='bbox 1484 3655 1578 3712; x_wconf 87' lang='lat' dir='ltr'><strong>lite</strong></span> <span class='ocrx_word' id='word_1_402' title='bbox 1607 3667 1793 3713; x_wconf 87' lang='lat' dir='ltr'><strong>nostra</strong></span> <span class='ocrx_word' id='word_1_403' title='bbox 1817 3660 1972 3731; x_wconf 87' lang='lat' dir='ltr'><strong>culpa</strong></span> <span class='ocrx_word' id='word_1_404' title='bbox 1995 3663 2140 3718; x_wconf 90' lang='lat' dir='ltr'><strong>nulla</strong></span> 
     </span>
    </p>
   </div>
   <div class='ocr_carea' id='block_1_56' title="bbox 562 3741 2144 3823">
    <p class='ocr_par' dir='ltr' id='par_1_56' title="bbox 562 3741 2144 3823">
     <span class='ocr_line' id='line_1_56' title="bbox 562 3741 2144 3823; baseline 0.008 -28"><span class='ocrx_word' id='word_1_405' title='bbox 562 3751 666 3796; x_wconf 87' lang='lat' dir='ltr'><strong>est.</strong></span> <span class='ocrx_word' id='word_1_406' title='bbox 692 3741 832 3811; x_wconf 79' lang='lat' dir='ltr'><strong>Ecce</strong></span> <span class='ocrx_word' id='word_1_407' title='bbox 861 3751 1081 3811; x_wconf 84' lang='lat' dir='ltr'><strong>paratus</strong></span> <span class='ocrx_word' id='word_1_408' title='bbox 1124 3759 1225 3814; x_wconf 87' lang='lat' dir='ltr'><strong>ego</strong></span> <span class='ocrx_word' id='word_1_409' title='bbox 1252 3759 1370 3800; x_wconf 92' lang='lat' dir='ltr'><strong>sum</strong></span> <span class='ocrx_word' id='word_1_410' title='bbox 1404 3748 1581 3816; x_wconf 87' lang='lat' dir='ltr'><strong>capite</strong></span> <span class='ocrx_word' id='word_1_411' title='bbox 1609 3765 1729 3804; x_wconf 88' lang='lat' dir='ltr'><strong>meo</strong></span> <span class='ocrx_word' id='word_1_412' title='bbox 1765 3761 1956 3806; x_wconf 87' lang='lat' dir='ltr'><strong>contra</strong></span> <span class='ocrx_word' id='word_1_413' title='bbox 1983 3762 2144 3823; x_wconf 86' lang='lat' dir='ltr'><strong>caput</strong></span> 
     </span>
    </p>
   </div>
   <div class='ocr_carea' id='block_1_57' title="bbox 565 3831 2144 3914">
    <p class='ocr_par' dir='ltr' id='par_1_57' title="bbox 565 3831 2144 3914">
     <span class='ocr_line' id='line_1_57' title="bbox 565 3831 2144 3914; baseline 0.008 -29"><span class='ocrx_word' id='word_1_414' title='bbox 565 3831 710 3886; x_wconf 88' lang='lat' dir='ltr'><strong>illius</strong></span> <span class='ocrx_word' id='word_1_415' title='bbox 742 3846 988 3886; x_wconf 90' lang='lat' dir='ltr'><strong>asserere</strong></span> <span class='ocrx_word' id='word_1_416' title='bbox 1015 3834 1171 3914; x_wconf 86' lang='lat' dir='ltr'><strong>quod</strong></span> <span class='ocrx_word' id='word_1_417' title='bbox 1191 3835 1322 3890; x_wconf 88' lang='lat' dir='ltr'><strong>tttihi</strong></span> <span class='ocrx_word' id='word_1_418' title='bbox 1342 3838 1524 3906; x_wconf 90' lang='lat' dir='ltr'><strong>potius</strong></span> <span class='ocrx_word' id='word_1_419' title='bbox 1549 3854 1713 3908; x_wconf 88' lang='lat' dir='ltr'><strong>quant</strong></span> <span class='ocrx_word' id='word_1_420' title='bbox 1745 3841 1818 3894; x_wconf 87' lang='lat' dir='ltr'><strong>illi</strong></span> <span class='ocrx_word' id='word_1_421' title='bbox 1840 3840 1965 3909; x_wconf 89' lang='lat' dir='ltr'><strong>jure</strong></span> <span class='ocrx_word' id='word_1_422' title='bbox 1986 3845 2144 3898; x_wconf 90' lang='lat' dir='ltr'><strong>cedat</strong></span> 
     </span>
    </p>
   </div>
   <div class='ocr_carea' id='block_1_58' title="bbox 568 3923 1489 3994">
    <p class='ocr_par' dir='ltr' id='par_1_58' title="bbox 568 3923 1489 3994">
     <span class='ocr_line' id='line_1_58' title="bbox 568 3923 1489 3994; baseline 0 -16"><span class='ocrx_word' id='word_1_423' title='bbox 568 3939 793 3994; x_wconf 87' lang='lat' dir='ltr'><strong>regnum</strong></span> <span class='ocrx_word' id='word_1_424' title='bbox 824 3923 1128 3994; x_wconf 80' lang='lat' dir='ltr'><strong>Anglicum.</strong></span> <span class='ocrx_word' id='word_1_425' title='bbox 1179 3945 1198 3978; x_wconf 78' lang='grc' dir='ltr'><strong><em>ι</em></strong></span> <span class='ocrx_word' id='word_1_426' title='bbox 1401 3949 1404 3954; x_wconf 93' lang='grc'><strong>-</strong></span> <span class='ocrx_word' id='word_1_427' title='bbox 1487 3950 1489 3952; x_wconf 89' lang='grc'>·</span> 
     </span>
    </p>
   </div>
   <div class='ocr_carea' id='block_1_59' title="bbox 571 4106 2147 4178">
    <p class='ocr_par' dir='ltr' id='par_1_59' title="bbox 571 4106 2147 4178">
     <span class='ocr_line' id='line_1_59' title="bbox 571 4106 2147 4178; baseline 0.011 -19"><span class='ocrx_word' id='word_1_428' title='bbox 571 4106 798 4160; x_wconf 90' lang='lat' dir='ltr'><strong>tentiam</strong></span> <span class='ocrx_word' id='word_1_429' title='bbox 849 4107 1022 4178; x_wconf 89' lang='lat' dir='ltr'><strong>magis</strong></span> <span class='ocrx_word' id='word_1_430' title='bbox 1061 4123 1224 4178; x_wconf 89' lang='lat' dir='ltr'><strong>quatn</strong></span> <span class='ocrx_word' id='word_1_431' title='bbox 1265 4111 1529 4168; x_wconf 90' lang='lat' dir='ltr'><strong>dictatum</strong></span> <span class='ocrx_word' id='word_1_432' title='bbox 1578 4125 1820 4170; x_wconf 89' lang='lat' dir='ltr'><strong>nostrum</strong></span> <span class='ocrx_word' id='word_1_433' title='bbox 1869 4117 1922 4172; x_wconf 91' lang='lat' dir='ltr'><strong>in</strong></span> <span class='ocrx_word' id='word_1_434' title='bbox 1961 4119 2147 4176; x_wconf 90' lang='lat' dir='ltr'><strong>oculos</strong></span> 
     </span>
    </p>
   </div>
   <div class='ocr_carea' id='block_1_60' title="bbox 567 4193 2146 4278">
    <p class='ocr_par' dir='ltr' id='par_1_60' title="bbox 567 4193 2146 4278">
     <span class='ocr_line' id='line_1_60' title="bbox 567 4193 2146 4278; baseline 0.011 -32"><span class='ocrx_word' id='word_1_435' title='bbox 567 4193 924 4266; x_wconf 86' lang='lat' dir='ltr'><strong>plurimorum</strong></span> <span class='ocrx_word' id='word_1_436' title='bbox 963 4197 1149 4252; x_wconf 89' lang='lat' dir='ltr'><strong>venire</strong></span> <span class='ocrx_word' id='word_1_437' title='bbox 1181 4199 1450 4268; x_wconf 91' lang='lat' dir='ltr'><strong>volumus,</strong></span> <span class='ocrx_word' id='word_1_438' title='bbox 1477 4203 1603 4272; x_wconf 90' lang='lat' dir='ltr'><strong>quia</strong></span> <span class='ocrx_word' id='word_1_439' title='bbox 1639 4205 1990 4273; x_wconf 91' lang='lat' dir='ltr'><strong>plurimorum</strong></span> <span class='ocrx_word' id='word_1_440' title='bbox 2026 4223 2146 4278; x_wconf 90' lang='lat' dir='ltr'><strong>per-</strong></span> 
     </span>
    </p>
   </div>
   <div class='ocr_carea' id='block_1_61' title="bbox 567 4285 2147 4359">
    <p class='ocr_par' dir='ltr' id='par_1_61' title="bbox 567 4285 2147 4359">
     <span class='ocr_line' id='line_1_61' title="bbox 567 4285 2147 4359; baseline 0.01 -21"><span class='ocrx_word' id='word_1_441' title='bbox 567 4292 731 4352; x_wconf 89' lang='lat' dir='ltr'><strong>petuo</strong></span> <span class='ocrx_word' id='word_1_442' title='bbox 794 4285 981 4340; x_wconf 86' lang='lat' dir='ltr'><strong>favore</strong></span> <span class='ocrx_word' id='word_1_443' title='bbox 1037 4301 1179 4359; x_wconf 8' lang='lat' dir='ltr'><strong>eum,</strong></span> <span class='ocrx_word' id='word_1_444' title='bbox 1214 4289 1589 4348; x_wconf 85' lang='lat' dir='ltr'><strong>desideramus</strong></span> <span class='ocrx_word' id='word_1_445' title='bbox 1640 4294 1868 4350; x_wconf 85' lang='lat' dir='ltr'><strong>laudari.</strong></span> <span class='ocrx_word' id='word_1_446' title='bbox 1916 4295 2147 4354; x_wconf 85' lang='lat' dir='ltr'><strong>Pulchre</strong></span> 
     </span>
    </p>
   </div>
   <div class='ocr_carea' id='block_1_62' title="bbox 566 4375 2144 4458">
    <p class='ocr_par' dir='ltr' id='par_1_62' title="bbox 566 4375 2144 4458">
     <span class='ocr_line' id='line_1_62' title="bbox 566 4375 2144 4458; baseline 0.01 -29"><span class='ocrx_word' id='word_1_447' title='bbox 566 4375 848 4445; x_wconf 85' lang='lat' dir='ltr'><strong>colligetur</strong></span> <span class='ocrx_word' id='word_1_448' title='bbox 879 4386 933 4432; x_wconf 90' lang='lat' dir='ltr'><strong>et</strong></span> <span class='ocrx_word' id='word_1_449' title='bbox 963 4391 1028 4431; x_wconf 79' lang='lat' dir='ltr'><strong>ex</strong></span> <span class='ocrx_word' id='word_1_450' title='bbox 1060 4392 1145 4443; x_wconf 89' lang='lat' dir='ltr'><strong>ea,</strong></span> <span class='ocrx_word' id='word_1_451' title='bbox 1172 4380 1314 4448; x_wconf 91' lang='lat' dir='ltr'><strong>quod</strong></span> <span class='ocrx_word' id='word_1_452' title='bbox 1343 4396 1472 4438; x_wconf 90' lang='lat' dir='ltr'><strong>vere</strong></span> <span class='ocrx_word' id='word_1_453' title='bbox 1492 4385 1753 4452; x_wconf 87' lang='lat' dir='ltr'><strong>prudens,</strong></span> <span class='ocrx_word' id='word_1_454' title='bbox 1773 4385 1976 4454; x_wconf 89' lang='lat' dir='ltr'><strong>justus,</strong></span> <span class='ocrx_word' id='word_1_455' title='bbox 2000 4390 2144 4458; x_wconf 90' lang='lat' dir='ltr'><strong>pius,</strong></span> 
     </span>
    </p>
   </div>
   <div class='ocr_carea' id='block_1_63' title="bbox 568 4466 2149 4548">
    <p class='ocr_par' dir='ltr' id='par_1_63' title="bbox 568 4466 2149 4548">
     <span class='ocr_line' id='line_1_63' title="bbox 568 4466 2149 4548; baseline 0.012 -29"><span class='ocrx_word' id='word_1_456' title='bbox 568 4481 634 4521; x_wconf 85' lang='lat' dir='ltr'><strong>ac</strong></span> <span class='ocrx_word' id='word_1_457' title='bbox 653 4466 810 4522; x_wconf 85' lang='lat' dir='ltr'><strong>fortis</strong></span> <span class='ocrx_word' id='word_1_458' title='bbox 847 4470 1139 4526; x_wconf 82' lang='lat' dir='ltr'><strong>exstiterit.</strong></span> <span class='ocrx_word' id='word_1_459' title='bbox 1186 4472 1476 4530; x_wconf 77' lang='lat' dir='ltr'><strong>Rationum</strong></span> <span class='ocrx_word' id='word_1_460' title='bbox 1521 4492 1756 4547; x_wconf 89' lang='lat' dir='ltr'><strong>namque</strong></span> <span class='ocrx_word' id='word_1_461' title='bbox 1791 4480 1964 4548; x_wconf 89' lang='lat' dir='ltr'><strong>copia,</strong></span> <span class='ocrx_word' id='word_1_462' title='bbox 2006 4483 2149 4538; x_wconf 90' lang='lat' dir='ltr'><strong>sicut</strong></span> 
     </span>
    </p>
   </div>
   <div class='ocr_carea' id='block_1_64' title="bbox 568 4557 2148 4646">
    <p class='ocr_par' dir='ltr' id='par_1_64' title="bbox 568 4557 2148 4646">
     <span class='ocr_line' id='line_1_64' title="bbox 568 4557 2148 4646; baseline 0.014 -35"><span class='ocrx_word' id='word_1_463' title='bbox 568 4557 736 4626; x_wconf 88' lang='lat' dir='ltr'><strong>liquet</strong></span> <span class='ocrx_word' id='word_1_464' title='bbox 761 4569 988 4628; x_wconf 90' lang='lat' dir='ltr'><strong>attento,</strong></span> <span class='ocrx_word' id='word_1_465' title='bbox 1013 4579 1148 4633; x_wconf 86' lang='lat' dir='ltr'><strong>quas</strong></span> <span class='ocrx_word' id='word_1_466' title='bbox 1177 4565 1452 4623; x_wconf 88' lang='lat' dir='ltr'><strong>inﬁrmare</strong></span> <span class='ocrx_word' id='word_1_467' title='bbox 1479 4585 1580 4626; x_wconf 90' lang='lat' dir='ltr'><strong>nec</strong></span> <span class='ocrx_word' id='word_1_468' title='bbox 1603 4572 1806 4628; x_wconf 88' lang='lat' dir='ltr'><strong>valeret</strong></span> <span class='ocrx_word' id='word_1_469' title='bbox 1826 4575 2148 4646; x_wconf 66' lang='lat' dir='ltr'><strong>eloquentiae</strong></span> 
     </span>
    </p>
   </div>
   <div class='ocr_carea' id='block_1_65' title="bbox 570 4648 2180 4728">
    <p class='ocr_par' dir='ltr' id='par_1_65' title="bbox 570 4648 2180 4728">
     <span class='ocr_line' id='line_1_65' title="bbox 570 4648 2180 4728; baseline 0.014 -26"><span class='ocrx_word' id='word_1_470' title='bbox 570 4648 829 4708; x_wconf 74' lang='lat' dir='ltr'><strong>Romamn</strong></span> <span class='ocrx_word' id='word_1_471' title='bbox 858 4656 1126 4712; x_wconf 78' lang='lat' dir='ltr'><strong>maximus</strong></span> <span class='ocrx_word' id='word_1_472' title='bbox 1155 4669 1346 4714; x_wconf 89' lang='lat' dir='ltr'><strong>auctor</strong></span> <span class='ocrx_word' id='word_1_473' title='bbox 1381 4661 1608 4728; x_wconf 87' lang='lat' dir='ltr'><strong>Tullius,</strong></span> <span class='ocrx_word' id='word_1_474' title='bbox 1634 4663 1850 4720; x_wconf 84' lang='lat' dir='ltr'><strong>Heraldi</strong></span> <span class='ocrx_word' id='word_1_475' title='bbox 1885 4669 2144 4724; x_wconf 89' lang='lat' dir='ltr'><strong>rationem</strong></span> <span class='ocrx_word' id='word_1_476' title='bbox 2176 4710 2180 4716; x_wconf 79' lang='lat'><strong>.</strong></span> 
     </span>
    </p>
   </div>
   <div class='ocr_carea' id='block_1_66' title="bbox 567 4740 2148 4827">
    <p class='ocr_par' dir='ltr' id='par_1_66' title="bbox 567 4740 2148 4827">
     <span class='ocr_line' id='line_1_66' title="bbox 567 4740 2148 4827; baseline 0.015 -35"><span class='ocrx_word' id='word_1_477' title='bbox 567 4740 858 4797; x_wconf 79' lang='lat' dir='ltr'><strong>destruxit.</strong></span> <span class='ocrx_word' id='word_1_478' title='bbox 892 4745 1130 4816; x_wconf 80' lang='lat' dir='ltr'><strong>Denique</strong></span> <span class='ocrx_word' id='word_1_479' title='bbox 1150 4747 1412 4816; x_wconf 86' lang='lat' dir='ltr'><strong>judicium</strong></span> <span class='ocrx_word' id='word_1_480' title='bbox 1453 4753 1598 4823; x_wconf 91' lang='lat' dir='ltr'><strong>quod</strong></span> <span class='ocrx_word' id='word_1_481' title='bbox 1619 4753 1744 4822; x_wconf 91' lang='lat' dir='ltr'><strong>jura</strong></span> <span class='ocrx_word' id='word_1_482' title='bbox 1775 4758 2014 4827; x_wconf 90' lang='lat' dir='ltr'><strong>gentium</strong></span> <span class='ocrx_word' id='word_1_483' title='bbox 2055 4762 2148 4815; x_wconf 86' lang='lat' dir='ltr'><strong>de-</strong></span> 
     </span>
    </p>
   </div>
   <div class='ocr_carea' id='block_1_67' title="bbox 568 4832 2149 4924">
    <p class='ocr_par' dir='ltr' id='par_1_67' title="bbox 568 4832 2149 4924">
     <span class='ocr_line' id='line_1_67' title="bbox 568 4832 2149 4924; baseline 0.014 -38"><span class='ocrx_word' id='word_1_484' title='bbox 568 4832 810 4924; x_wconf 80' lang='lat' dir='ltr'><strong>ﬁnirent,</strong></span> <span class='ocrx_word' id='word_1_485' title='bbox 833 4838 1088 4908; x_wconf 81' lang='lat' dir='ltr'><strong>accipere</strong></span> <span class='ocrx_word' id='word_1_486' title='bbox 1117 4852 1316 4910; x_wconf 73' lang='lat' dir='ltr'><strong>prtesto</strong></span> <span class='ocrx_word' id='word_1_487' title='bbox 1337 4843 1462 4900; x_wconf 89' lang='lat' dir='ltr'><strong>fttit.</strong></span> <span class='ocrx_word' id='word_1_488' title='bbox 1491 4847 1695 4918; x_wconf 84' lang='lat' dir='ltr'><strong>Anglos</strong></span> <span class='ocrx_word' id='word_1_489' title='bbox 1730 4848 1981 4906; x_wconf 89' lang='lat' dir='ltr'><strong>inimicos</strong></span> <span class='ocrx_word' id='word_1_490' title='bbox 2011 4853 2149 4908; x_wconf 87' lang='lat' dir='ltr'><strong>mori</strong></span> 
     </span>
    </p>
   </div>
   <div class='ocr_carea' id='block_1_68' title="bbox 571 4925 2149 5014">
    <p class='ocr_par' dir='ltr' id='par_1_68' title="bbox 571 4925 2149 5014">
     <span class='ocr_line' id='line_1_68' title="bbox 571 4925 2149 5014; baseline 0.013 -35"><span class='ocrx_word' id='word_1_491' title='bbox 571 4925 643 4980; x_wconf 90' lang='lat' dir='ltr'><strong>ob</strong></span> <span class='ocrx_word' id='word_1_492' title='bbox 669 4925 820 4980; x_wconf 90' lang='lat' dir='ltr'><strong>litem</strong></span> <span class='ocrx_word' id='word_1_493' title='bbox 861 4943 1014 4984; x_wconf 89' lang='lat' dir='ltr'><strong>suam</strong></span> <span class='ocrx_word' id='word_1_494' title='bbox 1057 4932 1248 5011; x_wconf 88' lang='lat' dir='ltr'><strong>noluit,</strong></span> <span class='ocrx_word' id='word_1_495' title='bbox 1281 4937 1543 5006; x_wconf 87' lang='lat' dir='ltr'><strong>singulari</strong></span> <span class='ocrx_word' id='word_1_496' title='bbox 1584 4942 1884 4997; x_wconf 88' lang='lat' dir='ltr'><strong>certamine</strong></span> <span class='ocrx_word' id='word_1_497' title='bbox 1927 4946 2149 5014; x_wconf 89' lang='lat' dir='ltr'><strong>proprio</strong></span> 
     </span>
    </p>
   </div>
   <div class='ocr_carea' id='block_1_69' title="bbox 569 5017 2146 5105">
    <p class='ocr_par' dir='ltr' id='par_1_69' title="bbox 569 5017 2146 5105">
     <span class='ocr_line' id='line_1_69' title="bbox 569 5017 2146 5105; baseline 0.013 -34"><span class='ocrx_word' id='word_1_498' title='bbox 569 5017 749 5088; x_wconf 85' lang='lat' dir='ltr'><strong>capite</strong></span> <span class='ocrx_word' id='word_1_499' title='bbox 773 5033 995 5073; x_wconf 84' lang='lat' dir='ltr'><strong>causam</strong></span> <span class='ocrx_word' id='word_1_500' title='bbox 1017 5021 1386 5084; x_wconf 88' lang='lat' dir='ltr'><strong>determinare</strong></span> <span class='ocrx_word' id='word_1_501' title='bbox 1413 5029 1600 5086; x_wconf 92' lang='lat' dir='ltr'><strong>voluit.</strong></span> <span class='ocrx_word' id='word_1_502' title='bbox 1643 5032 1711 5088; x_wconf 92' lang='lat' dir='ltr'><strong>Ut</strong></span> <span class='ocrx_word' id='word_1_503' title='bbox 1733 5049 1866 5105; x_wconf 90' lang='lat' dir='ltr'><strong>ergo</strong></span> <span class='ocrx_word' id='word_1_504' title='bbox 1897 5036 2146 5091; x_wconf 89' lang='lat' dir='ltr'><strong>mandata</strong></span> 
     </span>
    </p>
   </div>
   <div class='ocr_carea' id='block_1_70' title="bbox 572 5105 2150 5191">
    <p class='ocr_par' dir='ltr' id='par_1_70' title="bbox 572 5105 2150 5191">
     <span class='ocr_line' id='line_1_70' title="bbox 572 5105 2150 5191; baseline 0.013 -32"><span class='ocrx_word' id='word_1_505' title='bbox 572 5106 764 5162; x_wconf 85' lang='lat' dir='ltr'><strong>eadem</strong></span> <span class='ocrx_word' id='word_1_506' title='bbox 801 5105 1032 5162; x_wconf 85' lang='lat' dir='ltr'><strong>Heraldo</strong></span> <span class='ocrx_word' id='word_1_507' title='bbox 1058 5115 1509 5185; x_wconf 89' lang='lat' dir='ltr'><strong>appropinquanti</strong></span> <span class='ocrx_word' id='word_1_508' title='bbox 1541 5136 1638 5191; x_wconf 88' lang='lat' dir='ltr'><strong>per</strong></span> <span class='ocrx_word' id='word_1_509' title='bbox 1668 5124 1990 5178; x_wconf 90' lang='lat' dir='ltr'><strong>monachum</strong></span> <span class='ocrx_word' id='word_1_510' title='bbox 2024 5135 2150 5180; x_wconf 92' lang='lat' dir='ltr'><strong>sunt</strong></span> 
     </span>
    </p>
   </div>
   <div class='ocr_carea' id='block_1_71' title="bbox 2238 1739 3828 1814">
    <p class='ocr_par' dir='ltr' id='par_1_71' title="bbox 2238 1739 3828 1814">
     <span class='ocr_line' id='line_1_71' title="bbox 2238 1739 3828 1814; baseline -0.006 -15"><span class='ocrx_word' id='word_1_511' title='bbox 2238 1743 2609 1814; x_wconf 86' lang='lat' dir='ltr'><strong>septingentas</strong></span> <span class='ocrx_word' id='word_1_512' title='bbox 2665 1757 2832 1799; x_wconf 89' lang='lat' dir='ltr'><strong>naves</strong></span> <span class='ocrx_word' id='word_1_513' title='bbox 2888 1743 2941 1796; x_wconf 94' lang='lat' dir='ltr'><strong>in</strong></span> <span class='ocrx_word' id='word_1_514' title='bbox 2993 1742 3128 1797; x_wconf 89' lang='lat' dir='ltr'><strong>mari</strong></span> <span class='ocrx_word' id='word_1_515' title='bbox 3182 1749 3512 1813; x_wconf 79' lang='lat' dir='ltr'><strong>apposuerat</strong></span> <span class='ocrx_word' id='word_1_516' title='bbox 3576 1739 3828 1794; x_wconf 89' lang='lat' dir='ltr'><strong>insidias.</strong></span> 
     </span>
    </p>
   </div>
   <div class='ocr_carea' id='block_1_72' title="bbox 2239 1831 3877 1915">
    <p class='ocr_par' dir='ltr' id='par_1_72' title="bbox 2239 1831 3877 1915">
     <span class='ocr_line' id='line_1_72' title="bbox 2239 1831 3877 1915; baseline -0.005 -24"><span class='ocrx_word' id='word_1_517' title='bbox 2239 1837 2355 1891; x_wconf 83' lang='lat' dir='ltr'><strong>Dux</strong></span> <span class='ocrx_word' id='word_1_518' title='bbox 2388 1852 2617 1908; x_wconf 87' lang='lat' dir='ltr'><strong>propere</strong></span> <span class='ocrx_word' id='word_1_519' title='bbox 2647 1845 2916 1906; x_wconf 89' lang='lat' dir='ltr'><strong>quotquot</strong></span> <span class='ocrx_word' id='word_1_520' title='bbox 2959 1838 3011 1890; x_wconf 93' lang='lat' dir='ltr'><strong>in</strong></span> <span class='ocrx_word' id='word_1_521' title='bbox 3056 1837 3255 1891; x_wconf 82' lang='lat' dir='ltr'><strong>castris</strong></span> <span class='ocrx_word' id='word_1_522' title='bbox 3286 1833 3494 1890; x_wconf 89' lang='lat' dir='ltr'><strong>inventi</strong></span> <span class='ocrx_word' id='word_1_523' title='bbox 3538 1840 3672 1887; x_wconf 90' lang='lat' dir='ltr'><strong>sunt</strong></span> <span class='ocrx_word' id='word_1_524' title='bbox 3699 1831 3830 1900; x_wconf 79' lang='lat' dir='ltr'><strong>(ple-</strong></span> <span class='ocrx_word' id='word_1_525' title='bbox 3871 1911 3877 1915; x_wconf 24' lang='lat'><em>.</em></span> 
     </span>
    </p>
   </div>
   <div class='ocr_carea' id='block_1_73' title="bbox 2241 1922 3827 1996">
    <p class='ocr_par' dir='ltr' id='par_1_73' title="bbox 2241 1922 3827 1996">
     <span class='ocr_line' id='line_1_73' title="bbox 2241 1922 3827 1996; baseline -0.004 -16"><span class='ocrx_word' id='word_1_526' title='bbox 2241 1942 2408 1996; x_wconf 90' lang='lat' dir='ltr'><strong>raque</strong></span> <span class='ocrx_word' id='word_1_527' title='bbox 2444 1927 2590 1982; x_wconf 89' lang='lat' dir='ltr'><strong>enim</strong></span> <span class='ocrx_word' id='word_1_528' title='bbox 2623 1926 2893 1982; x_wconf 90' lang='lat' dir='ltr'><strong>sociorum</strong></span> <span class='ocrx_word' id='word_1_529' title='bbox 2931 1940 3057 1995; x_wconf 89' lang='lat' dir='ltr'><strong>pars</strong></span> <span class='ocrx_word' id='word_1_530' title='bbox 3087 1940 3153 1981; x_wconf 88' lang='lat' dir='ltr'><strong>eo</strong></span> <span class='ocrx_word' id='word_1_531' title='bbox 3179 1926 3265 1981; x_wconf 88' lang='lat' dir='ltr'><strong>die</strong></span> <span class='ocrx_word' id='word_1_532' title='bbox 3292 1923 3610 1996; x_wconf 77' lang='lat' dir='ltr'><strong>pabulatum</strong></span> <span class='ocrx_word' id='word_1_533' title='bbox 3645 1922 3827 1991; x_wconf 77' lang='lat' dir='ltr'><strong>ierat),</strong></span> 
     </span>
    </p>
   </div>
   <div class='ocr_carea' id='block_1_74' title="bbox 2238 2013 3828 2089">
    <p class='ocr_par' dir='ltr' id='par_1_74' title="bbox 2238 2013 3828 2089">
     <span class='ocr_line' id='line_1_74' title="bbox 2238 2013 3828 2089; baseline -0.006 -17"><span class='ocrx_word' id='word_1_534' title='bbox 2238 2033 2431 2074; x_wconf 91' lang='lat' dir='ltr'><strong>omnes</strong></span> <span class='ocrx_word' id='word_1_535' title='bbox 2467 2017 2624 2089; x_wconf 90' lang='lat' dir='ltr'><strong>jubet</strong></span> <span class='ocrx_word' id='word_1_536' title='bbox 2663 2016 2890 2071; x_wconf 88' lang='lat' dir='ltr'><strong>armari.</strong></span> <span class='ocrx_word' id='word_1_537' title='bbox 2931 2015 3074 2087; x_wconf 85' lang='lat' dir='ltr'><strong>Ipse,</strong></span> <span class='ocrx_word' id='word_1_538' title='bbox 3126 2015 3388 2086; x_wconf 83' lang='lat' dir='ltr'><strong>mysterio</strong></span> <span class='ocrx_word' id='word_1_539' title='bbox 3438 2013 3623 2068; x_wconf 67' lang='lat' dir='ltr'><strong>missae</strong></span> <span class='ocrx_word' id='word_1_540' title='bbox 3668 2027 3828 2081; x_wconf 84' lang='lat' dir='ltr'><strong>quant</strong></span> 
     </span>
    </p>
   </div>
   <div class='ocr_carea' id='block_1_75' title="bbox 2238 2104 3832 2174">
    <p class='ocr_par' dir='ltr' id='par_1_75' title="bbox 2238 2104 3832 2174">
     <span class='ocr_line' id='line_1_75' title="bbox 2238 2104 3832 2174; baseline -0.005 -12"><span class='ocrx_word' id='word_1_541' title='bbox 2238 2108 2476 2164; x_wconf 80' lang='lat' dir='ltr'><strong>maxima</strong></span> <span class='ocrx_word' id='word_1_542' title='bbox 2513 2123 2637 2163; x_wconf 90' lang='lat' dir='ltr'><strong>cum</strong></span> <span class='ocrx_word' id='word_1_543' title='bbox 2667 2106 2953 2162; x_wconf 86' lang='lat' dir='ltr'><strong>devotione</strong></span> <span class='ocrx_word' id='word_1_544' title='bbox 2987 2107 3268 2169; x_wconf 87' lang='lat' dir='ltr'><strong>assistens,</strong></span> <span class='ocrx_word' id='word_1_545' title='bbox 3307 2104 3555 2174; x_wconf 84' lang='lat' dir='ltr'><strong>corporis</strong></span> <span class='ocrx_word' id='word_1_546' title='bbox 3600 2117 3667 2156; x_wconf 91' lang='lat' dir='ltr'><strong>ac</strong></span> <span class='ocrx_word' id='word_1_547' title='bbox 3713 2116 3832 2156; x_wconf 75' lang='lat' dir='ltr'><strong>san-</strong></span> 
     </span>
    </p>
   </div>
   <div class='ocr_carea' id='block_1_76' title="bbox 2238 2196 3831 2268">
    <p class='ocr_par' dir='ltr' id='par_1_76' title="bbox 2238 2196 3831 2268">
     <span class='ocr_line' id='line_1_76' title="bbox 2238 2196 3831 2268; baseline -0.005 -19"><span class='ocrx_word' id='word_1_548' title='bbox 2238 2197 2418 2268; x_wconf 88' lang='lat' dir='ltr'><strong>guinis</strong></span> <span class='ocrx_word' id='word_1_549' title='bbox 2483 2197 2749 2252; x_wconf 91' lang='lat' dir='ltr'><strong>Dominici</strong></span> <span class='ocrx_word' id='word_1_550' title='bbox 2789 2196 3281 2251; x_wconf 89' lang='lat' dir='ltr'><strong>communicatione</strong></span> <span class='ocrx_word' id='word_1_551' title='bbox 3320 2209 3476 2248; x_wconf 89' lang='lat' dir='ltr'><strong>suum</strong></span> <span class='ocrx_word' id='word_1_552' title='bbox 3529 2206 3735 2260; x_wconf 87' lang='lat' dir='ltr'><strong>corpus</strong></span> <span class='ocrx_word' id='word_1_553' title='bbox 3779 2198 3831 2244; x_wconf 90' lang='lat' dir='ltr'><strong>et</strong></span> 
     </span>
    </p>
   </div>
   <div class='ocr_carea' id='block_1_77' title="bbox 2241 2284 3832 2358">
    <p class='ocr_par' dir='ltr' id='par_1_77' title="bbox 2241 2284 3832 2358">
     <span class='ocr_line' id='line_1_77' title="bbox 2241 2284 3832 2358; baseline -0.004 -16"><span class='ocrx_word' id='word_1_554' title='bbox 2241 2288 2479 2342; x_wconf 86' lang='lat' dir='ltr'><strong>animam</strong></span> <span class='ocrx_word' id='word_1_555' title='bbox 2527 2287 2782 2342; x_wconf 91' lang='lat' dir='ltr'><strong>munivit.</strong></span> <span class='ocrx_word' id='word_1_556' title='bbox 2827 2286 3100 2358; x_wconf 91' lang='lat' dir='ltr'><strong>Appendit</strong></span> <span class='ocrx_word' id='word_1_557' title='bbox 3124 2286 3288 2340; x_wconf 89' lang='lat' dir='ltr'><strong>etiam</strong></span> <span class='ocrx_word' id='word_1_558' title='bbox 3335 2284 3528 2338; x_wconf 88' lang='lat' dir='ltr'><strong>humili</strong></span> <span class='ocrx_word' id='word_1_559' title='bbox 3556 2284 3703 2338; x_wconf 85' lang='lat' dir='ltr'><strong>collo</strong></span> <span class='ocrx_word' id='word_1_560' title='bbox 3732 2298 3832 2336; x_wconf 87' lang='lat' dir='ltr'><strong>suo</strong></span> 
     </span>
    </p>
   </div>
   <div class='ocr_carea' id='block_1_78' title="bbox 2240 2373 3833 2448">
    <p class='ocr_par' dir='ltr' id='par_1_78' title="bbox 2240 2373 3833 2448">
     <span class='ocr_line' id='line_1_78' title="bbox 2240 2373 3833 2448; baseline -0.003 -18"><span class='ocrx_word' id='word_1_561' title='bbox 2240 2378 2497 2447; x_wconf 89' lang='lat' dir='ltr'><strong>reliquias</strong></span> <span class='ocrx_word' id='word_1_562' title='bbox 2535 2392 2765 2447; x_wconf 88' lang='lat' dir='ltr'><strong>quarum</strong></span> <span class='ocrx_word' id='word_1_563' title='bbox 2813 2375 3055 2432; x_wconf 82' lang='lat' dir='ltr'><strong>favorem</strong></span> <span class='ocrx_word' id='word_1_564' title='bbox 3109 2373 3833 2448; x_wconf 75' lang='lat' dir='ltr'><strong>lleraldusabalienavemt</strong></span> 
     </span>
    </p>
   </div>
   <div class='ocr_carea' id='block_1_79' title="bbox 2238 2468 3826 2540">
    <p class='ocr_par' dir='ltr' id='par_1_79' title="bbox 2238 2468 3826 2540">
     <span class='ocr_line' id='line_1_79' title="bbox 2238 2468 3826 2540; baseline -0.004 -15"><span class='ocrx_word' id='word_1_565' title='bbox 2238 2471 2363 2536; x_wconf 88' lang='lat' dir='ltr'><strong>sibi,</strong></span> <span class='ocrx_word' id='word_1_566' title='bbox 2391 2470 2591 2525; x_wconf 89' lang='lat' dir='ltr'><strong>violata</strong></span> <span class='ocrx_word' id='word_1_567' title='bbox 2624 2470 2728 2525; x_wconf 90' lang='lat' dir='ltr'><strong>ﬁde</strong></span> <span class='ocrx_word' id='word_1_568' title='bbox 2753 2485 2915 2540; x_wconf 88' lang='lat' dir='ltr'><strong>quam</strong></span> <span class='ocrx_word' id='word_1_569' title='bbox 2957 2485 3120 2539; x_wconf 91' lang='lat' dir='ltr'><strong>super</strong></span> <span class='ocrx_word' id='word_1_570' title='bbox 3157 2483 3251 2524; x_wconf 91' lang='lat' dir='ltr'><strong>cas</strong></span> <span class='ocrx_word' id='word_1_571' title='bbox 3279 2468 3515 2539; x_wconf 87' lang='lat' dir='ltr'><strong>jurando</strong></span> <span class='ocrx_word' id='word_1_572' title='bbox 3541 2475 3826 2522; x_wconf 76' lang='lat' dir='ltr'><strong>sanxerat.</strong></span> 
     </span>
    </p>
   </div>
   <div class='ocr_carea' id='block_1_80' title="bbox 2238 2556 3830 2630">
    <p class='ocr_par' dir='ltr' id='par_1_80' title="bbox 2238 2556 3830 2630">
     <span class='ocr_line' id='line_1_80' title="bbox 2238 2556 3830 2630; baseline -0.003 -16"><span class='ocrx_word' id='word_1_573' title='bbox 2238 2560 2484 2614; x_wconf 88' lang='lat' dir='ltr'><strong>Aderant</strong></span> <span class='ocrx_word' id='word_1_574' title='bbox 2511 2560 2758 2616; x_wconf 88' lang='lat' dir='ltr'><strong>comitati</strong></span> <span class='ocrx_word' id='word_1_575' title='bbox 2781 2575 2812 2616; x_wconf 92' lang='lat' dir='ltr'><strong>e</strong></span> <span class='ocrx_word' id='word_1_576' title='bbox 2842 2559 3234 2614; x_wconf 86' lang='lat' dir='ltr'><strong>Northmannia</strong></span> <span class='ocrx_word' id='word_1_577' title='bbox 3258 2560 3364 2614; x_wconf 91' lang='lat' dir='ltr'><strong>duo</strong></span> <span class='ocrx_word' id='word_1_578' title='bbox 3380 2558 3694 2630; x_wconf 87' lang='lat' dir='ltr'><strong>pontiﬁces,</strong></span> <span class='ocrx_word' id='word_1_579' title='bbox 3718 2556 3830 2613; x_wconf 84' lang='lat' dir='ltr'><strong>Odo</strong></span> 
     </span>
    </p>
   </div>
   <div class='ocr_carea' id='block_1_81' title="bbox 2247 2645 3830 2722">
    <p class='ocr_par' dir='ltr' id='par_1_81' title="bbox 2247 2645 3830 2722">
     <span class='ocr_line' id='line_1_81' title="bbox 2247 2645 3830 2722; baseline -0.003 -18"><span class='ocrx_word' id='word_1_580' title='bbox 2247 2650 2565 2722; x_wconf 82' lang='lat' dir='ltr'><strong>Bajocensis</strong></span> <span class='ocrx_word' id='word_1_581' title='bbox 2605 2656 2659 2705; x_wconf 84' lang='lat' dir='ltr'><strong>ei</strong></span> <span class='ocrx_word' id='word_1_582' title='bbox 2685 2650 3002 2707; x_wconf 86' lang='lat' dir='ltr'><strong>Goisfredus</strong></span> <span class='ocrx_word' id='word_1_583' title='bbox 3029 2650 3438 2714; x_wconf 87' lang='lat' dir='ltr'><strong>Constantinus,</strong></span> <span class='ocrx_word' id='word_1_584' title='bbox 3473 2665 3583 2704; x_wconf 83' lang='lat' dir='ltr'><strong>una</strong></span> <span class='ocrx_word' id='word_1_585' title='bbox 3629 2645 3830 2703; x_wconf 67' lang='lat' dir='ltr'><strong>nl.ltus</strong></span> 
     </span>
    </p>
   </div>
   <div class='ocr_carea' id='block_1_82' title="bbox 2239 2738 3831 2810">
    <p class='ocr_par' dir='ltr' id='par_1_82' title="bbox 2239 2738 3831 2810">
     <span class='ocr_line' id='line_1_82' title="bbox 2239 2738 3831 2810; baseline -0.003 -14"><span class='ocrx_word' id='word_1_586' title='bbox 2239 2741 2416 2796; x_wconf 90' lang='lat' dir='ltr'><strong>clerus</strong></span> <span class='ocrx_word' id='word_1_587' title='bbox 2463 2750 2518 2798; x_wconf 91' lang='lat' dir='ltr'><strong>et</strong></span> <span class='ocrx_word' id='word_1_588' title='bbox 2567 2741 2817 2796; x_wconf 89' lang='lat' dir='ltr'><strong>monachi</strong></span> <span class='ocrx_word' id='word_1_589' title='bbox 2861 2740 3130 2796; x_wconf 91' lang='lat' dir='ltr'><strong>nonnulli.</strong></span> <span class='ocrx_word' id='word_1_590' title='bbox 3171 2741 3222 2794; x_wconf 95' lang='lat' dir='ltr'><strong>ld</strong></span> <span class='ocrx_word' id='word_1_591' title='bbox 3253 2739 3540 2810; x_wconf 83' lang='lat' dir='ltr'><strong>collegium</strong></span> <span class='ocrx_word' id='word_1_592' title='bbox 3571 2738 3831 2810; x_wconf 81' lang='lat' dir='ltr'><strong>precibus</strong></span> 
     </span>
    </p>
   </div>
   <div class='ocr_carea' id='block_1_83' title="bbox 2239 2829 3828 2902">
    <p class='ocr_par' dir='ltr' id='par_1_83' title="bbox 2239 2829 3828 2902">
     <span class='ocr_line' id='line_1_83' title="bbox 2239 2829 3828 2902; baseline -0.001 -18"><span class='ocrx_word' id='word_1_593' title='bbox 2239 2844 2483 2902; x_wconf 85' lang='lat' dir='ltr'><strong>pugnare</strong></span> <span class='ocrx_word' id='word_1_594' title='bbox 2518 2830 2847 2901; x_wconf 89' lang='lat' dir='ltr'><strong>disponitur.</strong></span> <span class='ocrx_word' id='word_1_595' title='bbox 2901 2830 3162 2886; x_wconf 74' lang='lat' dir='ltr'><strong>Terreret</strong></span> <span class='ocrx_word' id='word_1_596' title='bbox 3206 2830 3374 2885; x_wconf 88' lang='lat' dir='ltr'><strong>alium</strong></span> <span class='ocrx_word' id='word_1_597' title='bbox 3424 2829 3655 2895; x_wconf 77' lang='lat' dir='ltr'><strong>lorieze,</strong></span> <span class='ocrx_word' id='word_1_598' title='bbox 3701 2830 3828 2883; x_wconf 83' lang='lat' dir='ltr'><strong>dunt</strong></span> 
     </span>
    </p>
   </div>
   <div class='ocr_carea' id='block_1_84' title="bbox 2243 2920 3828 2986">
    <p class='ocr_par' dir='ltr' id='par_1_84' title="bbox 2243 2920 3828 2986">
     <span class='ocr_line' id='line_1_84' title="bbox 2243 2920 3828 2986; baseline 0 -12"><span class='ocrx_word' id='word_1_599' title='bbox 2243 2922 2562 2986; x_wconf 88' lang='lat' dir='ltr'><strong>vestiretur,</strong></span> <span class='ocrx_word' id='word_1_600' title='bbox 2612 2921 2833 2977; x_wconf 88' lang='lat' dir='ltr'><strong>sinistra</strong></span> <span class='ocrx_word' id='word_1_601' title='bbox 2869 2922 3175 2978; x_wconf 81' lang='lat' dir='ltr'><strong>conversio.</strong></span> <span class='ocrx_word' id='word_1_602' title='bbox 3220 2921 3370 2977; x_wconf 76' lang='lat' dir='ltr'><strong>lianc</strong></span> <span class='ocrx_word' id='word_1_603' title='bbox 3407 2920 3828 2977; x_wconf 84' lang='lat' dir='ltr'><strong>conversionem</strong></span> 
     </span>
    </p>
   </div>
   <div class='ocr_carea' id='block_1_85' title="bbox 2168 2996 3826 3094">
    <p class='ocr_par' dir='ltr' id='par_1_85' title="bbox 2168 2996 3826 3094">
     <span class='ocr_line' id='line_1_85' title="bbox 2168 2996 3826 3094; baseline -0.002 -29"><span class='ocrx_word' id='word_1_604' title='bbox 2168 2996 2209 3053; x_wconf 70' lang='grc' dir='ltr'><strong>(ἶ</strong></span> <span class='ocrx_word' id='word_1_605' title='bbox 2246 3010 2363 3065; x_wconf 91' lang='lat' dir='ltr'><strong>risit</strong></span> <span class='ocrx_word' id='word_1_606' title='bbox 2401 3010 2492 3064; x_wconf 91' lang='lat' dir='ltr'><strong>ille</strong></span> <span class='ocrx_word' id='word_1_607' title='bbox 2520 3020 2580 3064; x_wconf 95' lang='lat' dir='ltr'><strong>ut</strong></span> <span class='ocrx_word' id='word_1_608' title='bbox 2615 3025 2825 3077; x_wconf 89' lang='lat' dir='ltr'><strong>casum,</strong></span> <span class='ocrx_word' id='word_1_609' title='bbox 2855 3025 2963 3065; x_wconf 93' lang='lat' dir='ltr'><strong>non</strong></span> <span class='ocrx_word' id='word_1_610' title='bbox 3005 3021 3061 3065; x_wconf 91' lang='lat' dir='ltr'><strong>ut</strong></span> <span class='ocrx_word' id='word_1_611' title='bbox 3093 3011 3218 3066; x_wconf 90' lang='lat' dir='ltr'><strong>mali</strong></span> <span class='ocrx_word' id='word_1_612' title='bbox 3245 3010 3554 3094; x_wconf 82' lang='lat' dir='ltr'><strong>prodigium</strong></span> <span class='ocrx_word' id='word_1_613' title='bbox 3581 3010 3826 3079; x_wconf 76' lang='lat' dir='ltr'><strong>expavit.</strong></span> 
     </span>
    </p>
   </div>
   <div class='ocr_carea' id='block_1_86' title="bbox 2312 3102 3828 3175">
    <p class='ocr_par' dir='ltr' id='par_1_86' title="bbox 2312 3102 3828 3175">
     <span class='ocr_line' id='line_1_86' title="bbox 2312 3102 3828 3175; baseline 0 -19"><span class='ocrx_word' id='word_1_614' title='bbox 2312 3102 2761 3158; x_wconf 82' lang='lat' dir='ltr'><strong>Exhortationem</strong></span> <span class='ocrx_word' id='word_1_615' title='bbox 2792 3119 2896 3175; x_wconf 88' lang='lat' dir='ltr'><strong>qua</strong></span> <span class='ocrx_word' id='word_1_616' title='bbox 2927 3118 3028 3173; x_wconf 91' lang='lat' dir='ltr'><strong>pro</strong></span> <span class='ocrx_word' id='word_1_617' title='bbox 3055 3113 3307 3174; x_wconf 79' lang='lat' dir='ltr'><strong>tempore</strong></span> <span class='ocrx_word' id='word_1_618' title='bbox 3327 3103 3571 3159; x_wconf 82' lang='lat' dir='ltr'><strong>breviter</strong></span> <span class='ocrx_word' id='word_1_619' title='bbox 3595 3104 3828 3157; x_wconf 86' lang='lat' dir='ltr'><strong>militum</strong></span> 
     </span>
    </p>
   </div>
   <div class='ocr_carea' id='block_1_87' title="bbox 2240 3192 3832 3266">
    <p class='ocr_par' dir='ltr' id='par_1_87' title="bbox 2240 3192 3832 3266">
     <span class='ocr_line' id='line_1_87' title="bbox 2240 3192 3832 3266; baseline 0.001 -20"><span class='ocrx_word' id='word_1_620' title='bbox 2240 3192 2429 3246; x_wconf 89' lang='lat' dir='ltr'><strong>virtuti</strong></span> <span class='ocrx_word' id='word_1_621' title='bbox 2460 3192 2755 3262; x_wconf 88' lang='lat' dir='ltr'><strong>plurimum</strong></span> <span class='ocrx_word' id='word_1_622' title='bbox 2785 3193 3084 3249; x_wconf 89' lang='lat' dir='ltr'><strong>alacritatis</strong></span> <span class='ocrx_word' id='word_1_623' title='bbox 3101 3194 3329 3258; x_wconf 84' lang='lat' dir='ltr'><strong>addidit,</strong></span> <span class='ocrx_word' id='word_1_624' title='bbox 3361 3194 3640 3266; x_wconf 89' lang='lat' dir='ltr'><strong>egregiam</strong></span> <span class='ocrx_word' id='word_1_625' title='bbox 3664 3193 3832 3248; x_wconf 85' lang='lat' dir='ltr'><strong>fuisse</strong></span> 
     </span>
    </p>
   </div>
   <div class='ocr_carea' id='block_1_88' title="bbox 2240 3285 3827 3358">
    <p class='ocr_par' dir='ltr' id='par_1_88' title="bbox 2240 3285 3827 3358">
     <span class='ocr_line' id='line_1_88' title="bbox 2240 3285 3827 3358; baseline -0.001 -18"><span class='ocrx_word' id='word_1_626' title='bbox 2240 3301 2348 3341; x_wconf 92' lang='lat' dir='ltr'><strong>non</strong></span> <span class='ocrx_word' id='word_1_627' title='bbox 2370 3285 2698 3350; x_wconf 89' lang='lat' dir='ltr'><strong>dubitamus,</strong></span> <span class='ocrx_word' id='word_1_628' title='bbox 2722 3286 2844 3341; x_wconf 90' lang='lat' dir='ltr'><strong>etsi</strong></span> <span class='ocrx_word' id='word_1_629' title='bbox 2872 3287 3050 3353; x_wconf 90' lang='lat' dir='ltr'><strong>nobis,</strong></span> <span class='ocrx_word' id='word_1_630' title='bbox 3074 3303 3181 3343; x_wconf 89' lang='lat' dir='ltr'><strong>non</strong></span> <span class='ocrx_word' id='word_1_631' title='bbox 3204 3302 3271 3343; x_wconf 78' lang='lat' dir='ltr'><strong>ex</strong></span> <span class='ocrx_word' id='word_1_632' title='bbox 3297 3296 3406 3342; x_wconf 88' lang='lat' dir='ltr'><strong>tota</strong></span> <span class='ocrx_word' id='word_1_633' title='bbox 3434 3287 3708 3358; x_wconf 86' lang='lat' dir='ltr'><strong>dignitate</strong></span> <span class='ocrx_word' id='word_1_634' title='bbox 3733 3301 3827 3340; x_wconf 81' lang='lat' dir='ltr'><strong>sua</strong></span> 
     </span>
    </p>
   </div>
   <div class='ocr_carea' id='block_1_89' title="bbox 2243 3378 3831 3451">
    <p class='ocr_par' dir='ltr' id='par_1_89' title="bbox 2243 3378 3831 3451">
     <span class='ocr_line' id='line_1_89' title="bbox 2243 3378 3831 3451; baseline -0.003 -18"><span class='ocrx_word' id='word_1_635' title='bbox 2243 3379 2492 3434; x_wconf 87' lang='lat' dir='ltr'><strong>relatam.</strong></span> <span class='ocrx_word' id='word_1_636' title='bbox 2521 3379 2870 3435; x_wconf 78' lang='lat' dir='ltr'><strong>Commonuit</strong></span> <span class='ocrx_word' id='word_1_637' title='bbox 2897 3379 3332 3446; x_wconf 88' lang='lat' dir='ltr'><strong>Northmannos,</strong></span> <span class='ocrx_word' id='word_1_638' title='bbox 3371 3382 3513 3451; x_wconf 91' lang='lat' dir='ltr'><strong>quod</strong></span> <span class='ocrx_word' id='word_1_639' title='bbox 3551 3381 3607 3434; x_wconf 92' lang='lat' dir='ltr'><strong>in</strong></span> <span class='ocrx_word' id='word_1_640' title='bbox 3648 3378 3831 3434; x_wconf 85' lang='lat' dir='ltr'><strong>multis</strong></span> 
     </span>
    </p>
   </div>
   <div class='ocr_carea' id='block_1_90' title="bbox 2242 3471 3832 3542">
    <p class='ocr_par' dir='ltr' id='par_1_90' title="bbox 2242 3471 3832 3542">
     <span class='ocr_line' id='line_1_90' title="bbox 2242 3471 3832 3542; baseline 0.001 -18"><span class='ocrx_word' id='word_1_641' title='bbox 2242 3479 2406 3540; x_wconf 89' lang='lat' dir='ltr'><strong>atque</strong></span> <span class='ocrx_word' id='word_1_642' title='bbox 2458 3472 2671 3542; x_wconf 85' lang='lat' dir='ltr'><strong>magnis</strong></span> <span class='ocrx_word' id='word_1_643' title='bbox 2731 3471 2995 3540; x_wconf 87' lang='lat' dir='ltr'><strong>periculis</strong></span> <span class='ocrx_word' id='word_1_644' title='bbox 3049 3474 3288 3530; x_wconf 90' lang='lat' dir='ltr'><strong>victores</strong></span> <span class='ocrx_word' id='word_1_645' title='bbox 3345 3483 3529 3528; x_wconf 89' lang='lat' dir='ltr'><strong>tamen</strong></span> <span class='ocrx_word' id='word_1_646' title='bbox 3584 3487 3647 3527; x_wconf 90' lang='lat' dir='ltr'><strong>se</strong></span> <span class='ocrx_word' id='word_1_647' title='bbox 3697 3474 3832 3526; x_wconf 86' lang='lat' dir='ltr'><strong>duce</strong></span> 
     </span>
    </p>
   </div>
   <div class='ocr_carea' id='block_1_91' title="bbox 2243 3563 3829 3635">
    <p class='ocr_par' dir='ltr' id='par_1_91' title="bbox 2243 3563 3829 3635">
     <span class='ocr_line' id='line_1_91' title="bbox 2243 3563 3829 3635; baseline 0.002 -20"><span class='ocrx_word' id='word_1_648' title='bbox 2243 3575 2457 3630; x_wconf 86' lang='lat' dir='ltr'><strong>semper</strong></span> <span class='ocrx_word' id='word_1_649' title='bbox 2503 3563 2847 3635; x_wconf 75' lang='lat' dir='ltr'><strong>exstiterint;</strong></span> <span class='ocrx_word' id='word_1_650' title='bbox 2896 3565 3232 3619; x_wconf 83' lang='lat' dir='ltr'><strong>commonuit</strong></span> <span class='ocrx_word' id='word_1_651' title='bbox 3273 3578 3466 3620; x_wconf 86' lang='lat' dir='ltr'><strong>omnes</strong></span> <span class='ocrx_word' id='word_1_652' title='bbox 3489 3563 3687 3628; x_wconf 71' lang='lat' dir='ltr'><strong>patria:</strong></span> <span class='ocrx_word' id='word_1_653' title='bbox 3717 3577 3829 3618; x_wconf 75' lang='lat' dir='ltr'><strong>sua:</strong></span> 
     </span>
    </p>
   </div>
   <div class='ocr_carea' id='block_1_92' title="bbox 2245 3649 3834 3725">
    <p class='ocr_par' dir='ltr' id='par_1_92' title="bbox 2245 3649 3834 3725">
     <span class='ocr_line' id='line_1_92' title="bbox 2245 3649 3834 3725; baseline 0.004 -21"><span class='ocrx_word' id='word_1_654' title='bbox 2245 3649 2506 3704; x_wconf 88' lang='lat' dir='ltr'><strong>nobilium</strong></span> <span class='ocrx_word' id='word_1_655' title='bbox 2538 3662 2816 3721; x_wconf 89' lang='lat' dir='ltr'><strong>gestorum</strong></span> <span class='ocrx_word' id='word_1_656' title='bbox 2847 3654 3138 3724; x_wconf 80' lang='lat' dir='ltr'><strong>magnique</strong></span> <span class='ocrx_word' id='word_1_657' title='bbox 3164 3655 3400 3710; x_wconf 90' lang='lat' dir='ltr'><strong>nominis</strong></span> <span class='ocrx_word' id='word_1_658' title='bbox 3427 3670 3573 3710; x_wconf 90' lang='lat' dir='ltr'><strong>nunc</strong></span> <span class='ocrx_word' id='word_1_659' title='bbox 3605 3656 3834 3725; x_wconf 81' lang='lat' dir='ltr'><strong>proban-</strong></span> 
     </span>
    </p>
   </div>
   <div class='ocr_carea' id='block_1_93' title="bbox 2245 3739 3834 3817">
    <p class='ocr_par' dir='ltr' id='par_1_93' title="bbox 2245 3739 3834 3817">
     <span class='ocr_line' id='line_1_93' title="bbox 2245 3739 3834 3817; baseline 0.004 -24"><span class='ocrx_word' id='word_1_660' title='bbox 2245 3739 2373 3793; x_wconf 89' lang='lat' dir='ltr'><strong>dum</strong></span> <span class='ocrx_word' id='word_1_661' title='bbox 2404 3754 2523 3796; x_wconf 88' lang='lat' dir='ltr'><strong>esse</strong></span> <span class='ocrx_word' id='word_1_662' title='bbox 2565 3756 2733 3797; x_wconf 88' lang='lat' dir='ltr'><strong>manu</strong></span> <span class='ocrx_word' id='word_1_663' title='bbox 2774 3758 2881 3815; x_wconf 91' lang='lat' dir='ltr'><strong>qua</strong></span> <span class='ocrx_word' id='word_1_664' title='bbox 2912 3744 3116 3800; x_wconf 90' lang='lat' dir='ltr'><strong>virtute</strong></span> <span class='ocrx_word' id='word_1_665' title='bbox 3141 3746 3400 3815; x_wconf 86' lang='lat' dir='ltr'><strong>polleant,</strong></span> <span class='ocrx_word' id='word_1_666' title='bbox 3431 3761 3596 3815; x_wconf 90' lang='lat' dir='ltr'><strong>quem</strong></span> <span class='ocrx_word' id='word_1_667' title='bbox 3640 3755 3834 3817; x_wconf 82' lang='lat' dir='ltr'><strong>gerant</strong></span> 
     </span>
    </p>
   </div>
   <div class='ocr_carea' id='block_1_94' title="bbox 2246 3829 3833 3908">
    <p class='ocr_par' dir='ltr' id='par_1_94' title="bbox 2246 3829 3833 3908">
     <span class='ocr_line' id='line_1_94' title="bbox 2246 3829 3833 3908; baseline 0.007 -28"><span class='ocrx_word' id='word_1_668' title='bbox 2246 3829 2492 3893; x_wconf 87' lang='lat' dir='ltr'><strong>animus;</strong></span> <span class='ocrx_word' id='word_1_669' title='bbox 2509 3829 2624 3899; x_wconf 90' lang='lat' dir='ltr'><strong>jam</strong></span> <span class='ocrx_word' id='word_1_670' title='bbox 2655 3846 2763 3886; x_wconf 92' lang='lat' dir='ltr'><strong>non</strong></span> <span class='ocrx_word' id='word_1_671' title='bbox 2787 3832 2841 3888; x_wconf 91' lang='lat' dir='ltr'><strong>id</strong></span> <span class='ocrx_word' id='word_1_672' title='bbox 2872 3834 2957 3905; x_wconf 88' lang='lat' dir='ltr'><strong>agi</strong></span> <span class='ocrx_word' id='word_1_673' title='bbox 2985 3836 3108 3904; x_wconf 90' lang='lat' dir='ltr'><strong>quis</strong></span> <span class='ocrx_word' id='word_1_674' title='bbox 3135 3851 3368 3906; x_wconf 85' lang='lat' dir='ltr'><strong>regnans</strong></span> <span class='ocrx_word' id='word_1_675' title='bbox 3399 3837 3567 3901; x_wconf 87' lang='lat' dir='ltr'><strong>vivat,</strong></span> <span class='ocrx_word' id='word_1_676' title='bbox 3591 3836 3692 3891; x_wconf 75' lang='lat' dir='ltr'><strong>sed</strong></span> <span class='ocrx_word' id='word_1_677' title='bbox 3715 3839 3833 3908; x_wconf 87' lang='lat' dir='ltr'><strong>quis</strong></span> 
     </span>
    </p>
   </div>
   <div class='ocr_carea' id='block_1_95' title="bbox 2169 3921 3834 3993">
    <p class='ocr_par' dir='ltr' id='par_1_95' title="bbox 2169 3921 3834 3993">
     <span class='ocr_line' id='line_1_95' title="bbox 2169 3921 3834 3993; baseline 0.005 -20"><span class='ocrx_word' id='word_1_678' title='bbox 2169 3989 2174 3993; x_wconf 21' lang='grc' dir='ltr'><strong><em>υ</em></strong></span> <span class='ocrx_word' id='word_1_679' title='bbox 2247 3921 2551 3989; x_wconf 87' lang='lat' dir='ltr'><strong>periculum</strong></span> <span class='ocrx_word' id='word_1_680' title='bbox 2605 3921 2895 3981; x_wconf 91' lang='lat' dir='ltr'><strong>imminens</strong></span> <span class='ocrx_word' id='word_1_681' title='bbox 2949 3942 3073 3981; x_wconf 89' lang='lat' dir='ltr'><strong>cum</strong></span> <span class='ocrx_word' id='word_1_682' title='bbox 3123 3927 3231 3981; x_wconf 88' lang='lat' dir='ltr'><strong>vita</strong></span> <span class='ocrx_word' id='word_1_683' title='bbox 3283 3928 3512 3992; x_wconf 86' lang='lat' dir='ltr'><strong>evadat;</strong></span> <span class='ocrx_word' id='word_1_684' title='bbox 3577 3928 3625 3982; x_wconf 91' lang='lat' dir='ltr'><strong>si</strong></span> <span class='ocrx_word' id='word_1_685' title='bbox 3684 3945 3834 3982; x_wconf 80' lang='lat' dir='ltr'><strong>ntere</strong></span> 
     </span>
    </p>
   </div>
   <div class='ocr_carea' id='block_1_96' title="bbox 641 4015 2178 4096">
    <p class='ocr_par' dir='ltr' id='par_1_96' title="bbox 641 4015 2178 4096">
     <span class='ocr_line' id='line_1_96' title="bbox 641 4015 2178 4096; baseline 0.008 -26"><span class='ocrx_word' id='word_1_686' title='bbox 641 4015 789 4070; x_wconf 83' lang='lat' dir='ltr'><strong>Hauc</strong></span> <span class='ocrx_word' id='word_1_687' title='bbox 828 4017 1115 4071; x_wconf 91' lang='lat' dir='ltr'><strong>verborum</strong></span> <span class='ocrx_word' id='word_1_688' title='bbox 1153 4018 1306 4074; x_wconf 90' lang='lat' dir='ltr'><strong>ducis</strong></span> <span class='ocrx_word' id='word_1_689' title='bbox 1342 4020 1626 4092; x_wconf 87' lang='lat' dir='ltr'><strong>diligenter</strong></span> <span class='ocrx_word' id='word_1_690' title='bbox 1655 4035 1985 4096; x_wconf 88' lang='lat' dir='ltr'><strong>compertam</strong></span> <span class='ocrx_word' id='word_1_691' title='bbox 2023 4044 2146 4082; x_wconf 87' lang='lat' dir='ltr'><strong>sen-</strong></span> <span class='ocrx_word' id='word_1_692' title='bbox 2175 4079 2178 4082; x_wconf 83' lang='lat'><strong>.</strong></span> 
     </span>
    </p>
   </div>
   <div class='ocr_carea' id='block_1_97' title="bbox 2248 4015 3834 4088">
    <p class='ocr_par' dir='ltr' id='par_1_97' title="bbox 2248 4015 3834 4088">
     <span class='ocr_line' id='line_1_97' title="bbox 2248 4015 3834 4088; baseline 0.004 -20"><span class='ocrx_word' id='word_1_693' title='bbox 2248 4015 2488 4070; x_wconf 84' lang='lat' dir='ltr'><strong>virorum</strong></span> <span class='ocrx_word' id='word_1_694' title='bbox 2516 4027 2780 4088; x_wconf 87' lang='lat' dir='ltr'><strong>pugnent,</strong></span> <span class='ocrx_word' id='word_1_695' title='bbox 2809 4020 3116 4086; x_wconf 90' lang='lat' dir='ltr'><strong>victoriam,</strong></span> <span class='ocrx_word' id='word_1_696' title='bbox 3145 4021 3331 4087; x_wconf 87' lang='lat' dir='ltr'><strong>decus,</strong></span> <span class='ocrx_word' id='word_1_697' title='bbox 3363 4021 3588 4078; x_wconf 86' lang='lat' dir='ltr'><strong>divitias</strong></span> <span class='ocrx_word' id='word_1_698' title='bbox 3618 4022 3834 4077; x_wconf 85' lang='lat' dir='ltr'><strong>habitu-</strong></span> 
     </span>
    </p>
   </div>
   <div class='ocr_carea' id='block_1_98' title="bbox 2249 4109 3837 4184">
    <p class='ocr_par' dir='ltr' id='par_1_98' title="bbox 2249 4109 3837 4184">
     <span class='ocr_line' id='line_1_98' title="bbox 2249 4109 3837 4184; baseline 0.003 -22"><span class='ocrx_word' id='word_1_699' title='bbox 2249 4124 2371 4171; x_wconf 87' lang='lat' dir='ltr'><strong>ros;</strong></span> <span class='ocrx_word' id='word_1_700' title='bbox 2402 4109 2643 4180; x_wconf 91' lang='lat' dir='ltr'><strong>alioquin</strong></span> <span class='ocrx_word' id='word_1_701' title='bbox 2665 4123 2757 4164; x_wconf 87' lang='lat' dir='ltr'><strong>aut</strong></span> <span class='ocrx_word' id='word_1_702' title='bbox 2779 4113 2934 4168; x_wconf 90' lang='lat' dir='ltr'><strong>ocius</strong></span> <span class='ocrx_word' id='word_1_703' title='bbox 2955 4114 3241 4180; x_wconf 88' lang='lat' dir='ltr'><strong>trucidari,</strong></span> <span class='ocrx_word' id='word_1_704' title='bbox 3267 4122 3361 4168; x_wconf 89' lang='lat' dir='ltr'><strong>aut</strong></span> <span class='ocrx_word' id='word_1_705' title='bbox 3385 4122 3578 4184; x_wconf 90' lang='lat' dir='ltr'><strong>captos</strong></span> <span class='ocrx_word' id='word_1_706' title='bbox 3601 4113 3837 4167; x_wconf 88' lang='lat' dir='ltr'><strong>ludibrio</strong></span> 
     </span>
    </p>
   </div>
   <div class='ocr_carea' id='block_1_99' title="bbox 2253 4201 3836 4275">
    <p class='ocr_par' dir='ltr' id='par_1_99' title="bbox 2253 4201 3836 4275">
     <span class='ocr_line' id='line_1_99' title="bbox 2253 4201 3836 4275; baseline 0.002 -22"><span class='ocrx_word' id='word_1_707' title='bbox 2253 4201 2366 4256; x_wconf 83' lang='lat' dir='ltr'><strong>lore</strong></span> <span class='ocrx_word' id='word_1_708' title='bbox 2432 4202 2678 4258; x_wconf 86' lang='lat' dir='ltr'><strong>hostibus</strong></span> <span class='ocrx_word' id='word_1_709' title='bbox 2739 4204 3174 4270; x_wconf 88' lang='lat' dir='ltr'><strong>crudelissimis;</strong></span> <span class='ocrx_word' id='word_1_710' title='bbox 3238 4205 3306 4259; x_wconf 87' lang='lat' dir='ltr'><strong>ad</strong></span> <span class='ocrx_word' id='word_1_711' title='bbox 3380 4205 3484 4260; x_wconf 90' lang='lat' dir='ltr'><strong>hoc</strong></span> <span class='ocrx_word' id='word_1_712' title='bbox 3543 4205 3836 4275; x_wconf 77' lang='lat' dir='ltr'><strong>ignominia</strong></span> 
     </span>
    </p>
   </div>
   <div class='ocr_carea' id='block_1_100' title="bbox 2251 4294 3835 4369">
    <p class='ocr_par' dir='ltr' id='par_1_100' title="bbox 2251 4294 3835 4369">
     <span class='ocr_line' id='line_1_100' title="bbox 2251 4294 3835 4369; baseline 0.002 -22"><span class='ocrx_word' id='word_1_713' title='bbox 2251 4294 2580 4364; x_wconf 88' lang='lat' dir='ltr'><strong>sempiterna</strong></span> <span class='ocrx_word' id='word_1_714' title='bbox 2603 4295 2923 4351; x_wconf 80' lang='lat' dir='ltr'><strong>infamatum</strong></span> <span class='ocrx_word' id='word_1_715' title='bbox 2955 4297 3053 4364; x_wconf 90' lang='lat' dir='ltr'><strong>iri;</strong></span> <span class='ocrx_word' id='word_1_716' title='bbox 3085 4299 3150 4351; x_wconf 90' lang='lat' dir='ltr'><strong>ad</strong></span> <span class='ocrx_word' id='word_1_717' title='bbox 3175 4296 3429 4369; x_wconf 74' lang='lat' dir='ltr'><strong>effugium</strong></span> <span class='ocrx_word' id='word_1_718' title='bbox 3462 4299 3666 4353; x_wconf 89' lang='lat' dir='ltr'><strong>nullam</strong></span> <span class='ocrx_word' id='word_1_719' title='bbox 3698 4301 3835 4352; x_wconf 81' lang='lat' dir='ltr'><strong>viam</strong></span> 
     </span>
    </p>
   </div>
   <div class='ocr_carea' id='block_1_101' title="bbox 2252 4387 3837 4459">
    <p class='ocr_par' dir='ltr' id='par_1_101' title="bbox 2252 4387 3837 4459">
     <span class='ocr_line' id='line_1_101' title="bbox 2252 4387 3837 4459; baseline 0.003 -22"><span class='ocrx_word' id='word_1_720' title='bbox 2252 4394 2460 4453; x_wconf 85' lang='lat' dir='ltr'><strong>patere,</strong></span> <span class='ocrx_word' id='word_1_721' title='bbox 2490 4399 2612 4440; x_wconf 89' lang='lat' dir='ltr'><strong>cum</strong></span> <span class='ocrx_word' id='word_1_722' title='bbox 2658 4387 2788 4441; x_wconf 90' lang='lat' dir='ltr'><strong>hinc</strong></span> <span class='ocrx_word' id='word_1_723' title='bbox 2826 4403 2979 4442; x_wconf 90' lang='lat' dir='ltr'><strong>arma</strong></span> <span class='ocrx_word' id='word_1_724' title='bbox 3019 4399 3073 4443; x_wconf 91' lang='lat' dir='ltr'><strong>et</strong></span> <span class='ocrx_word' id='word_1_725' title='bbox 3104 4389 3322 4443; x_wconf 88' lang='lat' dir='ltr'><strong>inimica</strong></span> <span class='ocrx_word' id='word_1_726' title='bbox 3367 4390 3665 4459; x_wconf 83' lang='lat' dir='ltr'><strong>ignotaque</strong></span> <span class='ocrx_word' id='word_1_727' title='bbox 3695 4389 3837 4459; x_wconf 77' lang='lat' dir='ltr'><strong>regio</strong></span> 
     </span>
    </p>
   </div>
   <div class='ocr_carea' id='block_1_102' title="bbox 2252 4475 3838 4548">
    <p class='ocr_par' dir='ltr' id='par_1_102' title="bbox 2252 4475 3838 4548">
     <span class='ocr_line' id='line_1_102' title="bbox 2252 4475 3838 4548; baseline 0.003 -20"><span class='ocrx_word' id='word_1_728' title='bbox 2252 4475 2548 4541; x_wconf 89' lang='lat' dir='ltr'><strong>obsistant,</strong></span> <span class='ocrx_word' id='word_1_729' title='bbox 2591 4476 2745 4532; x_wconf 92' lang='lat' dir='ltr'><strong>illinc</strong></span> <span class='ocrx_word' id='word_1_730' title='bbox 2786 4487 2986 4548; x_wconf 90' lang='lat' dir='ltr'><strong>pontus</strong></span> <span class='ocrx_word' id='word_1_731' title='bbox 3013 4488 3068 4535; x_wconf 84' lang='lat' dir='ltr'><strong>et</strong></span> <span class='ocrx_word' id='word_1_732' title='bbox 3096 4494 3278 4545; x_wconf 88' lang='lat' dir='ltr'><strong>arma;</strong></span> <span class='ocrx_word' id='word_1_733' title='bbox 3315 4496 3422 4534; x_wconf 91' lang='lat' dir='ltr'><strong>non</strong></span> <span class='ocrx_word' id='word_1_734' title='bbox 3467 4480 3667 4535; x_wconf 67' lang='lat' dir='ltr'><strong>decere</strong></span> <span class='ocrx_word' id='word_1_735' title='bbox 3699 4481 3838 4534; x_wconf 83' lang='lat' dir='ltr'><strong>viros</strong></span> 
     </span>
    </p>
   </div>
   <div class='ocr_carea' id='block_1_103' title="bbox 2257 4565 3839 4641">
    <p class='ocr_par' dir='ltr' id='par_1_103' title="bbox 2257 4565 3839 4641">
     <span class='ocr_line' id='line_1_103' title="bbox 2257 4565 3839 4641; baseline 0.006 -23"><span class='ocrx_word' id='word_1_736' title='bbox 2257 4565 2608 4622; x_wconf 88' lang='lat' dir='ltr'><strong>multitudine</strong></span> <span class='ocrx_word' id='word_1_737' title='bbox 2625 4569 2852 4636; x_wconf 88' lang='lat' dir='ltr'><strong>terreri;</strong></span> <span class='ocrx_word' id='word_1_738' title='bbox 2878 4585 3249 4640; x_wconf 67' lang='lat' dir='ltr'><strong>sazpenumcro</strong></span> <span class='ocrx_word' id='word_1_739' title='bbox 3268 4571 3476 4641; x_wconf 82' lang='lat' dir='ltr'><strong>Anglos</strong></span> <span class='ocrx_word' id='word_1_740' title='bbox 3496 4573 3681 4626; x_wconf 88' lang='lat' dir='ltr'><strong>hostili</strong></span> <span class='ocrx_word' id='word_1_741' title='bbox 3699 4573 3839 4627; x_wconf 83' lang='lat' dir='ltr'><strong>ferro</strong></span> 
     </span>
    </p>
   </div>
   <div class='ocr_carea' id='block_1_104' title="bbox 2255 4655 3840 4730">
    <p class='ocr_par' dir='ltr' id='par_1_104' title="bbox 2255 4655 3840 4730">
     <span class='ocr_line' id='line_1_104' title="bbox 2255 4655 3840 4730; baseline 0.005 -21"><span class='ocrx_word' id='word_1_742' title='bbox 2255 4655 2498 4726; x_wconf 82' lang='lat' dir='ltr'><strong>dejcCtos</strong></span> <span class='ocrx_word' id='word_1_743' title='bbox 2549 4659 2834 4724; x_wconf 89' lang='lat' dir='ltr'><strong>cecidisse,</strong></span> <span class='ocrx_word' id='word_1_744' title='bbox 2880 4660 3199 4729; x_wconf 88' lang='lat' dir='ltr'><strong>plerumque</strong></span> <span class='ocrx_word' id='word_1_745' title='bbox 3247 4672 3537 4730; x_wconf 87' lang='lat' dir='ltr'><strong>superatos</strong></span> <span class='ocrx_word' id='word_1_746' title='bbox 3567 4663 3622 4715; x_wconf 89' lang='lat' dir='ltr'><strong>itt</strong></span> <span class='ocrx_word' id='word_1_747' title='bbox 3668 4663 3840 4717; x_wconf 77' lang='lat' dir='ltr'><strong>hostis</strong></span> 
     </span>
    </p>
   </div>
   <div class='ocr_carea' id='block_1_105' title="bbox 2256 4747 3836 4824">
    <p class='ocr_par' dir='ltr' id='par_1_105' title="bbox 2256 4747 3836 4824">
     <span class='ocr_line' id='line_1_105' title="bbox 2256 4747 3836 4824; baseline 0.003 -23"><span class='ocrx_word' id='word_1_748' title='bbox 2256 4747 2472 4803; x_wconf 88' lang='lat' dir='ltr'><strong>venisse</strong></span> <span class='ocrx_word' id='word_1_749' title='bbox 2497 4749 2850 4815; x_wconf 88' lang='lat' dir='ltr'><strong>deditionem,</strong></span> <span class='ocrx_word' id='word_1_750' title='bbox 2885 4767 3162 4820; x_wconf 90' lang='lat' dir='ltr'><strong>nunquam</strong></span> <span class='ocrx_word' id='word_1_751' title='bbox 3196 4751 3363 4824; x_wconf 88' lang='lat' dir='ltr'><strong>gloria</strong></span> <span class='ocrx_word' id='word_1_752' title='bbox 3404 4753 3617 4807; x_wconf 74' lang='lat' dir='ltr'><strong>militia:</strong></span> <span class='ocrx_word' id='word_1_753' title='bbox 3650 4754 3836 4807; x_wconf 86' lang='lat' dir='ltr'><strong>lauda-</strong></span> 
     </span>
    </p>
   </div>
   <div class='ocr_carea' id='block_1_106' title="bbox 2258 4838 3838 4914">
    <p class='ocr_par' dir='ltr' id='par_1_106' title="bbox 2258 4838 3838 4914">
     <span class='ocr_line' id='line_1_106' title="bbox 2258 4838 3838 4914; baseline 0.006 -25"><span class='ocrx_word' id='word_1_754' title='bbox 2258 4846 2358 4901; x_wconf 86' lang='lat' dir='ltr'><strong>tos,</strong></span> <span class='ocrx_word' id='word_1_755' title='bbox 2413 4838 2696 4908; x_wconf 89' lang='lat' dir='ltr'><strong>imperitos</strong></span> <span class='ocrx_word' id='word_1_756' title='bbox 2735 4840 2974 4896; x_wconf 87' lang='lat' dir='ltr'><strong>bellandi</strong></span> <span class='ocrx_word' id='word_1_757' title='bbox 3018 4852 3240 4907; x_wconf 89' lang='lat' dir='ltr'><strong>strenua</strong></span> <span class='ocrx_word' id='word_1_758' title='bbox 3288 4843 3494 4899; x_wconf 87' lang='lat' dir='ltr'><strong>virtute</strong></span> <span class='ocrx_word' id='word_1_759' title='bbox 3541 4860 3838 4914; x_wconf 84' lang='lat' dir='ltr'><strong>paucorum</strong></span> 
     </span>
    </p>
   </div>
   <div class='ocr_carea' id='block_1_107' title="bbox 2254 4925 3840 5003">
    <p class='ocr_par' dir='ltr' id='par_1_107' title="bbox 2254 4925 3840 5003">
     <span class='ocr_line' id='line_1_107' title="bbox 2254 4925 3840 5003; baseline 0.006 -23"><span class='ocrx_word' id='word_1_760' title='bbox 2254 4925 2412 4982; x_wconf 89' lang='lat' dir='ltr'><strong>facile</strong></span> <span class='ocrx_word' id='word_1_761' title='bbox 2443 4944 2600 4999; x_wconf 89' lang='lat' dir='ltr'><strong>posse</strong></span> <span class='ocrx_word' id='word_1_762' title='bbox 2659 4931 2890 5000; x_wconf 87' lang='lat' dir='ltr'><strong>conteri,</strong></span> <span class='ocrx_word' id='word_1_763' title='bbox 2938 4934 3242 5001; x_wconf 71' lang='lat' dir='ltr'><strong>praesertim</strong></span> <span class='ocrx_word' id='word_1_764' title='bbox 3291 4950 3416 4989; x_wconf 90' lang='lat' dir='ltr'><strong>cum</strong></span> <span class='ocrx_word' id='word_1_765' title='bbox 3455 4934 3620 5003; x_wconf 67' lang='lat' dir='ltr'><strong>justaa</strong></span> <span class='ocrx_word' id='word_1_766' title='bbox 3663 4950 3840 4991; x_wconf 74' lang='lat' dir='ltr'><strong>causa:</strong></span> 
     </span>
    </p>
   </div>
   <div class='ocr_carea' id='block_1_108' title="bbox 2255 5018 3838 5092">
    <p class='ocr_par' dir='ltr' id='par_1_108' title="bbox 2255 5018 3838 5092">
     <span class='ocr_line' id='line_1_108' title="bbox 2255 5018 3838 5092; baseline 0.007 -22"><span class='ocrx_word' id='word_1_767' title='bbox 2255 5018 2565 5085; x_wconf 69' lang='lat' dir='ltr'><strong>praesidium</strong></span> <span class='ocrx_word' id='word_1_768' title='bbox 2626 5020 2848 5077; x_wconf 83' lang='lat' dir='ltr'><strong>caeleste</strong></span> <span class='ocrx_word' id='word_1_769' title='bbox 2919 5038 3026 5078; x_wconf 91' lang='lat' dir='ltr'><strong>non</strong></span> <span class='ocrx_word' id='word_1_770' title='bbox 3095 5024 3252 5078; x_wconf 89' lang='lat' dir='ltr'><strong>desit.</strong></span> <span class='ocrx_word' id='word_1_771' title='bbox 3319 5026 3572 5080; x_wconf 89' lang='lat' dir='ltr'><strong>Audeant</strong></span> <span class='ocrx_word' id='word_1_772' title='bbox 3639 5029 3838 5092; x_wconf 86' lang='lat' dir='ltr'><strong>modo,</strong></span> 
     </span>
    </p>
   </div>
   <div class='ocr_carea' id='block_1_109' title="bbox 2255 5109 3837 5186">
    <p class='ocr_par' dir='ltr' id='par_1_109' title="bbox 2255 5109 3837 5186">
     <span class='ocr_line' id='line_1_109' title="bbox 2255 5109 3837 5186; baseline 0.008 -27"><span class='ocrx_word' id='word_1_773' title='bbox 2255 5121 2596 5176; x_wconf 88' lang='lat' dir='ltr'><strong>nequaquam</strong></span> <span class='ocrx_word' id='word_1_774' title='bbox 2628 5109 2847 5179; x_wconf 88' lang='lat' dir='ltr'><strong>cedant,</strong></span> <span class='ocrx_word' id='word_1_775' title='bbox 2876 5113 3153 5183; x_wconf 86' lang='lat' dir='ltr'><strong>triumpho</strong></span> <span class='ocrx_word' id='word_1_776' title='bbox 3185 5116 3348 5170; x_wconf 89' lang='lat' dir='ltr'><strong>citius</strong></span> <span class='ocrx_word' id='word_1_777' title='bbox 3377 5117 3668 5186; x_wconf 85' lang='lat' dir='ltr'><strong>gavisuros</strong></span> <span class='ocrx_word' id='word_1_778' title='bbox 3704 5121 3837 5181; x_wconf 68' lang='lat' dir='ltr'><strong>(om.</strong></span> 
     </span>
    </p>
   </div>
   <div class='ocr_carea' id='block_1_110' title="bbox 2327 5197 3840 5280">
    <p class='ocr_par' dir='ltr' id='par_1_110' title="bbox 2327 5197 3840 5280">
     <span class='ocr_line' id='line_1_110' title="bbox 2327 5197 3840 5280; baseline 0.009 -30"><span class='ocrx_word' id='word_1_779' title='bbox 2327 5197 2440 5252; x_wconf 82' lang='lat' dir='ltr'><strong>Hac</strong></span> <span class='ocrx_word' id='word_1_780' title='bbox 2473 5209 2652 5255; x_wconf 88' lang='lat' dir='ltr'><strong>autent</strong></span> <span class='ocrx_word' id='word_1_781' title='bbox 2681 5204 3120 5260; x_wconf 87' lang='lat' dir='ltr'><strong>commodissima</strong></span> <span class='ocrx_word' id='word_1_782' title='bbox 3170 5208 3515 5264; x_wconf 87' lang='lat' dir='ltr'><strong>ordinatione</strong></span> <span class='ocrx_word' id='word_1_783' title='bbox 3558 5211 3840 5280; x_wconf 73' lang='lat' dir='ltr'><strong>progredi-</strong></span> 
     </span>
    </p>
   </div>
  </div>
