4040 5314
243 209 382 268 liS‘l

1675 209 1916 267 CESTA.

3375 215 3515 273 1254

242 325 425 382 medio
473 339 596 380 cum
645 324 961 380 firmissimo
1017 324 1251 389 robore;
1310 327 1449 380 ttnde
1502 326 1552 379 in
1608 341 1827 379 omnem
1859 325 2469 388 Aexitiumcurritisac
2491 336 2812 397 perpetuum
2837 330 3204 400 opprobrium.
3230 331 3510 398 Abenndo,

243 426 455 487 partem
483 421 795 474 consuleret
832 434 993 474 manu
1044 428 1098 473 et
1132 433 1279 474 voce.
1319 418 1578 474 Scribens
1608 418 1828 474 lleraldi

245 523 440 579 agmen
472 509 600 563 illud
628 519 870 564 veterum
899 511 1115 580 aliquis,
1133 511 1184 564 itt
1213 509 1328 578 ejus
1356 511 1583 564 transitu
1609 510 1830 564 ﬂumina

245 610 484 671 epotata,
528 602 695 657 silvas
734 601 786 655 in
813 601 1036 672 planum
1069 604 1323 657 reductas
1368 603 1531 657 fuisse
1561 617 1834 657 memora-

247 701 353 746 ret.
393 691 640 747 Maxima:
676 692 820 747 enim
864 708 928 747 ex
966 693 1215 748 omnibus
1247 694 1482 762 undique
1524 694 1832 763 regionibus

244 780 419 850 copia
437 772 735 852 Atiglorum
752 790 1144 837 convenerant.
1161 781 1410 836 Studium
1432 797 1558 852 pars
1571 781 1827 848 Heraldo,

247 873 429 927 cuncti
468 874 658 943 patriae
679 874 1041 942 praestabant,
1088 888 1247 942 quem
1298 884 1488 928 contra
1518 882 1827 940 extraneos,

245 964 469 1018 tametsi
496 979 599 1017 non
619 967 785 1034 justo,
814 964 1102 1019 defensare
1128 964 1398 1018 volebant.
1429 964 1661 1034 Copiosa
1697 981 1831 1035 quo-

245 1069 354 1124 que
379 1055 581 1108 auxilia
613 1055 838 1111 miserat
865 1057 945 1111 eis
969 1065 1198 1127 cognata
1226 1067 1367 1110 terra
1391 1056 1685 1111 Danorum.
1713 1057 1830 1114 Non

247 1152 432 1201 tamen
459 1146 722 1200 audentes
763 1163 887 1202 cum
921 1146 1196 1202 Willelmo
1225 1164 1291 1203 ex
1317 1163 1476 1218 aequo
1516 1147 1830 1218 confligere,

245 1233 369 1304 plus
389 1249 513 1288 eum
537 1250 701 1306 quam
728 1251 908 1307 regem
935 1234 1253 1292 Noricorum
1280 1237 1626 1302 extimentes,
1655 1237 1829 1292 locum

247 1325 537 1380 editiorem
579 1341 1051 1397 praeoccupavere,
1083 1335 1324 1383 montem
1356 1327 1507 1384 silvae
1529 1343 1626 1398 per
1667 1343 1830 1398 quam

247 1416 520 1473 advenere
561 1416 818 1471 vicinum.
870 1417 1128 1473 Protinus
1165 1432 1430 1488 equorum
1477 1435 1579 1489 ope
1611 1419 1827 1485 relicta,

248 1505 432 1561 cuncti
475 1507 683 1577 pedites
724 1510 1018 1564 constitere
1055 1509 1281 1565 densius
1335 1509 1664 1580 conglobati.
1713 1510 1830 1564 Dux

248 1611 372 1651 cum
411 1597 526 1652 suis
553 1615 728 1668 neque
772 1599 878 1656 loci
912 1601 1133 1656 territus
1161 1601 1472 1672 asperitate,
1499 1602 1668 1656 ardua
1703 1601 1828 1657 clivi

1936 425 2165 470 mortem
2197 418 2378 473 nullus
2402 429 2640 473 vestrum
2663 422 2874 476 evadet.
2909 442 2927 474 ο
2966 422 3059 478 llis
3085 424 3263 488 dictis,
3294 439 3514 496 recepe-

1934 514 2062 559 runt
2092 507 2325 560 animos.
2355 506 2570 561 Primus
2592 509 2705 578 ipse
2735 512 3025 578 procurrit,
3051 510 3342 566 fulminans
3362 528 3513 577 ense,

1933 597 2128 651 stravit
2155 599 2435 654 adversam
2459 613 2674 668 gentem
2706 618 2826 670 qua:
2847 603 2947 657 sibi
2982 605 3091 673 regi
3120 619 3218 658 suo
3247 605 3517 660 rebellans

1933 692 2259 745 commeruit
2281 700 2534 746 mortem.
2569 694 2903 750 Exardentes
2943 696 3299 751 Nortlnnanni
3327 708 3380 752 et
3411 700 3518 752 cir-

1931 781 2342 838 cumvenientes
2372 784 2578 853 aliquot
2628 786 2793 840 millia
2844 789 3085 842 insecuta
3118 805 3198 853 se,
3234 801 3510 844 momento

1940 870 2256 927 deleverunt
2302 888 2387 940 ea,
2436 885 2591 930 utne
2618 876 2838 946 quidem
2884 892 3025 933 unus
3067 891 3396 948 superesset.
3439 880 3515 934 Ita

1933 964 2243 1019 confirmati
2283 967 2661 1022 vehementius
2695 968 3085 1024 immanitatem
3123 971 3396 1026 exercitus
3435 972 3518 1026 in-

1929 1064 2189 1110 vaserunt
2219 1070 2233 1120 ;
2266 1056 2362 1124 qui
2405 1058 2700 1111 maximum
2742 1058 3128 1112 detrimentum
3171 1074 3366 1128 passus
3406 1077 3513 1114 non

1931 1143 2229 1202 videbatur.
2265 1145 2462 1200 minor.
2521 1146 2680 1217 Angli
2723 1137 3069 1203 confidenter
3126 1150 3253 1205 totis
3305 1151 3516 1205 viribus

1930 1235 2333 1304 Oppugnabant,
2360 1235 2411 1289 id
2438 1237 2672 1291 maxime
2696 1235 3022 1302 laborantes,
3043 1253 3108 1292 ne
3131 1254 3288 1306 quem
3309 1240 3514 1294 aditum

1932 1326 2237 1398 irrumpere
2283 1328 2586 1384 volentibus
2628 1330 2923 1399 aperirent.
2963 1331 3044 1386 0b
3081 1330 3304 1384 nimiam
3339 1330 3518 1386 densi-

1934 1426 2101 1475 tatem
2139 1435 2329 1475 eorum
2364 1421 2471 1475 labi
2511 1421 2596 1476 vix
2637 1432 2930 1491 potuerunt
2962 1423 3206 1478 interemi
3237 1427 3276 1477 '.
3323 1422 3518 1477 Patue-

1933 1521 2062 1565 runt
2112 1522 2294 1567 tamen
2331 1513 2384 1567 in
2423 1529 2520 1569 eos
2558 1515 2660 1567 vite
2689 1514 2872 1568 incisa:
2918 1529 3016 1583 per
3053 1515 3295 1570 diversas
3335 1523 3519 1584 partes

1933 1601 2354 1658 fortissimorum
2402 1604 2630 1659 militum
2659 1603 2825 1658 ferro.
2864 1603 3178 1659 lnstiterunt
3225 1605 3304 1660 eis
3345 1605 3519 1659 Ceno-

247 1687 450 1743 sensim
482 1693 748 1746 ascendit.
784 1692 1069 1748 Terribilis
1099 1694 1323 1763 clangor
1353 1694 1608 1748 lituorum
1646 1709 1838 1765 pugnae
1871 1693 1914 1748 B
1941 1700 2160 1764 manici,
2211 1699 2583 1768 Francigenm.
2641 1698 2910 1765 Britanni,
2952 1699 3230 1768 Aquitani,
3270 1699 3365 1754 sed
3395 1715 3519 1754 cum

247 1780 401 1851 signa
431 1783 648 1849 cecinit,
680 1786 937 1856 utrinque
969 1787 1467 1840 Northmanttorum
1499 1786 1699 1841 alacris
1729 1802 1829 1841 au-

249 1875 405 1930 dacia
435 1893 624 1948 pugnae
649 1879 973 1950 principium
1010 1881 1157 1934 dedit
1191 1897 1203 1933 :
1239 1880 1416 1934 taliter
1441 1895 1564 1935 eum
1585 1888 1834 1937 oratores

254 1965 310 2019 in
331 1964 538 2034 judicio
565 1967 712 2021 litem
745 1978 909 2038 agunt
939 1970 1003 2023 de
1028 1970 1237 2038 rapina,
1269 1969 1419 2039 prior
1445 1968 1834 2026 feritdictione

250 2058 345 2126 qui
394 2060 602 2113 crimen
653 2060 908 2116 intendit.
965 2060 1182 2115 Pedites
1244 2062 1427 2130 itaque
1473 2060 1834 2118 Nortltmanni

246 2151 474 2221 propius
500 2155 824 2209 accedentes
866 2163 1167 2223 provocant
1194 2153 1420 2224 Anglos,
1454 2154 1749 2210 missilibus
1779 2159 1834 2210 in

249 2257 348 2297 eos
415 2242 638 2298 vulnera
701 2245 938 2314 dirigunt
994 2253 1157 2314 atque
1224 2260 1436 2300 necem.
1500 2244 1580 2299 llli
1641 2254 1831 2300 contra

248 2334 467 2391 fortiter
495 2353 602 2406 quo
628 2339 860 2408 quisque
887 2339 1032 2394 valet
1059 2337 1274 2409 ingenio
1305 2337 1586 2393 resistunt.
1612 2337 1836 2394 Jactant

248 2426 505 2495 cuspides
536 2443 601 2483 ac
647 2429 989 2484 diversorum
1030 2443 1292 2499 generum
1329 2429 1456 2494 tela,
1505 2430 1836 2485 saevissimas

248 2533 498 2587 quasque
535 2533 759 2575 secures
801 2529 855 2574 et
881 2519 1041 2590 lignis
1066 2519 1318 2590 imposita
1362 2534 1514 2574 saxa.
1554 2519 1624 2575 lis
1668 2519 1834 2575 veluti

248 2611 397 2667 mole
426 2611 678 2667 lethifera
714 2614 900 2668 statim
927 2622 1142 2668 nostros
1165 2613 1321 2669 obrui
1350 2623 1590 2684 putares.
1629 2613 1837 2670 Subveo

249 2705 412 2758 niunt
446 2705 658 2775 equites
692 2714 748 2761 et
783 2706 876 2776 qui
923 2706 1257 2777 posteriores
1289 2703 1440 2761 fuere
1475 2705 1612 2762 fiunt
1652 2707 1833 2776 primi.

251 2793 428 2850 Pudet
457 2781 670 2852 eminus
697 2811 962 2868 pugnare,
1011 2796 1206 2868 gladiis
1243 2811 1357 2851 rem
1388 2811 1579 2866 gerere
1613 2797 1833 2851 audent.

250 2884 563 2941 Altissimus
596 2886 804 2941 clamor
833 2885 962 2940 hinc
997 2885 1481 2947 Northmannicus.
1527 2885 1674 2940 illinc
1708 2886 1837 2940 bar-

250 2977 469 3034 baricus
524 2993 799 3033 armorum
857 2978 1038 3034 sonitu
1095 2985 1151 3032 et
1215 2978 1422 3049 gemitu
1491 2976 1836 3032 morientium

1932 1793 2203 1862 praecipua
2236 1792 2434 1847 virtute
2463 1791 2842 1852 Northmanni.

2009 1884 2139 1939 Tiro
2189 1885 2413 1955 quidam
2470 1883 2879 1938 Northmannns
2929 1882 3244 1948 Robcrtus,
3302 1881 3520 1952 Roget-ii

1934 1977 2002 2031 de
2042 1975 2378 2031 Bellomonte
2413 1974 2577 2038 ﬁlius,
2623 1973 2864 2043 llugonis
2901 1974 2968 2028 de
3014 1973 3265 2029 Mellento
3307 1974 3522 2028 comitis

1935 2083 2004 2122 ex
2035 2067 2265 2121 Adelina
2295 2081 2484 2122 sorore
2523 2080 2691 2136 nepos
2721 2074 2775 2120 et
2817 2066 2990 2120 literes
3031 2065 3275 2135 praelium
3317 2064 3407 2118 illo
3436 2064 3524 2118 die

1935 2157 2170 2226 primum
2229 2157 2516 2225 experiens
2587 2155 2696 2225 egit
2749 2154 2894 2224 quod
2959 2154 3328 2208 mternandum
3379 2161 3525 2208 esset

1936 2246 2119 2312 laude,
2171 2261 2299 2300 cum
2350 2245 2563 2316 legione
2604 2261 2766 2315 quam
2823 2246 2876 2299 in
2923 2245 3114 2300 dextro
3149 2258 3322 2300 cornu
3370 2243 3525 2297 duxit

1937 2338 2175 2404 irruens,
2224 2354 2290 2393 ac
2335 2348 2584 2392 sternens
2616 2351 2810 2404 magna
2858 2352 2981 2391 cum
3019 2337 3267 2391 audacia.
3296 2334 3411 2390 Non
3439 2343 3526 2389 est

1937 2441 2139 2486 nostra:
2169 2430 2465 2498 facultatis,
2497 2444 2597 2484 nec
2635 2428 2904 2499 permittit
2947 2425 3174 2481 intentio
3197 2432 3380 2480 nostra
3409 2424 3524 2478 sin-

1936 2522 2183 2591 gulorum
2227 2520 2386 2574 fortia
2447 2519 2589 2574 facta
2644 2533 2742 2588 pro
2799 2517 2994 2572 merito
3043 2528 3289 2570 narrare.
3358 2513 3524 2584 Copia

1937 2611 2150 2664 dicendi
2200 2609 2624 2674 valentissimus,
2658 2609 2749 2678 qui
2783 2607 2980 2664 bellum
3027 2606 3156 2661 illud
3204 2607 3318 2662 suis
3353 2604 3548 2664 oculis.

1937 2703 2210 2768 didicerit,
2239 2699 2558 2769 difﬁcillime
2582 2700 2793 2772 singula
2818 2715 3048 2770 qumque
3076 2705 3522 2770 persequeretur.

1937 2794 2004 2849 At
2039 2794 2141 2849 hoc
2170 2807 2272 2849 nos
2307 2793 2396 2847 illo
2431 2807 2810 2863 properamus,
2861 2800 2920 2847 ut
2951 2791 3104 2846 finita
3135 2777 3389 2845 Willeltni
3425 2801 3518 2842 co.

1939 2885 2089 2940 mitis
2117 2885 2296 2951 laude,
2337 2883 2592 2940 Willelmi
2621 2885 2766 2954 regis
2792 2883 3019 2955 gloriam
3051 2882 3373 2939 scribamus.
3479 2943 3481 2946 ,

2013 2976 2526 3032 Animadvertentes
2573 2974 2976 3040 Northmanni,
3037 2974 3293 3044 sociaque
3349 2971 3527 3035 turba,

253 3080 564 3141 superatur.
613 3070 704 3126 Sic
754 3070 1068 3141 aliquandiu
1117 3046 1329 3126 summa
1377 3070 1428 3124 vi
1479 3078 1722 3124 certatur
1767 3069 1837 3124 ab
1867 3046 1912 3108 ο
1950 3084 2058 3124 non
2105 3071 2312 3140 absque
2354 3069 2523 3123 nimio
2551 3070 2634 3122 sui
2686 3067 3027 3123 incommodo
3078 3067 3286 3121 hostem
3319 3073 3528 3118 tantum

253 3163 519 3232 utrisque.
567 3163 730 3234 Angli
760 3163 988 3218 nimium
1015 3161 1340 3230 adjuvantur
1385 3160 1683 3230 superioris
1733 3158 1840 3214 loci

254 3253 682 3322 opportunitate,
702 3269 862 3323 quem
885 3253 1005 3308 sine
1025 3267 1289 3323 procursu
1308 3259 1495 3305 tenent
1520 3261 1576 3304 et
1609 3249 1845 3305 maxime

256 3342 526 3409 conferti,
572 3344 777 3414 ingenti
822 3359 1042 3414 quoque
1087 3343 1480 3398 numerositate
1531 3356 1630 3396 sua
1680 3350 1844 3411 atque

255 3433 589 3490 validissima
610 3435 984 3506 corpulentia;
1014 3443 1275 3505 praeterea
1297 3449 1490 3504 pugnae
1515 3435 1845 3490 instrumen-

259 3528 350 3591 tis,
403 3541 523 3596 quae
570 3525 730 3582 facile
767 3541 864 3595 per
915 3535 1070 3582 scuta
1113 3525 1197 3580 vel
1250 3524 1358 3578 alia
1414 3525 1648 3593 tegmina
1700 3525 1841 3580 viam

257 3617 563 3672 inveniunt.
606 3617 931 3674 Fortissime
972 3617 1158 3686 itaque
1204 3616 1478 3670 sustinent
1503 3615 1588 3670 vel
1628 3617 1848 3687 propel-

261 3707 382 3762 lunt
411 3724 575 3765 ausos
597 3710 652 3764 in
685 3725 744 3766 se
766 3710 1070 3766 districtum
1108 3709 1329 3766 ensibus
1359 3709 1618 3779 impetum
1641 3712 1841 3766 facere.

260 3801 562 3857 Vulnerant
603 3817 700 3858 eos
728 3791 817 3872 qui
866 3803 1079 3858 eminus
1131 3803 1186 3856 in
1217 3816 1276 3857 se
1313 3800 1494 3870 jacula
1529 3802 1842 3872 conjiciunt.

258 3893 401 3949 Ecce
432 3894 596 3963 igitur
619 3895 722 3950 hac
753 3895 961 3950 satvitia
991 3893 1268 3964 perterriti
1297 3903 1618 3948 avertuntur
1641 3895 1846 3964 pedites

260 3985 472 4055 pariter
494 3998 659 4054 atque
679 3994 892 4054 equites
911 3983 1159 4038 Britanni
1191 3992 1246 4038 et
1263 3992 1529 4053 quotquot
1553 3984 1846 4039 auxiliares

259 4083 422 4130 erant
473 4076 527 4130 in
575 4075 800 4130 sinistro
849 4089 1048 4138 cornu,
1099 4072 1241 4128 cedit
1286 4072 1402 4127 fere
1452 4085 1646 4129 cuncta
1695 4075 1848 4130 ducis

260 4167 431 4233 acies,
463 4167 609 4236 quod
643 4182 768 4222 cum
811 4181 947 4234 pace
979 4165 1186 4220 dictum
1233 4165 1306 4220 sit
1344 4165 1844 4220 Northmannorum

260 4257 636 4314 invictissimae
665 4258 923 4312 nationis.
959 4255 1220 4310 Romana:
1249 4254 1550 4324 majestatis
1571 4257 1846 4311 exercitus

261 4349 449 4418 copias
513 4362 702 4414 regum
775 4347 1103 4412 continens,
1163 4346 1382 4400 vincere
1447 4345 1639 4400 solitus
1702 4354 1846 4401 terra

261 4439 509 4509 marique
535 4438 674 4509 fugit
717 4437 1030 4508 aliquando,
1083 4451 1206 4491 cum
1239 4435 1433 4490 ducem
1487 4451 1644 4490 suum
1685 4436 1850 4491 sciret

264 4542 357 4588 aut
383 4533 634 4587 crederet
657 4531 919 4586 occisum.
952 4529 1246 4586 Credidere
1273 4528 1632 4584 Northmanni
1658 4529 1847 4585 ducem

262 4639 328 4679 ac
364 4623 645 4678 dominum
694 4637 852 4678 suum
897 4621 1179 4678 cecidisse.
1215 4618 1328 4675 Non
1383 4634 1513 4690 ergo
1555 4620 1720 4674 nimis
1749 4635 1850 4690 pu-

265 4715 438 4772 denda
476 4714 602 4788 fuga
653 4729 901 4782 cessere,
955 4715 1178 4769 minime
1227 4728 1359 4770 vero
1414 4713 1675 4768 dolenda.
1725 4728 1849 4768 cum

265 4806 556 4886 plurimum
576 4805 801 4876 juverit.

336 4900 596 4971 Princeps
617 4915 852 4964 namque
878 4915 1222 4970 prospicuens
1256 4899 1480 4955 multam
1511 4906 1718 4966 partem
1755 4901 1849 4956 ad-

267 5007 441 5048 versa:
473 4990 724 5045 stationis
757 4991 1074 5059 prosiluisse
1092 4998 1146 5045 et
1175 4991 1383 5062 insequi
1412 4998 1559 5057 terga
1599 5004 1846 5060 suorum,

262 5082 602 5156 fugientibus
626 5081 866 5136 occurrit
886 5091 940 5135 et
962 5081 1188 5146 obstitit,
1213 5085 1508 5139 verberans
1530 5080 1852 5141 autminans

263 5180 442 5236 basta.
480 5175 692 5230 Nudato
721 5174 937 5242 insuper
973 5174 1147 5243 capite
1175 5175 1526 5240 detractaque
1561 5171 1712 5242 galea
1751 5194 1852 5235 ει-

261 5270 513 5314 clamans
543 5283 556 5314 :
597 5287 613 5314 ἰ
649 5265 750 5314 illa.
788 5265 983 5314 innuit.
1015 5268 1447 5314 circnma-inite:
1484 5266 1606 5314 vivo
1640 5277 1694 5314 et
1735 5275 1853 5314 νῑη-

1945 3163 2103 3218 simul
2134 3163 2476 3218 resistentem
2509 3162 2755 3230 superari
2807 3175 2990 3230 posse,
3043 3167 3194 3229 terga
3240 3157 3529 3220 dederunt,

1945 3252 2126 3323 fugam
2164 3269 2229 3307 ex
2268 3251 2538 3308 industria
2575 3251 2918 3307 simulantes.
2959 3249 3322 3305 Meminerunt
3365 3261 3530 3316 quam

1945 3349 2142 3410 Optata:
2194 3341 2270 3395 rei
2315 3340 2474 3408 paulo
2511 3349 2638 3394 ante
2689 3339 2868 3409 fugam
2918 3336 3119 3393 dederit
3165 3333 3528 3389 occasionem.

1947 3433 2203 3488 Barbaris
2225 3447 2350 3487 cum
2375 3447 2470 3502 spe
2489 3431 2736 3487 victoria:
2765 3431 2959 3501 ingens
2990 3428 3174 3482 laetitia
3199 3433 3388 3480 exorta
3419 3432 3526 3480 est.

1950 3521 2082 3578 Sese
2111 3523 2461 3577 cohortantes
2504 3521 2810 3576 exsultante
2841 3519 3081 3576 clamore
3117 3525 3334 3573 nostros
3364 3515 3532 3570 male-

1949 3611 2110 3666 dictis
2177 3609 2533 3679 increpabant
2587 3616 2644 3661 et
2696 3607 3047 3662 minabantur
3097 3613 3325 3660 cunctos
3385 3602 3532 3658 illico

1949 3701 2184 3757 ruiturus
2205 3715 2348 3756 esse.
2372 3700 2520 3755 Ausa
2548 3706 2697 3764 sunt,
2726 3706 2785 3752 ut
2813 3697 3086 3767 superius,
3111 3693 3316 3765 aliquot
3338 3692 3532 3759 millia,

1949 3793 2102 3863 quasi
2139 3791 2356 3847 volante
2387 3795 2571 3855 cursu,
2611 3805 2748 3862 quos
2791 3789 2978 3861 fugere
3009 3789 3274 3859 putabant
3316 3799 3530 3856 urgere.

1948 3880 2308 3937 Noulnnanni
2358 3890 2580 3951 repente
2623 3880 2886 3950 regyratis
2929 3878 3084 3948 equis
3113 3878 3443 3945 interceptos
3479 3882 3536 3930 et

1954 3972 2195 4038 inclusos
2223 3972 2461 4041 undique
2489 3977 2882 4032 mactaverunt,
2908 3967 3111 4022 nullum
3139 3966 3531 4034 relinquentes.

1952 4061 2042 4116 Bis
2079 4077 2144 4117 eo
2180 4062 2300 4118 dolo
2329 4062 2490 4116 simili
2518 4071 2714 4116 eventu
2756 4060 2862 4123 usi,
2899 4043 3152 4132 reliquos
3184 4054 3376 4124 majori
3410 4069 3533 4109 cum

1953 4151 2237 4207 alacritate
2262 4152 2504 4222 aggressi
2533 4159 2681 4213 sunt,
2714 4148 2888 4202 aciem
2915 4147 3096 4201 adhuc
3125 4145 3449 4200 horrendam
3478 4152 3536 4199 et

1954 4259 2116 4312 quam
2171 4242 2541 4296 difﬁcillimum
2589 4247 2709 4293 erat
2747 4237 3165 4292 circumvenire.
3207 4235 3294 4289 Fit
3341 4233 3536 4289 deinde

1956 4337 2157 4392 insoliti
2188 4334 2406 4406 generis
2429 4347 2638 4402 pttgna;
2670 4345 2830 4400 quam
2863 4329 3031 4384 altera
3060 4342 3190 4396 pars
3228 4327 3536 4382 incursibus

1956 4437 2010 4485 et
2032 4426 2262 4483 diversis
2287 4423 2522 4478 motibus
2550 4421 2699 4490 agit;
2758 4419 2952 4485 altera,
2998 4419 3144 4473 velut
3183 4419 3345 4471 humo
3377 4415 3537 4470 allisa

1958 4521 2170 4576 tolerat.
2215 4517 2499 4586 Languent
2547 4514 2727 4584 Angli,
2774 4520 2829 4566 et
2861 4513 3015 4581 quasi
3061 4519 3270 4564 reatum
3301 4508 3418 4581 ipso
3444 4508 3540 4563 de-

1958 4615 2100 4669 fectu
2152 4611 2498 4672 confitentes,
2556 4608 2850 4662 vindictam
2899 4613 3195 4674 patiuntur.
3241 4600 3540 4669 Sagittant,

1957 4706 2180 4769 feriunt,
2210 4703 2518 4775 perfodiunt
2549 4697 2939 4761 Northmanni,
2988 4694 3188 4749 mortui
3221 4692 3360 4764 plus,
3411 4693 3544 4763 dum

1958 4801 2177 4862 cadunt,
2223 4811 2383 4867 quam
2429 4792 2536 4844 vivi
2582 4787 2793 4863 moveri
2830 4788 3100 4841 videntur.
3143 4784 3363 4840 Leviter
3416 4799 3550 4838 san-

1958 4903 2131 4952 ciatos
2177 4883 2597 4956 nonpermittit
2657 4880 2922 4945 evadere,
2978 4876 3071 4932 sed
3138 4873 3562 4953 comprimendo

1961 4995 2119 5044 necat
2161 4983 2432 5040 sociorum
2465 4976 2733 5050 densitas.
2782 4971 2862 5027 Ita
2891 4967 3119 5025 felicitas
3149 4982 3245 5038 pro
3268 4962 3572 5029 Willelmo

1965 5079 2239 5148 triumpho
2273 5068 2591 5126 maturando
2617 5064 2888 5126 cucurrit.

2032 5169 2398 5226 Interfuerunt
2415 5159 2535 5216 huic
2551 5164 2742 5228 prmlio
2765 5149 3325 5211 EustachiusBolonim
3344 5160 3574 5221 comes,

1963 5263 2267 5314 Willcltnus
2283 5251 2535 5310 Bicltardi
2555 5249 2904 5310 Ebroicensis
2917 5245 3127 5302 comitis
3147 5236 3580 5302 filius,Guisfro.-
