  <div class='ocr_page' id='page_1' title='image "/cluster/home/n/w/nwhite01/storage/ocr_20150623/149/hvd.32044015473770/631.png"; bbox 0 0 4040 5314; ppageno 0'>
   <div class='ocr_carea' id='block_1_1' title="bbox 499 335 640 395">
    <p class='ocr_par' dir='ltr' id='par_1_1' title="bbox 499 335 640 395">
     <span class='ocr_line' id='line_1_1' title="bbox 499 335 640 395; baseline 0.007 -1"><span class='ocrx_word' id='word_1_1' title='bbox 499 335 640 395; x_wconf 67' lang='grc' dir='ltr'><strong>ηδε</strong></span> 
     </span>
    </p>
   </div>
   <div class='ocr_carea' id='block_1_2' title="bbox 1716 326 2626 396">
    <p class='ocr_par' dir='ltr' id='par_1_2' title="bbox 1716 326 2626 396">
     <span class='ocr_line' id='line_1_2' title="bbox 1716 326 2626 396; baseline 0 -10"><span class='ocrx_word' id='word_1_2' title='bbox 1716 327 2065 386; x_wconf 71' lang='lat' dir='ltr'><strong>WlLl.ELMl</strong></span> <span class='ocrx_word' id='word_1_3' title='bbox 2097 326 2626 396; x_wconf 79' lang='lat' dir='ltr'><strong>CONQUESTORIS</strong></span> 
     </span>
    </p>
   </div>
   <div class='ocr_carea' id='block_1_3' title="bbox 3629 334 3771 390">
    <p class='ocr_par' dir='ltr' id='par_1_3' title="bbox 3629 334 3771 390">
     <span class='ocr_line' id='line_1_3' title="bbox 3629 334 3771 390; baseline 0 0"><span class='ocrx_word' id='word_1_4' title='bbox 3629 334 3771 390; x_wconf 66' lang='grc'><strong>1256</strong></span> 
     </span>
    </p>
   </div>
   <div class='ocr_carea' id='block_1_4' title="bbox 489 444 3770 528">
    <p class='ocr_par' dir='ltr' id='par_1_4' title="bbox 489 444 3770 528">
     <span class='ocr_line' id='line_1_4' title="bbox 489 444 3770 528; baseline 0 -20"><span class='ocrx_word' id='word_1_5' title='bbox 489 455 847 528; x_wconf 80' lang='lat' dir='ltr'><strong>quamplnres</strong></span> <span class='ocrx_word' id='word_1_6' title='bbox 894 454 1146 510; x_wconf 79' lang='lat' dir='ltr'><strong>militaris</strong></span> <span class='ocrx_word' id='word_1_7' title='bbox 1195 451 1522 524; x_wconf 66' lang='lat' dir='ltr'><strong>praestantiae</strong></span> <span class='ocrx_word' id='word_1_8' title='bbox 1579 449 1722 505; x_wconf 88' lang='lat' dir='ltr'><strong>fama</strong></span> <span class='ocrx_word' id='word_1_9' title='bbox 1767 447 2080 504; x_wconf 88' lang='lat' dir='ltr'><strong>celebratis-</strong></span> <span class='ocrx_word' id='word_1_10' title='bbox 2111 451 2155 507; x_wconf 82' lang='grc' dir='ltr'>Α</span> <span class='ocrx_word' id='word_1_11' title='bbox 2184 444 2487 516; x_wconf 76' lang='lat' dir='ltr'><strong>profugere.</strong></span> <span class='ocrx_word' id='word_1_12' title='bbox 2517 446 2771 503; x_wconf 84' lang='lat' dir='ltr'><strong>Valentes</strong></span> <span class='ocrx_word' id='word_1_13' title='bbox 2814 447 2942 504; x_wconf 92' lang='lat' dir='ltr'><strong>fecit</strong></span> <span class='ocrx_word' id='word_1_14' title='bbox 2967 448 3178 520; x_wconf 88' lang='lat' dir='ltr'><strong>aliquos</strong></span> <span class='ocrx_word' id='word_1_15' title='bbox 3218 451 3447 506; x_wconf 86' lang='lat' dir='ltr'><strong>salutem</strong></span> <span class='ocrx_word' id='word_1_16' title='bbox 3486 450 3647 507; x_wconf 81' lang='lat' dir='ltr'><strong>valde</strong></span> <span class='ocrx_word' id='word_1_17' title='bbox 3674 467 3770 508; x_wconf 82' lang='lat' dir='ltr'><strong>cu-</strong></span> 
     </span>
    </p>
   </div>
   <div class='ocr_carea' id='block_1_5' title="bbox 499 538 2086 616">
    <p class='ocr_par' dir='ltr' id='par_1_5' title="bbox 499 538 2086 616">
     <span class='ocr_line' id='line_1_5' title="bbox 499 538 2086 616; baseline -0.005 -13"><span class='ocrx_word' id='word_1_18' title='bbox 499 549 625 604; x_wconf 76' lang='lat' dir='ltr'><strong>sinii</strong></span> <span class='ocrx_word' id='word_1_19' title='bbox 673 557 729 602; x_wconf 89' lang='lat' dir='ltr'><strong>et</strong></span> <span class='ocrx_word' id='word_1_20' title='bbox 768 562 999 616; x_wconf 83' lang='lat' dir='ltr'><strong>quorum</strong></span> <span class='ocrx_word' id='word_1_21' title='bbox 1055 545 1273 600; x_wconf 90' lang='lat' dir='ltr'><strong>nomina</strong></span> <span class='ocrx_word' id='word_1_22' title='bbox 1325 544 1678 599; x_wconf 79' lang='lat' dir='ltr'><strong>historiarum</strong></span> <span class='ocrx_word' id='word_1_23' title='bbox 1723 538 2086 596; x_wconf 93' lang='lat' dir='ltr'><strong>voluminibus</strong></span> 
     </span>
    </p>
   </div>
   <div class='ocr_carea' id='block_1_6' title="bbox 502 620 2086 694">
    <p class='ocr_par' dir='ltr' id='par_1_6' title="bbox 502 620 2086 694">
     <span class='ocr_line' id='line_1_6' title="bbox 502 620 2086 694; baseline -0.005 0"><span class='ocrx_word' id='word_1_24' title='bbox 502 640 648 694; x_wconf 91' lang='lat' dir='ltr'><strong>inter</strong></span> <span class='ocrx_word' id='word_1_25' title='bbox 672 620 1114 694; x_wconf 76' lang='lat' dir='ltr'><strong>bellicosissimus</strong></span> <span class='ocrx_word' id='word_1_26' title='bbox 1139 635 1509 691; x_wconf 90' lang='lat' dir='ltr'><strong>commendari</strong></span> <span class='ocrx_word' id='word_1_27' title='bbox 1539 637 1747 689; x_wconf 89' lang='lat' dir='ltr'><strong>deceat.</strong></span> <span class='ocrx_word' id='word_1_28' title='bbox 1781 631 2086 688; x_wconf 83' lang='lat' dir='ltr'><strong>Willelmus</strong></span> 
     </span>
    </p>
   </div>
   <div class='ocr_carea' id='block_1_7' title="bbox 497 722 2086 795">
    <p class='ocr_par' dir='ltr' id='par_1_7' title="bbox 497 722 2086 795">
     <span class='ocr_line' id='line_1_7' title="bbox 497 722 2086 795; baseline -0.006 -12"><span class='ocrx_word' id='word_1_29' title='bbox 497 744 630 784; x_wconf 88' lang='lat' dir='ltr'><strong>vero</strong></span> <span class='ocrx_word' id='word_1_30' title='bbox 682 729 787 782; x_wconf 82' lang='lat' dir='ltr'><strong>dux</strong></span> <span class='ocrx_word' id='word_1_31' title='bbox 853 742 1038 782; x_wconf 91' lang='lat' dir='ltr'><strong>eorum</strong></span> <span class='ocrx_word' id='word_1_32' title='bbox 1105 724 1242 780; x_wconf 89' lang='lat' dir='ltr'><strong>adeo</strong></span> <span class='ocrx_word' id='word_1_33' title='bbox 1293 725 1585 795; x_wconf 66' lang='lat' dir='ltr'><strong>praestabat</strong></span> <span class='ocrx_word' id='word_1_34' title='bbox 1627 724 1708 777; x_wconf 89' lang='lat' dir='ltr'><strong>eis</strong></span> <span class='ocrx_word' id='word_1_35' title='bbox 1750 722 2086 784; x_wconf 87' lang='lat' dir='ltr'><strong>fortitudine,</strong></span> 
     </span>
    </p>
   </div>
   <div class='ocr_carea' id='block_1_8' title="bbox 500 812 2109 892">
    <p class='ocr_par' dir='ltr' id='par_1_8' title="bbox 500 812 2109 892">
     <span class='ocr_line' id='line_1_8' title="bbox 500 812 2109 892; baseline -0.005 -18"><span class='ocrx_word' id='word_1_36' title='bbox 500 821 958 892; x_wconf 80' lang='lat' dir='ltr'><strong>quemadmodum</strong></span> <span class='ocrx_word' id='word_1_37' title='bbox 1035 817 1362 889; x_wconf 87' lang='lat' dir='ltr'><strong>prudentia,</strong></span> <span class='ocrx_word' id='word_1_38' title='bbox 1430 826 1490 872; x_wconf 93' lang='lat' dir='ltr'><strong>ut</strong></span> <span class='ocrx_word' id='word_1_39' title='bbox 1553 814 1792 884; x_wconf 79' lang='lat' dir='ltr'><strong>antiquis</strong></span> <span class='ocrx_word' id='word_1_40' title='bbox 1861 812 2109 868; x_wconf 85' lang='lat' dir='ltr'><strong>ducibus</strong></span> 
     </span>
    </p>
   </div>
   <div class='ocr_carea' id='block_1_9' title="bbox 498 904 2088 979">
    <p class='ocr_par' dir='ltr' id='par_1_9' title="bbox 498 904 2088 979">
     <span class='ocr_line' id='line_1_9' title="bbox 498 904 2088 979; baseline -0.007 -10"><span class='ocrx_word' id='word_1_41' title='bbox 498 915 812 970; x_wconf 77' lang='lat' dir='ltr'><strong>Grzecorum</strong></span> <span class='ocrx_word' id='word_1_42' title='bbox 868 913 984 966; x_wconf 83' lang='lat' dir='ltr'><strong>sive</strong></span> <span class='ocrx_word' id='word_1_43' title='bbox 1031 911 1400 965; x_wconf 83' lang='lat' dir='ltr'><strong>Romanorum</strong></span> <span class='ocrx_word' id='word_1_44' title='bbox 1446 909 1538 979; x_wconf 89' lang='lat' dir='ltr'><strong>qui</strong></span> <span class='ocrx_word' id='word_1_45' title='bbox 1590 907 1828 963; x_wconf 80' lang='lat' dir='ltr'><strong>maxime</strong></span> <span class='ocrx_word' id='word_1_46' title='bbox 1869 904 2088 974; x_wconf 76' lang='lat' dir='ltr'><strong>scriptis</strong></span> 
     </span>
    </p>
   </div>
   <div class='ocr_carea' id='block_1_10' title="bbox 500 997 2086 1070">
    <p class='ocr_par' dir='ltr' id='par_1_10' title="bbox 500 997 2086 1070">
     <span class='ocr_line' id='line_1_10' title="bbox 500 997 2086 1070; baseline -0.006 -12"><span class='ocrx_word' id='word_1_47' title='bbox 500 1005 825 1068; x_wconf 77' lang='lat' dir='ltr'><strong>laudantur,</strong></span> <span class='ocrx_word' id='word_1_48' title='bbox 863 1002 983 1057; x_wconf 88' lang='lat' dir='ltr'><strong>aliis</strong></span> <span class='ocrx_word' id='word_1_49' title='bbox 1013 1001 1209 1056; x_wconf 80' lang='lat' dir='ltr'><strong>merito</strong></span> <span class='ocrx_word' id='word_1_50' title='bbox 1237 1001 1308 1055; x_wconf 92' lang='lat' dir='ltr'><strong>sit</strong></span> <span class='ocrx_word' id='word_1_51' title='bbox 1349 999 1739 1070; x_wconf 68' lang='lat' dir='ltr'><strong>praeferendus,</strong></span> <span class='ocrx_word' id='word_1_52' title='bbox 1775 997 1896 1052; x_wconf 88' lang='lat' dir='ltr'><strong>aliis</strong></span> <span class='ocrx_word' id='word_1_53' title='bbox 1933 1009 2086 1050; x_wconf 87' lang='lat' dir='ltr'><strong>com-</strong></span> 
     </span>
    </p>
   </div>
   <div class='ocr_carea' id='block_1_11' title="bbox 499 1090 2087 1168">
    <p class='ocr_par' dir='ltr' id='par_1_11' title="bbox 499 1090 2087 1168">
     <span class='ocr_line' id='line_1_11' title="bbox 499 1090 2087 1168; baseline -0.006 -17"><span class='ocrx_word' id='word_1_54' title='bbox 499 1097 800 1168; x_wconf 85' lang='lat' dir='ltr'><strong>parandus.</strong></span> <span class='ocrx_word' id='word_1_55' title='bbox 830 1095 1102 1150; x_wconf 82' lang='lat' dir='ltr'><strong>Mobiliter</strong></span> <span class='ocrx_word' id='word_1_56' title='bbox 1130 1095 1284 1149; x_wconf 86' lang='lat' dir='ltr'><strong>duxit</strong></span> <span class='ocrx_word' id='word_1_57' title='bbox 1311 1093 1402 1148; x_wconf 87' lang='lat' dir='ltr'><strong>ille</strong></span> <span class='ocrx_word' id='word_1_58' title='bbox 1426 1093 1687 1148; x_wconf 85' lang='lat' dir='ltr'><strong>cohibens</strong></span> <span class='ocrx_word' id='word_1_59' title='bbox 1714 1090 1919 1162; x_wconf 89' lang='lat' dir='ltr'><strong>fugam,</strong></span> <span class='ocrx_word' id='word_1_60' title='bbox 1951 1090 2087 1144; x_wconf 92' lang='lat' dir='ltr'><strong>dans</strong></span> 
     </span>
    </p>
   </div>
   <div class='ocr_carea' id='block_1_12' title="bbox 504 1180 2084 1257">
    <p class='ocr_par' dir='ltr' id='par_1_12' title="bbox 504 1180 2084 1257">
     <span class='ocr_line' id='line_1_12' title="bbox 504 1180 2084 1257; baseline -0.006 -14"><span class='ocrx_word' id='word_1_61' title='bbox 504 1189 716 1243; x_wconf 86' lang='lat' dir='ltr'><strong>animos</strong></span> <span class='ocrx_word' id='word_1_62' title='bbox 745 1186 972 1257; x_wconf 83' lang='lat' dir='ltr'><strong>periculi</strong></span> <span class='ocrx_word' id='word_1_63' title='bbox 1002 1185 1205 1250; x_wconf 88' lang='lat' dir='ltr'><strong>socius,</strong></span> <span class='ocrx_word' id='word_1_64' title='bbox 1233 1184 1429 1255; x_wconf 65' lang='lat' dir='ltr'><strong>saepius</strong></span> <span class='ocrx_word' id='word_1_65' title='bbox 1458 1184 1698 1239; x_wconf 88' lang='lat' dir='ltr'><strong>clamans</strong></span> <span class='ocrx_word' id='word_1_66' title='bbox 1726 1192 1788 1236; x_wconf 93' lang='lat' dir='ltr'><strong>ut</strong></span> <span class='ocrx_word' id='word_1_67' title='bbox 1814 1180 2084 1244; x_wconf 89' lang='lat' dir='ltr'><strong>venirent,</strong></span> 
     </span>
    </p>
   </div>
   <div class='ocr_carea' id='block_1_13' title="bbox 499 1273 2084 1348">
    <p class='ocr_par' dir='ltr' id='par_1_13' title="bbox 499 1273 2084 1348">
     <span class='ocr_line' id='line_1_13' title="bbox 499 1273 2084 1348; baseline -0.005 -16"><span class='ocrx_word' id='word_1_68' title='bbox 499 1293 662 1348; x_wconf 90' lang='lat' dir='ltr'><strong>quam</strong></span> <span class='ocrx_word' id='word_1_69' title='bbox 683 1276 882 1346; x_wconf 88' lang='lat' dir='ltr'><strong>jnbcns</strong></span> <span class='ocrx_word' id='word_1_70' title='bbox 908 1277 1008 1332; x_wconf 91' lang='lat' dir='ltr'><strong>ire.</strong></span> <span class='ocrx_word' id='word_1_71' title='bbox 1043 1275 1194 1332; x_wconf 88' lang='lat' dir='ltr'><strong>Unde</strong></span> <span class='ocrx_word' id='word_1_72' title='bbox 1221 1275 1427 1345; x_wconf 90' lang='lat' dir='ltr'><strong>liquido</strong></span> <span class='ocrx_word' id='word_1_73' title='bbox 1450 1273 1791 1343; x_wconf 83' lang='lat' dir='ltr'><strong>intelligitur,</strong></span> <span class='ocrx_word' id='word_1_74' title='bbox 1825 1273 2084 1326; x_wconf 91' lang='lat' dir='ltr'><strong>virtutem</strong></span> 
     </span>
    </p>
   </div>
   <div class='ocr_carea' id='block_1_14' title="bbox 497 1362 2089 1440">
    <p class='ocr_par' dir='ltr' id='par_1_14' title="bbox 497 1362 2089 1440">
     <span class='ocr_line' id='line_1_14' title="bbox 497 1362 2089 1440; baseline -0.005 -18"><span class='ocrx_word' id='word_1_75' title='bbox 497 1369 572 1424; x_wconf 91' lang='lat' dir='ltr'><strong>illi</strong></span> <span class='ocrx_word' id='word_1_76' title='bbox 604 1369 859 1440; x_wconf 68' lang='lat' dir='ltr'><strong>praeviam</strong></span> <span class='ocrx_word' id='word_1_77' title='bbox 897 1368 1108 1438; x_wconf 91' lang='lat' dir='ltr'><strong>pariter</strong></span> <span class='ocrx_word' id='word_1_78' title='bbox 1142 1365 1350 1422; x_wconf 79' lang='lat' dir='ltr'><strong>fecisse</strong></span> <span class='ocrx_word' id='word_1_79' title='bbox 1388 1364 1651 1420; x_wconf 86' lang='lat' dir='ltr'><strong>militibus</strong></span> <span class='ocrx_word' id='word_1_80' title='bbox 1693 1364 1795 1419; x_wconf 86' lang='lat' dir='ltr'><strong>iter</strong></span> <span class='ocrx_word' id='word_1_81' title='bbox 1833 1371 1889 1418; x_wconf 90' lang='lat' dir='ltr'><strong>et</strong></span> <span class='ocrx_word' id='word_1_82' title='bbox 1923 1362 2089 1416; x_wconf 89' lang='lat' dir='ltr'><strong>auda-</strong></span> 
     </span>
    </p>
   </div>
   <div class='ocr_carea' id='block_1_15' title="bbox 495 1455 2088 1528">
    <p class='ocr_par' dir='ltr' id='par_1_15' title="bbox 495 1455 2088 1528">
     <span class='ocr_line' id='line_1_15' title="bbox 495 1455 2088 1528; baseline -0.006 -13"><span class='ocrx_word' id='word_1_83' title='bbox 495 1461 660 1516; x_wconf 86' lang='lat' dir='ltr'><strong>ciam.</strong></span> <span class='ocrx_word' id='word_1_84' title='bbox 693 1460 801 1514; x_wconf 90' lang='lat' dir='ltr'><strong>Cor</strong></span> <span class='ocrx_word' id='word_1_85' title='bbox 827 1459 1010 1513; x_wconf 88' lang='lat' dir='ltr'><strong>amisit</strong></span> <span class='ocrx_word' id='word_1_86' title='bbox 1034 1458 1242 1528; x_wconf 85' lang='lat' dir='ltr'><strong>absque</strong></span> <span class='ocrx_word' id='word_1_87' title='bbox 1278 1457 1504 1512; x_wconf 84' lang='lat' dir='ltr'><strong>vulnere</strong></span> <span class='ocrx_word' id='word_1_88' title='bbox 1534 1470 1663 1525; x_wconf 90' lang='lat' dir='ltr'><strong>pars</strong></span> <span class='ocrx_word' id='word_1_89' title='bbox 1709 1455 1947 1509; x_wconf 87' lang='lat' dir='ltr'><strong>hostium</strong></span> <span class='ocrx_word' id='word_1_90' title='bbox 1981 1468 2088 1506; x_wconf 89' lang='lat' dir='ltr'><strong>non</strong></span> 
     </span>
    </p>
   </div>
   <div class='ocr_carea' id='block_1_16' title="bbox 496 1541 2090 1619">
    <p class='ocr_par' dir='ltr' id='par_1_16' title="bbox 496 1541 2090 1619">
     <span class='ocr_line' id='line_1_16' title="bbox 496 1541 2090 1619; baseline -0.005 -15"><span class='ocrx_word' id='word_1_91' title='bbox 496 1550 732 1615; x_wconf 83' lang='lat' dir='ltr'><strong>modica,</strong></span> <span class='ocrx_word' id='word_1_92' title='bbox 764 1547 1104 1619; x_wconf 89' lang='lat' dir='ltr'><strong>prospiciens</strong></span> <span class='ocrx_word' id='word_1_93' title='bbox 1129 1547 1270 1602; x_wconf 91' lang='lat' dir='ltr'><strong>hunc</strong></span> <span class='ocrx_word' id='word_1_94' title='bbox 1296 1544 1676 1600; x_wconf 87' lang='lat' dir='ltr'><strong>admirandum</strong></span> <span class='ocrx_word' id='word_1_95' title='bbox 1701 1559 1766 1599; x_wconf 91' lang='lat' dir='ltr'><strong>ac</strong></span> <span class='ocrx_word' id='word_1_96' title='bbox 1791 1541 2090 1597; x_wconf 81' lang='lat' dir='ltr'><strong>terribilem</strong></span> 
     </span>
    </p>
   </div>
   <div class='ocr_carea' id='block_1_17' title="bbox 497 1627 2092 1708">
    <p class='ocr_par' dir='ltr' id='par_1_17' title="bbox 497 1627 2092 1708">
     <span class='ocr_line' id='line_1_17' title="bbox 497 1627 2092 1708; baseline -0.006 -16"><span class='ocrx_word' id='word_1_97' title='bbox 497 1637 763 1708; x_wconf 80' lang='lat' dir='ltr'><strong>equitem.</strong></span> <span class='ocrx_word' id='word_1_98' title='bbox 801 1636 939 1706; x_wconf 79' lang='lat' dir='ltr'><strong>Equi</strong></span> <span class='ocrx_word' id='word_1_99' title='bbox 984 1644 1096 1690; x_wconf 80' lang='lat' dir='ltr'><strong>tres</strong></span> <span class='ocrx_word' id='word_1_100' title='bbox 1126 1634 1442 1690; x_wconf 86' lang='lat' dir='ltr'><strong>ceciderunt</strong></span> <span class='ocrx_word' id='word_1_101' title='bbox 1463 1634 1564 1688; x_wconf 87' lang='lat' dir='ltr'><strong>sub</strong></span> <span class='ocrx_word' id='word_1_102' title='bbox 1595 1646 1662 1687; x_wconf 93' lang='lat' dir='ltr'><strong>eo</strong></span> <span class='ocrx_word' id='word_1_103' title='bbox 1690 1630 1951 1688; x_wconf 91' lang='lat' dir='ltr'><strong>confossi.</strong></span> <span class='ocrx_word' id='word_1_104' title='bbox 1984 1627 2092 1683; x_wconf 82' lang='lat' dir='ltr'><strong>Ter</strong></span> 
     </span>
    </p>
   </div>
   <div class='ocr_carea' id='block_1_18' title="bbox 505 1721 2088 1798">
    <p class='ocr_par' dir='ltr' id='par_1_18' title="bbox 505 1721 2088 1798">
     <span class='ocr_line' id='line_1_18' title="bbox 505 1721 2088 1798; baseline -0.006 -14"><span class='ocrx_word' id='word_1_105' title='bbox 505 1729 594 1784; x_wconf 91' lang='lat' dir='ltr'><strong>ille</strong></span> <span class='ocrx_word' id='word_1_106' title='bbox 620 1729 838 1784; x_wconf 87' lang='lat' dir='ltr'><strong>desiluit</strong></span> <span class='ocrx_word' id='word_1_107' title='bbox 865 1728 1187 1798; x_wconf 88' lang='lat' dir='ltr'><strong>intrepidus,</strong></span> <span class='ocrx_word' id='word_1_108' title='bbox 1217 1740 1319 1781; x_wconf 90' lang='lat' dir='ltr'><strong>nec</strong></span> <span class='ocrx_word' id='word_1_109' title='bbox 1352 1725 1442 1780; x_wconf 90' lang='lat' dir='ltr'><strong>diu</strong></span> <span class='ocrx_word' id='word_1_110' title='bbox 1475 1739 1624 1780; x_wconf 87' lang='lat' dir='ltr'><strong>mors</strong></span> <span class='ocrx_word' id='word_1_111' title='bbox 1651 1723 1884 1780; x_wconf 90' lang='lat' dir='ltr'><strong>vectoris</strong></span> <span class='ocrx_word' id='word_1_112' title='bbox 1920 1721 2088 1777; x_wconf 89' lang='lat' dir='ltr'><strong>inulta</strong></span> 
     </span>
    </p>
   </div>
   <div class='ocr_carea' id='block_1_19' title="bbox 2188 535 3770 604">
    <p class='ocr_par' dir='ltr' id='par_1_19' title="bbox 2188 535 3770 604">
     <span class='ocr_line' id='line_1_19' title="bbox 2188 535 3770 604; baseline 0.006 -17"><span class='ocrx_word' id='word_1_113' title='bbox 2188 535 2344 604; x_wconf 90' lang='lat' dir='ltr'><strong>piens</strong></span> <span class='ocrx_word' id='word_1_114' title='bbox 2379 536 2612 590; x_wconf 89' lang='lat' dir='ltr'><strong>animus.</strong></span> <span class='ocrx_word' id='word_1_115' title='bbox 2656 536 2819 592; x_wconf 86' lang='lat' dir='ltr'><strong>Multa</strong></span> <span class='ocrx_word' id='word_1_116' title='bbox 2849 539 3189 596; x_wconf 85' lang='lat' dir='ltr'><strong>silvestribus</strong></span> <span class='ocrx_word' id='word_1_117' title='bbox 3233 541 3284 596; x_wconf 87' lang='lat' dir='ltr'><strong>in</strong></span> <span class='ocrx_word' id='word_1_118' title='bbox 3315 541 3513 598; x_wconf 81' lang='lat' dir='ltr'><strong>abditis</strong></span> <span class='ocrx_word' id='word_1_119' title='bbox 3551 557 3770 598; x_wconf 86' lang='lat' dir='ltr'><strong>reman-</strong></span> 
     </span>
    </p>
   </div>
   <div class='ocr_carea' id='block_1_20' title="bbox 2187 627 3772 708">
    <p class='ocr_par' dir='ltr' id='par_1_20' title="bbox 2187 627 3772 708">
     <span class='ocr_line' id='line_1_20' title="bbox 2187 627 3772 708; baseline 0.007 -28"><span class='ocrx_word' id='word_1_120' title='bbox 2187 634 2374 681; x_wconf 89' lang='lat' dir='ltr'><strong>serunt</strong></span> <span class='ocrx_word' id='word_1_121' title='bbox 2403 627 2692 694; x_wconf 80' lang='lat' dir='ltr'><strong>cadavera,</strong></span> <span class='ocrx_word' id='word_1_122' title='bbox 2742 629 2925 700; x_wconf 86' lang='lat' dir='ltr'><strong>plures</strong></span> <span class='ocrx_word' id='word_1_123' title='bbox 2952 631 3242 688; x_wconf 84' lang='lat' dir='ltr'><strong>obfuerunt</strong></span> <span class='ocrx_word' id='word_1_124' title='bbox 3279 635 3631 706; x_wconf 81' lang='lat' dir='ltr'><strong>sequentibus</strong></span> <span class='ocrx_word' id='word_1_125' title='bbox 3675 652 3772 708; x_wconf 89' lang='lat' dir='ltr'><strong>per</strong></span> 
     </span>
    </p>
   </div>
   <div class='ocr_carea' id='block_1_21' title="bbox 2190 715 3769 797">
    <p class='ocr_par' dir='ltr' id='par_1_21' title="bbox 2190 715 3769 797">
     <span class='ocr_line' id='line_1_21' title="bbox 2190 715 3769 797; baseline 0.008 -29"><span class='ocrx_word' id='word_1_126' title='bbox 2190 715 2387 770; x_wconf 84' lang='lat' dir='ltr'><strong>itinera</strong></span> <span class='ocrx_word' id='word_1_127' title='bbox 2435 715 2680 788; x_wconf 89' lang='lat' dir='ltr'><strong>collapsi.</strong></span> <span class='ocrx_word' id='word_1_128' title='bbox 2744 718 3099 775; x_wconf 77' lang='lat' dir='ltr'><strong>Northmanni</strong></span> <span class='ocrx_word' id='word_1_129' title='bbox 3143 723 3269 779; x_wconf 84' lang='lat' dir='ltr'><strong>licet</strong></span> <span class='ocrx_word' id='word_1_130' title='bbox 3304 725 3476 795; x_wconf 87' lang='lat' dir='ltr'><strong>ignari</strong></span> <span class='ocrx_word' id='word_1_131' title='bbox 3509 726 3769 797; x_wconf 75' lang='lat' dir='ltr'><strong>regionis,</strong></span> 
     </span>
    </p>
   </div>
   <div class='ocr_carea' id='block_1_22' title="bbox 2189 805 3772 886">
    <p class='ocr_par' dir='ltr' id='par_1_22' title="bbox 2189 805 3772 886">
     <span class='ocr_line' id='line_1_22' title="bbox 2189 805 3772 886; baseline 0.006 -26"><span class='ocrx_word' id='word_1_132' title='bbox 2189 805 2350 862; x_wconf 86' lang='lat' dir='ltr'><strong>avide</strong></span> <span class='ocrx_word' id='word_1_133' title='bbox 2413 806 2864 878; x_wconf 89' lang='lat' dir='ltr'><strong>insequebantur,</strong></span> <span class='ocrx_word' id='word_1_134' title='bbox 2919 815 3185 869; x_wconf 65' lang='lat' dir='ltr'><strong>ctedcntes</strong></span> <span class='ocrx_word' id='word_1_135' title='bbox 3230 830 3321 870; x_wconf 89' lang='lat' dir='ltr'><strong>rea</strong></span> <span class='ocrx_word' id='word_1_136' title='bbox 3366 825 3534 886; x_wconf 86' lang='lat' dir='ltr'><strong>terga,</strong></span> <span class='ocrx_word' id='word_1_137' title='bbox 3599 817 3772 884; x_wconf 86' lang='lat' dir='ltr'><strong>impo-</strong></span> 
     </span>
    </p>
   </div>
   <div class='ocr_carea' id='block_1_23' title="bbox 2190 903 3771 982">
    <p class='ocr_par' dir='ltr' id='par_1_23' title="bbox 2190 903 3771 982">
     <span class='ocr_line' id='line_1_23' title="bbox 2190 903 3771 982; baseline 0.009 -30"><span class='ocrx_word' id='word_1_138' title='bbox 2190 908 2384 955; x_wconf 86' lang='lat' dir='ltr'><strong>nentes</strong></span> <span class='ocrx_word' id='word_1_139' title='bbox 2411 915 2629 957; x_wconf 90' lang='lat' dir='ltr'><strong>manum</strong></span> <span class='ocrx_word' id='word_1_140' title='bbox 2667 903 2911 960; x_wconf 86' lang='lat' dir='ltr'><strong>ultimam</strong></span> <span class='ocrx_word' id='word_1_141' title='bbox 2951 908 3187 962; x_wconf 89' lang='lat' dir='ltr'><strong>secundo</strong></span> <span class='ocrx_word' id='word_1_142' title='bbox 3209 909 3443 982; x_wconf 82' lang='lat' dir='ltr'><strong>negotio.</strong></span> <span class='ocrx_word' id='word_1_143' title='bbox 3469 912 3509 964; x_wconf 77' lang='grc' dir='ltr'><strong>Α</strong></span> <span class='ocrx_word' id='word_1_144' title='bbox 3541 911 3771 966; x_wconf 81' lang='lat' dir='ltr'><strong>mortuis</strong></span> 
     </span>
    </p>
   </div>
   <div class='ocr_carea' id='block_1_24' title="bbox 2187 991 3771 1072">
    <p class='ocr_par' dir='ltr' id='par_1_24' title="bbox 2187 991 3771 1072">
     <span class='ocr_line' id='line_1_24' title="bbox 2187 991 3771 1072; baseline 0.008 -27"><span class='ocrx_word' id='word_1_145' title='bbox 2187 991 2348 1046; x_wconf 82' lang='lat' dir='ltr'><strong>etiam</strong></span> <span class='ocrx_word' id='word_1_146' title='bbox 2403 1008 2666 1063; x_wconf 90' lang='lat' dir='ltr'><strong>equorum</strong></span> <span class='ocrx_word' id='word_1_147' title='bbox 2709 996 2923 1068; x_wconf 72' lang='lat' dir='ltr'><strong>ungula:</strong></span> <span class='ocrx_word' id='word_1_148' title='bbox 2971 999 3234 1070; x_wconf 89' lang='lat' dir='ltr'><strong>supplicia</strong></span> <span class='ocrx_word' id='word_1_149' title='bbox 3287 1013 3590 1072; x_wconf 85' lang='lat' dir='ltr'><strong>sumpsere,</strong></span> <span class='ocrx_word' id='word_1_150' title='bbox 3639 1003 3771 1058; x_wconf 87' lang='lat' dir='ltr'><strong>dum</strong></span> 
     </span>
    </p>
   </div>
   <div class='ocr_carea' id='block_1_25' title="bbox 2187 1083 3773 1166">
    <p class='ocr_par' dir='ltr' id='par_1_25' title="bbox 2187 1083 3773 1166">
     <span class='ocr_line' id='line_1_25' title="bbox 2187 1083 3773 1166; baseline 0.007 -28"><span class='ocrx_word' id='word_1_151' title='bbox 2187 1097 2380 1139; x_wconf 82' lang='lat' dir='ltr'><strong>cursus</strong></span> <span class='ocrx_word' id='word_1_152' title='bbox 2410 1083 2566 1139; x_wconf 80' lang='lat' dir='ltr'><strong>fieret</strong></span> <span class='ocrx_word' id='word_1_153' title='bbox 2607 1101 2769 1157; x_wconf 83' lang='lat' dir='ltr'><strong>super</strong></span> <span class='ocrx_word' id='word_1_154' title='bbox 2801 1086 3062 1156; x_wconf 88' lang='lat' dir='ltr'><strong>jaceutes.</strong></span> <span class='ocrx_word' id='word_1_155' title='bbox 3104 1089 3284 1146; x_wconf 83' lang='lat' dir='ltr'><strong>Rediit</strong></span> <span class='ocrx_word' id='word_1_156' title='bbox 3329 1101 3508 1147; x_wconf 89' lang='lat' dir='ltr'><strong>tamen</strong></span> <span class='ocrx_word' id='word_1_157' title='bbox 3562 1093 3773 1166; x_wconf 88' lang='lat' dir='ltr'><strong>fugien-</strong></span> 
     </span>
    </p>
   </div>
   <div class='ocr_carea' id='block_1_26' title="bbox 2191 1176 3772 1244">
    <p class='ocr_par' dir='ltr' id='par_1_26' title="bbox 2191 1176 3772 1244">
     <span class='ocr_line' id='line_1_26' title="bbox 2191 1176 3772 1244; baseline 0.005 -12"><span class='ocrx_word' id='word_1_158' title='bbox 2191 1176 2333 1233; x_wconf 88' lang='lat' dir='ltr'><strong>tibus</strong></span> <span class='ocrx_word' id='word_1_159' title='bbox 2367 1179 2719 1244; x_wconf 84' lang='lat' dir='ltr'><strong>confidentia,</strong></span> <span class='ocrx_word' id='word_1_160' title='bbox 2765 1182 2942 1238; x_wconf 89' lang='lat' dir='ltr'><strong>nactis</strong></span> <span class='ocrx_word' id='word_1_161' title='bbox 2984 1181 3050 1238; x_wconf 89' lang='lat' dir='ltr'><strong>ad</strong></span> <span class='ocrx_word' id='word_1_162' title='bbox 3089 1185 3453 1239; x_wconf 87' lang='lat' dir='ltr'><strong>renovandum</strong></span> <span class='ocrx_word' id='word_1_163' title='bbox 3493 1195 3772 1240; x_wconf 84' lang='lat' dir='ltr'><strong>certamen</strong></span> 
     </span>
    </p>
   </div>
   <div class='ocr_carea' id='block_1_27' title="bbox 2189 1270 3777 1349">
    <p class='ocr_par' dir='ltr' id='par_1_27' title="bbox 2189 1270 3777 1349">
     <span class='ocr_line' id='line_1_27' title="bbox 2189 1270 3777 1349; baseline 0.005 -25"><span class='ocrx_word' id='word_1_164' title='bbox 2189 1270 2481 1326; x_wconf 78' lang='lat' dir='ltr'><strong>maximam</strong></span> <span class='ocrx_word' id='word_1_165' title='bbox 2503 1273 2959 1342; x_wconf 87' lang='lat' dir='ltr'><strong>opportunitatem</strong></span> <span class='ocrx_word' id='word_1_166' title='bbox 2989 1277 3242 1345; x_wconf 68' lang='lat' dir='ltr'><strong>praerupti</strong></span> <span class='ocrx_word' id='word_1_167' title='bbox 3268 1276 3423 1334; x_wconf 87' lang='lat' dir='ltr'><strong>vallis</strong></span> <span class='ocrx_word' id='word_1_168' title='bbox 3440 1287 3496 1332; x_wconf 89' lang='lat' dir='ltr'><strong>et</strong></span> <span class='ocrx_word' id='word_1_169' title='bbox 3519 1277 3777 1349; x_wconf 86' lang='lat' dir='ltr'><strong>frequen-</strong></span> 
     </span>
    </p>
   </div>
   <div class='ocr_carea' id='block_1_28' title="bbox 2191 1359 3776 1439">
    <p class='ocr_par' dir='ltr' id='par_1_28' title="bbox 2191 1359 3776 1439">
     <span class='ocr_line' id='line_1_28' title="bbox 2191 1359 3776 1439; baseline 0.006 -25"><span class='ocrx_word' id='word_1_170' title='bbox 2191 1359 2324 1414; x_wconf 91' lang='lat' dir='ltr'><strong>tium</strong></span> <span class='ocrx_word' id='word_1_171' title='bbox 2356 1360 2649 1416; x_wconf 89' lang='lat' dir='ltr'><strong>fossarum.</strong></span> <span class='ocrx_word' id='word_1_172' title='bbox 2685 1361 2830 1420; x_wconf 87' lang='lat' dir='ltr'><strong>Gens</strong></span> <span class='ocrx_word' id='word_1_173' title='bbox 2858 1366 3104 1435; x_wconf 88' lang='lat' dir='ltr'><strong>equidem</strong></span> <span class='ocrx_word' id='word_1_174' title='bbox 3130 1366 3219 1422; x_wconf 87' lang='lat' dir='ltr'><strong>illa</strong></span> <span class='ocrx_word' id='word_1_175' title='bbox 3249 1376 3445 1422; x_wconf 85' lang='lat' dir='ltr'><strong>natura</strong></span> <span class='ocrx_word' id='word_1_176' title='bbox 3470 1384 3693 1439; x_wconf 89' lang='lat' dir='ltr'><strong>semper</strong></span> <span class='ocrx_word' id='word_1_177' title='bbox 3723 1369 3776 1424; x_wconf 89' lang='lat' dir='ltr'><strong>in</strong></span> 
     </span>
    </p>
   </div>
   <div class='ocr_carea' id='block_1_29' title="bbox 2190 1451 3778 1531">
    <p class='ocr_par' dir='ltr' id='par_1_29' title="bbox 2190 1451 3778 1531">
     <span class='ocr_line' id='line_1_29' title="bbox 2190 1451 3778 1531; baseline 0.006 -25"><span class='ocrx_word' id='word_1_178' title='bbox 2190 1451 2394 1507; x_wconf 90' lang='lat' dir='ltr'><strong>ferrum</strong></span> <span class='ocrx_word' id='word_1_179' title='bbox 2427 1464 2674 1524; x_wconf 87' lang='lat' dir='ltr'><strong>prompta</strong></span> <span class='ocrx_word' id='word_1_180' title='bbox 2713 1454 2834 1523; x_wconf 84' lang='lat' dir='ltr'><strong>fuit,</strong></span> <span class='ocrx_word' id='word_1_181' title='bbox 2877 1457 3214 1515; x_wconf 88' lang='lat' dir='ltr'><strong>descendens</strong></span> <span class='ocrx_word' id='word_1_182' title='bbox 3244 1460 3312 1515; x_wconf 89' lang='lat' dir='ltr'><strong>ab</strong></span> <span class='ocrx_word' id='word_1_183' title='bbox 3343 1461 3569 1531; x_wconf 90' lang='lat' dir='ltr'><strong>antiqua</strong></span> <span class='ocrx_word' id='word_1_184' title='bbox 3596 1461 3778 1516; x_wconf 78' lang='lat' dir='ltr'><strong>Saxo-</strong></span> 
     </span>
    </p>
   </div>
   <div class='ocr_carea' id='block_1_30' title="bbox 2190 1545 3782 1623">
    <p class='ocr_par' dir='ltr' id='par_1_30' title="bbox 2190 1545 3782 1623">
     <span class='ocr_line' id='line_1_30' title="bbox 2190 1545 3782 1623; baseline 0.006 -25"><span class='ocrx_word' id='word_1_185' title='bbox 2190 1559 2318 1598; x_wconf 89' lang='lat' dir='ltr'><strong>num</strong></span> <span class='ocrx_word' id='word_1_186' title='bbox 2366 1545 2598 1616; x_wconf 79' lang='lat' dir='ltr'><strong>origine,</strong></span> <span class='ocrx_word' id='word_1_187' title='bbox 2656 1545 3119 1606; x_wconf 84' lang='lat' dir='ltr'><strong>l&#39;erocissimorum</strong></span> <span class='ocrx_word' id='word_1_188' title='bbox 3173 1551 3469 1607; x_wconf 88' lang='lat' dir='ltr'><strong>hominum.</strong></span> <span class='ocrx_word' id='word_1_189' title='bbox 3526 1552 3782 1623; x_wconf 74' lang='lat' dir='ltr'><strong>Propulsi</strong></span> 
     </span>
    </p>
   </div>
   <div class='ocr_carea' id='block_1_31' title="bbox 2192 1633 3782 1713">
    <p class='ocr_par' dir='ltr' id='par_1_31' title="bbox 2192 1633 3782 1713">
     <span class='ocr_line' id='line_1_31' title="bbox 2192 1633 3782 1713; baseline 0.006 -26"><span class='ocrx_word' id='word_1_190' title='bbox 2192 1648 2297 1688; x_wconf 91' lang='lat' dir='ltr'><strong>non</strong></span> <span class='ocrx_word' id='word_1_191' title='bbox 2354 1633 2602 1702; x_wconf 87' lang='lat' dir='ltr'><strong>fuissent,</strong></span> <span class='ocrx_word' id='word_1_192' title='bbox 2655 1637 2760 1694; x_wconf 90' lang='lat' dir='ltr'><strong>nisi</strong></span> <span class='ocrx_word' id='word_1_193' title='bbox 2811 1638 3103 1696; x_wconf 77' lang='lat' dir='ltr'><strong>fortissima</strong></span> <span class='ocrx_word' id='word_1_194' title='bbox 3163 1641 3212 1696; x_wconf 90' lang='lat' dir='ltr'><strong>vi</strong></span> <span class='ocrx_word' id='word_1_195' title='bbox 3267 1651 3516 1713; x_wconf 80' lang='lat' dir='ltr'><strong>urgente.</strong></span> <span class='ocrx_word' id='word_1_196' title='bbox 3575 1641 3782 1712; x_wconf 77' lang='lat' dir='ltr'><strong>Regem</strong></span> 
     </span>
    </p>
   </div>
   <div class='ocr_carea' id='block_1_32' title="bbox 2195 1723 3777 1801">
    <p class='ocr_par' dir='ltr' id='par_1_32' title="bbox 2195 1723 3777 1801">
     <span class='ocr_line' id='line_1_32' title="bbox 2195 1723 3777 1801; baseline 0.008 -23"><span class='ocrx_word' id='word_1_197' title='bbox 2195 1723 2541 1793; x_wconf 83' lang='lat' dir='ltr'><strong>Noricorum,</strong></span> <span class='ocrx_word' id='word_1_198' title='bbox 2591 1743 2788 1801; x_wconf 88' lang='lat' dir='ltr'><strong>magno</strong></span> <span class='ocrx_word' id='word_1_199' title='bbox 2837 1731 3078 1787; x_wconf 81' lang='lat' dir='ltr'><strong>exercitu</strong></span> <span class='ocrx_word' id='word_1_200' title='bbox 3127 1730 3324 1788; x_wconf 89' lang='lat' dir='ltr'><strong>fretum</strong></span> <span class='ocrx_word' id='word_1_201' title='bbox 3367 1743 3424 1788; x_wconf 91' lang='lat' dir='ltr'><strong>et</strong></span> <span class='ocrx_word' id='word_1_202' title='bbox 3489 1732 3777 1798; x_wconf 84' lang='lat' dir='ltr'><strong>bellicoso,</strong></span> 
     </span>
    </p>
   </div>
   <div class='ocr_carea' id='block_1_33' title="bbox 503 1807 3036 1890">
    <p class='ocr_par' dir='ltr' id='par_1_33' title="bbox 503 1807 3036 1890">
     <span class='ocr_line' id='line_1_33' title="bbox 503 1807 3036 1890; baseline -0 -14"><span class='ocrx_word' id='word_1_203' title='bbox 503 1824 788 1877; x_wconf 87' lang='lat' dir='ltr'><strong>remansit.</strong></span> <span class='ocrx_word' id='word_1_204' title='bbox 818 1821 916 1876; x_wconf 83' lang='lat' dir='ltr'><strong>Hic</strong></span> <span class='ocrx_word' id='word_1_205' title='bbox 963 1820 1226 1876; x_wconf 80' lang='lat' dir='ltr'><strong>velocitas</strong></span> <span class='ocrx_word' id='word_1_206' title='bbox 1253 1819 1391 1890; x_wconf 84' lang='lat' dir='ltr'><strong>ejus,</strong></span> <span class='ocrx_word' id='word_1_207' title='bbox 1439 1818 1528 1874; x_wconf 93' lang='lat' dir='ltr'><strong>hic</strong></span> <span class='ocrx_word' id='word_1_208' title='bbox 1573 1817 1740 1873; x_wconf 85' lang='lat' dir='ltr'><strong>robur</strong></span> <span class='ocrx_word' id='word_1_209' title='bbox 1768 1815 1885 1886; x_wconf 87' lang='lat' dir='ltr'><strong>ejus</strong></span> <span class='ocrx_word' id='word_1_210' title='bbox 1915 1816 2084 1872; x_wconf 90' lang='lat' dir='ltr'><strong>videri</strong></span> <span class='ocrx_word' id='word_1_211' title='bbox 2119 1807 2164 1867; x_wconf 86' lang='grc' dir='ltr'><strong>Β</strong></span> <span class='ocrx_word' id='word_1_212' title='bbox 2191 1828 2353 1884; x_wconf 91' lang='lat' dir='ltr'><strong>quam</strong></span> <span class='ocrx_word' id='word_1_213' title='bbox 2384 1813 2545 1870; x_wconf 86' lang='lat' dir='ltr'><strong>facile</strong></span> <span class='ocrx_word' id='word_1_214' title='bbox 2572 1831 2746 1887; x_wconf 90' lang='lat' dir='ltr'><strong>nuper</strong></span> <span class='ocrx_word' id='word_1_215' title='bbox 2773 1819 3036 1875; x_wconf 87' lang='lat' dir='ltr'><strong>vicerunt.</strong></span> 
     </span>
    </p>
   </div>
   <div class='ocr_carea' id='block_1_34' title="bbox 495 1913 2087 1986">
    <p class='ocr_par' dir='ltr' id='par_1_34' title="bbox 495 1913 2087 1986">
     <span class='ocr_line' id='line_1_34' title="bbox 495 1913 2087 1986; baseline 0 -17"><span class='ocrx_word' id='word_1_216' title='bbox 495 1917 678 1986; x_wconf 89' lang='lat' dir='ltr'><strong>potuit</strong></span> <span class='ocrx_word' id='word_1_217' title='bbox 699 1915 947 1986; x_wconf 83' lang='lat' dir='ltr'><strong>corporis</strong></span> <span class='ocrx_word' id='word_1_218' title='bbox 969 1925 1025 1970; x_wconf 89' lang='lat' dir='ltr'><strong>et</strong></span> <span class='ocrx_word' id='word_1_219' title='bbox 1047 1915 1237 1969; x_wconf 89' lang='lat' dir='ltr'><strong>animi.</strong></span> <span class='ocrx_word' id='word_1_220' title='bbox 1267 1914 1456 1980; x_wconf 87' lang='lat' dir='ltr'><strong>Scuta,</strong></span> <span class='ocrx_word' id='word_1_221' title='bbox 1478 1913 1918 1984; x_wconf 82' lang='lat' dir='ltr'><strong>galeas,loricas,</strong></span> <span class='ocrx_word' id='word_1_222' title='bbox 1948 1913 2087 1969; x_wconf 87' lang='lat' dir='ltr'><strong>irato</strong></span> 
     </span>
    </p>
   </div>
   <div class='ocr_carea' id='block_1_35' title="bbox 497 2005 2086 2077">
    <p class='ocr_par' dir='ltr' id='par_1_35' title="bbox 497 2005 2086 2077">
     <span class='ocr_line' id='line_1_35' title="bbox 497 2005 2086 2077; baseline 0 -15"><span class='ocrx_word' id='word_1_223' title='bbox 497 2023 757 2062; x_wconf 69' lang='lat' dir='ltr'><strong>mucrone</strong></span> <span class='ocrx_word' id='word_1_224' title='bbox 783 2015 839 2061; x_wconf 89' lang='lat' dir='ltr'><strong>et</strong></span> <span class='ocrx_word' id='word_1_225' title='bbox 886 2021 1094 2062; x_wconf 89' lang='lat' dir='ltr'><strong>moram</strong></span> <span class='ocrx_word' id='word_1_226' title='bbox 1146 2006 1472 2077; x_wconf 79' lang='lat' dir='ltr'><strong>dedignante</strong></span> <span class='ocrx_word' id='word_1_227' title='bbox 1509 2007 1846 2076; x_wconf 85' lang='lat' dir='ltr'><strong>penetravit;</strong></span> <span class='ocrx_word' id='word_1_228' title='bbox 1897 2005 2086 2077; x_wconf 75' lang='lat' dir='ltr'><strong>clypeo</strong></span> 
     </span>
    </p>
   </div>
   <div class='ocr_carea' id='block_1_36' title="bbox 496 2094 2084 2167">
    <p class='ocr_par' dir='ltr' id='par_1_36' title="bbox 496 2094 2084 2167">
     <span class='ocr_line' id='line_1_36' title="bbox 496 2094 2084 2167; baseline 0 -17"><span class='ocrx_word' id='word_1_229' title='bbox 496 2110 598 2150; x_wconf 81' lang='lat' dir='ltr'><strong>suo</strong></span> <span class='ocrx_word' id='word_1_230' title='bbox 647 2095 940 2151; x_wconf 90' lang='lat' dir='ltr'><strong>nonnullos</strong></span> <span class='ocrx_word' id='word_1_231' title='bbox 990 2094 1209 2149; x_wconf 88' lang='lat' dir='ltr'><strong>collisit.</strong></span> <span class='ocrx_word' id='word_1_232' title='bbox 1247 2095 1505 2151; x_wconf 82' lang='lat' dir='ltr'><strong>Mirantes</strong></span> <span class='ocrx_word' id='word_1_233' title='bbox 1544 2108 1668 2150; x_wconf 89' lang='lat' dir='ltr'><strong>eum</strong></span> <span class='ocrx_word' id='word_1_234' title='bbox 1724 2095 1957 2167; x_wconf 88' lang='lat' dir='ltr'><strong>peditem</strong></span> <span class='ocrx_word' id='word_1_235' title='bbox 2003 2097 2084 2150; x_wconf 82' lang='lat' dir='ltr'><strong>sui</strong></span> 
     </span>
    </p>
   </div>
   <div class='ocr_carea' id='block_1_37' title="bbox 498 2186 2088 2258">
    <p class='ocr_par' dir='ltr' id='par_1_37' title="bbox 498 2186 2088 2258">
     <span class='ocr_line' id='line_1_37' title="bbox 498 2186 2088 2258; baseline 0.001 -17"><span class='ocrx_word' id='word_1_236' title='bbox 498 2187 724 2249; x_wconf 86' lang='lat' dir='ltr'><strong>milites,</strong></span> <span class='ocrx_word' id='word_1_237' title='bbox 775 2187 1019 2258; x_wconf 85' lang='lat' dir='ltr'><strong>plerique</strong></span> <span class='ocrx_word' id='word_1_238' title='bbox 1063 2186 1296 2241; x_wconf 82' lang='lat' dir='ltr'><strong>confecti</strong></span> <span class='ocrx_word' id='word_1_239' title='bbox 1345 2187 1691 2254; x_wconf 88' lang='lat' dir='ltr'><strong>vulneribus,</strong></span> <span class='ocrx_word' id='word_1_240' title='bbox 1748 2186 1912 2242; x_wconf 85' lang='lat' dir='ltr'><strong>corde</strong></span> <span class='ocrx_word' id='word_1_241' title='bbox 1962 2197 2088 2243; x_wconf 91' lang='lat' dir='ltr'><strong>sunt</strong></span> 
     </span>
    </p>
   </div>
   <div class='ocr_carea' id='block_1_38' title="bbox 502 2277 2086 2349">
    <p class='ocr_par' dir='ltr' id='par_1_38' title="bbox 502 2277 2086 2349">
     <span class='ocr_line' id='line_1_38' title="bbox 502 2277 2086 2349; baseline 0.001 -17"><span class='ocrx_word' id='word_1_242' title='bbox 502 2279 879 2349; x_wconf 80' lang='lat' dir='ltr'><strong>redintegrati.</strong></span> <span class='ocrx_word' id='word_1_243' title='bbox 913 2277 981 2332; x_wconf 78' lang='lat' dir='ltr'><strong>Et</strong></span> <span class='ocrx_word' id='word_1_244' title='bbox 1005 2277 1270 2342; x_wconf 89' lang='lat' dir='ltr'><strong>nonnulli,</strong></span> <span class='ocrx_word' id='word_1_245' title='bbox 1295 2277 1565 2348; x_wconf 71' lang='lat' dir='ltr'><strong>qIIonam</strong></span> <span class='ocrx_word' id='word_1_246' title='bbox 1607 2279 1828 2347; x_wconf 77' lang='lat' dir='ltr'><strong>sanguis</strong></span> <span class='ocrx_word' id='word_1_247' title='bbox 1849 2294 1914 2334; x_wconf 89' lang='lat' dir='ltr'><strong>ac</strong></span> <span class='ocrx_word' id='word_1_248' title='bbox 1942 2279 2086 2335; x_wconf 90' lang='lat' dir='ltr'><strong>vircs</strong></span> 
     </span>
    </p>
   </div>
   <div class='ocr_carea' id='block_1_39' title="bbox 499 2369 2086 2441">
    <p class='ocr_par' dir='ltr' id='par_1_39' title="bbox 499 2369 2086 2441">
     <span class='ocr_line' id='line_1_39' title="bbox 499 2369 2086 2441; baseline 0.001 -18"><span class='ocrx_word' id='word_1_249' title='bbox 499 2369 781 2435; x_wconf 78' lang='lat' dir='ltr'><strong>deficiunt,</strong></span> <span class='ocrx_word' id='word_1_250' title='bbox 829 2370 1001 2425; x_wconf 89' lang='lat' dir='ltr'><strong>scutis</strong></span> <span class='ocrx_word' id='word_1_251' title='bbox 1047 2369 1221 2424; x_wconf 78' lang='lat' dir='ltr'><strong>innixi</strong></span> <span class='ocrx_word' id='word_1_252' title='bbox 1270 2370 1502 2426; x_wconf 84' lang='lat' dir='ltr'><strong>viriliter</strong></span> <span class='ocrx_word' id='word_1_253' title='bbox 1543 2369 1874 2440; x_wconf 84' lang='lat' dir='ltr'><strong>depugnant,</strong></span> <span class='ocrx_word' id='word_1_254' title='bbox 1919 2371 2086 2441; x_wconf 87' lang='lat' dir='ltr'><strong>aliqui</strong></span> 
     </span>
    </p>
   </div>
   <div class='ocr_carea' id='block_1_40' title="bbox 501 2460 2087 2527">
    <p class='ocr_par' dir='ltr' id='par_1_40' title="bbox 501 2460 2087 2527">
     <span class='ocr_line' id='line_1_40' title="bbox 501 2460 2087 2527; baseline 0.002 -14"><span class='ocrx_word' id='word_1_255' title='bbox 501 2475 638 2516; x_wconf 89' lang='lat' dir='ltr'><strong>voce</strong></span> <span class='ocrx_word' id='word_1_256' title='bbox 670 2472 725 2516; x_wconf 89' lang='lat' dir='ltr'><strong>et</strong></span> <span class='ocrx_word' id='word_1_257' title='bbox 757 2462 1002 2527; x_wconf 89' lang='lat' dir='ltr'><strong>nutibus,</strong></span> <span class='ocrx_word' id='word_1_258' title='bbox 1036 2477 1159 2517; x_wconf 91' lang='lat' dir='ltr'><strong>cum</strong></span> <span class='ocrx_word' id='word_1_259' title='bbox 1184 2460 1328 2516; x_wconf 89' lang='lat' dir='ltr'><strong>aliud</strong></span> <span class='ocrx_word' id='word_1_260' title='bbox 1359 2477 1464 2516; x_wconf 89' lang='lat' dir='ltr'><strong>non</strong></span> <span class='ocrx_word' id='word_1_261' title='bbox 1489 2461 1688 2526; x_wconf 84' lang='lat' dir='ltr'><strong>valent,</strong></span> <span class='ocrx_word' id='word_1_262' title='bbox 1720 2461 1899 2517; x_wconf 90' lang='lat' dir='ltr'><strong>socios</strong></span> <span class='ocrx_word' id='word_1_263' title='bbox 1928 2461 2087 2516; x_wconf 85' lang='lat' dir='ltr'><strong>insti-</strong></span> 
     </span>
    </p>
   </div>
   <div class='ocr_carea' id='block_1_41' title="bbox 497 2553 2092 2625">
    <p class='ocr_par' dir='ltr' id='par_1_41' title="bbox 497 2553 2092 2625">
     <span class='ocr_line' id='line_1_41' title="bbox 497 2553 2092 2625; baseline -0.001 -18"><span class='ocrx_word' id='word_1_264' title='bbox 497 2562 649 2625; x_wconf 86' lang='lat' dir='ltr'><strong>gant,</strong></span> <span class='ocrx_word' id='word_1_265' title='bbox 677 2570 744 2609; x_wconf 91' lang='lat' dir='ltr'><strong>ne</strong></span> <span class='ocrx_word' id='word_1_266' title='bbox 770 2554 956 2609; x_wconf 90' lang='lat' dir='ltr'><strong>timide</strong></span> <span class='ocrx_word' id='word_1_267' title='bbox 978 2557 1168 2609; x_wconf 90' lang='lat' dir='ltr'><strong>ducem</strong></span> <span class='ocrx_word' id='word_1_268' title='bbox 1191 2562 1508 2624; x_wconf 85' lang='lat' dir='ltr'><strong>sequantur,</strong></span> <span class='ocrx_word' id='word_1_269' title='bbox 1527 2569 1595 2608; x_wconf 92' lang='lat' dir='ltr'><strong>ue</strong></span> <span class='ocrx_word' id='word_1_270' title='bbox 1616 2553 1900 2608; x_wconf 85' lang='lat' dir='ltr'><strong>victoriam</strong></span> <span class='ocrx_word' id='word_1_271' title='bbox 1916 2569 1948 2608; x_wconf 93' lang='lat' dir='ltr'><strong>e</strong></span> <span class='ocrx_word' id='word_1_272' title='bbox 1977 2568 2092 2607; x_wconf 88' lang='lat' dir='ltr'><strong>ma-</strong></span> 
     </span>
    </p>
   </div>
   <div class='ocr_carea' id='block_1_42' title="bbox 501 2641 2088 2715">
    <p class='ocr_par' dir='ltr' id='par_1_42' title="bbox 501 2641 2088 2715">
     <span class='ocr_line' id='line_1_42' title="bbox 501 2641 2088 2715; baseline 0.001 -19"><span class='ocrx_word' id='word_1_273' title='bbox 501 2645 661 2700; x_wconf 87' lang='lat' dir='ltr'><strong>nibus</strong></span> <span class='ocrx_word' id='word_1_274' title='bbox 703 2645 1000 2700; x_wconf 86' lang='lat' dir='ltr'><strong>dimittant.</strong></span> <span class='ocrx_word' id='word_1_275' title='bbox 1051 2645 1272 2700; x_wconf 78' lang='lat' dir='ltr'><strong>Auxilio</strong></span> <span class='ocrx_word' id='word_1_276' title='bbox 1317 2645 1434 2715; x_wconf 87' lang='lat' dir='ltr'><strong>ipse</strong></span> <span class='ocrx_word' id='word_1_277' title='bbox 1483 2641 1668 2699; x_wconf 88' lang='lat' dir='ltr'><strong>multis</strong></span> <span class='ocrx_word' id='word_1_278' title='bbox 1719 2653 1884 2713; x_wconf 88' lang='lat' dir='ltr'><strong>atque</strong></span> <span class='ocrx_word' id='word_1_279' title='bbox 1929 2642 2088 2698; x_wconf 85' lang='lat' dir='ltr'><strong>saluti</strong></span> 
     </span>
    </p>
   </div>
   <div class='ocr_carea' id='block_1_43' title="bbox 497 2733 619 2791">
    <p class='ocr_par' dir='ltr' id='par_1_43' title="bbox 497 2733 619 2791">
     <span class='ocr_line' id='line_1_43' title="bbox 497 2733 619 2791; baseline 0.025 -3"><span class='ocrx_word' id='word_1_280' title='bbox 497 2733 619 2791; x_wconf 88' lang='lat' dir='ltr'><strong>fuit.</strong></span> 
     </span>
    </p>
   </div>
   <div class='ocr_carea' id='block_1_44' title="bbox 568 2828 2089 2900">
    <p class='ocr_par' dir='ltr' id='par_1_44' title="bbox 568 2828 2089 2900">
     <span class='ocr_line' id='line_1_44' title="bbox 568 2828 2089 2900; baseline 0 -15"><span class='ocrx_word' id='word_1_281' title='bbox 568 2831 708 2886; x_wconf 89' lang='lat' dir='ltr'><strong>Cum</strong></span> <span class='ocrx_word' id='word_1_282' title='bbox 760 2831 993 2886; x_wconf 83' lang='lat' dir='ltr'><strong>Heraldo</strong></span> <span class='ocrx_word' id='word_1_283' title='bbox 1026 2831 1142 2896; x_wconf 88' lang='lat' dir='ltr'><strong>tali,</strong></span> <span class='ocrx_word' id='word_1_284' title='bbox 1188 2829 1404 2900; x_wconf 90' lang='lat' dir='ltr'><strong>qualem</strong></span> <span class='ocrx_word' id='word_1_285' title='bbox 1435 2838 1684 2899; x_wconf 88' lang='lat' dir='ltr'><strong>poemata</strong></span> <span class='ocrx_word' id='word_1_286' title='bbox 1725 2829 1906 2884; x_wconf 91' lang='lat' dir='ltr'><strong>dicunt</strong></span> <span class='ocrx_word' id='word_1_287' title='bbox 1949 2828 2089 2885; x_wconf 87' lang='lat' dir='ltr'><strong>Hec-</strong></span> 
     </span>
    </p>
   </div>
   <div class='ocr_carea' id='block_1_45' title="bbox 500 2921 2090 2988">
    <p class='ocr_par' dir='ltr' id='par_1_45' title="bbox 500 2921 2090 2988">
     <span class='ocr_line' id='line_1_45' title="bbox 500 2921 2090 2988; baseline -0.001 -10"><span class='ocrx_word' id='word_1_288' title='bbox 500 2931 679 2978; x_wconf 79' lang='lat' dir='ltr'><strong>torem</strong></span> <span class='ocrx_word' id='word_1_289' title='bbox 725 2924 812 2977; x_wconf 87' lang='lat' dir='ltr'><strong>vel</strong></span> <span class='ocrx_word' id='word_1_290' title='bbox 840 2923 1108 2988; x_wconf 87' lang='lat' dir='ltr'><strong>Turnum,</strong></span> <span class='ocrx_word' id='word_1_291' title='bbox 1156 2939 1262 2977; x_wconf 93' lang='lat' dir='ltr'><strong>non</strong></span> <span class='ocrx_word' id='word_1_292' title='bbox 1307 2922 1486 2976; x_wconf 88' lang='lat' dir='ltr'><strong>minus</strong></span> <span class='ocrx_word' id='word_1_293' title='bbox 1534 2921 1758 2976; x_wconf 88' lang='lat' dir='ltr'><strong>auderet</strong></span> <span class='ocrx_word' id='word_1_294' title='bbox 1785 2921 2090 2977; x_wconf 87' lang='lat' dir='ltr'><strong>Willclmus</strong></span> 
     </span>
    </p>
   </div>
   <div class='ocr_carea' id='block_1_46' title="bbox 499 3011 2088 3086">
    <p class='ocr_par' dir='ltr' id='par_1_46' title="bbox 499 3011 2088 3086">
     <span class='ocr_line' id='line_1_46' title="bbox 499 3011 2088 3086; baseline -0.003 -16"><span class='ocrx_word' id='word_1_295' title='bbox 499 3015 761 3085; x_wconf 78' lang='lat' dir='ltr'><strong>congredi</strong></span> <span class='ocrx_word' id='word_1_296' title='bbox 812 3013 1072 3086; x_wconf 82' lang='lat' dir='ltr'><strong>singulari</strong></span> <span class='ocrx_word' id='word_1_297' title='bbox 1123 3013 1442 3076; x_wconf 83' lang='lat' dir='ltr'><strong>certamine,</strong></span> <span class='ocrx_word' id='word_1_298' title='bbox 1489 3027 1651 3082; x_wconf 90' lang='lat' dir='ltr'><strong>quam</strong></span> <span class='ocrx_word' id='word_1_299' title='bbox 1691 3011 1926 3067; x_wconf 86' lang='lat' dir='ltr'><strong>Achilles</strong></span> <span class='ocrx_word' id='word_1_300' title='bbox 1965 3027 2088 3066; x_wconf 91' lang='lat' dir='ltr'><strong>cum</strong></span> 
     </span>
    </p>
   </div>
   <div class='ocr_carea' id='block_1_47' title="bbox 500 3104 2088 3176">
    <p class='ocr_par' dir='ltr' id='par_1_47' title="bbox 500 3104 2088 3176">
     <span class='ocr_line' id='line_1_47' title="bbox 500 3104 2088 3176; baseline 0 -17"><span class='ocrx_word' id='word_1_301' title='bbox 500 3105 756 3171; x_wconf 80' lang='lat' dir='ltr'><strong>Hectore,</strong></span> <span class='ocrx_word' id='word_1_302' title='bbox 791 3105 872 3161; x_wconf 89' lang='lat' dir='ltr'><strong>vel</strong></span> <span class='ocrx_word' id='word_1_303' title='bbox 911 3105 1116 3160; x_wconf 58' lang='lat' dir='ltr'><strong>IEneas</strong></span> <span class='ocrx_word' id='word_1_304' title='bbox 1141 3121 1264 3160; x_wconf 91' lang='lat' dir='ltr'><strong>cum</strong></span> <span class='ocrx_word' id='word_1_305' title='bbox 1306 3104 1512 3160; x_wconf 84' lang='lat' dir='ltr'><strong>Turno.</strong></span> <span class='ocrx_word' id='word_1_306' title='bbox 1545 3104 1761 3176; x_wconf 81' lang='lat' dir='ltr'><strong>Tydeus</strong></span> <span class='ocrx_word' id='word_1_307' title='bbox 1803 3104 2088 3159; x_wconf 89' lang='lat' dir='ltr'><strong>adversum</strong></span> 
     </span>
    </p>
   </div>
   <div class='ocr_carea' id='block_1_48' title="bbox 499 3195 2094 3268">
    <p class='ocr_par' dir='ltr' id='par_1_48' title="bbox 499 3195 2094 3268">
     <span class='ocr_line' id='line_1_48' title="bbox 499 3195 2094 3268; baseline -0.001 -16"><span class='ocrx_word' id='word_1_308' title='bbox 499 3199 786 3254; x_wconf 86' lang='lat' dir='ltr'><strong>insidiatos</strong></span> <span class='ocrx_word' id='word_1_309' title='bbox 829 3198 1223 3268; x_wconf 81' lang='lat' dir='ltr'><strong>quinquaginta</strong></span> <span class='ocrx_word' id='word_1_310' title='bbox 1251 3198 1402 3268; x_wconf 89' lang='lat' dir='ltr'><strong>rupis</strong></span> <span class='ocrx_word' id='word_1_311' title='bbox 1441 3196 1638 3267; x_wconf 89' lang='lat' dir='ltr'><strong>petivit</strong></span> <span class='ocrx_word' id='word_1_312' title='bbox 1667 3210 1850 3266; x_wconf 86' lang='lat' dir='ltr'><strong>Opem,</strong></span> <span class='ocrx_word' id='word_1_313' title='bbox 1883 3195 2094 3252; x_wconf 84' lang='lat' dir='ltr'><strong>Willel-</strong></span> 
     </span>
    </p>
   </div>
   <div class='ocr_carea' id='block_1_49' title="bbox 499 3287 2095 3358">
    <p class='ocr_par' dir='ltr' id='par_1_49' title="bbox 499 3287 2095 3358">
     <span class='ocr_line' id='line_1_49' title="bbox 499 3287 2095 3358; baseline -0.001 -15"><span class='ocrx_word' id='word_1_314' title='bbox 499 3304 622 3344; x_wconf 88' lang='lat' dir='ltr'><strong>mus</strong></span> <span class='ocrx_word' id='word_1_315' title='bbox 667 3305 788 3358; x_wconf 89' lang='lat' dir='ltr'><strong>par,</strong></span> <span class='ocrx_word' id='word_1_316' title='bbox 821 3289 960 3344; x_wconf 89' lang='lat' dir='ltr'><strong>haud</strong></span> <span class='ocrx_word' id='word_1_317' title='bbox 1017 3287 1246 3343; x_wconf 90' lang='lat' dir='ltr'><strong>inferior</strong></span> <span class='ocrx_word' id='word_1_318' title='bbox 1296 3287 1437 3352; x_wconf 87' lang='lat' dir='ltr'><strong>loco,</strong></span> <span class='ocrx_word' id='word_1_319' title='bbox 1491 3287 1642 3343; x_wconf 86' lang='lat' dir='ltr'><strong>solus</strong></span> <span class='ocrx_word' id='word_1_320' title='bbox 1692 3303 1798 3342; x_wconf 90' lang='lat' dir='ltr'><strong>non</strong></span> <span class='ocrx_word' id='word_1_321' title='bbox 1843 3288 2095 3342; x_wconf 79' lang='lat' dir='ltr'><strong>extimuit</strong></span> 
     </span>
    </p>
   </div>
   <div class='ocr_carea' id='block_1_50' title="bbox 501 3379 2094 3452">
    <p class='ocr_par' dir='ltr' id='par_1_50' title="bbox 501 3379 2094 3452">
     <span class='ocr_line' id='line_1_50' title="bbox 501 3379 2094 3452; baseline 0 -17"><span class='ocrx_word' id='word_1_322' title='bbox 501 3381 676 3440; x_wconf 79' lang='lat' dir='ltr'><strong>mille.</strong></span> <span class='ocrx_word' id='word_1_323' title='bbox 724 3381 972 3452; x_wconf 86' lang='lat' dir='ltr'><strong>Scriptor</strong></span> <span class='ocrx_word' id='word_1_324' title='bbox 1001 3381 1309 3438; x_wconf 85' lang='lat' dir='ltr'><strong>Thebaidos</strong></span> <span class='ocrx_word' id='word_1_325' title='bbox 1355 3380 1435 3436; x_wconf 87' lang='lat' dir='ltr'><strong>vel</strong></span> <span class='ocrx_word' id='word_1_326' title='bbox 1463 3379 1750 3446; x_wconf 65' lang='lat' dir='ltr'><strong>IEueidos,</strong></span> <span class='ocrx_word' id='word_1_327' title='bbox 1801 3381 1892 3451; x_wconf 85' lang='lat' dir='ltr'><strong>qui</strong></span> <span class='ocrx_word' id='word_1_328' title='bbox 1941 3379 2094 3436; x_wconf 84' lang='lat' dir='ltr'><strong>libris</strong></span> 
     </span>
    </p>
   </div>
   <div class='ocr_carea' id='block_1_51' title="bbox 499 3472 2093 3544">
    <p class='ocr_par' dir='ltr' id='par_1_51' title="bbox 499 3472 2093 3544">
     <span class='ocr_line' id='line_1_51' title="bbox 499 3472 2093 3544; baseline 0.001 -17"><span class='ocrx_word' id='word_1_329' title='bbox 499 3474 555 3527; x_wconf 90' lang='lat' dir='ltr'><strong>in</strong></span> <span class='ocrx_word' id='word_1_330' title='bbox 593 3473 725 3543; x_wconf 86' lang='lat' dir='ltr'><strong>ipsis</strong></span> <span class='ocrx_word' id='word_1_331' title='bbox 753 3476 966 3543; x_wconf 74' lang='lat' dir='ltr'><strong>pactica</strong></span> <span class='ocrx_word' id='word_1_332' title='bbox 1002 3476 1120 3544; x_wconf 85' lang='lat' dir='ltr'><strong>lege</strong></span> <span class='ocrx_word' id='word_1_333' title='bbox 1149 3477 1216 3529; x_wconf 78' lang='lat' dir='ltr'><strong>(te</strong></span> <span class='ocrx_word' id='word_1_334' title='bbox 1251 3474 1464 3543; x_wconf 79' lang='lat' dir='ltr'><strong>magnis</strong></span> <span class='ocrx_word' id='word_1_335' title='bbox 1495 3472 1700 3541; x_wconf 89' lang='lat' dir='ltr'><strong>majora</strong></span> <span class='ocrx_word' id='word_1_336' title='bbox 1746 3481 1974 3538; x_wconf 89' lang='lat' dir='ltr'><strong>canunt,</strong></span> <span class='ocrx_word' id='word_1_337' title='bbox 2025 3489 2093 3529; x_wconf 75' lang='lat' dir='ltr'><strong>ex</strong></span> 
     </span>
    </p>
   </div>
   <div class='ocr_carea' id='block_1_52' title="bbox 499 3563 2092 3635">
    <p class='ocr_par' dir='ltr' id='par_1_52' title="bbox 499 3563 2092 3635">
     <span class='ocr_line' id='line_1_52' title="bbox 499 3563 2092 3635; baseline 0.001 -18"><span class='ocrx_word' id='word_1_338' title='bbox 499 3563 712 3618; x_wconf 86' lang='lat' dir='ltr'><strong>actibus</strong></span> <span class='ocrx_word' id='word_1_339' title='bbox 741 3563 902 3632; x_wconf 87' lang='lat' dir='ltr'><strong>hujus</strong></span> <span class='ocrx_word' id='word_1_340' title='bbox 925 3564 1025 3618; x_wconf 91' lang='lat' dir='ltr'><strong>viri</strong></span> <span class='ocrx_word' id='word_1_341' title='bbox 1055 3580 1209 3634; x_wconf 87' lang='lat' dir='ltr'><strong>aeque</strong></span> <span class='ocrx_word' id='word_1_342' title='bbox 1248 3579 1527 3634; x_wconf 83' lang='lat' dir='ltr'><strong>magnum,</strong></span> <span class='ocrx_word' id='word_1_343' title='bbox 1560 3563 1680 3634; x_wconf 85' lang='lat' dir='ltr'><strong>plus</strong></span> <span class='ocrx_word' id='word_1_344' title='bbox 1707 3565 1929 3635; x_wconf 85' lang='lat' dir='ltr'><strong>dignum</strong></span> <span class='ocrx_word' id='word_1_345' title='bbox 1957 3579 2092 3620; x_wconf 84' lang='lat' dir='ltr'><strong>con-</strong></span> 
     </span>
    </p>
   </div>
   <div class='ocr_carea' id='block_1_53' title="bbox 499 3653 2090 3726">
    <p class='ocr_par' dir='ltr' id='par_1_53' title="bbox 499 3653 2090 3726">
     <span class='ocr_line' id='line_1_53' title="bbox 499 3653 2090 3726; baseline 0.001 -18"><span class='ocrx_word' id='word_1_346' title='bbox 499 3653 743 3708; x_wconf 88' lang='lat' dir='ltr'><strong>siderent</strong></span> <span class='ocrx_word' id='word_1_347' title='bbox 774 3654 862 3725; x_wconf 79' lang='lat'><strong>[[.,</strong></span> <span class='ocrx_word' id='word_1_348' title='bbox 882 3653 1238 3726; x_wconf 84' lang='lat' dir='ltr'><strong>conficerent]</strong></span> <span class='ocrx_word' id='word_1_349' title='bbox 1257 3671 1392 3724; x_wconf 85' lang='lat' dir='ltr'><strong>opus</strong></span> <span class='ocrx_word' id='word_1_350' title='bbox 1407 3669 1532 3708; x_wconf 88' lang='lat' dir='ltr'><strong>vera</strong></span> <span class='ocrx_word' id='word_1_351' title='bbox 1545 3655 1803 3711; x_wconf 91' lang='lat' dir='ltr'><strong>canendo.</strong></span> <span class='ocrx_word' id='word_1_352' title='bbox 1821 3655 2090 3720; x_wconf 87' lang='lat' dir='ltr'><strong>Profecto,</strong></span> 
     </span>
    </p>
   </div>
   <div class='ocr_carea' id='block_1_54' title="bbox 503 3745 2094 3816">
    <p class='ocr_par' dir='ltr' id='par_1_54' title="bbox 503 3745 2094 3816">
     <span class='ocr_line' id='line_1_54' title="bbox 503 3745 2094 3816; baseline 0.002 -18"><span class='ocrx_word' id='word_1_353' title='bbox 503 3745 550 3810; x_wconf 79' lang='lat' dir='ltr'><strong>si</strong></span> <span class='ocrx_word' id='word_1_354' title='bbox 578 3757 840 3814; x_wconf 86' lang='lat' dir='ltr'><strong>quantum</strong></span> <span class='ocrx_word' id='word_1_355' title='bbox 872 3747 1107 3816; x_wconf 79' lang='lat' dir='ltr'><strong>dignitas</strong></span> <span class='ocrx_word' id='word_1_356' title='bbox 1146 3746 1391 3800; x_wconf 70' lang='lat' dir='ltr'><strong>materia:</strong></span> <span class='ocrx_word' id='word_1_357' title='bbox 1419 3746 1797 3816; x_wconf 87' lang='lat' dir='ltr'><strong>suppeditaret</strong></span> <span class='ocrx_word' id='word_1_358' title='bbox 1833 3747 2094 3801; x_wconf 85' lang='lat' dir='ltr'><strong>carmini-</strong></span> 
     </span>
    </p>
   </div>
   <div class='ocr_carea' id='block_1_55' title="bbox 502 3834 2092 3910">
    <p class='ocr_par' dir='ltr' id='par_1_55' title="bbox 502 3834 2092 3910">
     <span class='ocr_line' id='line_1_55' title="bbox 502 3834 2092 3910; baseline 0.003 -21"><span class='ocrx_word' id='word_1_359' title='bbox 502 3834 606 3889; x_wconf 87' lang='lat' dir='ltr'><strong>bus</strong></span> <span class='ocrx_word' id='word_1_360' title='bbox 628 3835 990 3890; x_wconf 86' lang='lat' dir='ltr'><strong>edissererent</strong></span> <span class='ocrx_word' id='word_1_361' title='bbox 1017 3836 1463 3902; x_wconf 89' lang='lat' dir='ltr'><strong>condecentibus,</strong></span> <span class='ocrx_word' id='word_1_362' title='bbox 1486 3837 1629 3892; x_wconf 90' lang='lat' dir='ltr'><strong>inter</strong></span> <span class='ocrx_word' id='word_1_363' title='bbox 1654 3837 1807 3895; x_wconf 84' lang='lat' dir='ltr'><strong>divos</strong></span> <span class='ocrx_word' id='word_1_364' title='bbox 1855 3839 2092 3910; x_wconf 87' lang='lat' dir='ltr'><strong>ipsorum</strong></span> 
     </span>
    </p>
   </div>
   <div class='ocr_carea' id='block_1_56' title="bbox 500 3926 2094 3997">
    <p class='ocr_par' dir='ltr' id='par_1_56' title="bbox 500 3926 2094 3997">
     <span class='ocr_line' id='line_1_56' title="bbox 500 3926 2094 3997; baseline 0.003 -15"><span class='ocrx_word' id='word_1_365' title='bbox 500 3927 630 3997; x_wconf 78' lang='lat' dir='ltr'><strong>styli</strong></span> <span class='ocrx_word' id='word_1_366' title='bbox 657 3936 940 3981; x_wconf 88' lang='lat' dir='ltr'><strong>venustate</strong></span> <span class='ocrx_word' id='word_1_367' title='bbox 969 3926 1328 3982; x_wconf 71' lang='lat' dir='ltr'><strong>transferrent</strong></span> <span class='ocrx_word' id='word_1_368' title='bbox 1353 3945 1500 3984; x_wconf 87' lang='lat' dir='ltr'><strong>enm.</strong></span> <span class='ocrx_word' id='word_1_369' title='bbox 1542 3928 1736 3984; x_wconf 76' lang='lat' dir='ltr'><strong>Nostra</strong></span> <span class='ocrx_word' id='word_1_370' title='bbox 1769 3945 1896 3985; x_wconf 86' lang='lat' dir='ltr'><strong>vero</strong></span> <span class='ocrx_word' id='word_1_371' title='bbox 1917 3931 2094 3987; x_wconf 82' lang='lat' dir='ltr'><strong>tennis</strong></span> 
     </span>
    </p>
   </div>
   <div class='ocr_carea' id='block_1_57' title="bbox 501 4016 2094 4090">
    <p class='ocr_par' dir='ltr' id='par_1_57' title="bbox 501 4016 2094 4090">
     <span class='ocr_line' id='line_1_57' title="bbox 501 4016 2094 4090; baseline 0.003 -20"><span class='ocrx_word' id='word_1_372' title='bbox 501 4033 666 4088; x_wconf 88' lang='lat' dir='ltr'><strong>prosa</strong></span> <span class='ocrx_word' id='word_1_373' title='bbox 704 4016 981 4071; x_wconf 76' lang='lat' dir='ltr'><strong>titulatura</strong></span> <span class='ocrx_word' id='word_1_374' title='bbox 1012 4017 1182 4087; x_wconf 90' lang='lat' dir='ltr'><strong>ipsius</strong></span> <span class='ocrx_word' id='word_1_375' title='bbox 1203 4017 1509 4072; x_wconf 88' lang='lat' dir='ltr'><strong>humillime</strong></span> <span class='ocrx_word' id='word_1_376' title='bbox 1549 4019 1901 4090; x_wconf 82' lang='lat' dir='ltr'><strong>regnantibus</strong></span> <span class='ocrx_word' id='word_1_377' title='bbox 1922 4020 2094 4089; x_wconf 80' lang='lat' dir='ltr'><strong>pieta-</strong></span> 
     </span>
    </p>
   </div>
   <div class='ocr_carea' id='block_1_58' title="bbox 502 4107 2091 4178">
    <p class='ocr_par' dir='ltr' id='par_1_58' title="bbox 502 4107 2091 4178">
     <span class='ocr_line' id='line_1_58' title="bbox 502 4107 2091 4178; baseline 0 -13"><span class='ocrx_word' id='word_1_378' title='bbox 502 4119 614 4165; x_wconf 84' lang='lat' dir='ltr'><strong>tem</strong></span> <span class='ocrx_word' id='word_1_379' title='bbox 648 4109 700 4163; x_wconf 90' lang='lat' dir='ltr'><strong>in</strong></span> <span class='ocrx_word' id='word_1_380' title='bbox 733 4107 881 4164; x_wconf 92' lang='lat' dir='ltr'><strong>cultu</strong></span> <span class='ocrx_word' id='word_1_381' title='bbox 912 4111 1026 4164; x_wconf 91' lang='lat' dir='ltr'><strong>veri</strong></span> <span class='ocrx_word' id='word_1_382' title='bbox 1054 4109 1171 4173; x_wconf 88' lang='lat' dir='ltr'><strong>Dei,</strong></span> <span class='ocrx_word' id='word_1_383' title='bbox 1199 4109 1292 4178; x_wconf 88' lang='lat' dir='ltr'><strong>qui</strong></span> <span class='ocrx_word' id='word_1_384' title='bbox 1317 4110 1467 4164; x_wconf 89' lang='lat' dir='ltr'><strong>solus</strong></span> <span class='ocrx_word' id='word_1_385' title='bbox 1497 4109 1566 4164; x_wconf 90' lang='lat' dir='ltr'><strong>ab</strong></span> <span class='ocrx_word' id='word_1_386' title='bbox 1599 4121 1804 4165; x_wconf 73' lang='lat' dir='ltr'><strong>artemo</strong></span> <span class='ocrx_word' id='word_1_387' title='bbox 1843 4112 1894 4166; x_wconf 94' lang='lat' dir='ltr'><strong>in</strong></span> <span class='ocrx_word' id='word_1_388' title='bbox 1928 4112 2091 4165; x_wconf 87' lang='lat' dir='ltr'><strong>linem</strong></span> 
     </span>
    </p>
   </div>
   <div class='ocr_carea' id='block_1_59' title="bbox 500 4201 2090 4274">
    <p class='ocr_par' dir='ltr' id='par_1_59' title="bbox 500 4201 2090 4274">
     <span class='ocr_line' id='line_1_59' title="bbox 500 4201 2090 4274; baseline 0.001 -18"><span class='ocrx_word' id='word_1_389' title='bbox 500 4201 822 4256; x_wconf 64' lang='lat' dir='ltr'><strong>saeculorum</strong></span> <span class='ocrx_word' id='word_1_390' title='bbox 870 4209 928 4255; x_wconf 90' lang='lat' dir='ltr'><strong>et</strong></span> <span class='ocrx_word' id='word_1_391' title='bbox 960 4201 1101 4255; x_wconf 89' lang='lat' dir='ltr'><strong>ultra</strong></span> <span class='ocrx_word' id='word_1_392' title='bbox 1156 4202 1299 4257; x_wconf 88' lang='lat' dir='ltr'><strong>Deus</strong></span> <span class='ocrx_word' id='word_1_393' title='bbox 1337 4209 1456 4267; x_wconf 91' lang='lat' dir='ltr'><strong>est,</strong></span> <span class='ocrx_word' id='word_1_394' title='bbox 1503 4202 1772 4272; x_wconf 68' lang='lat' dir='ltr'><strong>prtulium,</strong></span> <span class='ocrx_word' id='word_1_395' title='bbox 1830 4220 1939 4274; x_wconf 93' lang='lat' dir='ltr'><strong>quo</strong></span> <span class='ocrx_word' id='word_1_396' title='bbox 1983 4213 2090 4258; x_wconf 84' lang='lat' dir='ltr'><strong>tam</strong></span> 
     </span>
    </p>
   </div>
   <div class='ocr_carea' id='block_1_60' title="bbox 504 4290 2094 4362">
    <p class='ocr_par' dir='ltr' id='par_1_60' title="bbox 504 4290 2094 4362">
     <span class='ocr_line' id='line_1_60' title="bbox 504 4290 2094 4362; baseline 0.002 -18"><span class='ocrx_word' id='word_1_397' title='bbox 504 4290 722 4346; x_wconf 75' lang='lat' dir='ltr'><strong>fortiter</strong></span> <span class='ocrx_word' id='word_1_398' title='bbox 749 4305 913 4361; x_wconf 86' lang='lat' dir='ltr'><strong>quam</strong></span> <span class='ocrx_word' id='word_1_399' title='bbox 955 4290 1104 4361; x_wconf 83' lang='lat' dir='ltr'><strong>juste</strong></span> <span class='ocrx_word' id='word_1_400' title='bbox 1149 4290 1301 4357; x_wconf 89' lang='lat' dir='ltr'><strong>vicit,</strong></span> <span class='ocrx_word' id='word_1_401' title='bbox 1341 4291 1525 4347; x_wconf 86' lang='lat' dir='ltr'><strong>veraci</strong></span> <span class='ocrx_word' id='word_1_402' title='bbox 1569 4292 1804 4347; x_wconf 88' lang='lat' dir='ltr'><strong>termino</strong></span> <span class='ocrx_word' id='word_1_403' title='bbox 1836 4292 2094 4362; x_wconf 86' lang='lat' dir='ltr'><strong>brevique</strong></span> 
     </span>
    </p>
   </div>
   <div class='ocr_carea' id='block_1_61' title="bbox 503 4380 814 4435">
    <p class='ocr_par' dir='ltr' id='par_1_61' title="bbox 503 4380 814 4435">
     <span class='ocr_line' id='line_1_61' title="bbox 503 4380 814 4435; baseline 0 -1"><span class='ocrx_word' id='word_1_404' title='bbox 503 4380 814 4435; x_wconf 80' lang='lat' dir='ltr'><strong>concludat.</strong></span> 
     </span>
    </p>
   </div>
   <div class='ocr_carea' id='block_1_62' title="bbox 573 4471 2094 4539">
    <p class='ocr_par' dir='ltr' id='par_1_62' title="bbox 573 4471 2094 4539">
     <span class='ocr_line' id='line_1_62' title="bbox 573 4471 2094 4539; baseline 0.003 -12"><span class='ocrx_word' id='word_1_405' title='bbox 573 4471 692 4527; x_wconf 85' lang='lat' dir='ltr'><strong>Jam</strong></span> <span class='ocrx_word' id='word_1_406' title='bbox 723 4473 985 4528; x_wconf 89' lang='lat' dir='ltr'><strong>inclinato</strong></span> <span class='ocrx_word' id='word_1_407' title='bbox 1014 4474 1125 4539; x_wconf 89' lang='lat' dir='ltr'><strong>die,</strong></span> <span class='ocrx_word' id='word_1_408' title='bbox 1158 4475 1304 4530; x_wconf 89' lang='lat' dir='ltr'><strong>haud</strong></span> <span class='ocrx_word' id='word_1_409' title='bbox 1330 4475 1492 4532; x_wconf 88' lang='lat' dir='ltr'><strong>dubie</strong></span> <span class='ocrx_word' id='word_1_410' title='bbox 1520 4475 1785 4532; x_wconf 84' lang='lat' dir='ltr'><strong>intellexit</strong></span> <span class='ocrx_word' id='word_1_411' title='bbox 1820 4477 2094 4532; x_wconf 84' lang='lat' dir='ltr'><strong>exercitus</strong></span> 
     </span>
    </p>
   </div>
   <div class='ocr_carea' id='block_1_63' title="bbox 503 4562 2088 4633">
    <p class='ocr_par' dir='ltr' id='par_1_63' title="bbox 503 4562 2088 4633">
     <span class='ocr_line' id='line_1_63' title="bbox 503 4562 2088 4633; baseline 0.006 -18"><span class='ocrx_word' id='word_1_412' title='bbox 503 4563 804 4633; x_wconf 77' lang='lat' dir='ltr'><strong>Anglorum</strong></span> <span class='ocrx_word' id='word_1_413' title='bbox 833 4581 893 4620; x_wconf 88' lang='lat' dir='ltr'><strong>se</strong></span> <span class='ocrx_word' id='word_1_414' title='bbox 919 4575 1064 4620; x_wconf 88' lang='lat' dir='ltr'><strong>stare</strong></span> <span class='ocrx_word' id='word_1_415' title='bbox 1092 4576 1281 4622; x_wconf 88' lang='lat' dir='ltr'><strong>contra</strong></span> <span class='ocrx_word' id='word_1_416' title='bbox 1321 4562 1726 4622; x_wconf 68' lang='lat' dir='ltr'><strong>Northmanno’s</strong></span> <span class='ocrx_word' id='word_1_417' title='bbox 1754 4569 1956 4624; x_wconf 89' lang='lat' dir='ltr'><strong>diutius</strong></span> <span class='ocrx_word' id='word_1_418' title='bbox 1982 4583 2088 4624; x_wconf 90' lang='lat' dir='ltr'><strong>non</strong></span> 
     </span>
    </p>
   </div>
   <div class='ocr_carea' id='block_1_64' title="bbox 506 4654 2089 4717">
    <p class='ocr_par' dir='ltr' id='par_1_64' title="bbox 506 4654 2089 4717">
     <span class='ocr_line' id='line_1_64' title="bbox 506 4654 2089 4717; baseline 0.004 -11"><span class='ocrx_word' id='word_1_419' title='bbox 506 4655 699 4709; x_wconf 88' lang='lat' dir='ltr'><strong>valeri.</strong></span> <span class='ocrx_word' id='word_1_420' title='bbox 754 4654 1033 4711; x_wconf 75' lang='lat' dir='ltr'><strong>Noverunt</strong></span> <span class='ocrx_word' id='word_1_421' title='bbox 1093 4673 1153 4712; x_wconf 86' lang='lat' dir='ltr'><strong>se</strong></span> <span class='ocrx_word' id='word_1_422' title='bbox 1195 4658 1492 4713; x_wconf 79' lang='lat' dir='ltr'><strong>diminutas</strong></span> <span class='ocrx_word' id='word_1_423' title='bbox 1538 4659 1760 4713; x_wconf 87' lang='lat' dir='ltr'><strong>interitu</strong></span> <span class='ocrx_word' id='word_1_424' title='bbox 1801 4658 2089 4717; x_wconf 86' lang='lat' dir='ltr'><strong>multarum</strong></span> 
     </span>
    </p>
   </div>
   <div class='ocr_carea' id='block_1_65' title="bbox 505 4743 2093 4818">
    <p class='ocr_par' dir='ltr' id='par_1_65' title="bbox 505 4743 2093 4818">
     <span class='ocr_line' id='line_1_65' title="bbox 505 4743 2093 4818; baseline 0.003 -20"><span class='ocrx_word' id='word_1_425' title='bbox 505 4743 801 4814; x_wconf 83' lang='lat' dir='ltr'><strong>legionum,</strong></span> <span class='ocrx_word' id='word_1_426' title='bbox 851 4761 1032 4817; x_wconf 83' lang='lat' dir='ltr'><strong>regem</strong></span> <span class='ocrx_word' id='word_1_427' title='bbox 1071 4747 1248 4817; x_wconf 88' lang='lat' dir='ltr'><strong>ipsum</strong></span> <span class='ocrx_word' id='word_1_428' title='bbox 1303 4756 1358 4802; x_wconf 89' lang='lat' dir='ltr'><strong>et</strong></span> <span class='ocrx_word' id='word_1_429' title='bbox 1403 4749 1602 4803; x_wconf 89' lang='lat' dir='ltr'><strong>fratres</strong></span> <span class='ocrx_word' id='word_1_430' title='bbox 1647 4749 1785 4818; x_wconf 88' lang='lat' dir='ltr'><strong>cjus,</strong></span> <span class='ocrx_word' id='word_1_431' title='bbox 1837 4750 2093 4818; x_wconf 80' lang='lat' dir='ltr'><strong>regnique</strong></span> 
     </span>
    </p>
   </div>
   <div class='ocr_carea' id='block_1_66' title="bbox 503 4835 2095 4911">
    <p class='ocr_par' dir='ltr' id='par_1_66' title="bbox 503 4835 2095 4911">
     <span class='ocr_line' id='line_1_66' title="bbox 503 4835 2095 4911; baseline 0.004 -21"><span class='ocrx_word' id='word_1_432' title='bbox 503 4835 771 4905; x_wconf 80' lang='lat' dir='ltr'><strong>primates</strong></span> <span class='ocrx_word' id='word_1_433' title='bbox 793 4839 1077 4894; x_wconf 90' lang='lat' dir='ltr'><strong>nonnullos</strong></span> <span class='ocrx_word' id='word_1_434' title='bbox 1100 4840 1442 4906; x_wconf 88' lang='lat' dir='ltr'><strong>occubuisse,</strong></span> <span class='ocrx_word' id='word_1_435' title='bbox 1466 4850 1728 4910; x_wconf 86' lang='lat' dir='ltr'><strong>quotquot</strong></span> <span class='ocrx_word' id='word_1_436' title='bbox 1750 4840 1943 4911; x_wconf 89' lang='lat' dir='ltr'><strong>reliqui</strong></span> <span class='ocrx_word' id='word_1_437' title='bbox 1969 4850 2095 4897; x_wconf 69' lang='lat' dir='ltr'><strong>sunt.</strong></span> 
     </span>
    </p>
   </div>
   <div class='ocr_carea' id='block_1_67' title="bbox 501 4925 2096 5000">
    <p class='ocr_par' dir='ltr' id='par_1_67' title="bbox 501 4925 2096 5000">
     <span class='ocr_line' id='line_1_67' title="bbox 501 4925 2096 5000; baseline 0.006 -23"><span class='ocrx_word' id='word_1_438' title='bbox 501 4939 676 4995; x_wconf 77' lang='lat' dir='ltr'><strong>prope</strong></span> <span class='ocrx_word' id='word_1_439' title='bbox 703 4925 905 4980; x_wconf 84' lang='lat' dir='ltr'><strong>viribus</strong></span> <span class='ocrx_word' id='word_1_440' title='bbox 932 4927 1248 4993; x_wconf 82' lang='lat' dir='ltr'><strong>exhaustos,</strong></span> <span class='ocrx_word' id='word_1_441' title='bbox 1283 4929 1584 4984; x_wconf 70' lang='lat' dir='ltr'><strong>subsidium</strong></span> <span class='ocrx_word' id='word_1_442' title='bbox 1608 4931 1752 4999; x_wconf 92' lang='lat' dir='ltr'><strong>quod</strong></span> <span class='ocrx_word' id='word_1_443' title='bbox 1778 4941 2096 5000; x_wconf 75' lang='lat' dir='ltr'><strong>exspectent</strong></span> 
     </span>
    </p>
   </div>
   <div class='ocr_carea' id='block_1_68' title="bbox 2260 1895 3786 1982">
    <p class='ocr_par' dir='ltr' id='par_1_68' title="bbox 2260 1895 3786 1982">
     <span class='ocr_line' id='line_1_68' title="bbox 2260 1895 3786 1982; baseline 0.007 -23"><span class='ocrx_word' id='word_1_444' title='bbox 2260 1904 2502 1962; x_wconf 83' lang='lat' dir='ltr'><strong>Cernens</strong></span> <span class='ocrx_word' id='word_1_445' title='bbox 2528 1915 2710 1961; x_wconf 86' lang='lat' dir='ltr'><strong>autem</strong></span> <span class='ocrx_word' id='word_1_446' title='bbox 2742 1906 2976 1965; x_wconf 90' lang='lat' dir='ltr'><strong>felicium</strong></span> <span class='ocrx_word' id='word_1_447' title='bbox 3000 1895 3277 1982; x_wconf 85' lang='lat' dir='ltr'><strong>signorum</strong></span> <span class='ocrx_word' id='word_1_448' title='bbox 3303 1911 3495 1968; x_wconf 87' lang='lat' dir='ltr'><strong>ductor</strong></span> <span class='ocrx_word' id='word_1_449' title='bbox 3517 1911 3786 1970; x_wconf 80' lang='lat' dir='ltr'><strong>cohortes</strong></span> 
     </span>
    </p>
   </div>
   <div class='ocr_carea' id='block_1_69' title="bbox 2189 1997 3791 2072">
    <p class='ocr_par' dir='ltr' id='par_1_69' title="bbox 2189 1997 3791 2072">
     <span class='ocr_line' id='line_1_69' title="bbox 2189 1997 3791 2072; baseline 0.006 -21"><span class='ocrx_word' id='word_1_450' title='bbox 2189 1997 2471 2068; x_wconf 89' lang='lat' dir='ltr'><strong>inopinato</strong></span> <span class='ocrx_word' id='word_1_451' title='bbox 2507 1998 2783 2065; x_wconf 90' lang='lat' dir='ltr'><strong>collectas,</strong></span> <span class='ocrx_word' id='word_1_452' title='bbox 2808 2005 3060 2072; x_wconf 86' lang='lat' dir='ltr'><strong>quamvis</strong></span> <span class='ocrx_word' id='word_1_453' title='bbox 3083 2003 3296 2060; x_wconf 84' lang='lat' dir='ltr'><strong>noviter</strong></span> <span class='ocrx_word' id='word_1_454' title='bbox 3316 2005 3580 2062; x_wconf 85' lang='lat' dir='ltr'><strong>advenire</strong></span> <span class='ocrx_word' id='word_1_455' title='bbox 3604 2007 3791 2062; x_wconf 74' lang='lat' dir='ltr'><strong>subsi~</strong></span> 
     </span>
    </p>
   </div>
   <div class='ocr_carea' id='block_1_70' title="bbox 2187 2089 3789 2166">
    <p class='ocr_par' dir='ltr' id='par_1_70' title="bbox 2187 2089 3789 2166">
     <span class='ocr_line' id='line_1_70' title="bbox 2187 2089 3789 2166; baseline 0.007 -23"><span class='ocrx_word' id='word_1_456' title='bbox 2187 2089 2337 2144; x_wconf 89' lang='lat' dir='ltr'><strong>dium</strong></span> <span class='ocrx_word' id='word_1_457' title='bbox 2386 2099 2625 2160; x_wconf 89' lang='lat' dir='ltr'><strong>putaret,</strong></span> <span class='ocrx_word' id='word_1_458' title='bbox 2680 2108 2788 2148; x_wconf 89' lang='lat' dir='ltr'><strong>non</strong></span> <span class='ocrx_word' id='word_1_459' title='bbox 2823 2091 2973 2149; x_wconf 80' lang='lat' dir='ltr'><strong>ﬂexit</strong></span> <span class='ocrx_word' id='word_1_460' title='bbox 3019 2095 3125 2151; x_wconf 90' lang='lat' dir='ltr'><strong>iter</strong></span> <span class='ocrx_word' id='word_1_461' title='bbox 3169 2110 3345 2166; x_wconf 91' lang='lat' dir='ltr'><strong>neque</strong></span> <span class='ocrx_word' id='word_1_462' title='bbox 3375 2099 3645 2162; x_wconf 84' lang='lat' dir='ltr'><strong>substitit,</strong></span> <span class='ocrx_word' id='word_1_463' title='bbox 3673 2108 3789 2155; x_wconf 86' lang='lat' dir='ltr'><strong>ter-</strong></span> 
     </span>
    </p>
   </div>
   <div class='ocr_carea' id='block_1_71' title="bbox 2189 2181 3789 2260">
    <p class='ocr_par' dir='ltr' id='par_1_71' title="bbox 2189 2181 3789 2260">
     <span class='ocr_line' id='line_1_71' title="bbox 2189 2181 3789 2260; baseline 0.008 -26"><span class='ocrx_word' id='word_1_464' title='bbox 2189 2181 2404 2238; x_wconf 87' lang='lat' dir='ltr'><strong>ribilior</strong></span> <span class='ocrx_word' id='word_1_465' title='bbox 2431 2198 2555 2238; x_wconf 91' lang='lat' dir='ltr'><strong>cum</strong></span> <span class='ocrx_word' id='word_1_466' title='bbox 2604 2193 2758 2255; x_wconf 82' lang='lat' dir='ltr'><strong>parte</strong></span> <span class='ocrx_word' id='word_1_467' title='bbox 2807 2185 2978 2240; x_wconf 84' lang='lat' dir='ltr'><strong>hastae</strong></span> <span class='ocrx_word' id='word_1_468' title='bbox 3003 2203 3165 2258; x_wconf 88' lang='lat' dir='ltr'><strong>quam</strong></span> <span class='ocrx_word' id='word_1_469' title='bbox 3197 2189 3420 2260; x_wconf 88' lang='lat' dir='ltr'><strong>grandia</strong></span> <span class='ocrx_word' id='word_1_470' title='bbox 3463 2191 3678 2260; x_wconf 83' lang='lat' dir='ltr'><strong>spicula</strong></span> <span class='ocrx_word' id='word_1_471' title='bbox 3707 2193 3789 2246; x_wconf 81' lang='lat' dir='ltr'><strong>vi-</strong></span> 
     </span>
    </p>
   </div>
   <div class='ocr_carea' id='block_1_72' title="bbox 2189 2271 3788 2352">
    <p class='ocr_par' dir='ltr' id='par_1_72' title="bbox 2189 2271 3788 2352">
     <span class='ocr_line' id='line_1_72' title="bbox 2189 2271 3788 2352; baseline 0.008 -27"><span class='ocrx_word' id='word_1_472' title='bbox 2189 2271 2429 2340; x_wconf 84' lang='lat' dir='ltr'><strong>brantes,</strong></span> <span class='ocrx_word' id='word_1_473' title='bbox 2444 2273 2792 2340; x_wconf 81' lang='lat' dir='ltr'><strong>Eustachium</strong></span> <span class='ocrx_word' id='word_1_474' title='bbox 2809 2276 3062 2331; x_wconf 89' lang='lat' dir='ltr'><strong>comitem</strong></span> <span class='ocrx_word' id='word_1_475' title='bbox 3086 2293 3208 2332; x_wconf 90' lang='lat' dir='ltr'><strong>cum</strong></span> <span class='ocrx_word' id='word_1_476' title='bbox 3229 2279 3494 2336; x_wconf 86' lang='lat' dir='ltr'><strong>militibus</strong></span> <span class='ocrx_word' id='word_1_477' title='bbox 3505 2282 3788 2352; x_wconf 83' lang='lat' dir='ltr'><strong>quinqua-</strong></span> 
     </span>
    </p>
   </div>
   <div class='ocr_carea' id='block_1_73' title="bbox 2151 2364 3788 2445">
    <p class='ocr_par' dir='ltr' id='par_1_73' title="bbox 2151 2364 3788 2445">
     <span class='ocr_line' id='line_1_73' title="bbox 2151 2364 3788 2445; baseline 0.006 -28"><span class='ocrx_word' id='word_1_478' title='bbox 2151 2441 2156 2445; x_wconf 21' lang='grc' dir='ltr'><em>ο</em></span> <span class='ocrx_word' id='word_1_479' title='bbox 2194 2364 2344 2434; x_wconf 83' lang='lat' dir='ltr'><strong>ginta</strong></span> <span class='ocrx_word' id='word_1_480' title='bbox 2373 2379 2623 2420; x_wconf 89' lang='lat' dir='ltr'><strong>aversum</strong></span> <span class='ocrx_word' id='word_1_481' title='bbox 2661 2374 2714 2420; x_wconf 87' lang='lat' dir='ltr'><strong>et</strong></span> <span class='ocrx_word' id='word_1_482' title='bbox 2752 2368 2989 2437; x_wconf 86' lang='lat' dir='ltr'><strong>receptui</strong></span> <span class='ocrx_word' id='word_1_483' title='bbox 3038 2369 3191 2440; x_wconf 88' lang='lat' dir='ltr'><strong>signa</strong></span> <span class='ocrx_word' id='word_1_484' title='bbox 3238 2385 3438 2426; x_wconf 91' lang='lat' dir='ltr'><strong>canere</strong></span> <span class='ocrx_word' id='word_1_485' title='bbox 3485 2373 3788 2439; x_wconf 82' lang='lat' dir='ltr'><strong>volentem,</strong></span> 
     </span>
    </p>
   </div>
   <div class='ocr_carea' id='block_1_74' title="bbox 2189 2459 3788 2533">
    <p class='ocr_par' dir='ltr' id='par_1_74' title="bbox 2189 2459 3788 2533">
     <span class='ocr_line' id='line_1_74' title="bbox 2189 2459 3788 2533; baseline 0.006 -20"><span class='ocrx_word' id='word_1_486' title='bbox 2189 2473 2259 2514; x_wconf 90' lang='lat' dir='ltr'><strong>ne</strong></span> <span class='ocrx_word' id='word_1_487' title='bbox 2287 2459 2465 2514; x_wconf 88' lang='lat' dir='ltr'><strong>abiret</strong></span> <span class='ocrx_word' id='word_1_488' title='bbox 2493 2459 2637 2516; x_wconf 88' lang='lat' dir='ltr'><strong>virili</strong></span> <span class='ocrx_word' id='word_1_489' title='bbox 2682 2475 2814 2517; x_wconf 89' lang='lat' dir='ltr'><strong>voce</strong></span> <span class='ocrx_word' id='word_1_490' title='bbox 2866 2462 3231 2533; x_wconf 88' lang='lat' dir='ltr'><strong>compellavit.</strong></span> <span class='ocrx_word' id='word_1_491' title='bbox 3267 2465 3358 2520; x_wconf 92' lang='lat' dir='ltr'><strong>Ille</strong></span> <span class='ocrx_word' id='word_1_492' title='bbox 3397 2475 3594 2521; x_wconf 88' lang='lat' dir='ltr'><strong>contra</strong></span> <span class='ocrx_word' id='word_1_493' title='bbox 3630 2466 3788 2522; x_wconf 80' lang='lat' dir='ltr'><strong>fami—</strong></span> 
     </span>
    </p>
   </div>
   <div class='ocr_carea' id='block_1_75' title="bbox 2191 2550 3786 2626">
    <p class='ocr_par' dir='ltr' id='par_1_75' title="bbox 2191 2550 3786 2626">
     <span class='ocr_line' id='line_1_75' title="bbox 2191 2550 3786 2626; baseline 0.005 -22"><span class='ocrx_word' id='word_1_494' title='bbox 2191 2550 2401 2606; x_wconf 88' lang='lat' dir='ltr'><strong>liariter</strong></span> <span class='ocrx_word' id='word_1_495' title='bbox 2433 2553 2485 2606; x_wconf 83' lang='lat' dir='ltr'><strong>in</strong></span> <span class='ocrx_word' id='word_1_496' title='bbox 2518 2567 2703 2608; x_wconf 89' lang='lat' dir='ltr'><strong>aurem</strong></span> <span class='ocrx_word' id='word_1_497' title='bbox 2753 2553 2909 2610; x_wconf 89' lang='lat' dir='ltr'><strong>ducis</strong></span> <span class='ocrx_word' id='word_1_498' title='bbox 2947 2555 3177 2610; x_wconf 91' lang='lat' dir='ltr'><strong>reditum</strong></span> <span class='ocrx_word' id='word_1_499' title='bbox 3228 2556 3422 2622; x_wconf 88' lang='lat' dir='ltr'><strong>suasit,</strong></span> <span class='ocrx_word' id='word_1_500' title='bbox 3473 2559 3786 2626; x_wconf 77' lang='lat' dir='ltr'><strong>proximam</strong></span> 
     </span>
    </p>
   </div>
   <div class='ocr_carea' id='block_1_76' title="bbox 2187 2643 3783 2715">
    <p class='ocr_par' dir='ltr' id='par_1_76' title="bbox 2187 2643 3783 2715">
     <span class='ocr_line' id='line_1_76' title="bbox 2187 2643 3783 2715; baseline 0.004 -17"><span class='ocrx_word' id='word_1_501' title='bbox 2187 2643 2239 2698; x_wconf 87' lang='lat' dir='ltr'><strong>ei</strong></span> <span class='ocrx_word' id='word_1_502' title='bbox 2267 2644 2312 2698; x_wconf 92' lang='lat' dir='ltr'><strong>si</strong></span> <span class='ocrx_word' id='word_1_503' title='bbox 2339 2653 2589 2712; x_wconf 87' lang='lat' dir='ltr'><strong>pergeret</strong></span> <span class='ocrx_word' id='word_1_504' title='bbox 2641 2653 2872 2699; x_wconf 91' lang='lat' dir='ltr'><strong>mortem</strong></span> <span class='ocrx_word' id='word_1_505' title='bbox 2919 2646 3238 2715; x_wconf 65' lang='lat' dir='ltr'><strong>prmdiceus.</strong></span> <span class='ocrx_word' id='word_1_506' title='bbox 3284 2646 3410 2703; x_wconf 70' lang='lat' dir='ltr'><strong>llaec</strong></span> <span class='ocrx_word' id='word_1_507' title='bbox 3440 2648 3588 2703; x_wconf 89' lang='lat' dir='ltr'><strong>inter</strong></span> <span class='ocrx_word' id='word_1_508' title='bbox 3619 2653 3783 2705; x_wconf 81' lang='lat' dir='ltr'><strong>verba</strong></span> 
     </span>
    </p>
   </div>
   <div class='ocr_carea' id='block_1_77' title="bbox 2189 2733 3786 2812">
    <p class='ocr_par' dir='ltr' id='par_1_77' title="bbox 2189 2733 3786 2812">
     <span class='ocr_line' id='line_1_77' title="bbox 2189 2733 3786 2812; baseline 0.007 -26"><span class='ocrx_word' id='word_1_509' title='bbox 2189 2749 2480 2804; x_wconf 88' lang='lat' dir='ltr'><strong>percussus</strong></span> <span class='ocrx_word' id='word_1_510' title='bbox 2524 2733 2848 2790; x_wconf 87' lang='lat' dir='ltr'><strong>Eustachius</strong></span> <span class='ocrx_word' id='word_1_511' title='bbox 2903 2737 3048 2792; x_wconf 88' lang='lat' dir='ltr'><strong>inter</strong></span> <span class='ocrx_word' id='word_1_512' title='bbox 3099 2738 3348 2808; x_wconf 89' lang='lat' dir='ltr'><strong>scapulas</strong></span> <span class='ocrx_word' id='word_1_513' title='bbox 3399 2739 3510 2794; x_wconf 90' lang='lat' dir='ltr'><strong>ictu</strong></span> <span class='ocrx_word' id='word_1_514' title='bbox 3551 2756 3786 2812; x_wconf 87' lang='lat' dir='ltr'><strong>sonoro,</strong></span> 
     </span>
    </p>
   </div>
   <div class='ocr_carea' id='block_1_78' title="bbox 2187 2821 3774 2900">
    <p class='ocr_par' dir='ltr' id='par_1_78' title="bbox 2187 2821 3774 2900">
     <span class='ocr_line' id='line_1_78' title="bbox 2187 2821 3774 2900; baseline 0.006 -22"><span class='ocrx_word' id='word_1_515' title='bbox 2187 2821 2345 2891; x_wconf 77' lang='lat' dir='ltr'><strong>cujus</strong></span> <span class='ocrx_word' id='word_1_516' title='bbox 2370 2823 2691 2895; x_wconf 88' lang='lat' dir='ltr'><strong>gravitatem</strong></span> <span class='ocrx_word' id='word_1_517' title='bbox 2741 2827 2925 2882; x_wconf 90' lang='lat' dir='ltr'><strong>statim</strong></span> <span class='ocrx_word' id='word_1_518' title='bbox 2970 2829 3191 2900; x_wconf 85' lang='lat' dir='ltr'><strong>sanguis</strong></span> <span class='ocrx_word' id='word_1_519' title='bbox 3217 2831 3633 2887; x_wconf 83' lang='lat' dir='ltr'><strong>demonstrabat</strong></span> <span class='ocrx_word' id='word_1_520' title='bbox 3677 2849 3774 2887; x_wconf 86' lang='lat' dir='ltr'><strong>na-</strong></span> 
     </span>
    </p>
   </div>
   <div class='ocr_carea' id='block_1_79' title="bbox 2190 2914 3786 2990">
    <p class='ocr_par' dir='ltr' id='par_1_79' title="bbox 2190 2914 3786 2990">
     <span class='ocr_line' id='line_1_79' title="bbox 2190 2914 3786 2990; baseline 0.006 -22"><span class='ocrx_word' id='word_1_521' title='bbox 2190 2914 2342 2969; x_wconf 89' lang='lat' dir='ltr'><strong>ribus</strong></span> <span class='ocrx_word' id='word_1_522' title='bbox 2371 2925 2426 2969; x_wconf 91' lang='lat' dir='ltr'><strong>et</strong></span> <span class='ocrx_word' id='word_1_523' title='bbox 2454 2930 2572 2979; x_wconf 88' lang='lat' dir='ltr'><strong>ore.</strong></span> <span class='ocrx_word' id='word_1_524' title='bbox 2603 2918 2757 2986; x_wconf 91' lang='lat' dir='ltr'><strong>quasi</strong></span> <span class='ocrx_word' id='word_1_525' title='bbox 2791 2919 3146 2975; x_wconf 88' lang='lat' dir='ltr'><strong>moribundus</strong></span> <span class='ocrx_word' id='word_1_526' title='bbox 3171 2921 3464 2990; x_wconf 87' lang='lat' dir='ltr'><strong>evasitopc</strong></span> <span class='ocrx_word' id='word_1_527' title='bbox 3490 2925 3786 2978; x_wconf 89' lang='lat' dir='ltr'><strong>comitum.</strong></span> 
     </span>
    </p>
   </div>
   <div class='ocr_carea' id='block_1_80' title="bbox 2190 3004 3787 3083">
    <p class='ocr_par' dir='ltr' id='par_1_80' title="bbox 2190 3004 3787 3083">
     <span class='ocr_line' id='line_1_80' title="bbox 2190 3004 3787 3083; baseline 0.005 -23"><span class='ocrx_word' id='word_1_528' title='bbox 2190 3007 2328 3070; x_wconf 77' lang='lat' dir='ltr'><strong>Dux,</strong></span> <span class='ocrx_word' id='word_1_529' title='bbox 2361 3004 2733 3062; x_wconf 88' lang='lat' dir='ltr'><strong>fortitudinem</strong></span> <span class='ocrx_word' id='word_1_530' title='bbox 2773 3009 2996 3064; x_wconf 91' lang='lat' dir='ltr'><strong>omnino</strong></span> <span class='ocrx_word' id='word_1_531' title='bbox 3024 3008 3328 3083; x_wconf 84' lang='lat' dir='ltr'><strong>dcdignans</strong></span> <span class='ocrx_word' id='word_1_532' title='bbox 3374 3023 3470 3068; x_wconf 89' lang='lat' dir='ltr'><strong>aut</strong></span> <span class='ocrx_word' id='word_1_533' title='bbox 3519 3015 3787 3079; x_wconf 83' lang='lat' dir='ltr'><strong>dedecus,</strong></span> 
     </span>
    </p>
   </div>
   <div class='ocr_carea' id='block_1_81' title="bbox 2195 3099 3787 3177">
    <p class='ocr_par' dir='ltr' id='par_1_81' title="bbox 2195 3099 3787 3177">
     <span class='ocr_line' id='line_1_81' title="bbox 2195 3099 3787 3177; baseline 0.006 -25"><span class='ocrx_word' id='word_1_534' title='bbox 2195 3099 2462 3155; x_wconf 87' lang='lat' dir='ltr'><strong>invadens</strong></span> <span class='ocrx_word' id='word_1_535' title='bbox 2507 3099 2762 3170; x_wconf 85' lang='lat' dir='ltr'><strong>protrivit</strong></span> <span class='ocrx_word' id='word_1_536' title='bbox 2814 3102 3181 3159; x_wconf 84' lang='lat' dir='ltr'><strong>adversarios.</strong></span> <span class='ocrx_word' id='word_1_537' title='bbox 3243 3104 3300 3159; x_wconf 91' lang='lat' dir='ltr'><strong>lu</strong></span> <span class='ocrx_word' id='word_1_538' title='bbox 3353 3121 3419 3161; x_wconf 89' lang='lat' dir='ltr'><strong>eo</strong></span> <span class='ocrx_word' id='word_1_539' title='bbox 3487 3123 3787 3177; x_wconf 82' lang='lat' dir='ltr'><strong>congressu</strong></span> 
     </span>
    </p>
   </div>
   <div class='ocr_carea' id='block_1_82' title="bbox 2121 3169 3791 3267">
    <p class='ocr_par' dir='ltr' id='par_1_82' title="bbox 2121 3169 3791 3267">
     <span class='ocr_line' id='line_1_82' title="bbox 2121 3169 3791 3267; baseline 0.008 -22"><span class='ocrx_word' id='word_1_540' title='bbox 2121 3169 2162 3226; x_wconf 62' lang='grc' dir='ltr'><strong>(ἶ</strong></span> <span class='ocrx_word' id='word_1_541' title='bbox 2195 3191 2696 3249; x_wconf 78' lang='lat' dir='ltr'><strong>Northmanuorum</strong></span> <span class='ocrx_word' id='word_1_542' title='bbox 2744 3194 2909 3264; x_wconf 82' lang='lat' dir='ltr'><strong>aliqui</strong></span> <span class='ocrx_word' id='word_1_543' title='bbox 2948 3196 3244 3254; x_wconf 89' lang='lat' dir='ltr'><strong>nobiliores</strong></span> <span class='ocrx_word' id='word_1_544' title='bbox 3296 3169 3639 3267; x_wconf 58' lang='lat' dir='ltr'><strong>ceciderunt,</strong></span> <span class='ocrx_word' id='word_1_545' title='bbox 3691 3205 3791 3258; x_wconf 84' lang='lat' dir='ltr'><strong>ad-</strong></span> 
     </span>
    </p>
   </div>
   <div class='ocr_carea' id='block_1_83' title="bbox 2197 3282 3786 3360">
    <p class='ocr_par' dir='ltr' id='par_1_83' title="bbox 2197 3282 3786 3360">
     <span class='ocr_line' id='line_1_83' title="bbox 2197 3282 3786 3360; baseline 0.009 -24"><span class='ocrx_word' id='word_1_546' title='bbox 2197 3282 2458 3338; x_wconf 88' lang='lat' dir='ltr'><strong>versitate</strong></span> <span class='ocrx_word' id='word_1_547' title='bbox 2486 3282 2587 3337; x_wconf 88' lang='lat' dir='ltr'><strong>loci</strong></span> <span class='ocrx_word' id='word_1_548' title='bbox 2623 3282 2826 3340; x_wconf 90' lang='lat' dir='ltr'><strong>virtute</strong></span> <span class='ocrx_word' id='word_1_549' title='bbox 2861 3300 3048 3342; x_wconf 89' lang='lat' dir='ltr'><strong>eorum</strong></span> <span class='ocrx_word' id='word_1_550' title='bbox 3098 3289 3376 3360; x_wconf 84' lang='lat' dir='ltr'><strong>impedita.</strong></span> <span class='ocrx_word' id='word_1_551' title='bbox 3433 3293 3528 3349; x_wconf 90' lang='lat' dir='ltr'><strong>Sic</strong></span> <span class='ocrx_word' id='word_1_552' title='bbox 3558 3295 3786 3350; x_wconf 83' lang='lat' dir='ltr'><strong>victoria</strong></span> 
     </span>
    </p>
   </div>
   <div class='ocr_carea' id='block_1_84' title="bbox 2196 3375 3792 3456">
    <p class='ocr_par' dir='ltr' id='par_1_84' title="bbox 2196 3375 3792 3456">
     <span class='ocr_line' id='line_1_84' title="bbox 2196 3375 3792 3456; baseline 0.008 -28"><span class='ocrx_word' id='word_1_553' title='bbox 2196 3381 2602 3439; x_wconf 90' lang='lat' dir='ltr'><strong>consummata,</strong></span> <span class='ocrx_word' id='word_1_554' title='bbox 2661 3375 2729 3430; x_wconf 92' lang='lat' dir='ltr'><strong>ad</strong></span> <span class='ocrx_word' id='word_1_555' title='bbox 2783 3390 2965 3431; x_wconf 89' lang='lat' dir='ltr'><strong>aream</strong></span> <span class='ocrx_word' id='word_1_556' title='bbox 3021 3377 3145 3435; x_wconf 88' lang='lat' dir='ltr'><strong>belli</strong></span> <span class='ocrx_word' id='word_1_557' title='bbox 3209 3397 3528 3451; x_wconf 84' lang='lat' dir='ltr'><strong>regressus,</strong></span> <span class='ocrx_word' id='word_1_558' title='bbox 3587 3387 3792 3456; x_wconf 87' lang='lat' dir='ltr'><strong>reperit</strong></span> 
     </span>
    </p>
   </div>
   <div class='ocr_carea' id='block_1_85' title="bbox 2196 3468 3789 3545">
    <p class='ocr_par' dir='ltr' id='par_1_85' title="bbox 2196 3468 3789 3545">
     <span class='ocr_line' id='line_1_85' title="bbox 2196 3468 3789 3545; baseline 0.008 -26"><span class='ocrx_word' id='word_1_559' title='bbox 2196 3472 2434 3536; x_wconf 88' lang='lat' dir='ltr'><strong>stragem</strong></span> <span class='ocrx_word' id='word_1_560' title='bbox 2461 3480 2623 3536; x_wconf 90' lang='lat' dir='ltr'><strong>quam</strong></span> <span class='ocrx_word' id='word_1_561' title='bbox 2677 3482 2782 3522; x_wconf 92' lang='lat' dir='ltr'><strong>non</strong></span> <span class='ocrx_word' id='word_1_562' title='bbox 2831 3468 3038 3539; x_wconf 89' lang='lat' dir='ltr'><strong>absque</strong></span> <span class='ocrx_word' id='word_1_563' title='bbox 3081 3472 3430 3528; x_wconf 85' lang='lat' dir='ltr'><strong>miseratione</strong></span> <span class='ocrx_word' id='word_1_564' title='bbox 3475 3480 3789 3545; x_wconf 80' lang='lat' dir='ltr'><strong>conspexit,</strong></span> 
     </span>
    </p>
   </div>
   <div class='ocr_carea' id='block_1_86' title="bbox 2199 3555 3792 3635">
    <p class='ocr_par' dir='ltr' id='par_1_86' title="bbox 2199 3555 3792 3635">
     <span class='ocr_line' id='line_1_86' title="bbox 2199 3555 3792 3635; baseline 0.008 -25"><span class='ocrx_word' id='word_1_565' title='bbox 2199 3555 2412 3611; x_wconf 88' lang='lat' dir='ltr'><strong>tametsi</strong></span> <span class='ocrx_word' id='word_1_566' title='bbox 2443 3555 2642 3611; x_wconf 85' lang='lat' dir='ltr'><strong>factam</strong></span> <span class='ocrx_word' id='word_1_567' title='bbox 2667 3557 2718 3612; x_wconf 89' lang='lat' dir='ltr'><strong>in</strong></span> <span class='ocrx_word' id='word_1_568' title='bbox 2741 3557 2950 3628; x_wconf 82' lang='lat' dir='ltr'><strong>impios,</strong></span> <span class='ocrx_word' id='word_1_569' title='bbox 2979 3562 3194 3617; x_wconf 88' lang='lat' dir='ltr'><strong>tametsi</strong></span> <span class='ocrx_word' id='word_1_570' title='bbox 3219 3573 3506 3635; x_wconf 87' lang='lat' dir='ltr'><strong>tyrannum</strong></span> <span class='ocrx_word' id='word_1_571' title='bbox 3531 3568 3792 3623; x_wconf 89' lang='lat' dir='ltr'><strong>occidere</strong></span> 
     </span>
    </p>
   </div>
   <div class='ocr_carea' id='block_1_87' title="bbox 2192 3645 3791 3725">
    <p class='ocr_par' dir='ltr' id='par_1_87' title="bbox 2192 3645 3791 3725">
     <span class='ocr_line' id='line_1_87' title="bbox 2192 3645 3791 3725; baseline 0.007 -24"><span class='ocrx_word' id='word_1_572' title='bbox 2192 3645 2343 3716; x_wconf 83' lang='lat' dir='ltr'><strong>justo</strong></span> <span class='ocrx_word' id='word_1_573' title='bbox 2371 3647 2534 3712; x_wconf 87' lang='lat' dir='ltr'><strong>bello,</strong></span> <span class='ocrx_word' id='word_1_574' title='bbox 2567 3648 2637 3702; x_wconf 91' lang='lat' dir='ltr'><strong>sit</strong></span> <span class='ocrx_word' id='word_1_575' title='bbox 2659 3649 2964 3719; x_wconf 87' lang='lat' dir='ltr'><strong>pulchrum,</strong></span> <span class='ocrx_word' id='word_1_576' title='bbox 2996 3651 3138 3706; x_wconf 84' lang='lat' dir='ltr'><strong>fama</strong></span> <span class='ocrx_word' id='word_1_577' title='bbox 3167 3654 3486 3725; x_wconf 77' lang='lat' dir='ltr'><strong>gloriosum,</strong></span> <span class='ocrx_word' id='word_1_578' title='bbox 3518 3658 3791 3712; x_wconf 77' lang='lat' dir='ltr'><strong>beneﬁcio</strong></span> 
     </span>
    </p>
   </div>
   <div class='ocr_carea' id='block_1_88' title="bbox 2193 3739 3792 3814">
    <p class='ocr_par' dir='ltr' id='par_1_88' title="bbox 2193 3739 3792 3814">
     <span class='ocr_line' id='line_1_88' title="bbox 2193 3739 3792 3814; baseline 0.008 -21"><span class='ocrx_word' id='word_1_579' title='bbox 2193 3749 2435 3811; x_wconf 85' lang='lat' dir='ltr'><strong>gratum.</strong></span> <span class='ocrx_word' id='word_1_580' title='bbox 2462 3739 2596 3796; x_wconf 85' lang='lat' dir='ltr'><strong>Late</strong></span> <span class='ocrx_word' id='word_1_581' title='bbox 2647 3741 2823 3797; x_wconf 87' lang='lat' dir='ltr'><strong>solum</strong></span> <span class='ocrx_word' id='word_1_582' title='bbox 2878 3745 3094 3814; x_wconf 89' lang='lat' dir='ltr'><strong>operuit</strong></span> <span class='ocrx_word' id='word_1_583' title='bbox 3135 3747 3444 3804; x_wconf 86' lang='lat' dir='ltr'><strong>sordidatus</strong></span> <span class='ocrx_word' id='word_1_584' title='bbox 3503 3749 3558 3804; x_wconf 91' lang='lat' dir='ltr'><strong>in</strong></span> <span class='ocrx_word' id='word_1_585' title='bbox 3589 3767 3792 3806; x_wconf 88' lang='lat' dir='ltr'><strong>cruore</strong></span> 
     </span>
    </p>
   </div>
   <div class='ocr_carea' id='block_1_89' title="bbox 2195 3832 3793 3913">
    <p class='ocr_par' dir='ltr' id='par_1_89' title="bbox 2195 3832 3793 3913">
     <span class='ocr_line' id='line_1_89' title="bbox 2195 3832 3793 3913; baseline 0.009 -28"><span class='ocrx_word' id='word_1_586' title='bbox 2195 3832 2292 3888; x_wconf 85' lang='lat' dir='ltr'><strong>ﬂos</strong></span> <span class='ocrx_word' id='word_1_587' title='bbox 2334 3833 2573 3903; x_wconf 77' lang='lat' dir='ltr'><strong>Anglica:</strong></span> <span class='ocrx_word' id='word_1_588' title='bbox 2619 3835 2918 3891; x_wconf 85' lang='lat' dir='ltr'><strong>nobilitatis</strong></span> <span class='ocrx_word' id='word_1_589' title='bbox 2971 3848 3134 3908; x_wconf 90' lang='lat' dir='ltr'><strong>atque</strong></span> <span class='ocrx_word' id='word_1_590' title='bbox 3182 3839 3504 3910; x_wconf 69' lang='lat' dir='ltr'><strong>jnyentutis.</strong></span> <span class='ocrx_word' id='word_1_591' title='bbox 3553 3841 3793 3913; x_wconf 89' lang='lat' dir='ltr'><strong>Propius</strong></span> 
     </span>
    </p>
   </div>
   <div class='ocr_carea' id='block_1_90' title="bbox 2197 3923 3792 4002">
    <p class='ocr_par' dir='ltr' id='par_1_90' title="bbox 2197 3923 3792 4002">
     <span class='ocr_line' id='line_1_90' title="bbox 2197 3923 3792 4002; baseline 0.008 -24"><span class='ocrx_word' id='word_1_592' title='bbox 2197 3939 2379 3993; x_wconf 83' lang='lat' dir='ltr'><strong>regem</strong></span> <span class='ocrx_word' id='word_1_593' title='bbox 2427 3923 2624 3981; x_wconf 81' lang='lat' dir='ltr'><strong>fratres</strong></span> <span class='ocrx_word' id='word_1_594' title='bbox 2676 3927 2794 3996; x_wconf 91' lang='lat' dir='ltr'><strong>ejus</strong></span> <span class='ocrx_word' id='word_1_595' title='bbox 2844 3929 2951 3982; x_wconf 90' lang='lat' dir='ltr'><strong>duo</strong></span> <span class='ocrx_word' id='word_1_596' title='bbox 2998 3930 3198 4000; x_wconf 87' lang='lat' dir='ltr'><strong>reperti</strong></span> <span class='ocrx_word' id='word_1_597' title='bbox 3248 3941 3391 3985; x_wconf 89' lang='lat' dir='ltr'><strong>sunt.</strong></span> <span class='ocrx_word' id='word_1_598' title='bbox 3443 3932 3562 4002; x_wconf 85' lang='lat' dir='ltr'><strong>Ipse</strong></span> <span class='ocrx_word' id='word_1_599' title='bbox 3591 3949 3792 3990; x_wconf 86' lang='lat' dir='ltr'><strong>carens</strong></span> 
     </span>
    </p>
   </div>
   <div class='ocr_carea' id='block_1_91' title="bbox 2195 4016 3789 4093">
    <p class='ocr_par' dir='ltr' id='par_1_91' title="bbox 2195 4016 3789 4093">
     <span class='ocr_line' id='line_1_91' title="bbox 2195 4016 3789 4093; baseline 0.004 -23"><span class='ocrx_word' id='word_1_600' title='bbox 2195 4016 2341 4070; x_wconf 91' lang='lat' dir='ltr'><strong>omni</strong></span> <span class='ocrx_word' id='word_1_601' title='bbox 2391 4017 2585 4072; x_wconf 90' lang='lat' dir='ltr'><strong>decore</strong></span> <span class='ocrx_word' id='word_1_602' title='bbox 2619 4018 2940 4087; x_wconf 87' lang='lat' dir='ltr'><strong>quibusdam</strong></span> <span class='ocrx_word' id='word_1_603' title='bbox 2978 4019 3170 4091; x_wconf 88' lang='lat' dir='ltr'><strong>signis,</strong></span> <span class='ocrx_word' id='word_1_604' title='bbox 3219 4037 3564 4093; x_wconf 84' lang='lat' dir='ltr'><strong>nequaquam</strong></span> <span class='ocrx_word' id='word_1_605' title='bbox 3619 4023 3789 4089; x_wconf 84' lang='lat' dir='ltr'><strong>facie,</strong></span> 
     </span>
    </p>
   </div>
   <div class='ocr_carea' id='block_1_92' title="bbox 2197 4107 3787 4184">
    <p class='ocr_par' dir='ltr' id='par_1_92' title="bbox 2197 4107 3787 4184">
     <span class='ocr_line' id='line_1_92' title="bbox 2197 4107 3787 4184; baseline 0.005 -22"><span class='ocrx_word' id='word_1_606' title='bbox 2197 4107 2504 4177; x_wconf 76' lang='lat' dir='ltr'><strong>recognitus</strong></span> <span class='ocrx_word' id='word_1_607' title='bbox 2550 4118 2630 4164; x_wconf 91' lang='lat' dir='ltr'><strong>est</strong></span> <span class='ocrx_word' id='word_1_608' title='bbox 2689 4118 2744 4164; x_wconf 91' lang='lat' dir='ltr'><strong>et</strong></span> <span class='ocrx_word' id='word_1_609' title='bbox 2805 4110 2859 4164; x_wconf 91' lang='lat' dir='ltr'><strong>in</strong></span> <span class='ocrx_word' id='word_1_610' title='bbox 2908 4125 3088 4166; x_wconf 85' lang='lat' dir='ltr'><strong>castra</strong></span> <span class='ocrx_word' id='word_1_611' title='bbox 3161 4113 3313 4166; x_wconf 85' lang='lat' dir='ltr'><strong>ducis</strong></span> <span class='ocrx_word' id='word_1_612' title='bbox 3379 4113 3640 4179; x_wconf 84' lang='lat' dir='ltr'><strong>delatus,</strong></span> <span class='ocrx_word' id='word_1_613' title='bbox 3695 4116 3787 4184; x_wconf 78' lang='lat' dir='ltr'><strong>qui</strong></span> 
     </span>
    </p>
   </div>
   <div class='ocr_carea' id='block_1_93' title="bbox 2195 4198 3790 4274">
    <p class='ocr_par' dir='ltr' id='par_1_93' title="bbox 2195 4198 3790 4274">
     <span class='ocr_line' id='line_1_93' title="bbox 2195 4198 3790 4274; baseline 0.004 -22"><span class='ocrx_word' id='word_1_614' title='bbox 2195 4198 2567 4254; x_wconf 85' lang='lat' dir='ltr'><strong>tumulandum</strong></span> <span class='ocrx_word' id='word_1_615' title='bbox 2613 4215 2736 4254; x_wconf 89' lang='lat' dir='ltr'><strong>eum</strong></span> <span class='ocrx_word' id='word_1_616' title='bbox 2787 4200 3060 4258; x_wconf 84' lang='lat' dir='ltr'><strong>Willclmo</strong></span> <span class='ocrx_word' id='word_1_617' title='bbox 3087 4204 3377 4274; x_wconf 86' lang='lat' dir='ltr'><strong>aguomine</strong></span> <span class='ocrx_word' id='word_1_618' title='bbox 3406 4204 3628 4260; x_wconf 80' lang='lat' dir='ltr'><strong>lllaletto</strong></span> <span class='ocrx_word' id='word_1_619' title='bbox 3658 4223 3790 4262; x_wconf 74' lang='lat' dir='ltr'><strong>cnti-</strong></span> 
     </span>
    </p>
   </div>
   <div class='ocr_carea' id='block_1_94' title="bbox 2194 4291 3788 4366">
    <p class='ocr_par' dir='ltr' id='par_1_94' title="bbox 2194 4291 3788 4366">
     <span class='ocr_line' id='line_1_94' title="bbox 2194 4291 3788 4366; baseline 0.004 -20"><span class='ocrx_word' id='word_1_620' title='bbox 2194 4291 2379 4351; x_wconf 88' lang='lat' dir='ltr'><strong>cessit.</strong></span> <span class='ocrx_word' id='word_1_621' title='bbox 2415 4306 2518 4345; x_wconf 88' lang='lat' dir='ltr'><strong>non</strong></span> <span class='ocrx_word' id='word_1_622' title='bbox 2567 4292 2727 4346; x_wconf 86' lang='lat' dir='ltr'><strong>matri</strong></span> <span class='ocrx_word' id='word_1_623' title='bbox 2783 4309 2878 4364; x_wconf 88' lang='lat' dir='ltr'><strong>pro</strong></span> <span class='ocrx_word' id='word_1_624' title='bbox 2922 4309 3150 4365; x_wconf 89' lang='lat' dir='ltr'><strong>corpore</strong></span> <span class='ocrx_word' id='word_1_625' title='bbox 3189 4294 3401 4351; x_wconf 74' lang='lat' dir='ltr'><strong>dilecta:</strong></span> <span class='ocrx_word' id='word_1_626' title='bbox 3450 4296 3618 4366; x_wconf 91' lang='lat' dir='ltr'><strong>prolis</strong></span> <span class='ocrx_word' id='word_1_627' title='bbox 3667 4299 3788 4352; x_wconf 89' lang='lat' dir='ltr'><strong>auri</strong></span> 
     </span>
    </p>
   </div>
   <div class='ocr_carea' id='block_1_95' title="bbox 2195 4380 3787 4452">
    <p class='ocr_par' dir='ltr' id='par_1_95' title="bbox 2195 4380 3787 4452">
     <span class='ocr_line' id='line_1_95' title="bbox 2195 4380 3787 4452; baseline 0.005 -18"><span class='ocrx_word' id='word_1_628' title='bbox 2195 4396 2294 4452; x_wconf 90' lang='lat' dir='ltr'><strong>par</strong></span> <span class='ocrx_word' id='word_1_629' title='bbox 2323 4383 2532 4451; x_wconf 91' lang='lat' dir='ltr'><strong>pondus</strong></span> <span class='ocrx_word' id='word_1_630' title='bbox 2559 4380 2824 4438; x_wconf 72' lang='lat' dir='ltr'><strong>offerenti.</strong></span> <span class='ocrx_word' id='word_1_631' title='bbox 2881 4384 3050 4440; x_wconf 88' lang='lat' dir='ltr'><strong>Scivit</strong></span> <span class='ocrx_word' id='word_1_632' title='bbox 3095 4387 3240 4440; x_wconf 91' lang='lat' dir='ltr'><strong>enim</strong></span> <span class='ocrx_word' id='word_1_633' title='bbox 3296 4401 3402 4440; x_wconf 93' lang='lat' dir='ltr'><strong>non</strong></span> <span class='ocrx_word' id='word_1_634' title='bbox 3455 4385 3651 4442; x_wconf 88' lang='lat' dir='ltr'><strong>decere</strong></span> <span class='ocrx_word' id='word_1_635' title='bbox 3693 4389 3787 4442; x_wconf 81' lang='lat' dir='ltr'><strong>tali</strong></span> 
     </span>
    </p>
   </div>
   <div class='ocr_carea' id='block_1_96' title="bbox 2193 4473 3792 4547">
    <p class='ocr_par' dir='ltr' id='par_1_96' title="bbox 2193 4473 3792 4547">
     <span class='ocr_line' id='line_1_96' title="bbox 2193 4473 3792 4547; baseline 0.004 -20"><span class='ocrx_word' id='word_1_636' title='bbox 2193 4473 2529 4529; x_wconf 88' lang='lat' dir='ltr'><strong>commercio</strong></span> <span class='ocrx_word' id='word_1_637' title='bbox 2552 4489 2741 4529; x_wconf 87' lang='lat' dir='ltr'><strong>aurum</strong></span> <span class='ocrx_word' id='word_1_638' title='bbox 2775 4476 2970 4545; x_wconf 90' lang='lat' dir='ltr'><strong>accipi.</strong></span> <span class='ocrx_word' id='word_1_639' title='bbox 3002 4475 3315 4532; x_wconf 64' lang='lat' dir='ltr'><strong>Estimavit</strong></span> <span class='ocrx_word' id='word_1_640' title='bbox 3361 4477 3641 4547; x_wconf 85' lang='lat' dir='ltr'><strong>indignum</strong></span> <span class='ocrx_word' id='word_1_641' title='bbox 3675 4479 3792 4534; x_wconf 88' lang='lat' dir='ltr'><strong>fore</strong></span> 
     </span>
    </p>
   </div>
   <div class='ocr_carea' id='block_1_97' title="bbox 2199 4563 3790 4638">
    <p class='ocr_par' dir='ltr' id='par_1_97' title="bbox 2199 4563 3790 4638">
     <span class='ocr_line' id='line_1_97' title="bbox 2199 4563 3790 4638; baseline 0.003 -21"><span class='ocrx_word' id='word_1_642' title='bbox 2199 4563 2266 4618; x_wconf 89' lang='lat' dir='ltr'><strong>ad</strong></span> <span class='ocrx_word' id='word_1_643' title='bbox 2296 4563 2486 4618; x_wconf 87' lang='lat' dir='ltr'><strong>matris</strong></span> <span class='ocrx_word' id='word_1_644' title='bbox 2521 4563 2732 4619; x_wconf 89' lang='lat' dir='ltr'><strong>libitum</strong></span> <span class='ocrx_word' id='word_1_645' title='bbox 2764 4565 3002 4636; x_wconf 88' lang='lat' dir='ltr'><strong>sepeliri,</strong></span> <span class='ocrx_word' id='word_1_646' title='bbox 3040 4566 3194 4636; x_wconf 86' lang='lat' dir='ltr'><strong>cujus</strong></span> <span class='ocrx_word' id='word_1_647' title='bbox 3221 4568 3289 4622; x_wconf 90' lang='lat' dir='ltr'><strong>ob</strong></span> <span class='ocrx_word' id='word_1_648' title='bbox 3315 4567 3537 4620; x_wconf 84' lang='lat' dir='ltr'><strong>nimiam</strong></span> <span class='ocrx_word' id='word_1_649' title='bbox 3583 4570 3790 4638; x_wconf 87' lang='lat' dir='ltr'><strong>cupidi-</strong></span> 
     </span>
    </p>
   </div>
   <div class='ocr_carea' id='block_1_98' title="bbox 2201 4653 3788 4725">
    <p class='ocr_par' dir='ltr' id='par_1_98' title="bbox 2201 4653 3788 4725">
     <span class='ocr_line' id='line_1_98' title="bbox 2201 4653 3788 4725; baseline 0.003 -17"><span class='ocrx_word' id='word_1_650' title='bbox 2201 4661 2364 4708; x_wconf 87' lang='lat' dir='ltr'><strong>tatem</strong></span> <span class='ocrx_word' id='word_1_651' title='bbox 2400 4653 2651 4725; x_wconf 88' lang='lat' dir='ltr'><strong>insepulti</strong></span> <span class='ocrx_word' id='word_1_652' title='bbox 2697 4666 3042 4710; x_wconf 85' lang='lat' dir='ltr'><strong>remanerent</strong></span> <span class='ocrx_word' id='word_1_653' title='bbox 3095 4657 3539 4712; x_wconf 87' lang='lat' dir='ltr'><strong>innumerabiles.</strong></span> <span class='ocrx_word' id='word_1_654' title='bbox 3576 4659 3788 4713; x_wconf 87' lang='lat' dir='ltr'><strong>Dictum</strong></span> 
     </span>
    </p>
   </div>
   <div class='ocr_carea' id='block_1_99' title="bbox 2199 4748 3792 4820">
    <p class='ocr_par' dir='ltr' id='par_1_99' title="bbox 2199 4748 3792 4820">
     <span class='ocr_line' id='line_1_99' title="bbox 2199 4748 3792 4820; baseline 0.003 -17"><span class='ocrx_word' id='word_1_655' title='bbox 2199 4759 2284 4803; x_wconf 89' lang='lat' dir='ltr'><strong>est</strong></span> <span class='ocrx_word' id='word_1_656' title='bbox 2327 4748 2602 4805; x_wconf 90' lang='lat' dir='ltr'><strong>illudendo</strong></span> <span class='ocrx_word' id='word_1_657' title='bbox 2645 4760 2898 4820; x_wconf 90' lang='lat' dir='ltr'><strong>oportere</strong></span> <span class='ocrx_word' id='word_1_658' title='bbox 2921 4750 3082 4806; x_wconf 88' lang='lat' dir='ltr'><strong>situm</strong></span> <span class='ocrx_word' id='word_1_659' title='bbox 3117 4765 3238 4807; x_wconf 90' lang='lat' dir='ltr'><strong>esse</strong></span> <span class='ocrx_word' id='word_1_660' title='bbox 3278 4752 3553 4806; x_wconf 76' lang='lat' dir='ltr'><strong>custodem</strong></span> <span class='ocrx_word' id='word_1_661' title='bbox 3593 4752 3792 4807; x_wconf 76' lang='lat' dir='ltr'><strong>littoris</strong></span> 
     </span>
    </p>
   </div>
   <div class='ocr_carea' id='block_1_100' title="bbox 2199 4839 3790 4911">
    <p class='ocr_par' dir='ltr' id='par_1_100' title="bbox 2199 4839 3790 4911">
     <span class='ocr_line' id='line_1_100' title="bbox 2199 4839 3790 4911; baseline 0.001 -17"><span class='ocrx_word' id='word_1_662' title='bbox 2199 4848 2255 4894; x_wconf 88' lang='lat' dir='ltr'><strong>et</strong></span> <span class='ocrx_word' id='word_1_663' title='bbox 2300 4839 2511 4911; x_wconf 84' lang='lat' dir='ltr'><strong>pelagi,</strong></span> <span class='ocrx_word' id='word_1_664' title='bbox 2551 4857 2670 4910; x_wconf 74' lang='lat' dir='ltr'><strong>quze</strong></span> <span class='ocrx_word' id='word_1_665' title='bbox 2726 4858 2849 4896; x_wconf 91' lang='lat' dir='ltr'><strong>cum</strong></span> <span class='ocrx_word' id='word_1_666' title='bbox 2902 4843 3071 4897; x_wconf 88' lang='lat' dir='ltr'><strong>armis</strong></span> <span class='ocrx_word' id='word_1_667' title='bbox 3113 4852 3238 4897; x_wconf 89' lang='lat' dir='ltr'><strong>ante</strong></span> <span class='ocrx_word' id='word_1_668' title='bbox 3287 4857 3518 4896; x_wconf 85' lang='lat' dir='ltr'><strong>vesanus</strong></span> <span class='ocrx_word' id='word_1_669' title='bbox 3568 4843 3790 4896; x_wconf 85' lang='lat' dir='ltr'><strong>insedit.</strong></span> 
     </span>
    </p>
   </div>
   <div class='ocr_carea' id='block_1_101' title="bbox 2201 4931 3792 5004">
    <p class='ocr_par' dir='ltr' id='par_1_101' title="bbox 2201 4931 3792 5004">
     <span class='ocr_line' id='line_1_101' title="bbox 2201 4931 3792 5004; baseline 0.001 -18"><span class='ocrx_word' id='word_1_670' title='bbox 2201 4931 2311 4987; x_wconf 83' lang='lat' dir='ltr'><strong>Nos</strong></span> <span class='ocrx_word' id='word_1_671' title='bbox 2358 4933 2478 4997; x_wconf 66' lang='lat' dir='ltr'><strong>tibi,</strong></span> <span class='ocrx_word' id='word_1_672' title='bbox 2529 4933 2780 4998; x_wconf 78' lang='lat' dir='ltr'><strong>l-leralde,</strong></span> <span class='ocrx_word' id='word_1_673' title='bbox 2836 4950 2943 4988; x_wconf 90' lang='lat' dir='ltr'><strong>non</strong></span> <span class='ocrx_word' id='word_1_674' title='bbox 2985 4935 3330 5000; x_wconf 83' lang='lat' dir='ltr'><strong>insultamns,</strong></span> <span class='ocrx_word' id='word_1_675' title='bbox 3387 4933 3481 4989; x_wconf 92' lang='lat' dir='ltr'><strong>scd</strong></span> <span class='ocrx_word' id='word_1_676' title='bbox 3531 4951 3655 4990; x_wconf 81' lang='lat' dir='ltr'><strong>curn</strong></span> <span class='ocrx_word' id='word_1_677' title='bbox 3703 4937 3792 5004; x_wconf 80' lang='lat' dir='ltr'><strong>pio</strong></span> 
     </span>
    </p>
   </div>
  </div>
