4040 5314
201 251 344 306 125⁸7

1716 244 1963 301 CESTA.

3338 247 3476 304 12-58

191 366 406 420 faceret
456 363 636 418 minus
679 371 978 434 potentem.
1038 363 1216 420 Ruisti
1277 363 1401 418 dein
1449 362 1687 419 furiosus
1740 364 1791 417 in
1822 366 1870 423 Α
1902 359 2052 414 multi
2109 362 2371 432 proﬂuvio
2412 365 2617 421 ventris
2665 363 2920 422 exstincti
2962 371 3110 431 sunt,
3149 364 3369 436 plurimi
3423 367 3476 422 in

194 459 431 513 alterum
486 454 821 523 conﬂictum,
872 465 932 511 ut
983 456 1201 526 adjutus
1257 457 1446 526 patriae
1497 457 1789 527 parricidio

195 548 384 619 regale
405 546 572 603 decus
601 561 708 601 non
737 545 1038 602 amitteres.
1075 545 1265 602 Traxit
1307 549 1470 618 igitur
1514 558 1566 603 te
1603 547 1788 604 clades

194 648 478 696 contracta
506 653 606 710 per
646 647 717 694 te.
751 638 890 695 Ecce
927 653 1033 694 non
1061 639 1232 711 fulges
1274 640 1326 694 iu
1360 655 1589 707 corona,
1621 656 1784 711 quam

194 730 405 800 perfide
435 730 701 792 invasisti,
737 744 842 784 non
867 730 1071 786 resides
1101 730 1153 784 in
1186 730 1348 798 solio,
1387 733 1530 802 quod
1556 731 1787 802 superbe

194 820 1050 890 ascendisti.Arguuntextrema
1088 829 1177 876 tua
1221 836 1384 890 quam
1435 831 1581 878 recte
1625 822 1788 878 subli-

195 921 381 966 matus
434 910 602 966 fueris
639 911 890 966 Edwardi
924 912 1065 967 dono
1109 913 1161 967 in
1196 912 1365 982 ipsius
1415 914 1541 969 ﬂne.
1581 913 1782 986 [legum

197 1015 380 1061 terror
431 1013 684 1070 cometa,
740 1013 862 1076 post
921 1006 1134 1060 initium
1190 1006 1496 1062 altitudinis
1544 1016 1648 1063 tuae
1685 1022 1775 1064 co-

195 1113 449 1162 ruscans,
479 1097 704 1152 exilium
742 1097 837 1152 tibi
879 1098 1208 1152 vaticinatus
1234 1096 1357 1152 fuit.

269 1189 496 1254 Verum,
521 1204 724 1244 omissa
763 1189 962 1255 naenia,
1015 1188 1328 1245 felicitatem
1379 1203 1540 1259 quam
1593 1191 1782 1245 eadem

192 1284 351 1341 stella
405 1283 678 1354 portendit
725 1282 1079 1338 disseramus.
1137 1270 1463 1354 Argivorum
1504 1299 1596 1338 rex
1645 1283 1782 1354 Aga-

189 1389 474 1436 memnon,
489 1372 695 1428 habens
719 1373 769 1427 in
795 1372 1000 1427 auxilio
1019 1362 1218 1427 multos
1240 1373 1404 1428 duces
1421 1381 1586 1443 atque
1609 1390 1779 1442 reges,

189 1466 412 1522 unicam
444 1466 633 1520 urbem
688 1463 889 1520 Priami
933 1464 1057 1520 dolo
1097 1466 1187 1520 vix
1233 1467 1431 1522 evertit
1471 1465 1780 1523 obsidionis

190 1572 339 1612 anno
387 1557 620 1613 decimo.
671 1555 802 1624 Qua:
859 1557 1060 1611 fuerint
1103 1558 1220 1627 ejus
1253 1557 1484 1612 militum
1536 1557 1778 1628 ingenia,

189 1665 315 1720 qum
367 1650 579 1717 virtus,
633 1650 878 1706 carmina
929 1658 1213 1706 testantur.
1264 1649 1394 1705 ltcxn
1470 1650 1639 1705 Roma
1705 1651 1781 1706 sic

188 1742 373 1796 adulta
412 1742 625 1812 Opibus,
657 1751 716 1795 ut
765 1741 882 1795 orbi
933 1751 1202 1795 terrarum
1249 1741 1409 1796 vellet
1456 1742 1776 1812 praesidere,

190 1834 356 1888 urbes
417 1833 623 1904 aliquot
680 1832 920 1895 devicit,
981 1832 1222 1902 singulas
1290 1832 1536 1902 pluribus
1600 1834 1784 1887 annis.

189 1926 420 1996 Subegit
447 1934 628 1980 autem
667 1925 830 1979 urbes
880 1924 1178 1994 Anglorum
1226 1933 1453 1978 cunctas
1501 1923 1608 1979 dux
1642 1924 1780 1978 Wil-

187 2019 387 2075 lelmus
414 2019 586 2089 copiis
630 2017 1038 2074 Nortbmauuite
1088 2035 1198 2074 uno
1243 2020 1329 2074 die
1356 2019 1424 2073 ab
1453 2020 1584 2074 liora
1625 2022 1780 2076 tertia

189 2111 247 2164 in
275 2125 584 2180 vesperum,
642 2125 748 2166 non
804 2111 973 2166 multo
1020 2112 1362 2168 extrinsecus
1399 2114 1688 2184 adjutorio.
1722 2114 1778 2169 Si

189 2208 477 2256 tuerentur
502 2217 594 2257 eas
626 2201 826 2256 muenia
855 2200 1110 2272 Trojaua,
1140 2203 1288 2256 brevi
1315 2202 1441 2258 talis
1467 2205 1565 2258 viri
1589 2221 1782 2260 manus

186 2303 246 2347 et
287 2293 579 2349 consilium
641 2293 999 2349 excinderent
1052 2292 1334 2366 Pergama.
1400 2294 1590 2350 Posset
1639 2296 1781 2353 illico

187 2385 371 2439 victor
397 2383 579 2439 sedem
616 2384 821 2455 regiam
851 2385 1024 2448 adire,
1058 2385 1336 2454 imponere
1367 2387 1468 2440 sibi
1500 2388 1777 2453 diadema,

189 2485 355 2542 terra:
381 2475 601 2532 divitias
652 2475 704 2530 in
758 2477 995 2546 przcdam
1049 2479 1162 2532 suis
1206 2478 1468 2534 militibus
1521 2481 1780 2544 tribuere,

188 2583 440 2638 quosque
474 2577 722 2639 potentes
755 2568 892 2624 alios
939 2567 1207 2640 jugulare,
1259 2572 1395 2626 alios
1448 2572 1498 2627 in
1530 2573 1779 2628 exsilium

189 2661 411 2731 ejicere.
443 2660 550 2716 Sed
584 2662 918 2718 moderatius
964 2663 1045 2719 ire
1089 2663 1312 2733 placuit,
1346 2676 1510 2736 atque
1538 2667 1780 2722 clemen-

194 2753 303 2806 tius
335 2753 625 2807 dominari.
654 2754 943 2809 Consuevit
967 2770 1201 2824 namque
1229 2757 1440 2827 pridem
1468 2758 1782 2815 adolescens

205 2845 566 2912 temperantia
598 2844 857 2900 decorare
903 2846 1222 2914 triumphos.
1261 2846 1368 2901 Par
1405 2847 1616 2914 fuisset,
1673 2848 1782 2902 An-

191 2935 404 3005 glorqu
427 2937 516 3006 qui
539 2952 660 2992 sese
680 2951 775 3006 per
798 2935 1048 3004 iujuriam
1071 2945 1274 2992 tantam
1299 2941 1783 3010 pessumdederunt

193 3030 248 3084 in
276 3039 531 3095 mortem,
573 3043 766 3084 carnes
811 3029 932 3098 gula
981 3030 1211 3086 vulturis
1242 3030 1458 3102 lupique
1506 3033 1780 3098 devorari,

191 3125 409 3179 ossibus
443 3122 725 3194 insepultis
756 3139 975 3192 campus
1029 3122 1142 3178 fore
1200 3125 1456 3194 sepultos.
1487 3124 1776 3189 Creterum,

193 3217 271 3274 illi
303 3216 522 3271 crudele
557 3217 730 3271 visum
762 3226 843 3270 est
868 3217 970 3270 tale
997 3217 1343 3286 supplicium.
1373 3217 1684 3274 Volcntibus
1711 3221 1776 3274 ad

194 3307 529 3361 humandum
559 3321 654 3360 eos
682 3306 940 3376 colligere
987 3306 1210 3360 liberam
1246 3309 1516 3362 concessit
1545 3317 1780 3378 potesta-

194 3411 326 3452 tem.
379 3398 630 3453 llumatis
673 3409 853 3452 autem
904 3398 1040 3462 suis,
1093 3398 1461 3468 dispositaque
1503 3401 1771 3463 custodia,

195 3490 482 3561 llastingas
519 3505 642 3544 cum
687 3497 909 3543 strenuo
949 3488 1204 3558 praefecto
1261 3489 1661 3544 Romanzerium
1689 3507 1777 3546 ac-

192 3583 414 3647 cedens,
441 3597 602 3651 quam
628 3581 825 3651 placuit
858 3596 1070 3650 pmnam
1114 3583 1290 3651 exegit
1340 3597 1437 3651 pro
1474 3581 1624 3636 clade
1654 3597 1778 3636 suo-

193 3692 340 3738 rum,
392 3691 528 3745 quos
571 3675 699 3728 illuc
741 3688 928 3728 errore
973 3672 1227 3742 appulsos
1265 3673 1377 3726 fera
1415 3687 1544 3742 gens
1585 3671 1775 3726 adorta

190 3768 384 3838 praelia
430 3783 554 3823 cum
601 3769 880 3836 utriusque
931 3765 1103 3836 partis
1159 3765 1396 3821 maximo
1451 3765 1778 3821 detrimento

192 3859 426 3913 fuderat.
754 3903 781 3927 ,

265 3949 404 4004 llinc
429 3949 688 4004 Doveram
710 3947 1011 4009 contendit,
1042 3947 1130 4000 ubi
1164 3946 1416 4017 populum
1468 3947 1777 4002 innumera-

192 4034 358 4094 bilem
389 4045 772 4106 congregatum
797 4042 1103 4103 acceperat,
1136 4033 1280 4101 quod
1315 4031 1465 4087 locus
1495 4033 1580 4088 ille
1625 4033 1776 4089 inex-

194 4127 498 4198 pugnabilis
544 4127 849 4181 videbatur.
902 4126 971 4180 At
1008 4125 1124 4191 ejus
1162 4125 1568 4195 propinquitate
1616 4126 1772 4194 Angli

192 4219 449 4290 perculsi,
479 4233 652 4288 neque
675 4228 884 4274 naturae
907 4217 989 4273 vel
1012 4218 1191 4287 operis
1215 4219 1572 4282 munimento,
1600 4233 1776 4288 neque

194 4312 526 4367 multitudini
557 4313 796 4367 virorum
827 4310 1122 4366 confidunt.
1158 4309 1330 4365 Situm
1373 4319 1458 4365 est
1499 4310 1551 4364 id
1581 4309 1776 4364 castel-

194 4405 302 4460 lum
355 4405 408 4460 in
439 4420 572 4475 rupe
600 4405 736 4459 mari
771 4405 1049 4475 contigua,
1098 4420 1217 4473 qua:
1249 4403 1568 4457 naturaliter
1595 4413 1772 4470 acuta,
1810 4423 1852 4479 ι)

193 4498 432 4567 undique
483 4497 549 4552 ad
591 4498 693 4552 hoc
741 4495 1090 4551 ferramentis
1141 4494 1418 4550 elaborate
1474 4494 1668 4560 incisa,
1719 4495 1771 4548 in

191 4589 430 4661 speciem
481 4588 622 4642 muri
665 4587 1025 4642 directissima
1056 4585 1360 4648 altitudine,
1390 4595 1651 4654 quantum
1683 4601 1772 4641 sa-

191 4685 342 4753 gitta:
393 4683 573 4753 jactus
622 4680 898 4751 permetiri
956 4689 1154 4751 potest,
1218 4679 1525 4748 consurgit;
1580 4693 1686 4748 quo
1717 4679 1771 4735 iu

193 4776 364 4830 latere
411 4774 552 4828 unda
582 4775 788 4828 marina
821 4773 1060 4828 alluitur.
1094 4771 1226 4826 Cum
1271 4779 1451 4826 autem
1483 4771 1772 4825 Castellani

191 4865 464 4935 supplices
522 4863 849 4918 deditionem
901 4871 1175 4932 pararent,
1220 4860 1474 4929 armigeri
1503 4861 1775 4916 exercitus

194 4961 366 5014 nostri
412 4958 606 5028 pl‘tBtltB
643 4958 893 5026 cupidine
950 4957 1125 5027 ignem
1176 4954 1500 5024 injeccrunt.
1533 4953 1775 5010 Flamma

195 5053 412 5106 levitate
443 5066 538 5105 sua
574 5048 802 5103 volitans
838 5049 1096 5119 pleraque
1133 5045 1414 5118 corripuit.
1448 5045 1559 5098 Dux
1590 5044 1780 5104 nolens

194 5143 535 5198 incommoda
562 5156 773 5204 eorum,
821 5143 911 5210 qui
959 5155 1144 5196 secum
1177 5136 1577 5195 deditionaliter
1616 5153 1777 5206 :tgem

739 5247 803 5252 -_.-
866 5237 918 5252 .l-
947 5237 1001 5252 l'a
1059 5237 1516 5252 ..Α-ηιξ.--,...λΙι-αιιι-υιι
1577 5237 1746 5252 Α..ο;--ν

1895 459 2201 507 extremum
2233 455 2357 509 vitm
2388 455 2654 510 debilitati
2676 455 2988 512 discrimen.
3021 456 3264 514 Adversa
3296 466 3474 514 tamen

1891 549 1945 596 et
1975 541 2090 596 btec
2118 541 2496 600 fortitudinem
2524 545 2677 602 ducis
2706 562 2811 602 non
2835 546 3132 618 fregerunt.
3161 547 3477 603 Custodiam

1892 633 2022 688 inibi
2047 650 2262 706 quoque
2290 638 2606 708 relinquens
2629 648 2684 694 et
2706 641 3016 710 dysenteria
3040 641 3380 712 languentes,
3406 643 3473 696 ad

1888 724 2318 793 perdomandum
2354 744 2492 799 quos
2520 729 2717 786 devicit
2748 732 3133 802 proficiscitur.
3167 733 3480 790 Occurrunt

1889 816 2031 872 ultro
2059 818 2341 876 Cantuarii
2382 821 2524 876 haud
2556 823 2744 891 procul
2777 838 2808 877 a
2837 824 3067 889 Dovera,
3113 824 3305 896 jurant
3336 823 3473 880 fide-

1888 908 2121 974 litatem,
2151 912 2282 965 dant
2305 912 2542 968 obsides.
2573 912 2915 970 Contremuit
2949 917 3110 971 etiam
3141 927 3335 986 potens
3363 931 3478 971 me-

1896 1003 2122 1072 tropolis
2165 1015 2311 1059 metu
2367 1015 2444 1071 et,
2498 1021 2567 1062 ne
2616 1005 2859 1063 funditus
2917 1008 3170 1075 caderet,
3209 1007 3476 1064 ullatenus

1891 1092 2216 1158 resistendo,
2249 1097 2541 1149 maturavit
2587 1096 2879 1168 impetrare
2916 1108 3115 1153 statum
3147 1097 3470 1155 obediendo.

1891 1182 2128 1240 Veniens
2153 1195 2370 1255 postero
2403 1187 2491 1242 die
2517 1188 2584 1243 ad
2614 1189 2868 1244 Fractam
2897 1190 3111 1244 Turrim
3152 1201 3331 1246 castra
3360 1206 3473 1247 me-

1889 1283 2031 1330 tatus
2053 1285 2158 1341 est,
2181 1292 2290 1347 quo
2321 1279 2372 1334 in
2399 1279 2517 1335 loco
2545 1281 2863 1349 gravissima
2883 1283 2964 1336 sui
2990 1283 3232 1352 corporis
3263 1284 3471 1339 valetu-

1886 1367 2010 1425 dine
2029 1369 2242 1424 animos
2257 1370 2607 1427 familiarium
2632 1375 2746 1444 pari
2769 1375 3110 1430 conturbavit
3129 1376 3469 1446 aegritudine.

1889 1459 2088 1516 Volens
2111 1470 2292 1517 autem
2315 1463 2590 1532 publicum
2609 1463 2833 1530 bonum,
2852 1481 2920 1522 ne
2935 1468 3210 1523 exercitus
3233 1477 3473 1538 egestate

1886 1563 2071 1605 rerum
2123 1553 2556 1608 necessariarum
2613 1555 2911 1623 laboraret,
2970 1558 3143 1614 noluit
3192 1559 3475 1630 indulgere

1885 1642 1988 1698 sibi
2015 1658 2196 1699 moras
2236 1644 2309 1699 ibi
2339 1646 2567 1715 agendo.
2598 1645 2922 1718 Quanquam
2979 1649 3144 1705 fuerit
3187 1666 3474 1706 commune

1815 1708 1855 1767 Β
1887 1734 2188 1805 proficuum
2215 1751 2279 1792 ac
2309 1708 2466 1792 valde
2517 1708 2812 1808 optandum
2856 1741 3122 1812 optimum
3171 1743 3362 1799 ducem
3404 1745 3473 1797 ad

1883 1825 2175 1880 sanitatem
2215 1828 2525 1883 convalere.

1954 1916 2164 1973 Interea
2238 1918 2558 1988 Stigandus,
2605 1919 3020 1978 Cantuariensis
3085 1925 3469 1994 arclripraesul,

1885 2011 1974 2080 qui
2000 2012 2142 2066 sicut
2170 2011 2470 2067 excellebat
2505 2013 2698 2085 opibus
2738 2021 2902 2085 atque
2930 2016 3212 2086 dignitate,
3245 2019 3317 2072 ita
3335 2032 3470 2072 cou-
3529 2038 3532 2041 ·

1881 2099 2040 2154 sultis
2071 2099 2370 2170 plurimum
2397 2103 2540 2172 apud
2569 2103 2772 2174 Anglos
2815 2114 3048 2174 poterat,
3085 2123 3206 2161 eum
3232 2107 3356 2163 ﬁliis
3381 2107 3474 2162 Al-

1884 2190 2035 2260 gardi
2071 2191 2300 2264 aliisque
2329 2196 2757 2264 prmpotentibus
2796 2198 3042 2267 prmlium
3079 2199 3337 2254 minatur.
3368 2199 3473 2256 Re-

1883 2297 2006 2354 gem
2056 2292 2362 2340 statuerant
2409 2286 2682 2357 Edgarum
2736 2287 3052 2352 Adeliuum,
3099 2304 3164 2344 ex
3215 2291 3470 2349 Edwardi

1885 2374 2028 2444 regis
2052 2374 2330 2429 nobilitate
2355 2376 2514 2432 annis
2555 2392 2804 2448 puerum.
2840 2378 2971 2433 Erat
3008 2379 3260 2436 videlicet
3281 2397 3468 2436 eorum

1884 2465 1995 2518 voti
2023 2479 2232 2519 summa
2257 2479 2362 2521 non
2393 2466 2595 2522 habere
2619 2467 2898 2523 dominum
2922 2483 3082 2538 quem
3103 2487 3208 2527 non
3232 2473 3472 2527 habuere

1885 2554 2325 2623 compatriotam.
2387 2554 2611 2623 Verum,
2657 2557 2752 2628 qui
2811 2544 3082 2614 dominari
3129 2563 3315 2616 debuit
3369 2564 3470 2627 eis,

1885 2644 2156 2716 intrepide
2187 2660 2581 2717 approperans,
2628 2647 2721 2703 ubi
2781 2647 3210 2720 frequentiorem
3260 2651 3472 2708 audivit

1882 2751 2069 2792 eorum
2101 2747 2453 2804 conventum,
2492 2753 2598 2794 non
2639 2739 2798 2811 longe
2828 2755 2857 2794 a
2893 2739 3175 2796 Lundonia
3205 2744 3470 2798 consedit.

1955 2826 2264 2883 Praeterluit
2283 2843 2404 2883 eam
2431 2829 2618 2884 urbem
2639 2827 2838 2884 ﬂuvius
2861 2829 3127 2896 Tamesis,
3154 2833 3470 2903 peregrinas

1885 2933 1916 2976 e
1941 2929 2101 2991 portu
2136 2921 2348 2976 marino
2377 2921 2597 2976 divitias
2625 2921 2945 2976 advectaus.
2978 2922 3111 2977 Cum
3146 2923 3291 2978 solos
3320 2925 3469 2981 cives

1888 3010 2104 3078 habeat,
2132 3011 2353 3080 copioso
2381 3024 2446 3067 ac
2476 3011 2790 3081 prmstantia
2831 3013 3053 3068 militari
3086 3013 3294 3069 famoso
3319 3016 3468 3071 inco-

1884 3099 1998 3155 latu
2049 3101 2314 3156 abundat.
2377 3099 2528 3156 Tunc
2586 3116 2718 3157 vero
2773 3101 3111 3158 conﬂuxerat
3172 3106 3238 3159 ad
3300 3107 3467 3176 ipsam

1884 3195 2082 3264 hospes
2137 3194 2294 3249 turba
2353 3205 2840 3265 prepuguatorum,
2872 3212 3057 3266 quam,
3107 3199 3233 3256 licet
3262 3203 3468 3258 ambitu

1888 3285 2050 3340 niruis
2067 3285 2264 3356 ampla,
2294 3301 2402 3340 non
2423 3285 2582 3342 facile
2612 3288 2880 3358 capiebat.
2905 3288 3174 3346 Ptazmissi
3201 3292 3291 3347 illo
3315 3296 3468 3357 equi-

1885 3386 1967 3431 tes
1983 3377 2345 3432 Nortltmanni
2369 3376 2674 3449 quingenti,
2699 3383 2974 3450 egressam
2997 3391 3181 3437 contra
3209 3398 3267 3438 se
3291 3386 3464 3439 aciem

1883 3466 2134 3537 refugere
2179 3469 2321 3524 intra
2372 3470 2576 3524 mcenia
2636 3469 2872 3540 impigre
2923 3473 3272 3543 compellunt,
3318 3485 3468 3548 terga

1879 3559 2154 3615 cedentes.
2171 3559 2350 3616 Multae
2371 3561 2540 3630 stragi
2558 3561 2766 3616 addunt
2793 3562 3128 3630 incendium,
3157 3577 3465 3624 cremantes

1879 3651 2141 3721 quidquid
2191 3652 2545 3709 tedificiorum
2597 3653 2737 3708 citra
2809 3653 3007 3710 ﬂumen
3065 3657 3344 3726 invenere,
3405 3671 3466 3716 ut

1882 3741 2026 3797 malo
2050 3741 2252 3812 duplici
2281 3744 2513 3814 superba
2539 3743 2746 3802 ferocia
2776 3747 3162 3803 contundatur.
3188 3751 3304 3806 Dux
3336 3768 3464 3823 pro-

1879 3835 2127 3903 grediens
2155 3835 2277 3891 dein
2307 3849 2525 3907 quoquo
2574 3851 2796 3893 versum
2845 3839 3070 3908 placuit,
3130 3850 3464 3902 transmeato

1878 3925 2098 3981 ﬂumine
2127 3925 2362 3992 Tamesi,
2385 3926 2524 3982 vado
2551 3928 2714 3982 simul
2737 3937 2900 3999 atque
2927 3939 3091 3998 ponte
3111 3933 3178 3988 ad
3205 3937 3462 4005 oppidum

1877 4016 2271 4090 Guarengefort
2301 4017 2702 4092 [Walengford]
2733 4023 2998 4091 pervenit.

1950 4107 2251 4163 Adveniens
2271 4110 2461 4164 eodem
2489 4107 2782 4181 Stigandus
2813 4111 3053 4180 pontifex
3085 4116 3459 4184 metropolita~

1879 4222 2002 4269 nus,
2033 4205 2282 4260 manibus
2309 4205 2360 4259 ei
2405 4219 2525 4260 sese
2551 4204 2721 4270 dedit,
2777 4205 2936 4259 fidem
2968 4218 3313 4263 sacramento
3343 4227 3469 4266 con-

1881 4296 2134 4361 firmavit,
2165 4295 2434 4365 abrogans
2459 4295 2750 4349 Adeliuurn
2784 4309 2945 4363 quem
2974 4295 3170 4352 leviter
3200 4299 3464 4368 elegerat.

1884 4387 2019 4443 llinc
2070 4386 2406 4458 procedenti,
2462 4389 2646 4441 statim
2705 4399 2767 4440 ut
2819 4387 3098 4444 Lundonia
3151 4396 3465 4460 conspectui

1881 4481 2118 4553 patebat,
2165 4480 2380 4536 obviam
2436 4489 2637 4534 exeunt
2686 4479 2964 4549 principes
3021 4481 3283 4549 civitatis,
3346 4501 3466 4540 sese

1879 4583 2241 4643 cunctamque
2270 4571 2546 4626 civitatem
2572 4572 2627 4625 in
2656 4571 2978 4640 obsequium
3013 4560 3171 4636 illius,
3205 4580 3464 4644 quemad-

1880 4666 2096 4720 modum
2139 4673 2266 4718 ante
2314 4662 2593 4717 Cantuarii
2651 4661 2907 4728 tratlunt,
2955 4664 3174 4720 obsides
3228 4679 3366 4735 quos
3410 4677 3467 4720 et

1879 4766 2011 4828 quot
2054 4756 2283 4827 imperat
2309 4753 2602 4808 adducunt.
2627 4755 2806 4810 Orant
2837 4764 2960 4822 post
2990 4756 3102 4809 haec
3124 4768 3183 4812 ut
3208 4771 3468 4812 coronam

1883 4859 2064 4906 sumat
2103 4866 2208 4904 una
2260 4846 2546 4919 pontifices
2601 4857 2769 4917 atque
2809 4848 2992 4903 emteri
3039 4857 3369 4913 summates;
3422 4865 3480 4906 se

1885 4941 2101 5011 quidem
2128 4942 2320 4996 solitos
2370 4951 2490 4994 esse
2519 4940 2632 5010 regi
2678 4937 2911 5003 servire,
2964 4954 3143 5009 regem
3194 4939 3482 4996 dominum

1885 5034 2088 5089 habere
2108 5033 2263 5087 velle.
2300 5026 2604 5084 Consulens
2645 5029 2734 5084 ille
2764 5031 3054 5085 comitatus
3077 5047 3109 5088 e
3145 5023 3491 5090 Nortltman-

1887 5125 1998 5187 nia,
2030 5136 2261 5190 quorum
2311 5134 2419 5172 non
2475 5117 2661 5173 minus
2708 5119 3057 5187 prudentiam
3115 5138 3282 5197 quam
3331 5120 3494 5174 fidem

1885 5220 2184 5252 enen-lentam
2235 5210 2466 5250 Imlmlml
2537 5207 2789 5248 nntnfanil
2823 5210 2906 5248 οἷο
2942 5213 3069 5246 ηιιῖιΙ
3103 5213 3348 5246 κτηνῖηὶο
3393 5211 3496 5244 αἶΙιῖ
