4040 5314
583 166 722 224 I259

1739 160 2083 214 \V'll.l-iil.f.'.l
2129 160 2656 230 t'ltlfx'iji'ES'I'ORlS

3717 177 3858 232 12m

557 279 706 335 dum
735 261 792 334 in
831 261 1008 332 altum
1049 269 1262 331 culmen
1294 273 1622 329 ascenditt-tr.
1661 275 1910 328 Profecto
1949 289 2049 326 non
2085 274 2155 328 illi
2187 285 2234 338 Α
2265 292 2444 350 regem
2501 281 2823 336 Edwat‘dunt
2879 283 3120 352 attigerit
3184 285 3326 340 ﬁlius
3385 287 3540 342 ducis
3603 287 3852 348 Roberti,

576 373 955 429 dominabatur
985 365 1242 441 regnandi
1291 369 1474 424 libido.
1525 369 1785 422 Sanctum
1829 383 1948 421 esse
1999 366 2154 420 intel-

575 473 803 536 lcxerat,
829 479 1122 538 sancteque
1162 465 1418 536 diligebat
1467 461 1699 532 conjugii
1740 463 1947 532 pignus.
1975 459 2155 512 Fami-

575 565 735 618 liares
769 570 952 616 contra
1000 572 1222 613 suasere
1253 565 1322 610 ut.
1369 556 1534 610 totius
1585 555 1859 608 exercitus
1907 551 2152 605 unanimi

575 651 843 708 desiderio
879 649 1052 720 optari
1085 649 1346 702 sciebant.
1379 645 1698 714 Quanquam
1749 643 1990 697 rationes
2036 641 2152 710 ejus

577 749 817 819 apprime
868 743 1168 799 laudabiles
1217 743 1621 813 diguoscerent,
1652 754 1719 794 ex
1763 751 1964 792 arcano
1993 736 2154 792 uber-

573 843 722 894 rima:
753 837 1030 908 sapientiae
1063 845 1368 890 manantes.

641 933 840 986 Aderat
871 930 996 984 huic
1023 927 1250 982 consilio
1273 924 1576 980 IIaimet-ius
1603 924 1924 994 Aquitanus,
1951 937 2152 991 przeses

570 1023 914 1082 Toarcensis,
949 1019 1128 1088 lingua
1160 1031 1265 1070 non
1299 1015 1584 1084 ignobilior
1623 1029 1785 1082 quam
1825 1013 2037 1066 dextra.
2079 1011 2150 1074 Is,
2191 1033 2194 1037 -

549 1113 840 1170 'demirans
881 1120 934 1167 et
970 1110 1176 1164 urbane
1215 1105 1486 1163 extollens
1523 1105 1841 1158 modestiam
1873 1103 2150 1172 inquiren-

551 1209 676 1263 ‘tem
729 1205 940 1258 animos
991 1201 1221 1255 militum
1269 1215 1398 1253 num
1445 1197 1642 1252 vellent
1678 1195 1954 1250 dominum
1993 1209 2150 1248 suum

568 1314 748 1368 regem
779 1297 912 1358 ﬁeri,
945 1313 962 1346 ι
995 1293 1074 1346 Ad
1106 1291 1580 1360 disceptationem,
1613 1286 1818 1355 inquit,
1849 1285 2151 1354 hujusmodi

569 1391 767 1444 milites
811 1399 1084 1454 nunquam
1132 1391 1224 1436 aut
1271 1395 1394 1435 raro
1435 1379 1594 1433 acciti
1631 1385 1776 1430 sunt.
1805 1375 1920 1428 Non
1947 1383 2035 1428 est
2059 1373 2150 1426 diu

567 1479 888 1534 trahendum
933 1485 1116 1528 nostra
1165 1471 1554 1527 deliberatione
1593 1463 1736 1537 quod
1781 1466 2152 1520 desideramus

566 1571 683 1624 ﬁeri
731 1584 893 1638 quam
938 1566 1208 1620 ocissime.
1247 1583 1266 1615 ι
1306 1563 1374 1616 At
1415 1557 1818 1628 prudentissimi
1858 1567 1912 1611 et
1955 1555 2148 1624 optimi

2249 371 2410 440 eujus
2455 375 2621 426 amita
2671 373 2924 428 llichardi
2975 377 3200 431 secundi
3253 393 3428 442 soror,
3483 379 3616 434 ﬁlia:
3665 381 3852 449 primi,

2256 461 2468 528 Emma,
2501 466 2733 536 genitrix
2765 467 2862 521 fuit
2889 467 3162 523 Edwartli.

2329 558 2455 613 Post
2510 560 2838 614 celebratam
2893 562 3325 626 ordinationem,
3371 579 3482 618 non
3523 573 3586 616 ut
3631 563 3854 618 solitum

2256 661 2358 715 est,
2387 662 2510 721 post
2535 653 2798 706 honorum
2831 664 3144 725 augmenta,
3171 653 3308 718 ﬁeri,
3341 655 3632 710 remissius
3659 655 3852 708 lauda-

2255 747 2382 801 bilia
2423 761 2610 816 gerere
2649 746 2832 816 coepit,
2863 749 2962 800 sed
3009 763 3148 802 novo
3185 748 3620 816 admirandoqu
3657 750 3854 802 ardore

2258 839 2322 893 ad
2347 840 2601 893 honestos
2622 849 2675 892 ct
2701 839 2941 908 ingentes
2967 847 3120 893 actus
3149 840 3467 894 accenditur
3489 841 3851 910 dignissimus

2258 946 2379 992 rex,
2421 930 2562 998 quod
2609 944 2824 992 nomen,
2859 930 3034 997 posito
3079 929 3231 984 ducis
3261 931 3500 995 nomine,
3531 931 3718 986 libens
3753 948 3848 984 ac-

2257 1027 2438 1086 cepta!
2483 1018 2654 1089 stylus
2697 1027 2901 1071 noster.
2937 1017 3300 1072 Smeularibus
3341 1033 3580 1087 namque
3617 1033 3686 1074 ac
3717 1018 3852 1072 divi-

2257 1109 2340 1160 nis
2373 1123 2594 1176 operam
2631 1107 2974 1175 impendebat
3011 1117 3286 1162 strenuam
3319 1107 3592 1176 utrisque,
3621 1111 3692 1162 ad
3733 1123 3848 1160 ser-

2256 1199 2444 1252 vitium
2478 1207 2664 1252 -tamen
2709 1197 2872 1266 Regis
2901 1197 3142 1250 omnium
3177 1213 3360 1268 regum
3391 1213 3488 1252 cor
3519 1201 3850 1268 propensius

2255 1289 2512 1354 habebat,
2536 1289 2736 1359 quippe
2765 1289 2850 1342 cui
2892 1304 3018 1344 suos
3051 1299 3338 1358 provectus
3365 1290 3688 1358 reputabat,
3717 1305 3848 1343 cou-

2256 1393 2340 1438 tra
2392 1397 2551 1452 quem
2601 1382 2839 1451 potentia
2892 1389 2985 1434 aut.
3035 1381 3138 1433 vita
3197 1381 3472 1434 neminem
3531 1382 3846 1434 mortalium

2247 1474 2412 1544 potiri
2445 1474 2532 1527 ditt
2557 1489 2720 1542 posse
2764 1471 2994 1536 sciebat,
3021 1487 3048 1524 a
3083 1483 3194 1541 quo
3235 1473 3464 1542 gloriam
3511 1472 3844 1526 intermina-

2253 1565 2543 1630 bilem,ubi
2587 1564 2938 1632 temporalem
2978 1563 3565 1634 ﬁniret,cxspectabat.
3601 1566 3660 1618 In
3691 1564 3846 1632 hujus

560 1663 664 1715 viri
699 1671 1038 1726 nequaquam
1081 1655 1155 1708 ita
1199 1659 1457 1721 cuperent
1501 1649 1552 1702 in
1585 1648 1694 1702 alto
1735 1645 1896 1714 hujus
1935 1661 2144 1700 monstra

2253 1671 2382 1722 ergo
2440 1655 2783 1724 imperatoris
2845 1655 2998 1724 quasi
3069 1653 3328 1706 tributum
3373 1653 3526 1724 large
3571 1655 3844 1724 erogavit,

563 1756 699 1811 (Illa?
741 1753 888 1805 illum
933 1748 1128 1812 locari,
1165 1745 1267 1798 nisi
1309 1743 1576 1814 praecipue
1615 1741 1866 1794 idoneum
1911 1738 2150 1808 pervide-

545 1856 709 1912 ‘1eut,
742 1845 868 1898 licet
891 1843 1134 1912 ipsorum
1165 1836 1526 1891 commodaet
1555 1835 1788 1888 honores
1823 1846 1920 1900 per
1947 1829 2149 1883 exalta-

565 1939 767 1995 tionetn
817 1935 933 2006 ejus
986 1931 1168 2002 augeri
1217 1928 1478 1982 volentes.
1527 1926 1674 1994 Ipse,
1723 1925 1918 1976 iterum
1969 1921 2147 1976 omnia

563 2046 749 2094 secum
791 2023 1150 2098 perpendens,
1185 2018 1454 2088 acquievit
1492 2025 1571 2072 tot
1605 2016 1920 2085 petentibus
1964 2023 2148 2081 totque

543 2123 939 2187 'ruadentibus,
973 2115 1272 2188 praesertim
1308 2127 1552 2183 sperans,
1588 2109 1676 2164 ubi
1711 2121 1940 2178 regnare
1969 2121 2150 2176 coepe-

563 2217 655 2279 rit,
687 2210 942 2266 rebellem
967 2219 1240 2277 quemque
1263 2204 1440 2257 minus
1461 2215 1720 2256 ausuruut
1750 2200 1801 2253 in
1830 2215 1906 2261 se,
1937 2197 2038 2252 fuci
2067 2201 2149 2252 ius

559 2303 952 2361 conterendum
999 2315 1030 2352 a
1074 2313 1151 2352 se.
1192 2294 1461 2349 Praamisit
1501 2307 1631 2363 ergo
1669 2290 2008 2345 Lundoniam
2055 2289 2146 2358 qui

561 2397 936 2453 munitionem.
961 2392 1012 2445 in
1053 2391 1168 2460 ipsa
1219 2393 1601 2442 construerent
1640 2387 1772 2437 urbe
1804 2391 1852 2436 cl
1887 2381 2148 2451 pleraque

559 2487 924 2558 competentia
945 2485 1092 2554 regia
1113 2478 1510 2550 magnificentia
1543 2483 1934 2545 prtcparareut,
1965 2487 2146 2526 mora-

561 2593 712 2636 turus
753 2577 972 2632 interim
1008 2587 1104 2643 per
1152 2570 1347 2624 vicina.
1391 2567 1706 2621 Adversitas
1743 2563 1920 2618 omnis
1960 2563 2143 2633 procul

558 2671 682 2734 fuit,
721 2670 854 2722 adeo
886 2673 944 2720 ut
969 2662 1188 2718 venatui
1225 2669 1280 2715 et
1319 2658 1500 2712 avium
1543 2656 1689 2722 ludo,
1719 2655 1761 2710 si
1798 2655 1937 2710 forte
1969 2654 2145 2719 libuit,

560 2775 753 2816 secure
785 2764 1026 2811 νιιςίιτρι.

630 2851 726 2905 Die
751 2845 1078 2904 ordinationi
1105 2843 1324 2898 decreta
1351 2840 1596 2895 elocutus
1626 2840 1693 2893 ad
1721 2837 1923 2908 Anglos
1949 2837 2147 2892 conde-

559 2942 702 2996 centi
739 2951 991 2994 sermone
1023 2931 1378 2990 Eboracensis
1408 2931 1876 3000 archiepiscopus,
1914 2921 2143 3000 aequita-

559 3045 668 3089 tem
710 3031 866 3086 valde
903 3042 1124 3090 amans,
1173 3040 1288 3080 aavo
1329 3033 1596 3090 maturus,
1647 3023 1897 3092 sapiens,
1935 3023 2138 3086 bonus,
2169 3001 2213 3063 ο

557 3133 841 3200 eloquens,
886 3141 953 3180 an
983 3123 1355 3180 consentirent
1383 3135 1505 3174 eum
1539 3118 1639 3172 sibi
1683 3117 1962 3172 dominum
1988 3131 2146 3172 coro-

553 3223 680 3278 nari
720 3217 1020 3290 inquisivit.
1053 3212 1342 3269 Proteslati
1381 3219 1508 3264 sunt
1548 3209 1775 3264 hilarem
1817 3221 2142 3262 consensum

552 3312 800 3370 universi
853 3309 1074 3364 minimc
1125 3305 1470 3366 hmsitantes,
1526 3300 1686 3354 ac‘si
1735 3299 1982 3360 caelitus.
2039 3312 2142 3351 una

555 3415 738 3462 mente
769 3403 894 3457 data
919 3413 1134 3469 unaque
1161 3410 1310 3451 voce.
1355 3393 1649 3464 Anglorum
1677 3390 1940 3445 voluntati
1979 3403 2142 3457 quam

555 3495 812 3551 facillime
872 3487 1226 3544 Northmauni
1285 3491 1724 3546 consenuerunt,
1781 3479 2144 3535 scrmocinato

555 3589 622 3643 ad
651 3600 745 3641 eos
777 3599 840 3638 ac
880 3579 1206 3636 sententiam
1245 3581 1598 3645 percunctato
1636 3569 1976 3625 Constantini
2009 3583 2142 3639 prte-

529 3679 690 3734 ‘sule.
721 3675 1012 3736 Caeterum,
1043 3670 1132 3739 qui
1171 3669 1317 3722 circa
1354 3663 1742 3719 monasterium
1786 3661 1840 3715 in
1881 3661 2050 3715 armis
2087 3669 2142 3716 ct

554 3771 711 3840 equis
743 3765 994 3836 praesidio
1021 3761 1265 3830 dispositi
1299 3757 1534 3821 fuerunt,
1572 3757 1766 3825 ignota:
1798 3754 1966 3808 nimio
1995 3761 2139 3807 stre—

551 3865 665 3935 pitu
716 3867 1057 3927 acccptorcm
1104 3853 1381 3908 sinistram
1429 3849 1678 3902 arbitrati
1725 3861 1892 3915 pr0pe
1930 3844 2138 3900 civitati

555 3949 922 4024 imprudentia
951 3945 1222 3999 ﬂammam
1255 3939 1572 4010 iniecerunt.
1611 3938 1702 3993 Sic
1738 3936 1966 3991 electum
2005 3951 2137 3989 con--

551 4041 791 4098 secravit
821 4038 960 4092 idem
990 4032 1429 4102 archiepiscopus
1467 4041 1618 4097 teque
1653 4036 1838 4081 sancta
1867 4027 1974 4079 vita
2000 4025 2132 4080 cha-

519 4141 644 4189 ‘rus
674 4139 727 4188 et
756 4128 1012 4186 inviolata
1043 4125 1210 4187 fama,
1241 4119 1492 4191 imposuit
1529 4121 1578 4174 ei
1617 4117 1820 4187 regium
1860 4116 2130 4178 diadema,

543 4226 834 4294 ipsumque
878 4219 1027 4289 regio
1070 4215 1227 4280 solio,
1262 4213 1474 4268 favente
1521 4209 1810 4265 multorum
1846 4206 2132 4278 prmsentia

547 4315 837 4388 prtesulum
867 4321 926 4388 et
956 4309 1236 4371 abbatum,
1264 4305 1316 4358 in
1359 4301 1582 4357 basilica
1611 4300 1794 4356 Sancti
1823 4297 1967 4353 Petri
1999 4313 2122 4369 apo-

548 4406 694 4470 stoli,
724 4418 844 4473 qua:
881 4400 1027 4469 regis
1065 4396 1316 4452 Edwardi
1362 4391 1610 4462 sepulcro
1645 4389 1935 4459 gaudebat,
1963 4389 2014 4442 in
2045 4405 2131 4444 sa-

547 4503 836 4551 crosancta
881 4489 1222 4546 solemnitate
1272 4480 1533 4538 Dominiei
1580 4481 1815 4546 Natalis,
1847 4480 2131 4536 millesimo

549 4577 889 4657 sexagesimo
929 4575 1098 4638 sexto
1165 4577 1558 4634 Incarnationis
1617 4575 1908 4630 Dominica:
1964 4589 2126 4628 anno.

547 4677 879 4747 Itepndiavit
933 4675 1077 4728 enim
1136 4670 1448 4726 consecrari
1504 4683 1534 4720 a
1586 4665 1847 4735 Stigando
1899 4664 2131 4720 Cantua-

549 4765 738 4828 riensi,
771 4778 930 4832 quem
972 4777 1070 4831 per
1118 4759 1398 4828 apostolici
1439 4756 1644 4824 justum
1685 4755 1858 4810 zelum
1899 4755 2126 4808 anathe-

549 4863 697 4910 mate
757 4852 1101 4920 reprobattun
1157 4849 1436 4903 didicerat.
1499 4845 1610 4900 Nec
1665 4845 1840 4898 minus
1895 4844 2125 4913 insignia

549 4962 737 5014 regum
770 4946 1067 4998 docuerunt
1107 4957 1388 5012 personam
1418 4941 1562 5011 ejus,
1593 4955 1752 5009 quam
1785 4939 1851 4992 ad
1883 4937 2123 5006 regimen

2251 1746 2395 1814 quod
2437 1745 2656 1799 lIeraldi
2702 1746 2844 1816 regis
2891 1745 3142 1798 tetariutn
3175 1759 3336 1800 avare
3377 1745 3627 1798 inclusit.
3667 1746 3844 1800 Terrae

2253 1835 2324 1889 illi
2357 1851 2451 1889 sua
2471 1836 2748 1889 fertilitate
2771 1836 2962 1904 opima!
2989 1835 3292 1889 uberiorem
3317 1836 3664 1906 cpuleutiaut
3693 1853 3842 1890 cout-

2252 1936 2471 1996 portare
2525 1929 2670 1984 soliti
2731 1943 2856 1986 sunt
2909 1935 3274 2005 negotiatores
3327 1951 3462 2006 gaza
3523 1937 3840 1992 advectitia.

2250 2017 2466 2073 Maximi
2493 2037 2740 2086 numero,
2763 2038 2981 2092 genere,
3007 2026 3238 2082 artificio
3263 2027 3510 2082 thesauri
3549 2028 3842 2098 centpositi

2250 2108 2481 2174 fuerant,
2517 2125 2609 2167 aut
2650 2117 2990 2171 custodiendi
3023 2119 3088 2173 ad
3121 2133 3314 2173 vanum
3354 2121 3622 2189 gaudium
3661 2123 3840 2174 avari-

2253 2201 2358 2264 tiaa,
2389 2211 2482 2256 aut
2511 2202 2636 2258 luxu
2668 2205 2892 2276 Anglico
2927 2209 3160 2278 turpiter
3189 2212 3570 2266 consumendi.
3599 2211 3840 2278 Quorum

2247 2302 2453 2360 partem
2487 2295 2552 2347 ad
2586 2295 2866 2352 ministros
2901 2299 3136 2354 confecti
3164 2300 3290 2355 belli
3321 2303 3622 2371 magniﬁce
3651 2317 3846 2372 eroga-

2251 2383 2344 2448 vit,
2377 2383 2608 2453 plurima
2639 2401 2702 2441 ac
2737 2387 3128 2456 pretiosissima
3165 2393 3348 2463 egenis
3387 2403 3444 2447 et
3487 2397 3842 2450 monasteriis

2247 2473 2585 2530 diversarum
2631 2480 3034 2546 provinciarum
3079 2474 3373 2538 distribuit.
3413 2485 3472 2538 Id
3521 2487 3842 2540 munificen-

2249 2565 2337 2618 tite
2360 2567 2596 2620 studium
2626 2570 2832 2638 adjuvit
2857 2587 2962 2626 non
2988 2573 3229 2629 modicus
3253 2590 3468 2640 census,
3495 2593 3668 2645 quem
3691 2581 3840 2632 undi-

2247 2667 2350 2723 que
2377 2655 2626 2711 civitatcs
2650 2669 2702 2714 et
2733 2659 3031 2730 locupletes
3057 2665 3260 2733 quique
3283 2666 3606 2722 obtulerant
3639 2665 3842 2722 novitii:

2246 2746 2482 2800 domino.
2513 2749 2768 2803 Romamn
2793 2752 3037 2806 ecclesia:
3067 2753 3250 2810 Sancti
3279 2757 3422 2812 I‘etri
3459 2759 3754 2827 pecuniam
3787 2761 3838 2812 iu

2245 2851 2380 2890 auro
2407 2848 2570 2908 atque
2597 2852 2823 2910 argento
2853 2845 3170 2914 ampliorem
3206 2863 3368 2916 quam
3399 2849 3552 2903 dictu
3581 2853 3840 2906 credibile

2245 2925 2342 2988 sit,
2375 2935 2432 2981 et
2463 2943 2781 2984 ornamenta
2815 2947 2933 3000 quae
2957 2933 3260 2990 Bizantium
3289 2939 3558 3007 perchara
3589 2941 3836 3002 haberet,

2249 3019 2300 3074 in
2329 3037 2544 3077 manum
2575 3023 2866 3079 Alexandri
2917 3042 3066 3097 papa:
3118 3031 3436 3086 transmisit.
3483 3032 3840 3088 Memor-abite

2245 3127 2459 3182 quoque
2489 3117 2740 3170 vexillum
2773 3117 3011 3184 [let-aldi,
3047 3121 3279 3177 heminis
3305 3126 3504 3178 armati
3541 3126 3836 3197 imaginem

2245 3202 2508 3258 intextam
2539 3206 2744 3260 habens
2773 3223 2839 3262 ex
2873 3223 3008 3264 auro
3039 3211 3356 3280 purissimo,
3389 3229 3500 3284 quo
3527 3218 3716 3284 spolio
3743 3233 3836 3285 pro

2246 3311 2470 3350 munere
2520 3299 2760 3367 ejusdem
2815 3303 3092 3370 apostolici
3131 3306 3462 3375 benignitate
3507 3311 3618 3364 sibi
3665 3313 3824 3364 misso

2245 3403 2343 3457 par
2367 3389 2644 3454 redderet;
2677 3393 2836 3446 simul
2863 3404 2918 3448 et
2944 3396 3270 3466 triumphum
3297 3400 3360 3452 de
3387 3409 3630 3469 tyranno
3653 3402 3834 3456 Rontze

2247 3478 2578 3548 ulteriusque
2621 3491 2864 3550 optatum
2916 3483 3137 3552 pulchre
3183 3485 3464 3541 indicaret.
3501 3489 3708 3554 Quanti
3763 3493 3834 3544 fa-

2246 3569 2516 3624 mulorum
2545 3573 2748 3628 Christi
2777 3585 2954 3631 enatus
2984 3586 3094 3631 tum
3126 3577 3230 3632 laili
3261 3581 3562 3648 gratiarum
3605 3583 3834 3653 hymnos

2243 3663 2512 3715 canebant
2535 3677 2634 3730 pro
2663 3664 2870 3720 victore
2913 3678 3067 3722 antea
3113 3667 3382 3734 fautores,
3424 3671 3570 3727 illius
3609 3689 3832 3743 precum
3875 3669 3882 3674 ’

2241 3757 2544 3815 armatura,
2613 3756 2924 3809 summatim
2989 3760 3296 3815 recitamus.
3357 3761 3506 3817 Mille
3571 3765 3832 3820 Ecclesiis

2239 3836 2503 3905 Francite,
2537 3841 2860 3910 Aquitaniae,
2893 3827 3236 3918 Burgunditc:
3275 3865 3488 3906 necnon
3521 3853 3828 3918 Arvernae,

2239 3927 2578 4000 aliarumque
2639 3933 2917 4004 regionum
2968 3949 3226 4008 perpetuo
3279 3942 3496 3998 Celebre
3547 3947 3662 4000 erit
3701 3947 3832 4000 Wilo

2237 4021 2382 4077 lelmi
2421 4025 2562 4095 regis
2607 4029 2941 4084 memoriale.
2971 4030 3225 4088 Beneficii
3257 4037 3582 4106 magnitudo
3617 4055 3830 4109 semper

2235 4113 2424 4170 vivens
2469 4117 2606 4172 mori
2649 4118 3016 4176 benefactoris
3066 4126 3384 4181 memoriam
3421 4144 3532 4184 non
3565 4133 3824 4199 patietur.

2237 4209 2369 4264 Aliae
2418 4226 2609 4268 cruces
2668 4229 2862 4270 aureas
2913 4217 3200 4272 admodum
3253 4215 3489 4289 grandes
3543 4225 3830 4298 insigniter

2239 4311 2558 4370 gemmatas,
2587 4303 2856 4375 pleneque
2895 4307 3058 4362 libras
3099 4311 3216 4364 auri
3257 4313 3342 4364 vel
3388 4327 3454 4366 ex
3489 4316 3686 4369 eodem
3721 4335 3832 4374 utc-

2241 4390 2366 4446 tallo
2395 4407 2557 4458 vasa,
2603 4396 2856 4450 nonnulla
2888 4397 3046 4466 pallia
3076 4400 3162 4454 vel
3192 4402 3490 4470 pretiosum
3521 4406 3674 4460 aliud
3701 4411 3828 4477 quid

2235 4497 2513 4552 accepere.
2601 4484 2890 4555 Splendide
2975 4490 3264 4545 adornaret
3344 4497 3826 4564 metropolitanum

2231 4572 2534 4637 basilicam,
2569 4577 2714 4643 quod
2747 4576 3028 4632 minimum
3062 4580 3114 4632 in
3145 4579 3228 4636 his
3257 4583 3414 4638 donis
3443 4589 3826 4642 catnoltiorum

2233 4661 2450 4731 aliquod
2499 4665 2810 4721 ltetificavit.
2856 4668 3093 4726 Ducibus
3142 4682 3304 4744 atque
3345 4677 3572 4746 regibus
3611 4681 3732 4735 haec
3773 4691 3824 4736 et

2231 4755 2434 4825 scripta
2479 4759 2530 4810 in
2577 4759 2680 4814 hoc
2717 4760 2899 4815 libello
2947 4765 3224 4833 complura
3270 4767 3622 4825 innotescere
3665 4774 3822 4826 velim

2229 4851 2295 4904 ad
2353 4851 2656 4921 exetnplutn
2714 4863 2806 4906 aut
2864 4856 3291 4912 incitamentum.
3332 4858 3562 4916 Munera
3602 4867 3822 4933 quidem

2228 4942 2536 5011 gratissima
2591 4942 2998 5000 Northmannim
3051 4949 3392 5004 advenerunt
3441 4967 3472 5004 a
3527 4969 3631 5008 suo
3681 4957 3822 5008 dulci
