4040 5314
155 105 277 162 1261

1657 88 1905 146 GESTA.

3276 85 3412 142 ἱεὶὒὲ

153 229 320 296 eipem
349 235 528 284 suum,
557 227 828 272 auctorem
853 213 934 269 sui
961 213 1126 284 quieti
1159 221 1351 276 status,
1385 223 1563 280 regem
1591 221 1732 260 esse.
1767 208 1812 264 Α
1841 202 1971 260 dicti
1999 201 2190 272 rapiat.
2219 199 2309 254 Ille
2339 199 2610 254 neminem
2641 197 2944 262 damnavit,
2971 197 3072 253 nisi
3101 211 3262 268 qttcm
3309 215 3414 254 non

157 315 346 378 Urbes,
392 307 646 374 castella,
699 307 868 369 villae,
923 302 1290 364 monasteria,
1349 298 1575 353 multum
1636 309 1736 364 pro

153 408 389 468 victore,
444 402 680 458 maxime
735 395 1255 468 cungratulabantur
1299 405 1400 461 pro
1449 396 1732 458 regnante.

154 497 263 552 Lux
321 494 566 565 quaedam
623 488 852 545 insolitze
905 485 1218 544 serenitatis
1283 481 1379 538 toti
1445 471 1738 550 provincia:

155 584 336 640 subito
383 589 571 637 exorta
619 577 926 632 videbatur.
960 575 1090 642 Qua:
1141 573 1268 628 licet
1313 567 1628 624 destitutam
1680 579 1738 619 se

155 687 370 750 putaret
395 673 669 732 communi
696 681 872 744 patre,
897 673 1024 726 dum
1047 667 1164 738 ejus
1190 663 1472 738 praesentia
1501 665 1736 721 careret,

155 769 234 825 sic
277 778 458 822 tamen
507 764 697 818 abesse
745 762 962 817 volebat
1007 774 1150 822 eum,
1199 754 1372 826 magis
1415 761 1474 806 ut
1525 763 1736 804 summa

155 858 390 930 potentia
422 857 536 926 ipse
567 861 814 909 uteretur
855 866 1018 921 quam
1065 859 1128 903 ut
1171 847 1272 902 sibi
1315 843 1570 914 przesidio
1600 841 1738 894 foret

157 961 246 1006 aut
285 948 468 1004 decori
503 945 734 1016 amplius
773 953 986 1014 potens.
1018 939 1252 994 Tantum
1289 949 1526 1005 namque
1558 931 1739 1001 cupie-

155 1043 250 1096 bat
299 1037 694 1094 Northmannia
775 1034 923 1088 illius
995 1029 1370 1100 majestatem,
1431 1037 1596 1094 quam
1653 1019 1740 1074 ille

157 1128 568 1186 Northmannia:
636 1126 918 1182 commoda
979 1122 1096 1177 sive
1159 1121 1445 1176 honorem.
1489 1111 1740 1170 Profecto

155 1222 378 1277 dubium
419 1225 539 1274 crat
570 1217 718 1272 illum
751 1215 949 1286 patria,
980 1227 1047 1266 an
1087 1209 1316 1281 patriam
1351 1207 1438 1260 ille
1471 1205 1592 1276 plus
1621 1202 1741 1258 dili-

158 1321 330 1382 geret,
364 1307 596 1378 qualiter
634 1313 718 1360 est
760 1305 890 1360 olim
937 1302 1244 1358 dubitatum
1283 1299 1352 1354 de
1387 1297 1603 1352 Cmsare
1631 1297 1740 1350 Au-

155 1409 312 1470 gusto
347 1408 402 1452 et
430 1395 623 1468 populo
653 1394 917 1448 Romano.

225 1487 490 1557 Diligeres
517 1500 582 1540 ac
613 1483 833 1538 maximi
864 1481 1094 1537 haberes
1139 1493 1263 1536 eum
1315 1485 1370 1534 et
1413 1485 1496 1542 tu,
1519 1473 1738 1547 Anglica

156 1593 326 1648 terra,
371 1589 646 1649 totamque
659 1585 714 1632 te
735 1575 852 1645 ejus
873 1573 1100 1644 pedibus
1123 1573 1243 1627 laeta
1267 1577 1664 1640 prosterneres,
1696 1567 1740 1621 si
1777 1559 1817 1612 Β

156 1675 370 1729 abesset
431 1668 790 1740 imprudentia
825 1675 990 1736 atque
1041 1664 1300 1733 iniquitas
1339 1670 1450 1726 tua,
1479 1675 1585 1730 quo
1625 1673 1736 1714 me-

161 1763 298 1818 liore
327 1761 554 1818 consilio
584 1757 884 1828 dijudicarc
919 1769 1107 1827 posses
1135 1754 1188 1808 in
1217 1751 1396 1824 qualis
1447 1752 1550 1805 viri
1591 1761 1744 1820 pote-

160 1863 362 1910 statem
397 1851 701 1908 deveneris.
730 1847 1092 1918 Prmjudicare
1127 1846 1262 1912 noli,
1289 1845 1604 1916 dignitatem
1627 1841 1744 1912 ejus

155 1945 471 2016 diligentius
505 1955 796 2013 cognosce,
827 1947 880 1994 ct
919 1945 1184 2008 quotquot
1225 1935 1453 2006 exegisti
1497 1933 1744 1989 dominos

163 2035 322 2106 parvi
355 2033 578 2088 habebis
613 2046 734 2086 cum
763 2045 828 2086 eo
851 2036 1216 2100 comparatos.
1259 2025 1389 2094 Ejus
1437 2023 1744 2080 honestatis

155 2125 502 2197 pulchritudo
525 2123 730 2193 optimo
761 2129 812 2174 te
851 2120 1035 2176 colore
1067 2118 1368 2174 decorabit.
1411 2115 1610 2171 Didicit
1649 2129 1746 2185 per

157 2220 399 2288 legatum
422 2230 580 2270 suum
619 2213 1030 2268 valentissimus
1051 2211 1136 2266 vir
1164 2225 1258 2266 rex
1283 2208 1556 2281 Pyrrhus,
1613 2207 1748 2264 tales

155 2309 297 2376 fere,
331 2308 508 2378 qualis
536 2315 654 2361 erat
699 2305 836 2376 ipse,
879 2305 1104 2360 Romam
1145 2305 1350 2359 habere
1381 2311 1626 2358 cunctos.
1653 2301 1746 2356 illa

153 2401 356 2454 civitas
383 2413 580 2466 parens
611 2411 800 2466 regum
833 2393 984 2450 orbis
1003 2437 1016 2460 ,
1041 2405 1202 2448 terra:
1226 2403 1388 2464 caput
1416 2401 1474 2447 et
1501 2391 1744 2456 domina,

155 2491 304 2544 hunc
329 2479 420 2559 qtii
447 2487 541 2543 tibi
567 2487 942 2542 dominaturus
976 2494 1060 2540 est
1099 2485 1456 2554 progenuisse
1496 2493 1552 2538 et
1581 2483 1748 2554 ipsius

155 2599 326 2640 manu
355 2581 654 2647 defensari,
680 2581 944 2652 sapientia
973 2579 1530 2651 gubernari,imperio
1559 2593 1748 2648 parere

155 2677 440 2750 gauderet.
479 2675 652 2746 Hujus
675 2674 875 2729 milites
897 2673 1258 2728 Nortbmanui
1285 2671 1564 2742 possident
1597 2673 1746 2740 Apu-

155 2767 313 2832 liam,
341 2766 590 2821 deviccre
623 2765 888 2830 Siciliam,
915 2773 1256 2835 propugnant
1289 2762 1746 2832 ConstantinOpo-

155 2861 256 2914 lim
288 2899 303 2924 ,
331 2859 584 2924 ingerunt
613 2865 812 2911 metum
837 2855 1117 2927 Babyloni.
1137 2853 1511 2910 Nobilissimos
1534 2863 1746 2910 tuorum

1839 295 2100 350 damnare
2135 293 2378 361 iniquum
2407 289 2564 345 l‘orct.
2591 289 2722 344 Nam
2751 290 2828 345 uti
2858 291 3134 344 adversus
3163 289 3414 345 libidines

1839 388 2080 454 alias,ita
2105 388 2366 442 adversus
2393 385 2678 440 avaritiam
2709 382 2967 436 invictum
3001 383 3239 436 animum
3264 397 3419 453 gere-

1839 483 1952 536 bat.
1981 479 2328 534 lntellexerat
2355 492 2476 534 esse
2507 477 2670 547 regiae
2689 474 3018 546 maiestatis,
3051 473 3244 530 illustri
3295 491 3414 530 mu-

1841 571 2114 626 niﬁcentia
2171 577 2464 640 praistare,
2495 565 2628 622 nihil
2678 565 2764 620 ubi
2809 564 3038 634 aequitas
3089 564 3418 620 contradicit

1839 661 2104 730 accipere.
2133 659 2260 716 Suis
2283 673 2500 730 quoque
2531 655 2852 728 primatibus
2876 657 3036 726 digna
3064 670 3122 710 se
3159 665 3216 712 et
3239 655 3416 725 gravi-

1843 761 1953 808 tate
1991 752 2248 823 prmcepit
2277 761 2334 808 et
2369 751 2644 822 diligentia
2675 749 2849 806 suasit
2897 749 3232 819 aequitatem.
3287 747 3421 804 Esse

1835 843 2042 914 jugiter
2067 843 2120 898 in
2147 842 2322 898 oculis
2351 841 2684 905 habendum,
2705 838 2863 910 cujus
2891 841 3122 896 vicerint
3145 839 3420 911 pmsidio,

1841 944 2105 990 aeternum
2143 935 2551 1005 imperatorem.
2579 933 2818 989 Nimium
2857 933 3088 1003 opprimi
3117 933 3290 988 victos
3325 949 3420 988 ne-

1839 1041 2114 1097 quaquam
2187 1033 2442 1097 oportere
2511 1024 2810 1080 victoribus
2874 1022 3210 1093 professione
3258 1021 3418 1078 Citri-

1843 1119 2024 1174 stiana
2059 1133 2242 1189 pares,
2271 1135 2340 1170 ne
2362 1131 2498 1186 quos
2534 1116 2680 1186 juste
2731 1115 3044 1186 subegerint
3099 1114 3310 1186 injuriis
3355 1114 3422 1168 ad

1843 1209 2220 1264 rebellandum
2243 1215 2518 1278 cogerent.
2552 1206 2632 1260 Ad
2655 1206 2761 1260 hoc
2793 1206 3010 1268 decere,
3059 1219 3126 1260 ne
3153 1205 3282 1274 quid
3313 1214 3427 1258 tur-

1844 1301 1982 1373 piter
2013 1300 2064 1352 in
2097 1297 2342 1354 externis
2365 1297 2642 1368 agitando,
2666 1305 2824 1350 terra:
2853 1295 2942 1350 ubi
2969 1304 3130 1349 natus
3164 1295 3247 1350 vel
3282 1295 3424 1349 altus

1843 1400 1928 1445 cst
1953 1389 2192 1444 dedecus
2213 1385 2496 1458 inﬁigerct.
2531 1385 2728 1458 Milites
2757 1400 2886 1440 vero
2909 1385 3100 1440 mediae
3127 1384 3426 1440 nobilitatis

1844 1487 2004 1550 atque
2051 1477 2328 1549 gregarios
2382 1475 2678 1546 aptissitnis
2725 1473 2917 1530 edictis
2969 1473 3228 1530 coercuit.
3271 1475 3424 1530 Tuta:

1843 1579 2001 1626 erant
2023 1586 2052 1624 a
2083 1571 2134 1624 vi
2167 1569 2452 1634 mulieres,
2498 1583 2662 1638 quam
2696 1581 2838 1636 serpe
2867 1577 3142 1624 amatores
3165 1567 3425 1622 inferunt.

1845 1663 2020 1718 Etiam
2065 1661 2156 1716 illa
2206 1660 2402 1716 delicta
2447 1675 2566 1730 qua:
2597 1659 2790 1714 ﬁerent
2815 1674 3080 1714 consensu
3135 1660 3428 1730 impudica-

1845 1771 1988 1818 rum,
2011 1753 2250 1808 infamia:
2277 1751 2630 1822 prohibenda:
2659 1751 2855 1821 gratia,
2873 1751 3218 1806 vetabantur.
3235 1752 3430 1809 Potare

1844 1847 2076 1902 militem
2107 1845 2162 1900 in
2193 1845 2434 1902 tabernis
2461 1858 2566 1898 non
2591 1843 2818 1898 multum
2849 1845 3137 1912 concessit,
3171 1845 3426 1916 quoniam

1844 1941 2085 1996 ebrietas
2121 1939 2294 2002 litem,
2329 1939 2396 1993 lis
2422 1937 2776 1992 homicidium
2798 1936 2935 1992 solet
2959 1951 3245 2008 generare.
3281 1937 3434 1994 Sedi-

1815 2105 1818 2108 _
1847 2031 2020 2088 tiones
2045 2031 2347 2096 interdixit,
2373 2031 2576 2086 caedem
2601 2038 2654 2083 ct
2675 2043 2891 2084 omnem
2919 2029 3190 2099 rapinam,
3209 2029 3430 2092 frenant

1848 2134 1908 2178 ut
1937 2125 2162 2196 pepulos
2192 2126 2380 2190 armis,
2439 2125 2510 2178 ita
2552 2122 2762 2195 legibus
2805 2139 2982 2178 arma.
3038 2122 3280 2192 Judices,
3338 2127 3430 2196 qui

1848 2216 2006 2287 vulgo
2033 2217 2262 2272 militum
2297 2226 2483 2273 essent
2527 2217 2704 2272 timori
2725 2258 2741 2282 ,
2773 2218 3054 2272 constituti
3092 2227 3238 2282 sunt,
3269 2219 3428 2272 simul

1847 2307 2058 2360 acerbae
2083 2321 2254 2376 pinnae
2286 2307 2338 2361 in
2372 2321 2466 2362 cos
2492 2308 2581 2378 qui
2613 2307 2990 2378 delinquerent
3018 2308 3250 2363 decreta:
3278 2317 3426 2372 sunt;

1819 2387 2026 2468 'nequc
2053 2397 2278 2452 liberius
2309 2397 2668 2452 Nortbmanni
2703 2413 2861 2467 quam
2883 2397 3126 2454 Britanni
3151 2399 3232 2453 vel
3265 2399 3434 2468 Aqui-

1851 2489 1964 2542 tani
2032 2505 2196 2560 agere
2265 2491 2744 2560 permittebantur.
2819 2490 3129 2561 Scipionem
3187 2491 3433 2561 aliosque

1849 2578 2059 2648 priscas
2087 2579 2253 2634 duces
2266 2589 2578 2650 proponunt
2609 2580 2902 2636 imitandos
2937 2583 3028 2651 qui
3057 2581 3122 2636 de
3149 2581 3434 2652 disciplina

1853 2668 2074 2724 militari
2101 2670 2320 2740 scriptis
2347 2671 2563 2727 docent.
2594 2671 2822 2728 Prorsus
2855 2691 3009 2744 teque
3037 2685 3128 2728 aut
3159 2673 3280 2746 plus
3313 2676 3432 2730 lau-

1853 2760 2029 2815 danda
2083 2761 2327 2832 exempla
2405 2764 2472 2818 ab
2538 2766 2780 2820 exercitu
2857 2761 3110 2821 Willelmi
3167 2769 3311 2840 regis
3381 2770 3434 2824 in

1851 2865 2105 2926 promptu
2131 2867 2216 2912 est
2245 2857 2513 2928 accipere.
2549 2859 2655 2913 Sed
2689 2857 2997 2914 festinando
3028 2861 3270 2916 dicamus
3301 2863 3430 2930 alia,

155 2953 400 3006 ﬁliorum
428 2950 654 3020 juvenes
680 2964 743 3004 ac
768 2961 926 3004 senes
955 2947 1240 3003 Chunutus
1273 2947 1456 3001 Danns
1507 2947 1746 3002 trueida-
1776 2941 1818 2996 C
1853 2964 1920 3003 ne
1941 2949 2029 3004 ditt
2061 2952 2457 3018 suspendantur
2481 2967 2511 3004 a
2545 2954 2892 3008 memorando
2921 2953 3098 3008 reditu
3119 2970 3277 3026 quem
3304 2955 3438 3011 Nor-

155 3045 240 3098 vit
271 3044 438 3098 nimia
476 3041 819 3106 crudelitate,
851 3049 912 3094 ut
935 3040 1040 3095 sibi
1067 3056 1132 3095 ac
1163 3040 1348 3095 liberis
1375 3039 1490 3094 suis
1525 3049 1576 3094 le
1607 3040 1750 3094 subi-

153 3143 336 3204 geret.
382 3133 480 3188 llic
507 3148 574 3188 ne
617 3133 908 3188 lleraldum
951 3131 1112 3186 vellet
1140 3131 1485 3196 occubuisse;
1517 3131 1625 3186 imo
1655 3147 1749 3186 vo-

155 3227 266 3280 luit
317 3229 491 3295 patris
531 3224 760 3280 Godnini
787 3224 1082 3294 potentiam
1106 3223 1178 3276 illi
1213 3223 1472 3292 ampliare
1489 3233 1544 3277 et
1564 3232 1745 3277 natatu

163 3331 328 3368 suam
358 3313 702 3384 imperatoris
727 3312 962 3366 thalamo
987 3310 1358 3381 dignissimam
1387 3311 1439 3363 in
1465 3310 1747 3364 matrimo-

173 3406 352 3468 nium,
373 3404 450 3456 uti
469 3401 642 3456 fuerat
659 3401 952 3472 pollicitus,
969 3399 1202 3456 tradere.
1230 3401 1298 3454 At
1321 3401 1364 3455 si
1392 3401 1506 3455 base
1527 3400 1622 3454 tibi
1642 3413 1752 3453 me-

150 3511 290 3551 Cum
332 3511 436 3548 non
467 3495 816 3558 conveniunt,
843 3493 1084 3563 profecto
1117 3491 1332 3547 sustulit
1353 3506 1382 3544 a
1414 3491 1626 3546 cervice
1658 3499 1742 3544 tua

149 3587 462 3656 superbum
517 3586 900 3654 crudelemque
951 3585 1283 3640 dominatum
1336 3582 1586 3649 Heraldi;
1648 3581 1745 3635 ab-

153 3679 523 3733 ominandum
557 3689 870 3748 tyrannum,
912 3675 1003 3746 qui
1044 3686 1097 3730 te
1127 3677 1388 3730 servitute
1429 3674 1745 3729 calamitosa

149 3771 326 3827 simul
380 3780 434 3826 et
479 3770 840 3840 ignominiosa
901 3777 1200 3840 premeret,
1245 3769 1539 3822 interemit.
1593 3768 1747 3834 Quod

151 3861 421 3916 meritum
450 3863 502 3915 in
531 3861 676 3914 omni
705 3869 866 3930 gente
898 3869 1112 3930 gratum
1141 3859 1372 3912 habetur
1415 3870 1578 3928 atque
1609 3873 1744 3927 pra:-

149 3955 394 4009 clarum.
417 3953 708 4008 Bencfacta
751 3968 882 4008 vero
928 3951 1304 4006 saluberrima:
1334 3950 1742 4016 dominationis,

148 4061 274 4114 qua
326 4046 434 4100 eris
487 4045 760 4109 cxaltata,
813 4045 868 4098 in
922 4043 1276 4112 sequentibus
1329 4041 1507 4110 aliqua
1559 4053 1747 4095 contra

153 4151 318 4194 tuam
345 4139 604 4193 invidiam
638 4138 998 4192 testabuntur.
1035 4135 1212 4200 Vivet,
1259 4136 1400 4188 vivet
1447 4137 1498 4188 in
1533 4136 1746 4204 longum

151 4247 264 4285 rex
285 4229 589 4285 Willelntus
619 4243 672 4285 ct
702 4231 752 4283 itt
785 4230 994 4299 paginis
1020 4229 1222 4282 nostris
1245 4242 1378 4296 quas
1425 4227 1572 4280 tenui
1624 4243 1744 4278 ora-

1854 3037 2132 3090 thmannia
2163 3037 2370 3091 intenta
2396 3041 2762 3108 exspectabat.

1924 3127 2166 3182 Tribulis
2195 3137 2250 3183 et
2279 3129 2491 3183 eunetis
2515 3131 2675 3186 rebus
2725 3131 2792 3184 ad
2846 3132 3050 3202 regium
3087 3131 3274 3187 ﬁscum
3310 3137 3434 3188 red-

1853 3217 2044 3273 dendis
2069 3219 2286 3273 modum
2320 3219 2410 3287 qui
2445 3233 2550 3274 non
2581 3229 2832 3289 gravaret
2861 3223 3073 3290 posuit;
3103 3223 3430 3288 latrociniis,

1853 3308 2250 3372 invasionibus,
2288 3309 2571 3364 malcliciis
2625 3310 2798 3365 locum
2842 3326 3056 3366 omnem
3115 3315 3258 3368 intra
3302 3331 3430 3370 suos

1853 3401 2114 3454 terminos
2153 3400 2457 3469 denegavit.
2487 3399 2685 3456 Portus
2721 3411 2774 3456 et
2826 3402 3078 3472 quaelibet
3111 3404 3306 3459 itinera
3338 3419 3432 3460 ne-

1851 3496 2204 3566 gotiatoribus
2240 3507 2424 3566 patere
2451 3505 2503 3551 ct
2527 3499 2726 3552 nullam
2758 3497 3009 3569 injuriam
3061 3500 3178 3554 ﬁeri
3231 3499 3418 3569 jussit.

1853 3587 2190 3642 Pontiﬁcium
2218 3588 2488 3660 Sligandi,
2517 3593 2658 3658 quod
2692 3599 2918 3644 noverat
2947 3605 3051 3644 non
3083 3591 3431 3655 canonicum,

1854 3680 2076 3734 minime
2105 3681 2403 3749 probabat;
2439 3681 2532 3735 sed
2564 3681 2846 3750 apostolici
2877 3683 3199 3736 sententiam
3248 3699 3436 3754 exspe-

1852 3780 2002 3824 ctare
2035 3770 2230 3825 melius
2261 3787 2423 3840 quam
2455 3773 2834 3842 properantius
2863 3773 3132 3842 deponere
3157 3774 3434 3829 existima-

1853 3865 1964 3916 bat.
2019 3862 2333 3917 Suadebant
2365 3873 2421 3919 et
2453 3863 2570 3918 alia:
2602 3865 2858 3929 rationes,
2909 3875 2967 3918 ttt
2998 3865 3064 3918 ad
3097 3875 3308 3934 tempus
3339 3881 3435 3934 pa-

1854 3963 2058 4007 teretur
2092 3963 2254 4022 atque
2281 3954 2580 4008 honoriﬁce
2631 3957 2854 4008 haberet
2911 3955 3060 4008 illum
3108 3954 3264 4022 cujus
3293 3956 3436 4012 inter

1854 4044 2056 4112 Anglos
2082 4045 2378 4098 auctoritas
2407 4055 2525 4098 erat
2560 4061 2787 4099 summa.

1923 4135 1979 4186 In
2019 4136 2146 4188 sede
2178 4135 2592 4204 metropolitanzt
2629 4135 2990 4188 meditabatur
3017 4142 3262 4189 sanctum
3304 4137 3434 4200 vita,

1855 4225 1998 4278 fama
2027 4227 2277 4288 charum,
2305 4225 2611 4294 eloquentia
2643 4226 2810 4278 divini
2841 4227 2987 4281 verbi
3014 4239 3312 4297 potentem,
3345 4235 3437 4300 qui

151 4320 337 4375 tionis
371 4321 542 4390 ﬁgura
581 4321 824 4374 scribere
855 4320 1062 4388 placet,
1122 4328 1180 4372 ut
1221 4332 1308 4371 res
1351 4317 1750 4385 pulcherrimas
1781 4311 1828 4367 D
1857 4317 2212 4389 suﬂ‘raganeis
2245 4319 2512 4388 episcopis
2539 4334 2833 4389 congruant
2869 4319 3092 4374 formazn
3121 4325 3362 4392 praebere
3385 4335 3440 4377 et

149 4411 404 4467 dilucide
431 4411 614 4481 plures
641 4410 963 4478 intelligant.
995 4408 1302 4463 Praesertim
1335 4422 1458 4462 cum
1489 4407 1746 4476 praecipui

150 4487 440 4567 oratores,
479 4503 678 4572 quibus
701 4503 914 4558 dicendi
943 4503 1180 4572 graviter
1215 4500 1372 4568 copia
1398 4513 1588 4568 magna
1625 4498 1749 4563 fuit,

151 4597 362 4653 humili
405 4611 682 4663 sermone,
711 4599 837 4652 dum
891 4598 1144 4653 historias
1173 4597 1438 4660 scribunt,
1477 4596 1558 4649 usi
1604 4611 1753 4664 repe-

149 4687 402 4743 riantur.
1155 4699 1158 4702 ’

231 4781 408 4836 Multa
442 4781 759 4848 Lundonite,
791 4793 1146 4855 posteaquam
1173 4792 1466 4838 coronatus
1486 4792 1596 4844 est,
1621 4799 1750 4852 pru-

147 4874 569 4944 denter,justc,
615 4876 1018 4947 clementerque
1052 4875 1353 4946 disposuit,
1406 4875 1649 4945 quaedam
1681 4877 1750 4932 ad

149 4964 342 5034 ipsius
393 4964 634 5020 civitatis
671 4967 954 5020 commoda
987 4967 1100 5022 sive
1127 4967 1467 5032 dignitatem,
1499 4964 1602 5020 alia
1631 4983 1752 5035 quze

147 5055 316 5126 genti
338 5055 668 5125 proﬁcerent
685 5058 969 5123 universm,
995 5056 1252 5112 nonnulla
1276 5059 1469 5128 quibus
1493 5055 1751 5116 Ecclesiis

151 5157 334 5202 terra:
369 5148 762 5204 consuleretur.
789 5146 920 5203 Jura
968 5161 1305 5218 qttrecunque
1334 5145 1582 5212 dictavit,
1609 5150 1752 5217 opti-

145 5235 271 5290 mis
294 5235 600 5294 rationibus
625 5237 1156 5294 dictavitJndicium
1191 5247 1398 5292 rectum
1435 5235 1580 5290 nulla
1622 5254 1746 5308 per-

1856 4411 1981 4465 ovili
2008 4409 2289 4466 Dominico
2329 4425 2562 4480 prmesse
2615 4413 2779 4465 sciret
2816 4412 3136 4482 cunctisque
3183 4414 3441 4483 prodesse

1857 4511 2081 4572 cnperet
2106 4501 2286 4556 studio
2311 4501 2574 4570 vigilanti.
2603 4501 2734 4555 ltetn
2773 4502 2836 4554 de
2863 4501 3290 4558 ordinationilnts
3315 4503 3446 4556 alia-

1857 4609 1976 4648 rum
2008 4591 2367 4648 ecclesiarum
2413 4593 2824 4663 praecogitabat.
2863 4592 3097 4650 Omnino
3128 4594 3296 4664 proba
3331 4591 3446 4660 ejus

1859 4687 1912 4741 in
1937 4685 2217 4756 regnando
2247 4687 2400 4741 initia
2434 4686 2604 4739 fuere.

1929 4777 2192 4848 Egressus
2214 4795 2244 4835 e
2267 4778 2572 4842 Lundonia,
2589 4781 2708 4836 dies
2729 4781 3000 4852 aliquotin
3015 4781 3455 4853 propinqnoloco

1859 4869 2182 4926 morabatur
2223 4867 2536 4936 Bcrcingis,
2567 4867 2696 4926 dum
2735 4873 3084 4929 ﬁrmamenta
3116 4876 3363 4942 quaedam
3405 4872 3458 4924 in

1858 4962 1994 5018 urbe
2043 4969 2231 5015 contra
2309 4958 2669 5015 mobilitatem
2719 4965 2952 5036 ingentis
3004 4977 3066 5016 ac
3117 4963 3217 5020 fcri
3276 4964 3457 5034 populi

1859 5053 2270 5129 perﬁcerentur.
2329 5049 2476 5103 Vidit
2529 5053 2676 5107 enim
2729 5057 2780 5110 in
2841 5055 3035 5127 primis
3088 5054 3456 5112 necessarium

1863 5158 2190 5216 magnopere
2227 5139 2645 5198 Lundonienses
2699 5149 2967 5204 coerceri.
2999 5143 3073 5199 lbi
3115 5147 3342 5201 veniunt
3387 5141 3455 5192 ad

1853 5235 2168 5303 obsequium
2200 5235 2323 5305 ejus
2347 5229 2588 5285 Eduinus
2611 5244 2670 5288 et
2705 5239 3054 5299 Mercardus,
3087 5236 3314 5306 maximi
3347 5229 3464 5284 fere
