4040 5314
587 395 726 452 126³7

1327 387 1749 446 APPENLICES
1789 387 1878 443 AD
1916 383 2138 443 GESTA
2182 382 2523 438 WII.LEL.\II
2561 381 3106 452 CONQUESTORIS.

3711 379 3844 436 I368

588 509 760 565 Roma
790 508 1060 582 quondam
1106 505 1364 576 Pompeio
1404 522 1500 562 suo
1536 507 1865 577 applaudens
1897 504 2158 574 tripudia-
2191 507 2236 563 Α
2269 499 2656 554 venerabilium
2713 508 2766 552 et
2824 497 3110 568 przcsulnm
3159 505 3211 552 et
3241 497 3517 552 abbatum.
3551 495 3844 550 Humiliter

594 602 694 656 vit.
730 598 1052 656 Monasteria
1081 601 1364 653 certabant
1407 600 1797 654 monachorum
1842 607 2002 668 alque
2031 597 2160 652 cleri

591 693 860 764 quodnam
889 693 942 747 in
969 693 1198 746 adventu
1227 694 1307 746 sui
1351 691 1659 746 charissimi
1713 693 1904 744 tutoris
1933 689 2160 758 amplio-

591 797 710 837 rem
743 780 1135 838 oﬂiciositatem
1169 781 1563 850 impenderent.
1589 779 1730 834 Nihil
1757 779 2164 848 relinquebatur

590 871 732 940 quod
760 872 812 926 in
849 871 1030 926 studio
1057 871 1178 925 talis
1213 869 1640 924 honorificentia:
1687 871 1770 940 agi
1814 871 2032 925 solitum
2057 880 2160 924 est.

591 965 882 1028 Pratterca,
937 964 983 1019 si
1013 963 1140 1032 quid
1172 977 1369 1017 novum
1410 963 1722 1017 adinvenire
1757 964 1956 1032 potuit,
2004 961 2164 1016 adde-

587 1059 772 1112 batur.
803 1055 974 1122 Quam
995 1055 1252 1124 pietatem
1305 1055 1417 1124 ipse
1470 1054 1755 1110 confestim
1802 1054 1951 1108 lucro
1983 1053 2158 1106 multi-

587 1145 714 1215 plici
767 1146 1198 1216 recompensavit
1230 1186 1246 1210 ,
1298 1146 1508 1202 donans
1561 1145 1742 1216 pallia,
1797 1145 1966 1200 libras
2019 1145 2156 1207 auri,

589 1241 802 1311 aliaque
831 1257 1026 1313 magna
1063 1242 1330 1298 altaribus
1356 1259 1420 1298 ac
1450 1241 1667 1297 famulis
1695 1240 1920 1296 Christi.
1953 1239 2164 1294 Nullius

585 1353 824 1406 unquam
865 1339 1008 1408 regis
1037 1345 1132 1392 aut
1182 1338 1526 1406 imperatoris
1561 1337 1871 1405 largitatem
1926 1335 1978 1389 in
2011 1334 2161 1388 obla-

589 1427 824 1483 tionibus
854 1427 1116 1498 majorem
1145 1428 1530 1498 comperimus.
1565 1425 1693 1482 Item
1737 1440 1873 1494 quas
1900 1425 2160 1480 ecclesias

585 1532 690 1570 non
721 1518 1152 1587 pratsentia’sua,
1187 1517 1504 1572 muneribus
1543 1516 1780 1570 visitavit
1811 1515 2024 1569 iterum.
2053 1513 2160 1568 Ca-

585 1608 828 1663 domensi
879 1608 1120 1664 basilica:
1169 1608 1327 1662 modo
1362 1607 1649 1676 specieque
1697 1604 2002 1661 admirabili
2046 1605 2160 1660 suis

583 1697 904 1768 impendiis,
938 1698 1006 1753 ad
1060 1697 1274 1754 titulum
1321 1697 1462 1752 beati
1495 1695 1755 1766 Stephani
1799 1705 2158 1766 protomarty-

585 1789 660 1844 ris
689 1805 719 1843 a
744 1789 1116 1856 fundamento,
1148 1800 1206 1846 ut
1234 1799 1358 1845 ante
1392 1799 1476 1844 est
1525 1800 1906 1855 memoratmn,
1936 1797 2152 1843 exstru-

583 1889 709 1946 cta),
740 1893 850 1938 tum
902 1883 1112 1938 diversa
1136 1881 1359 1937 donaria
1407 1881 1647 1944 advexit,
1687 1880 1915 1933 materia
1983 1878 2155 1932 artifi.

584 1972 780 2041 cioque
812 1973 1226 2042 pretiosissima,
1261 1987 1380 2042 quae
1408 1973 1473 2026 ad
1504 1971 1688 2025 saeculi
1736 1971 2024 2025 terminum
2061 1971 2154 2024 ho-

599 2079 731 2118 nore
785 2079 1104 2135 permanere
1139 2065 1378 2120 valeant.
1431 2063 1651 2135 Singula
1707 2063 2160 2132 descriptionibus

590 2163 686 2212 aut
743 2157 1055 2212 nominibus
1105 2156 1392 2226 designare
1443 2156 1738 2225 spatiosum
1791 2153 1945 2209 foret.
2002 2152 2158 2210 Volu-

585 2255 838 2322 ptuosum
866 2257 1038 2302 estea
1069 2257 1414 2318 perspectare
1464 2246 1772 2318 hospitibus
1827 2245 2078 2299 maximis
2105 2253 2160 2299 et

583 2335 676 2404 qui
707 2350 848 2404 smpe
897 2336 1158 2391 nobilium
1193 2337 1549 2390 ecclesiarum
1581 2336 1862 2388 thesauros
1891 2333 2154 2388 viderant.

579 2427 1002 2483 Transiretillac
1026 2427 1221 2496 hospes
1249 2427 1472 2483 Gnaeus
1510 2435 1602 2480 aut
1641 2426 1836 2488 Arabs,
1885 2425 2160 2494 voluptate

579 2517 894 2572 traheretur
919 2521 1128 2572 eadem.
1155 2517 1392 2588 Anglicae
1421 2516 1661 2571 nationis
1692 2515 1902 2570 femina:
1933 2513 2156 2567 multum

586 2623 684 2662 acu
715 2617 770 2662 et
793 2607 915 2661 auri
951 2617 1192 2673 textura,
1227 2607 1444 2678 egregie
1488 2605 1589 2662 viri
1620 2607 1669 2660 in
1693 2606 1838 2660 omni
1863 2604 2043 2659 valent
2073 2619 2159 2656 ar-

585 2697 770 2756 tificio.
802 2699 880 2752 Ad
907 2701 1009 2757 hoc
1035 2699 1271 2754 incolere
1296 2700 1437 2769 apud
1473 2713 1567 2753 eos
1607 2697 1863 2758 Germani
1914 2696 2160 2754 solebant

585 2789 772 2844 talium
805 2791 1003 2844 artium
1059 2791 1430 2848 scientissimi.
1483 2789 1728 2844 lnferunt
1779 2797 1835 2842 et
1903 2785 2151 2856 negotia—

583 2888 728 2934 tores
755 2879 846 2948 qui
896 2879 1218 2950 longinquas
1259 2881 1508 2952 regiones
1548 2879 1775 2936 navibus
1813 2877 2032 2944 adeunt,
2063 2878 2157 2932 do-

583 2977 792 3022 ctarum
817 2983 1072 3024 manuum
1107 2985 1290 3041 opera.

650 3091 908 3148 Potentes
948 3094 1192 3150 nonnulli
1228 3096 1432 3152 sanctis
1465 3096 1646 3164 inique
1685 3095 2011 3166 largiuntur,
2039 3093 2153 3164 ple-

584 3197 813 3252 rumque
861 3184 913 3238 in
967 3185 1160 3242 iisdem
1214 3186 1598 3242 donationibus
1643 3185 1854 3242 laudem
1901 3200 2053 3240 suam
2097 3183 2150 3237 in
2182 3209 2224 3270 ς
2258 3229 2408 3290 getes
2455 3217 2490 3270 [ἰ

583 3277 806 3342 mundo,
853 3277 1048 3334 delicta
1079 3293 1174 3334 sua
1234 3295 1418 3334 coram
1471 3280 1582 3336 Deo
1625 3279 1979 3348 adaugentes.
2017 3275 2155 3338 Soo-

581 3365 716 3438 liant
737 3365 994 3424 ecclesias
1015 3377 1070 3423 et
1095 3369 1300 3438 rapinis
1333 3369 1464 3438 ipsis
1489 3367 1623 3424 alias
1652 3369 1843 3422 ditant.
1869 3365 1986 3422 Rex
2018 3379 2147 3420 vero

579 3456 882 3514 Willelmus
913 3475 1212 3530 nunquam,
1237 3461 1338 3515 nisi
1363 3461 1622 3524 bonitate,
1653 3460 1921 3515 sinceram
1953 3458 2150 3514 famam

581 3545 684 3600 sibi
707 3550 1064 3619 comparavit,
1111 3551 1317 3608 donans
1343 3567 1470 3606 vere
1515 3567 1636 3616 sua,
1683 3561 1861 3606 mente.
1888 3551 1954 3605 ad
2001 3565 2151 3620 spem

579 3638 886 3696 intermina:
913 3643 1204 3707 mercedis,
1249 3660 1352 3698 non
1393 3645 1460 3700 ad
1517 3644 1745 3713 gloriam
1779 3659 1900 3714 qua:
1944 3643 2152 3713 deperi-

581 3728 662 3783 bit
711 3729 974 3787 intentus.
1021 3734 1372 3789 Abundantcs
1440 3735 1696 3790 Ecclesia:
1748 3737 2145 3798 transmarinm,

578 3817 756 3888 aliqua
785 3821 834 3874 ei
862 3822 1112 3892 libentes,
1141 3841 1260 3894 qua:
1285 3828 1336 3880 in
1365 3826 1595 3884 Galliam
1625 3827 1968 3888 transferret.
1991 3827 2152 3882 dedc-

585 3915 734 3972 runt,
797 3911 1052 3978 quoniam
1103 3929 1164 3968 ea
1214 3916 1478 3985 nudtnplo
1531 3917 1754 3972 redemit
1805 3919 1967 3972 rebus
2007 3917 2147 3971 aliis.

578 3997 838 4066 Patriam,
889 4017 996 4058 non
1051 4005 1230 4060 minus
1259 4021 1428 4076 regno
1479 4009 1699 4062 charam
1727 4009 1850 4072 sibi,
1885 4009 2152 4078 praecipue

581 4102 742 4144 causa
773 4092 956 4158 probae
983 4094 1179 4160 gentis,
1241 4109 1404 4164 quam
1451 4097 1788 4166 principibus
1815 4099 2044 4153 terrenis
2095 4099 2151 4152 li-

581 4179 726 4244 dam,
778 4180 1003 4238 cultura:
1047 4183 1246 4240 Christi
1295 4187 1446 4242 valde
1503 4187 1737 4243 deditam
1789 4199 2042 4256 noverat,
2093 4191 2146 4244 in

573 4278 716 4324 statu
749 4285 910 4341 quem
943 4273 1398 4336 velebatiuvenil.

599 4381 856 4452 'Optime
909 4385 1124 4455 quidem
1157 4400 1340 4458 egerat
1391 4390 1442 4444 in
1497 4393 1865 4462 gubernaculo
1923 4395 2142 4450 domina

570 4483 754 4527 nostra
781 4473 1072 4542 Matltildis,
1108 4477 1219 4546 jam
1245 4481 1465 4536 nomine
1489 4483 1766 4554 divulgato
1801 4485 2009 4557 regina.
2037 4486 2138 4540 etsi

573 4563 810 4617 nondum
842 4577 1121 4622 coronata.
1171 4569 1318 4624 Illius
1355 4573 1694 4640 prudentiam
1745 4576 1844 4630 viri
1887 4577 2142 4642 adjuvcre

573 4655 799 4711 consilio
823 4659 1118 4724 utilissimi,
1147 4662 1226 4715 "in
1261 4665 1456 4730 quibus
1498 4665 1671 4720 Ineunt
1721 4668 2000 4737 dignitatis
2027 4669 2141 4737 pri-

577 4759 722 4798 mum
772 4749 984 4804 tenebat
1017 4750 1256 4821 Ilogerus
1305 4753 1370 4808 de
1394 4754 1742 4820 Bcllomonte,
1769 4756 2032 4811 Humfridi
2056 4760 2145 4814 ho-

569 4835 730 4891 minis
759 4843 1158 4904 generosissimi
1187 4844 1350 4911 lilius,
1386 4849 1456 4902 ob
1486 4849 1852 4902 maturitatem
1881 4851 1978 4904 alvi
2003 4849 2137 4904 Iibeo

565 4925 679 4978 rior
707 4927 775 4980 ad
811 4932 1023 4998 negotia
1047 4949 1168 5002 qua:
1194 4937 1336 4990 domi
1361 4946 1638 5008 geruntur.
1667 4939 1803 4993 Filio
1828 4941 2137 4994 adolescen-

568 5015 630 5080 ti,
647 5019 973 5088 supcrcnjus
995 5021 1310 5080 fortitudine
1346 5029 1398 5080 in
1425 5029 1608 5095 prmlio
1633 5038 1822 5084 contra
1848 5029 2135 5084 Ilet‘aldum

2264 601 2450 644 astans
2495 590 2583 644 ille
2639 589 2823 644 choris
2873 591 3120 644 ordiumn
3178 589 3575 658 religiosorum,
3633 587 3846 642 ludicra

2263 682 2640 744 intermittere,
2701 696 3024 736 concurrere
3099 684 3166 735 ad
3215 681 3394 735 divina
3443 681 3684 735 militum
3729 677 3844 747 ple-

2263 773 2450 843 bisque
2485 774 2670 828 turbas
2693 773 2888 842 coegit.
2925 771 3092 842 Regis
3131 772 3466 826 Francorum
3500 773 3736 825 vitricus
3765 769 3848 822 in-

2267 874 2469 919 tererat
2510 865 2636 920 huic
2687 867 2852 919 ettrite
2917 863 3230 934 Rodnlphus
3277 873 3582 934 pratpotens
3637 876 3846 924 cernes,

2265 954 2540 1024 multaque
2567 954 2827 1010 nobilitas
2861 953 3124 1007 Francitc.
3151 953 3378 1008 Curiese
3406 953 3461 1006 bi
3491 967 3618 1006 cum
3643 949 3848 1004 North-

2263 1046 2468 1111 tnanni,
2507 1048 2804 1102 cernebant
2848 1046 3148 1114 crinigeros
3196 1045 3444 1100 alumnos
3471 1043 3644 1114 plaga:
3685 1045 3848 1112 aqui-

2275 1137 2491 1202 lonalis,
2522 1152 2752 1206 quorum
2799 1135 3184 1206 pulchritudini
3239 1134 3426 1190 Callia:
3469 1143 3704 1188 comata:
3739 1133 3852 1188 fer-

2261 1226 2552 1281 mosissimi
2595 1225 2824 1294 juvenes
2879 1225 3201 1280 inviderent.
3243 1225 3352 1280 Nec
3403 1224 3550 1278 enim
3605 1224 3846 1293 puellari

2263 1319 2532 1371 venustati
2572 1318 2856 1372 cedebant.
2905 1316 3066 1386 Regis
3093 1327 3273 1370 autem
3325 1317 3716 1385 regiorumque
3761 1331 3852 1370 sae

2263 1408 2496 1463 tellitum
2530 1408 2843 1462 indumenta
2909 1417 3218 1477 spectantes
3249 1408 3452 1463 intexta
3505 1417 3676 1476 atque
3721 1423 3848 1462 ert.»

2261 1505 2398 1550 stata
2443 1511 2598 1562 auro,
2654 1510 2880 1566 quaeque
2929 1505 3086 1549 antea
3142 1495 3384 1550 viderant
3423 1494 3548 1548 vilia
3601 1497 3852 1550 aestima-

2259 1601 2411 1642 vere.
2443 1587 2598 1654 Item,
2645 1602 2773 1641 vasa
2828 1596 3084 1658 argentea
3128 1587 3242 1642 sive
3282 1603 3443 1642 aurea
3493 1587 3850 1643 admiraban-

2263 1684 2372 1738 tur,
2408 1689 2640 1745 quorum
2691 1676 2759 1730 de
2799 1691 3022 1730 numero
3069 1659 3154 1730 vel
3209 1676 3406 1732 decore
3453 1691 3584 1731 vere
3627 1679 3846 1732 narrari

2262 1765 2471 1833 possint
2499 1765 2858 1822 incredibilia.
2906 1764 3000 1819 I‘Iis
3050 1775 3256 1819 tantum
3305 1781 3370 1820 ex
3401 1766 3615 1836 populis
3661 1781 3850 1821 crem-

2189 1855 2230 1908 Β
2257 1853 2438 1906 culum
2489 1853 2679 1922 ingens
2709 1852 2947 1919 bibebat,
3001 1863 3094 1906 aut
3139 1853 3393 1909 cornibus
3423 1855 3706 1909 babalinis
3737 1871 3852 1909 me-

2263 1943 2676 1999 tallodecoratis
2720 1947 2906 2000 eodem
2938 1945 3080 2000 circa
3129 1946 3504 2002 extremitates
3557 1957 3848 2016 utrasque.

2270 2033 2514 2102 Denique
2563 2033 2794 2103 plurima
2841 2033 3208 2102 hujuscemodi
3253 2036 3624 2104 competentia
3675 2035 3848 2106 regali

2267 2121 2652 2176 munificentia?
2681 2122 2965 2188 notabant,
2991 2139 3111 2192 qua:
3143 2123 3346 2177 reversi
3398 2123 3618 2178 domum
3645 2124 3718 2178 ob
3749 2139 3846 2177 no-

2264 2212 2486 2266 vitatem
2530 2213 2910 2280 praedicarent.
2956 2213 3245 2277 (la-ternm,
3273 2212 3464 2266 talibus
3507 2212 3670 2283 longe
3715 2216 3848 2267 insi-

2265 2303 2530 2370 gniorem,
2563 2312 2723 2372 atque
2745 2303 2863 2373 plus
2894 2305 3294 2358 memorandam
3353 2304 3523 2374 ipsius
3553 2307 3702 2374 regis
3747 2321 3846 2361 co-

2259 2409 2490 2464 gHOVcre
2524 2397 2875 2450 honestatem.
2924 2393 3132 2447 (Estiva
3166 2395 3254 2448 illa
3283 2404 3336 2448 et
3363 2405 3686 2449 autumnum
3719 2412 3844 2465 par-

2267 2498 2485 2556 temque
2539 2487 2734 2541 hiemis
2781 2487 2924 2541 circa
2976 2501 3124 2540 mare
3151 2487 3432 2557 transegit,
3487 2498 3708 2557 tempus
3737 2491 3840 2544 hoc

2261 2577 2448 2646 patria:
2475 2578 2646 2631 amori
2679 2591 2838 2632 omne
2863 2577 3090 2632 donans.
3119 2577 3246 2645 Quae
3268 2593 3367 2632 nec
3408 2579 3509 2632 hac
3533 2594 3710 2643 mora,
3737 2597 3836 2635 ne-

2261 2683 2366 2737 que
2392 2669 2688 2738 superioris
2719 2669 2844 2722 anni
2897 2668 3240 2737 expeditione
3268 2683 3394 2722 suas
3422 2683 3554 2737 epes
3584 2678 3843 2724 attenua-

2265 2768 2348 2814 tas
2401 2759 2566 2815 fuisse
2617 2761 2852 2816 dolebat.
2899 2760 2974 2814 Ea
3027 2760 3172 2815 illius
3220 2761 3576 2831 temperantia
3621 2760 3726 2815 fuit
3779 2777 3844 2815 ac

2261 2853 2562 2922 prudentia.
2594 2853 2855 2909 Militibus
2899 2863 2950 2908 et
3003 2853 3301 2922 hospitibus
3337 2853 3550 2909 abunde
3587 2865 3842 2924 sumptas

2267 2943 2698 3009 ministrabatur,
2761 2943 2966 2998 nemini
3019 2957 3208 3014 rapere
3245 2943 3522 3013 quidpiam
3575 2944 3846 2998 concede-

2261 3035 2436 3089 batur.
2477 3034 2894 3090 Provincialiutn
2946 3043 3059 3088 tuto
3101 3043 3346 3088 armenta
3395 3034 3480 3088 vel
3521 3049 3720 3104 greges
3753 3051 3844 3104 pa.

2260 3129 2568 3191 scebantur,
2613 3143 2704 3181 seu
2739 3141 2836 3196 per
2867 3125 3214 3195 campestria,
3243 3139 3336 3179 seu
3387 3139 3483 3191 per
3513 3135 3728 3194 tesqua,
3759 3142 3842 3180 se-

2495 3217 2646 3272 tlccm
2695 3217 2920 3271 cultoris
2975 3216 3192 3270 intacta:
3239 3217 3651 3284 exspectabant,
3701 3233 3842 3286 quas

2259 3329 2357 3366 nec
2385 3311 2590 3365 attrivit
2613 3312 2844 3379 superba
2893 3311 3136 3378 equitum
3164 3308 3375 3374 effusio,
3411 3323 3512 3363 nec
3539 3310 3844 3364 detnessuit

2257 3403 2558 3475 pabulator.
2587 3403 2758 3458 Homo
2789 3403 3086 3457 imbecillus
3122 3412 3216 3455 aut
3247 3401 3470 3456 inermis
3521 3415 3668 3470 equo
3711 3417 3842 3454 cau—

2260 3508 2380 3552 tans
2415 3511 2518 3566 qua
2546 3495 2700 3550 libuit
2735 3494 3070 3560 vectabatur,
3099 3503 3303 3548 turmas
3327 3493 3559 3547 militum
3585 3507 3840 3558 cernens,

2257 3605 2363 3642 non
2396 3590 2718 3643 cxhorrcas.

2326 3679 2534 3732 Interea
2589 3677 2900 3748 Bajeccnsis
2932 3671 3124 3748 pracsul
3157 3677 3272 3734 Odo
3321 3684 3376 3732 ct
3401 3675 3716 3732 Willelmus
3749 3675 3842 3733 Os-

2256 3769 2406 3824 berni
2439 3769 2594 3832 illius,
2630 3767 2978 3838 praefecturas
3003 3769 3054 3823 in
3102 3781 3267 3838 regno
3299 3775 3528 3838 uterque
3561 3783 3698 3822 suas
3721 3767 3838 3822 latt-

2256 3857 3000 3914 dahiliteradmin'strabant.
3057 3857 3324 3910 interdum
3366 3857 3529 3910 simul
3559 3858 3836 3927 agitantes

2257 3949 2416 4002 modo
2466 3948 2687 4002 diversi.
2724 3947 2780 4000 Si
2836 3945 3051 4014 quando
3103 3947 3446 4002 necessitudo
3499 3949 3834 4017 postulabat,

2256 4041 2506 4095 festinam
2565 4040 2702 4094 alter
2741 4039 2895 4093 alteri
2955 4039 3161 4094 ferebat
3217 4055 3394 4110 opem.
3450 4039 3558 4095 Per
3600 4039 3834 4094 amicam

2254 4148 2358 4202 qua
2390 4131 2602 4187 sincere
2631 4131 2962 4186 voluntatem
3017 4131 3438 4197 concordabant,
3471 4130 3714 4201 amplius
3741 4145 3837 4183 va-

2253 4222 2346 4276 luit
2378 4222 2618 4291 prudens
2662 4237 2850 4276 eorum
2885 4221 3184 4294 vigilantia.
3219 4221 3402 4275 Mutuo
3451 4237 3594 4284 sese,
3647 4235 3835 4289 regem

2251 4312 2526 4382 a‘qualitcr
2556 4311 2868 4382 diligebant,
2898 4311 3384 4366 alfectu‘ardebant
3429 4311 3542 4380 pari
3597 4310 3666 4364 ad
3705 4325 3838 4366 con-

2252 4405 2524 4460 tinendum
2577 4404 2628 4458 in
2683 4417 2815 4474 pace
2860 4413 3070 4476 gentem
3131 4402 3546 4466 Christianam,
3597 4403 3834 4457 consilio

2251 4498 2389 4552 alter
2413 4497 2635 4552 alterius
2661 4497 3041 4566 aequanimiter
3060 4496 3517 4550 asscntiebantur.
3543 4493 3836 4565 Equitate

2247 4590 2534 4643 utebantur
2557 4590 2812 4653 maxima,
2854 4589 2930 4642 uti
2963 4603 3052 4643 rex
3105 4595 3521 4656 praemonuerat,
3578 4601 3692 4655 qua
3743 4589 3836 4640 ho-

2249 4681 2423 4733 mines
2469 4677 2622 4734 efferi
2673 4688 2726 4732 et
2783 4677 2984 4731 inimici
3034 4677 3438 4746 corrigerentur
3469 4685 3524 4730 et
3581 4675 3834 4729 benevoli

2255 4769 2463 4822 fierent.
2501 4768 2630 4821 Item
2658 4766 2898 4837 praefecti
2934 4765 3192 4827 minores,
3234 4765 3322 4818 ubi
3352 4763 3582 4832 quisque
3625 4763 3679 4816 in
3713 4779 3835 4815 mu-

2249 4859 2550 4912 nitionihus
2577 4859 2787 4912 locatus
2817 4857 3013 4920 fuerat,
3049 4865 3266 4910 strenue
3304 4853 3594 4908 curabant.
3627 4853 3834 4908 Verum

2247 4950 2429 5020 Angli,
2466 4966 2638 5021 neque
2669 4949 2952 5011 beneficio,
2990 4961 3163 5016 neque
3200 4945 3490 5000 formidine
3517 4945 3654 4999 satis
3677 4959 3838 4999 coer-

2250 5043 2358 5095 ceri
2384 5050 2654 5096 notcrant.
2683 5049 2740 5094 ut
2770 5040 3010 5096 quietem
3035 5039 3283 5092 serenam
3318 5049 3480 5096 ultam
3517 5051 3608 5090 res
3659 5051 3834 5090 novas
