4040 5314
263 379 406 436 ίέϐθ

937 374 1224 432 APPEND.
1265 376 1304 430 ι.
1339 405 1404 415 -
1435 372 1819 429 GENEALOGI

1923 368 2147 424 υυεωι
2191 362 2835 422 ΝΟΙὶἸἸΙΜΑΝΝΟΙὶυΜε.

3372 360 3506 414 1270

336 491 467 562 Regi
526 505 591 545 ea
647 499 966 560 tempestate
1013 491 1331 544 Eustachius
1375 504 1554 542 comes
1595 483 1835 540 Bolonia:
1867 487 1908 546 Α
1938 483 2092 554 plane
2125 483 2524 536 convincerem.
2575 478 2758 546 Neque
2805 471 3075 530 sententia
3119 471 3322 529 erravit
3365 473 3504 527 dicta

258 583 666 646 adversabatur,
719 583 808 651 qui
869 583 1034 636 filium
1087 585 1152 636 de
1199 582 1301 636 [ile
1349 591 1476 634 ante
1522 581 1723 634 bellum
1779 578 1833 632 itt

259 671 653 727 Northmannia
703 673 945 726 obsidem
997 673 1240 725 dederat.
1299 670 1358 725 Ei
1407 671 1740 739 persuadent
1779 670 1832 723 hi

257 767 500 818 maxime
551 767 641 833 qui
673 765 922 819 Cantium
958 766 1283 827 inhabitant,
1324 767 1401 818 uti
1441 775 1680 819 castrum
1731 765 1834 818 Do-

257 869 448 906 veram
506 854 746 920 invadat,
796 855 926 923 ipsis
961 865 1118 908 utens
1167 855 1524 925 adjutoribus.
1570 856 1830 924 Equidem

259 944 401 1006 fore,
427 945 471 998 si
505 944 819 998 firmissimo
861 944 978 999 loco
1009 945 1110 998 hoc
1153 945 1224 998 sit
1276 946 1479 1014 potitus
1519 961 1639 998 cum
1673 955 1828 1013 portu

260 1034 498 1095 marino,
531 1042 591 1086 ut
621 1034 858 1100 potentia
883 1031 997 1102 ejus
1041 1033 1202 1086 latius
1243 1034 1602 1097 distendatur,
1646 1033 1830 1102 sicque

255 1126 554 1190 potentiam
606 1121 1104 1177 Northmaunorum
1163 1124 1482 1178 diminutam
1533 1124 1618 1178 iri.
1668 1123 1825 1188 Nam,

249 1216 380 1282 quia
431 1212 830 1267 Northmannos
873 1214 1062 1276 odere,
1107 1230 1228 1267 cum
1275 1215 1568 1268 Eustochio
1611 1215 1824 1284 pridem

252 1305 354 1358 sibi
390 1304 764 1358 inimicissimo
805 1304 1226 1358 coneordavere.
1262 1303 1394 1358 Eum
1430 1305 1660 1358 bellandi
1686 1304 1828 1373 peri-

249 1404 386 1457 tum,
423 1403 587 1462 atque
638 1394 694 1446 in
742 1395 928 1462 praelio
960 1393 1170 1448 felicem
1216 1396 1604 1464 experimentis
1629 1410 1826 1464 cogno-

255 1495 464 1539 verant.
496 1485 553 1540 Si
577 1495 694 1540 erat
721 1486 1060 1539 serviendum
1111 1502 1218 1540 non
1271 1487 1664 1555 compatriotm,
1696 1496 1824 1541 noto

249 1578 458 1630 servire
505 1587 668 1647 atque
710 1577 887 1631 vicino
939 1578 1111 1633 satius
1161 1580 1446 1648 putabant.
1501 1579 1713 1632 Accidit
1767 1589 1824 1632 ut

247 1669 470 1723 occasio
528 1670 785 1738 temporis
834 1679 1085 1723 eventum
1137 1670 1214 1724 rei
1271 1685 1430 1737 quam
1497 1668 1826 1723 allectahant

251 1760 614 1828 promitteret.
647 1759 910 1814 Abierant
940 1759 1080 1812 ultra
1112 1759 1305 1812 ﬂumen
1353 1759 1609 1812 Tamisim
1663 1759 1820 1828 primi

1941 590 2208 628 consensu
2272 573 2565 642 Anglorum
2625 579 2680 624 ct
2725 567 3035 629 Gallorum,
3087 581 3192 634 qua
3241 566 3308 621 de
3358 577 3505 618 reatu

1935 666 2104 719 multo
2129 665 2409 719 convictus
2435 671 2535 717 est.
2567 661 2674 716 Sed
2709 658 3039 729 parcendum
3081 658 3344 712 sentimus
3374 672 3498 727 per-

1939 772 2069 812 sona
2125 756 2472 810 multifariam
2533 753 2768 816 illustri,
2828 751 3014 806 comiti
3065 749 3368 811 nominato,
3415 748 3504 816 qui

1934 848 2316 904 reconciliatus
2345 861 2488 902 nunc
2520 847 2570 900 in
2607 843 2868 913 proximis
2906 842 3046 911 regis
3079 841 3399 895 honoratur.

2008 939 2206 992 Eodem
2237 937 2349 992 fere
2384 948 2624 1007 tempore
2644 934 2796 991 Coxo
2823 948 3027 996 comes,
3054 947 3213 1000 quem
3241 930 3508 999 placuisse

1933 1029 2328 1084 Northmaunis
2386 1029 2642 1092 diximus,
2687 1035 2861 1080 morte
2899 1025 3094 1080 occidit
3144 1022 3410 1076 immerita
3452 1030 3506 1072 et

1937 1135 2101 1190 quam
2133 1121 2320 1174 deceat
2366 1119 2674 1190 propagari.
2708 1117 2777 1173 Ut
2804 1117 2968 1186 igitur
3016 1116 3159 1168 vivat
3217 1114 3334 1166 laus
3364 1111 3500 1178 ejus.

1929 1220 2091 1278 atque
2122 1227 2218 1280 per
2237 1209 2550 1278 exemplum
2569 1210 2774 1263 oriatur
2806 1208 2857 1261 in
2889 1206 3193 1276 posthumis
3242 1203 3500 1258 innocen-

1930 1303 2002 1355 tia
2031 1301 2271 1356 defuncti
2303 1302 2500 1356 litteris
2535 1300 2748 1355 cﬂicere
2787 1298 2959 1368 juvat.
2994 1296 3257 1366 Prosapia
3299 1310 3362 1348 ac
3408 1283 3504 1364 poi

1929 1403 2135 1446 tcnlatu
2180 1393 2386 1462 Anglus
2413 1393 2503 1447 hic
2548 1391 2703 1459 juxta
2755 1390 3064 1460 prmcelsus,
3116 1387 3290 1457 magis
3337 1386 3500 1440 animi

1928 1483 2304 1553 singularitate
2330 1484 2610 1554 prudentis
2651 1492 2701 1536 et
2728 1483 2951 1537 omnino
2984 1481 3192 1537 honesti
3226 1478 3497 1534 excelluit.

1926 1574 2021 1629 llic
2052 1576 2195 1645 regis
2224 1591 2444 1630 causam
2489 1584 2544 1629 et
2599 1575 2773 1644 ipsum
2809 1575 2996 1628 favore
3025 1573 3192 1627 multo
3213 1569 3497 1641 probabat.

1925 1665 2019 1721 Sui
2056 1683 2184 1722 vero
2213 1667 2477 1724 satellites
2507 1668 2574 1723 ab
2625 1667 2741 1736 ipso
2789 1666 3142 1728 dissidebant,
3202 1662 3494 1717 factionum

1924 1757 2204 1811 deterrimi
2231 1757 2471 1812 fautores
2499 1773 2560 1812 ac
2586 1757 2740 1812 socii.
2796 1756 3025 1811 Proinde
3071 1771 3192 1808 eum
3226 1755 3292 1808 ab
3320 1752 3494 1809 oflicio

248 1849 569 1903 nunitiouis
599 1851 872 1912 custodes,
899 1851 1093 1918 prrcsul
1126 1849 1456 1920 Bajoeetsis,
1482 1860 1640 1918 atque
1668 1849 1822 1918 llugo
1856 1862 1896 1918 Β
1930 1856 2295 1901 tt'ansvertere
2347 1847 2646 1912 tentabant,
2699 1861 2842 1915 saepe
2871 1856 3150 1900 monentes
3193 1843 3347 1913 quasi
3396 1858 3493 1912 per

244 1938 310 1989 de
343 1937 676 2003 Montcforti,
723 1939 950 1993 militum
1001 1951 1154 2008 parte
1187 1938 1374 2006 majori
1425 1956 1605 1994 secum
1635 1943 1818 1997 ducta.

243 2027 570 2082 Eustacltius
600 2029 803 2097 itaque,
853 2039 1076 2099 accepto
1116 2031 1306 2083 nuntio
1337 2029 1649 2101 Anglorum,
1695 2046 1818 2085 cum

245 2119 362 2171 suis
403 2119 471 2173 ad
513 2135 608 2174 eos
632 2121 802 2174 noctis
829 2121 1122 2175 couticiuio
1173 2123 1441 2186 transivit,
1495 2131 1553 2176 ut
1606 2122 1819 2178 incaute

238 2211 570 2280 opprimeret
597 2211 945 2265 Castellanos.
974 2213 1210 2266 Classem
1242 2213 1396 2266 duxit
1438 2213 1695 2266 militibus
1737 2215 1823 2267 tle-

242 2301 403 2356 lectis
463 2312 741 2356 oneratam
803 2304 1003 2358 relictis
1063 2305 1221 2372 cquis
1283 2314 1479 2374 pneter
1531 2305 1817 2360 admodum

241 2409 466 2462 pancos.
501 2392 705 2447 Vieinia
734 2395 910 2449 omnis
967 2394 1140 2448 adluit
1191 2406 1420 2459 armata,
1470 2396 1678 2449 auctior
1723 2411 1818 2448 nu-

243 2495 425 2534 merus
455 2496 521 2536 ex
557 2481 904 2538 ulterioribus
941 2485 1246 2549 accederet,
1281 2487 1322 2538 si
1376 2501 1525 2538 mora
1582 2483 1814 2538 biduana

243 2570 454 2626 obsidio
480 2573 804 2627 traheretur.
835 2574 1100 2629 Caeterum
1152 2576 1451 2630 custodiam
1501 2575 1818 2629 invenerunt

241 2663 423 2718 minus
457 2665 706 2733 opinione
743 2667 1046 2731 remissam,
1073 2667 1192 2736 plus
1224 2676 1368 2720 metu
1418 2667 1484 2721 ad
1531 2666 1820 2721 defensan-

237 2756 368 2808 dum
424 2755 675 2810 validam.
709 2758 956 2828 Eripiunt
987 2760 1244 2813 velocitas
1279 2761 1424 2828 equi,
1464 2760 1655 2813 notitia
1709 2769 1818 2814 tra-

242 2847 413 2911 mitis,
447 2847 705 2918 navisque
736 2851 993 2918 paratior.
1062 2851 1437 2905 Nobilissimus
1474 2860 1654 2904 autem
1715 2852 1818 2904 tiro

238 2953 408 3007 nepos
440 2939 557 3008 ejus
595 2943 1018 3010 comprehensus
1048 2952 1150 2996 est.
1177 2942 1331 3011 Angli
1375 2957 1471 3012 per
1495 2943 1814 2996 diverticula

239 3027 394 3096 plura
432 3043 496 3084 eo
547 3030 759 3084 facilius
782 3042 1093 3096 evaserunt,
1136 3049 1242 3102 quo
1268 3033 1446 3088 minus
1474 3034 1814 3088 commodum

239 3127 359 3172 erat
390 3119 647 3187 paucitati
699 3121 1124 3178 Castellanurnm
1189 3125 1394 3192 insequi
1428 3142 1526 3195 per
1574 3127 1810 3182 diversa.

1923 1939 2216 1992 amicitiam
2247 1939 2311 1992 de
2339 1939 2548 2009 privato
2583 1940 2807 2002 honore,
2857 1948 2915 1991 ut
2968 1937 3268 1990 libertatem
3321 1949 3350 1988 a
3382 1949 3500 2002 pro-

1921 2031 2039 2084 avis
2090 2031 2341 2084 traditam
2399 2030 2708 2084 defenderet
2753 2047 2766 2096 ;
2820 2045 2961 2084 nunc
3000 2029 3346 2084 obsetrantes
3400 2036 3486 2079 at-

1922 2136 2029 2190 que
2082 2123 2440 2186 obtestantes,
2487 2131 2740 2190 tanquam
2787 2122 2958 2190 gratia
3012 2135 3188 2174 rerum
3247 2119 3489 2188 publica-

1921 2227 2060 2273 rum,
2099 2221 2153 2264 ut
2206 2220 2495 2265 extraneos
2552 2215 2806 2265 deserens
2852 2212 3180 2280 optimorum
3215 2208 3492 2263 hominum

1920 2313 2033 2353 suae
2065 2300 2299 2354 nationis
2333 2309 2388 2353 ct
2410 2299 2895 2370 consanguinitatis
2935 2297 3269 2352 voluntatem
3301 2313 3496 2366 seque-

1922 2403 2091 2445 retur.
2120 2391 2263 2446 Sanc
2289 2392 2495 2446 diutina
2529 2391 2788 2461 variaque
2825 2390 3121 2446 calliditate
3152 2390 3267 2443 haec
3308 2402 3497 2458 sugge-

1922 2487 2132 2552 rebant,
2155 2495 2206 2539 et
2238 2485 2544 2554 hujusmodi
2592 2486 2715 2540 alia.
2749 2486 2854 2542 Sed
2881 2486 2970 2540 ubi
3002 2495 3236 2542 mentem
3271 2485 3498 2538 firmiter

1925 2577 1976 2630 in
2025 2587 2210 2631 tenore
2253 2578 2377 2631 boni
2421 2579 2580 2632 fixam
2647 2577 2826 2632 taliter
2867 2577 3145 2632 dimovere
3200 2584 3496 2645 nequeunt,

1920 2669 2404 2733 comprovinciales
2430 2670 2496 2724 ad
2545 2669 2800 2724 invidiam
2825 2670 3167 2724 concitavere
3213 2684 3372 2738 quam
3404 2683 3498 2720 ne-

1921 2762 2160 2815 cessario
2192 2761 2428 2830 placaret
2459 2760 2528 2815 ab
2565 2776 2690 2830 rege
2718 2761 3035 2817 deficiendo.
3096 2760 3378 2815 Postremo
3406 2775 3497 2812 au-

1921 2863 2172 2922 gescente
2201 2853 2253 2906 in
2285 2854 2399 2907 dies
2424 2851 2800 2908 malevolentia
2831 2853 3090 2922 ipsorum,
3121 2869 3242 2908 cum
3280 2852 3374 2929 ille
3390 2869 3488 2922 p0-

1921 2943 2184 3012 pulariutn
2227 2944 2375 3009 odia,
2411 2959 2735 3013 omnemque
2765 2943 3014 3012 injuria'm
3044 2945 3273 3014 perpeti,
3329 2960 3491 3013 quam

1920 3034 2288 3104 integritatem
2318 3035 2440 3089 ﬁdei
2463 3045 2728 3089 temerare
2755 3035 2956 3100 mallet,
2990 3051 3085 3104 per
3135 3035 3358 3090 insidias
3400 3049 3498 3104 op-

1920 3141 2168 3196 pressum
2197 3127 2538 3182 interfecere.
2572 3127 2648 3181 lta
2685 3128 2919 3181 eximius
2943 3128 3022 3180 vir
3050 3143 3148 3181 suo
3171 3143 3322 3192 casu,
3353 3127 3492 3196 quod

237 3209 367 3266 Jure
390 3211 440 3266 id
480 3212 775 3268 Eustachio
802 3216 1033 3270 dedecus
1056 3227 1222 3286 atque
1267 3217 1652 3272 detrimentum
1681 3234 1810 3273 con-
1838 3213 1884 3274 C
1915 3220 2168 3288 majestas
2203 3221 2402 3274 domini
2434 3221 2514 3275 sui
2545 3230 2689 3274 stare
2718 3221 2939 3277 deberet
2959 3223 3208 3277 asseruit.

238 3302 377 3372 tigit.
414 3305 676 3376 Equidem
710 3307 753 3369 si
797 3309 1035 3363 rationes
1065 3325 1184 3379 qua:
1211 3310 1330 3378 ejus
1377 3309 1452 3364 liti
1499 3320 1812 3366 controver-

237 3406 425 3452 santur
475 3399 871 3470 depromerem,
903 3403 1045 3474 regis
1073 3419 1194 3458 eum
1224 3405 1452 3475 gratiam
1485 3413 1646 3474 atque
1673 3406 1812 3476 regis

237 3494 381 3550 dono
426 3502 650 3566 accepta
681 3496 942 3554 beneficia
993 3511 1058 3554 ex
1102 3511 1258 3568 :cqro
1311 3505 1366 3552 et
1397 3497 1536 3548 bono
1567 3512 1651 3550 ain
1679 3499 1813 3552 sisse

1986 3312 2129 3365 Sane
2159 3314 2438 3380 pontifices
2459 3313 2676 3381 quidam
2712 3314 2972 3382 obsequio
3002 3315 3145 3383 regio
3181 3313 3490 3371 studebant,

1915 3405 2150 3456 maxime
2177 3404 2408 3458 Adelred
2447 3405 2651 3473 primas
2679 3404 3059 3460 Eboracencis.
3082 3445 3096 3458 .
3121 3444 3136 3458 .
3159 3443 3172 3458 .
3190 3444 3206 3459 .
3230 3443 3242 3457 .
3273 3403 3489 3472 Reliqua

1913 3495 2096 3548 desunt
2127 3496 2180 3548 in
2207 3512 2304 3549 ms.
2334 3494 2542 3550 Codice.

238 3660 2118 3684 Μαι-*-

237 3809 1032 3923 APPENDICES
1076 3814 1244 3922 AD
1292 3817 1713 3924 GESTA
1745 3817 2404 3928 WlLLELMI
2445 3817 3478 3948 CONQUESTORIS.

1394 4186 1914 4264 AI’PENDiX
1988 4189 2334 4266 PRIMA;

1147 4358 1582 4416 GENLALOGIA
1639 4319 1872 4417 DUCUM
1931 4361 2587 4419 NORTHMANNORUM.

1475 4513 1560 4568 Ex
1600 4515 1755 4568 veleri
1811 4514 1987 4568 codice
2028 4513 2130 4569 Ms.

1677 4652 2042 4667 ῆ-

301 4801 453 4854 Λιιιιο
473 4797 766 4852 Dominicm
789 4796 1186 4854 lnearnationis
1205 4799 1330 4864 896,
1356 4807 1615 4868 regnante
1639 4800 1809 4855 Fran-
1843 4785 1885 4839 θ
1913 4798 2328 4870 Longa-Spatha
2361 4802 2547 4871 genuit
2585 4801 2916 4857 Ricltardum
2948 4817 3156 4858 senem.
3185 4803 3283 4859 Hic
3306 4804 3495 4872 genuit

228 4907 414 4944 eorum
440 4903 566 4959 rege
596 4887 810 4951 Carolo,
854 4889 944 4958 qui
987 4889 1225 4959 Simplex
1277 4890 1576 4960 appellatus
1602 4901 1700 4953 est,
1728 4895 1808 4965 pi-

232 4982 659 5036 ratmDanorum
706 4995 770 5034 ex
815 4980 989 5035 inSnla
1034 4981 1288 5048 Scanzia,
1339 4997 1459 5050 quae
1501 4983 1806 5058 Nortbvega

227 5073 445 5133 dicitur,
478 5070 704 5137 egressi,
753 5086 873 5124 cum
922 5071 974 5124 in
1014 5070 1240 5128 Francia
1296 5072 1461 5126 multa
1511 5074 1807 5145 gessissent

224 5161 408 5232 pnelia
440 5174 773 5229 regnumque
804 5162 1194 5230 devastassent,
1239 5161 1472 5218 Carolus
1517 5167 1806 5235 prtedictus

225 5249 462 5294 nocentis
487 5248 785 5294 nhsitlilms-
811 5251 891 5294 nis
929 5247 1229 5294 Naristi-inm
1281 5251 1498 5294 tradidit
1545 5273 1704 5294 nino...
1739 5259 1804 5294 nl.

1913 4890 2098 4958 filiam,
2125 4891 2345 4948 nomine
2376 4893 2643 4959 Emmam,
2676 4893 2740 4949 de
2768 4909 2872 4964 qua
2899 4904 3060 4950 natus
3091 4904 3174 4952 est
3205 4895 3496 4955 Eduardus

1913 4985 2353 5056 rexAnglorum.
2409 4982 2712 5040 Richardus
2739 4995 2920 5039 autem
2969 5000 3136 5042 senex
3175 4986 3363 5057 genuit
3391 4988 3499 5046 Ri-

1914 5075 2199 5133 cbardum.
2235 5074 2542 5132 Riehardus
2573 5093 2702 5133 vero
2747 5077 3021 5133 secundus
3058 5080 3242 5153 genuit
3269 5079 3514 5140 Richar-

1911 5163 2040 5221 dum
2070 5169 2289 5224 tertium
2316 5174 2369 5218 et
2400 5165 2716 5225 Robertum.
2753 5169 3060 5227 Ricltardus
3107 5180 3286 5226 autem
3310 5181 3515 5240 genuit
3554 5161 3558 5167 ’

1921 5253 2198 5294 Νίιοηιηηηι
2229 5256 2412 5292 ξυνηριῖ
2446 5257 2678 5292 ἀπειθιηηῖ
2728 5261 2980 5292 ηιιῑιοιιοηὶ
3051 5262 3318 5292 ῡηιιηνιηο
3365 5277 3500 5290 un---

2728 5261 2864 5292 ηιιῑιοι
2876 5269 2886 5292 Ι
2897 5272 2980 5292 non
