4040 5314
526 245 657 300 1271

1254 246 1674 304 APPENDICES
1707 249 1800 306 AD
1834 249 2060 306 GESTA
2103 250 2441 308 WILLELMI
2491 249 3035 320 CONQUESTORIS.

3635 255 3658 308 1
3669 255 3778 308 272

527 355 638 408 funt
669 363 832 425 atque
883 353 1200 421 Henricum,
1253 373 1318 411 ex
1371 357 1626 414 Mathilda
1671 361 1778 415 lilia
1833 361 2084 418 Balduini
2121 369 2168 426 Α
2209 363 2508 418 transmisit
2539 363 2594 418 in
2619 363 2868 434 Angliam
2893 373 2948 420 el.
2995 363 3442 418 Nortltmanniam
3485 381 3612 420 cum
3663 369 3780 420 Au-

527 447 746 501 comitis
777 446 1064 511 Flandriae,
1095 447 1186 516 qui
1227 448 1469 517 sepultus
1499 459 1583 506 est
1612 453 1752 521 apud
1789 453 2098 510 lnsul'anum

525 537 803 606 oppidum.
837 537 1110 592 Willelmo
1137 539 1314 594 Nt-illo
1345 540 1618 606 defuncto,
1657 544 1959 600 Willelmus
1987 546 2099 600 Ru-

524 626 610 682 fus
642 627 758 696 ejus
788 627 926 684 filius
951 645 1044 684 rex
1095 641 1314 686 creatus
1363 643 1448 688 est
1501 643 1556 687 et
1605 634 1878 692 Roberlus
1912 652 2096 692 comes

524 718 950 774 Northmanuite.
977 721 1280 777 Willelmus
1309 737 1441 794 ergo
1483 723 1658 779 Rufus
1702 742 1824 780 cum
1869 736 2013 782 esset
2041 727 2094 782 in

525 809 660 863 silva
690 812 918 865 venandi
951 827 1137 878 causa,
1185 814 1403 882 quidam
1452 815 1569 884 ejus
1629 818 1802 884 miles,
1852 819 1978 872 dum
2002 835 2092 874 sa-

525 899 658 970 gilta
686 915 905 954 cervum
956 904 1324 975 appetiit,pro
1364 921 1524 962 cervo
1573 908 1746 976 ipsum
1791 923 1972 979 regem
1999 925 2083 966 oe-

525 989 676 1045 cidit.
703 991 820 1058 Quo
844 992 1146 1058 interfecto,
1169 993 1438 1050 Robertus
1471 996 1614 1067 regis
1641 995 1827 1062 frater,
1851 1000 1938 1067 qui
1972 1015 2095 1054 suc-

526 1096 710 1162 cessor
739 1082 855 1150 ejus
886 1098 1006 1140 esse
1055 1086 1255 1152 debuit,
1311 1096 1420 1143 tum
1453 1097 1571 1144 erat
1603 1088 2016 1161 Hierosolymis,
2043 1100 2097 1146 et

527 1171 792 1226 Henricus
821 1173 988 1228 frater
1039 1175 1156 1245 ejus
1199 1187 1253 1232 et
1283 1177 1444 1233 homo
1490 1179 1688 1248 iniuste
1733 1195 1958 1250 regnum
1987 1179 2101 1248 t'jtts

525 1261 741 1318 invasit.
779 1265 1014 1320 Roberto
1065 1276 1242 1322 autem
1295 1269 1430 1324 urbe
1479 1269 1778 1325 Jerusalem
1811 1281 1967 1340 capta
2016 1287 2102 1326 rc-

527 1367 732 1422 gresso,
771 1354 1038 1413 Henricus
1063 1374 1212 1414 mare
1257 1368 1588 1416 transmeato
1617 1360 1838 1415 fratrem
1872 1361 1924 1415 in
1956 1360 2093 1414 Nor-

531 1446 807 1500 tlimanuia
859 1449 1188 1518 expugnavit
1239 1457 1294 1503 et
1348 1448 1472 1504 dolo
1524 1449 1718 1518 coepit,
1769 1458 2094 1518 captumque

2206 455 2310 524 glia
2361 455 2614 510 obtinuit.
2653 455 2752 510 Hic
2801 457 3011 526 accepit
3053 456 3214 510 tiliam
3261 457 3598 512 lilalcolumni
3635 461 3780 528 regis

2207 545 2518 612 Scotorum,
2549 547 2768 602 nomine
2803 547 3136 611 Mathildam,
3168 563 3326 617 quam
3355 559 3540 604 sancta
3569 549 3782 621 Marga-

2209 645 2321 690 rcta
2349 636 2576 706 peperit,
2625 637 2801 705 neptis
2851 637 3086 691 Eduardi
3137 639 3278 709 regis
3319 639 3638 708 Anglorum,
3683 641 3782 710 qui

2207 725 2310 780 fuit
2339 743 2432 780 rex
2461 737 2588 781 ante
2617 725 2946 781 Willelmum
2969 727 3224 782 Nothum.
3259 727 3334 783 De
3361 744 3490 796 qua,
3526 729 3785 784 videlicet

2203 814 2480 883 Mathilda,
2531 817 2821 886 prmdictus
2875 833 2968 872 rex
3024 817 3290 872 Henricus
3343 817 3678 873 Willelmum
3727 829 3784 872 et

2205 905 2520 959 Matiiildam
2567 907 2788 976 genuit,
2840 921 3002 974 quam
3057 906 3370 976 imperatori
3411 906 3650 962 Henrico
3689 905 3784 960 Ju-

2204 996 2340 1052 niori
2387 996 2552 1062 dedit,
2609 1012 2752 1051 anno
2785 995 2992 1050 Domini
3022 996 3179 1052 1110.
3225 996 3384 1052 Αιιιιο
3431 1012 3562 1052 vero
3618 997 3782 1060 H20,

2205 1091 2330 1145 dum
2361 1090 2663 1146 Willelmus
2684 1107 2713 1144 a
2746 1090 3138 1146 Nortltmannia
3187 1091 3240 1146 in
3267 1090 3517 1161 Angliam
3549 1090 3788 1144 transire

2211 1182 2392 1247 vellet,
2457 1193 2665 1252 patrem
2711 1193 2930 1238 secutus
2983 1198 3107 1239 cum
3169 1183 3460 1238 comitibus
3518 1191 3576 1236 et
3623 1181 3787 1234 nobi-

2209 1274 2339 1328 lium
2366 1276 2664 1344 Anglorum
2705 1275 2828 1330 filiis
2863 1275 3162 1330 submersis
3187 1275 3369 1344 periit,
3401 1289 3498 1328 vnt
3525 1272 3648 1330 Kal.
3683 1273 3788 1327 De-

2201 1365 2455 1422 cembris.

877 1729 1294 1785 EPITAPHIUM
1341 1730 1678 1787 WlLLELMl
1723 1731 1927 1814 DUCIS
1967 1730 2602 1788 NOR'l‘lIMANNORUtl
2646 1731 2731 1784 ΕΤ
2773 1731 2976 1786 REGIS
3017 1727 3452 1784 ANGLORL‘M.‘

1513 1887 1677 1958 (Hist.
1703 1887 1803 1942 tiu.
1830 1891 1894 1944 de
1927 1889 1977 1943 la
2004 1887 2232 1955 France,
2270 1901 2402 1945 tom.
2445 1889 2573 1954 \‘lll,
2603 1905 2656 1959 p.
2685 1889 2832 1958 180.)

524 2166 624 2232 Qut
657 2167 794 2220 rexit
823 2169 1027 2238 rigidos
1053 2169 1452 2228 Northmaauos
1477 2184 1637 2242 atque
1659 2175 1951 2230 Britannos

595 2257 866 2312 Audacter
890 2259 1039 2322 vicit,
1067 2259 1278 2316 fortiter
1303 2263 1536 2318 obtinuit
1565 2281 1580 2329 ;

531 2345 598 2400 Et
614 2345 1048 2406 Cenomanenses
1077 2353 1274 2408 virtute
1297 2357 1537 2410 coercuit
1562 2372 1738 2420 enses,

601 2440 924 2516 Imperiique
945 2445 1025 2500 sui
1057 2445 1202 2517 leges
1237 2448 1514 2518 applicuit.

2137 2159 2178 2217 Β
2209 2175 2318 2229 Rex
2355 2188 2580 2244 magnus
2609 2187 2770 2242 parva
2793 2180 2938 2240 jacet
2971 2169 3060 2224 hic
3094 2167 3398 2223 Willelmns
3421 2168 3476 2221 in
3510 2157 3682 2230 urna,

2281 2265 2486 2319 Sullicit
2509 2275 2560 2318 el
2581 2279 2776 2334 magno
2803 2275 2964 2331 parva
2989 2260 3180 2314 domus
3203 2259 3438 2312 domino.

2208 2353 2313 2409 Ter
2328 2365 2533 2425 septem
2561 2352 2816 2423 gradibus
2847 2367 2906 2406 se
2931 2349 3168 2405 volverat
3191 2357 3353 2418 atque
3381 2347 3598 2400 duobus

2273 2445 2508 2516 Virginis
2539 2446 2588 2501 in
2617 2445 2835 2515 gremiis
2857 2443 3110 2510 Plnebus,
3153 2450 3208 2498 et
3233 2442 3319 2496 hic
3347 2439 3501 2496 abiit.

1793 2693 1981 2732 ALIL'D
2023 2692 2434 2733 EPITAI’IIILM.

1609 2821 1708 2878 lix
1744 2817 2092 2878 membrana
2127 2818 2317 2878 t‘ctcrt’
2339 2817 2713 2876 semilacera.

1507 2997 1768 3034 oucuesse
1835 2981 2013 3048 script.
2085 2978 2207 3032 Her.
2273 2977 2458 3031 Nurm.
2511 2995 2632 3048 pag.
2699 2977 2860 3046 517.)

1162 3187 1332 3253 Flete,
1359 3189 1482 3254 viri,
1507 3189 1708 3260 lugete,
1739 3202 2013 3258 proceres,
2043 3185 2312 3241 reSolntus
2335 3193 2418 3240 est
2447 3200 2538 3238 res
2570 3183 2620 3236 in
2649 3183 2878 3237 cineres.

1097 3279 1208 3334 Rex
1239 3279 1418 3334 editus
1443 3277 1509 3334 de
1537 3279 1747 3348 magnis
1773 3278 2016 3347 regibus,
2049 3291 2145 3330 rex
2172 3274 2480 3330 Willelmus
2523 3273 2574 3327 in
2605 3271 2746 3326 bello
2779 3269 3132 3333 fortissimus,

1087 3371 1202 3424 Rex
1229 3371 1523 3441 Anglorum
1555 3379 1611 3424 et
1639 3371 1746 3424 dux
1777 3369 2209 3432 Northmauniae,
2235 3363 2599 3422 Ccuomannis
2629 3362 2880 3417 dominus
2905 3361 3115 3428 patr-ite.

1159 3463 1213 3516 In
1240 3461 1492 3517 omnibus
1521 3477 1640 3530 qua:
1677 3461 1778 3516 sibi
1809 3460 2049 3516 subdidit
2072 3469 2126 3514 et
2155 3459 2207 3512 in
2241 3457 2440 3528 quibus
2464 3471 2524 3512 se
2549 3456 2761 3510 cunctis
2791 3453 3047 3524 prtetulit,

1090 3553 1218 3608 Plus
1243 3553 1470 3608 debetur
1494 3552 1682 3606 virtuti
1715 3551 1964 3622 propr-im,
2007 3565 2171 3620 quam
2201 3549 2440 3605 millibus
2475 3563 2584 3602 sum
2627 3545 2854 3600 militiar.

1093 3643 1280 3714 Magna
1313 3645 1486 3698 virtus
1516 3653 1570 3698 et
1599 3643 1886 3714 sapientia,
1925 3659 2030 3713 qua
2059 3641 2281 3713 regebat
2305 3649 2383 3694 tot
2407 3653 2545 3693 unus
2575 3637 2761 3691 millia.

1161 3731 1273 3786 Rex
1309 3731 1598 3796 Willeline,
1628 3739 1818 3800 potens
1848 3739 1902 3785 et
1931 3731 2146 3798 nubilis,
2183 3729 2320 3785 facta
2351 3729 2601 3810 probant,
2631 3727 2774 3798 quod
2806 3741 2864 3782 es
2891 3721 3192 3780 laudabilis.

1097 3818 1269 3874 Scribi
1298 3819 1458 3876 debet
1482 3821 1534 3874 in
1560 3821 1770 3892 signum
1799 3823 2054 3890 posteris,
2085 3837 2190 3890 qua
2219 3820 2514 3890 praestabas
2544 3821 2742 3872 virtute
2764 3817 2998 3872 caneris.

1095 3910 1200 3964 Sed
1231 3910 1351 3980 quis
1380 3909 1569 3980 stylus,
1601 3919 1694 3965 aut
1719 3925 1838 3980 quae
1869 3910 2142 3977 facundia,
2173 3919 2394 3980 possent
2423 3910 2502 3964 ire
2527 3924 2622 3979 per
2660 3917 2736 3963 tot
2763 3905 3034 3977 insignia?
3073 3901 3084 3908 ’

1165 4001 1220 4054 In
1255 4001 1417 4056 feroci
1452 4011 1786 4056 monstratur
1815 4001 2028 4072 Anglia,
2061 4010 2257 4072 prteter
2284 4002 2433 4056 mille
2461 4001 2706 4054 miranda
2737 3999 2941 4067 praelia,

1095 4092 1280 4158 Qualis
1309 4107 1494 4148 comes
1529 4094 1578 4147 in
1607 4091 2004 4158 Cenomannia,
2029 4103 2268 4162 quantus
2299 4103 2444 4148 esset
2473 4092 2578 4146 dux
2613 4091 2668 4146 in
2691 4089 3100 4146 Nortlnnannia.

1091 4183 1206 4238 Rex
1242 4183 1306 4238 de
1333 4185 1467 4240 duce
1488 4198 1546 4239 se
1575 4183 1700 4240 fecit
1730 4197 1940 4256 postea,
1963 4186 2339 4254 dignissimum
2370 4185 2611 4238 Romana
2639 4183 2846 4236 laurea.

1159 4277 1304 4333 Gens
1334 4277 1646 4347 Anglorum,
1679 4279 1940 4334 turbastis
1971 4278 2294 4348 principem,
2323 4277 2414 4347 qui
2455 4275 2672 4330 virtutis
2698 4275 2919 4329 amabat
2945 4273 3242 4329 tramitem.

1094 4365 1202 4421 Vos
1229 4368 1478 4422 sensistis
1512 4369 1639 4438 quid
1665 4377 1850 4439 posset
1873 4369 2073 4431 facere,
2107 4369 2196 4439 qui
2228 4368 2432 4422 solebat
2459 4382 2559 4437 per
2588 4382 2736 4421 arma
2763 4366 3004 4422 vincere.

1091 4457 1337 4526 Magnum
1371 4457 1472 4511 fuit
1499 4461 1652 4514 vobis
1679 4460 1927 4524 exitium,
1956 4461 2048 4515 sed
2081 4461 2148 4514 ob
2181 4457 2344 4514 vestri
2376 4458 2516 4527 regis
2543 4456 2860 4525 perjurinm.

1159 4547 1448 4616 Postquam
1477 4549 1774 4616 suojunxit
1809 4551 2054 4620 imperio,
2089 4565 2184 4605 vos
2207 4549 2458 4604 tractavit
2500 4547 2647 4618 regni
2673 4545 2910 4617 judicio.

1093 4641 1181 4693 Sic
1213 4639 1409 4693 devicit
1437 4651 1686 4710 potentes
1713 4644 1942 4712 Anglize,
1975 4645 2117 4714 quod
2147 4642 2366 4697 inclusit
2391 4642 2655 4710 superbos
2688 4639 2891 4694 Dauiaz.

1097 4735 1316 4802 Magnus
1341 4737 1520 4790 honor
1551 4739 1617 4790 de
1646 4737 1735 4791 tali
1769 4738 2007 4802 domino,
2033 4751 2266 4805 magnus
2293 4734 2448 4790 dolor
2471 4734 2537 4788 de
2567 4733 2690 4787 vitae
2716 4731 2969 4786 termino.

1166 4825 1280 4880 Rex
1305 4825 1597 4888 Willelme,
1635 4839 1686 4880 te
1715 4827 1916 4882 claudit
1949 4825 2205 4892 tumulus,
2234 4825 2328 4880 sed
2370 4839 2464 4893 per
2493 4823 2675 4878 orbem
2711 4831 2762 4876 te
2787 4821 2992 4892 plangit
3015 4820 3260 4890 populus.

1093 4914 1359 4986 l‘langunt
1389 4930 1577 4970 omnes
1607 4916 1744 4971 facta
1778 4915 2028 4980 mirifica,
2055 4915 2352 4983 largitates,
2393 4913 2531 4968 bella
2569 4911 2814 4982 pacifica,

1093 5005 1304 5070 Quanto
1339 5007 1514 5075 magis
1545 5005 1800 5062 labuntur
1829 5017 2094 5075 tempora,
2131 5015 2282 5061 tanto
2314 5006 2380 5060 de
2411 5013 2462 5059 te
2493 5003 2769 5073 suspirant
2795 5011 3035 5072 pectora.

1162 5094 1416 5165 Quisquis
1448 5097 1546 5150 iret
1578 5113 1674 5165 per
1706 5107 1848 5150 tuam
1880 5097 2132 5165 patriam,
2161 5109 2266 5148 non
2315 5093 2536 5146 timebat
2574 5090 2746 5145 hostis
2781 5091 3052 5160 injuriani.

1097 5185 1282 5238 Timor
1311 5202 1432 5240 cras
1461 5187 1512 5240 in
1544 5187 1904 5250 multitudine,
1938 5187 2207 5241 securitas
2239 5185 2291 5238 in
2322 5183 2636 5238 solitudine.

1097 5273 1251 5314 Num"
1278 5287 1340 5314 ογ
1375 5274 1490 5314 intra
1522 5291 1623 5314 nnn
1656 5287 1731 5314 ραι
1768 5276 2031 5314 cnnnrilnc

2088 5288 2226 5314 nntm
2257 5271 2494 5314 ΛρΓιιιὶιῖίΙ.
2527 5284 2619 5314 sua
2645 5267 2945 5314 nluralitas.
