4040 5314
544 99 678 155 1287

1772 87 2113 146 νιτξιιιιεωιι
2150 84 2672 152 CONQUESTORIS

3679 91 3704 144 1
3712 89 3814 144 283

546 233 697 272 mare
723 215 920 271 dicitur
944 215 1313 270 occurrissent
1341 203 1589 269 Francis,
1632 202 1915 271 utriusque
1947 199 2120 270 partis
2150 205 2195 262 Λ
2228 199 2487 254 victoria).
2536 196 2644 253 Sed
2673 199 2922 268 quamvis
2967 215 3128 270 super
3175 199 3480 270 hujusmodi
3523 202 3814 273 triumphis

548 304 858 380 agminibus
910 302 1136 374 paratis,
1188 295 1431 354 terribile
1475 291 1718 363 praelium
1767 288 2122 344 commissura

545 379 650 462 eSt,
681 407 736 452 et
774 410 842 450 ex
885 403 1118 462 utraque
1147 396 1302 459 parte
1327 385 1558 464 multum
1587 379 1867 454 sanguinis
1895 379 2121 436 effusum

547 498 651 544 est.
703 485 1003 554 Utrobique
1053 481 1199 536 enim
1261 477 1554 534 bellatores
1595 481 1754 529 erant
1803 471 2011 526 strenui
2066 479 2120 526 et

546 591 718 648 usque
753 577 820 631 ad
851 583 1079 630 mortem
1119 570 1313 627 cedere
1344 568 1534 624 nescii.
1561 565 1697 621 llinc
1720 563 1951 620 saeviunt
1979 561 2117 618 Galli

541 685 639 742 pro
661 667 911 738 cupidine
935 663 1286 734 acquirendi;
1337 661 1487 715 illinc
1517 659 1723 713 feriunt
1755 653 2116 711 Northmanni

541 776 637 831 spe
665 758 936 813 ferventes
980 753 1242 811 evadendi
1292 759 1348 807 et
1385 766 1444 807 se
1481 762 1717 819 suosque
1755 745 1900 800 lares
1931 744 2121 800 defen-

539 850 718 904 dendi.
770 846 1032 910 Tandem,
1073 845 1296 915 juvante
1341 843 1478 906 Deo,
1527 839 1709 895 vicere
1735 835 2118 902 Northmanni,
2173 831 2177 835 “

545 952 600 995 et
637 939 823 1008 fugere
848 935 1063 990 Franci.
1099 934 1211 989 lloc
1253 933 1436 1001 itaque
1482 930 1679 985 bellum
1719 938 1868 983 trans
1910 928 2121 996 Sequa-

550 1048 676 1087 nam
703 1031 754 1084 in
794 1030 971 1083 hieme
994 1035 1121 1081 ante
1157 1022 1638 1094 Quadragesimam
1685 1019 1882 1084 fecere,
1929 1029 2121 1073 octavo

552 1138 696 1176 anno
724 1130 847 1191 post
875 1119 1075 1174 bellum
1115 1116 1564 1173 Walesdunense.
1601 1111 1754 1165 Tunc
1795 1109 1955 1164 Wido
1977 1107 2120 1163 Pon-

559 1214 651 1268 tisi
679 1226 860 1267 eomes
887 1219 1078 1279 captus
1102 1215 1184 1262 est
1215 1214 1270 1261 et
1296 1203 1414 1262 Odo
1443 1219 1566 1258 cum
1598 1200 1864 1256 llainaldo
1895 1199 2124 1268 aliisque

545 1304 636 1374 qui
661 1302 949 1358 velocitate
976 1299 1172 1370 pedum
1198 1297 1484 1367 viguerunt
1513 1291 1727 1363 fugatus
1766 1298 1872 1344 est.
1923 1287 2119 1343 Rodul-

543 1398 683 1467 phus
707 1409 921 1465 quoque
948 1407 1131 1448 comes
1159 1389 1361 1461 pariter
1383 1394 1695 1456 caperetur,
1727 1382 1832 1437 nisi
1861 1381 2123 1451 Roget-ius

545 1489 800 1558 princeps
841 1485 1047 1541 militiae
1079 1498 1213 1538 mea:
1243 1481 1318 1535 illi
1349 1479 1772 1550 sulfragaretur;
1819 1474 2120 1529 hor'ninium

2227 292 2461 346 lnuuana
2524 291 2758 362 gaudeat
2804 292 3068 357 aviditas,
3125 308 3212 349 me
3255 303 3433 350 tamen
3482 295 3814 350 intrinsecus

2223 379 2416 450 pungit
2457 389 2514 436 et
2558 381 2773 435 mordet
2817 380 3122 437 formidinis
3188 383 3467 449 anxietas,
3511 384 3640 438 dum
3694 400 3816 454 pero

2225 472 2401 542 pendo
2431 473 2574 542 quod
2603 471 2656 526 in
2685 473 2936 526 onmibus
2961 474 3045 528 his
3087 485 3330 544 grassata
3353 485 3438 531 est
3463 490 3610 530 szeva
3641 484 3812 532 teme-

2223 563 2374 618 ritas.
2395 562 2548 619 Unde
2565 577 2682 630 vos,
2707 579 2740 620 ο
2758 565 3070 620 sacerdotes
3095 575 3148 621 et
3176 567 3406 622 ministri
3437 567 3664 630 Christi,
3689 584 3817 638 sup-

2223 656 2437 728 pliciter
2475 657 2726 719 obsecro.
2755 667 2814 712 ut
2837 658 3178 714 orationibus
3205 659 3400 715 vestris
3426 674 3514 715 me
3535 675 3815 715 commen—

2223 747 2364 802 detis
2402 749 2758 819 omnipotenti
2793 749 2920 816 Deo,
2953 759 3010 804 ut
3042 760 3276 820 peccata.
3298 751 3495 821 quibus
3519 749 3813 806 admodum

2223 854 2443 909 premor
2495 841 2608 912 ipse
2665 841 2927 906 remittat,
2972 850 3027 896 et
3067 857 3164 911 per
3205 857 3360 896 suam
3417 841 3812 912 infatigabilem

2233 931 2576 987 clementiam
2617 932 2759 987 inter
2783 947 2909 987 suos
2937 948 3024 988 me
3053 933 3256 990 salvum
3289 932 3470 989 faciat.
3501 933 3817 989 Thesauros

2225 1036 2440 1092 quoque
2469 1037 2620 1078 meos
2643 1022 2808 1093 jnbeo
2833 1023 2948 1078 dari
2984 1024 3230 1080 ecclesiis
3257 1033 3314 1079 et
3351 1025 3685 1095 pauperibus
3712 1065 3728 1090 ,
3758 1033 3816 1077 ut

2223 1127 2342 1181 qua:
2375 1122 2627 1183 congesta
2657 1123 2785 1168 sunt
2823 1107 2898 1169 ex.
2940 1113 3296 1179 facinoribus,
3344 1115 3736 1186 dispergantur
3765 1116 3815 1167 in

2224 1206 2429 1260 sanctis
2470 1215 2785 1261 sanctorum
2835 1208 3038 1264 usibus.
3092 1207 3310 1264 Debetis
3361 1208 3508 1262 enim
3570 1206 3817 1264 recolere

2225 1309 2388 1362 quam
2419 1294 2647 1350 dulciter
2675 1310 2769 1350 vos
2815 1297 2992 1350 amavi
3039 1304 3094 1351 et
3141 1311 3302 1367 quam
3351 1295 3569 1352 fortiter
3625 1307 3818 1351 contra

2224 1401 2412 1441 omnes
2439 1387 2659 1442 aemulos
2685 1385 2976 1442 defensavi.

2299 1480 2593 1535 Eeclesiam
2649 1480 2774 1545 Dei,
2831 1491 3058 1535 matrem
3103 1479 3310 1536 scilicet
3356 1489 3641 1546 nostram,
3682 1494 3818 1533 nun-

542 1548 685 1632 enim
708 1548 1024 1648 jamdudum
1054 1572 1131 1626 illi
1162 1572 1388 1626 fecerat.
1419 1569 1476 1623 In
1509 1548 1602 1621 tali
1635 1581 1765 1637 ergo
1795 1563 2120 1619 necessitate
2153 1548 2193 1606 Β
2224 1587 2383 1641 quam
2413 1571 2643 1637 violavi;
2679 1573 2774 1627 sed
2805 1572 3025 1640 ubique,
3051 1579 3108 1625 ut
3159 1572 3298 1626 ratio
3339 1572 3552 1643 exegit,
3599 1570 3818 1624 deside-

542 1668 827 1738 pulchrum
882 1665 956 1720 illi
1007 1672 1062 1719 et
1109 1670 1421 1732 competens
1479 1658 1759 1714 servitium
1809 1655 2114 1727 impendet,

540 1762 668 1817 dum
703 1759 756 1814 in
794 1767 979 1813 castro
1021 1770 1121 1812 suo
1168 1754 1316 1810 illum
1368 1753 1546 1808 triduo
1588 1749 1824 1821 protexit
1851 1758 1905 1803 et
1929 1757 2116 1817 postea

538 1850 746 1905 salvum
787 1850 852 1903 ad
890 1864 987 1903 sua
1021 1847 1297 1917 perduxit.
1330 1843 1435 1900 Pro
1469 1845 1570 1898 hac
1592 1843 1797 1898 ollensa
1824 1839 2116 1909 Rogerium

540 1941 608 1996 de
636 1937 1031 1994 Northmannia
1073 1936 1230 2007 ejeci,
1273 1937 1366 1990 sed
1399 1934 1560 2004 paulo
1587 1941 1710 2005 post
1739 1929 2118 1986 reconciliatus

539 2033 618 2090 illi
645 2042 901 2088 caeterum
934 2032 1195 2085 honorem
1227 2026 1458 2082 reddidi.
1487 2024 1737 2080 Castrum
1767 2031 1946 2077 tamen
1976 2019 2116 2074 Mor-

538 2125 619 2179 ttti
649 2123 814 2178 maris
844 2123 897 2176 in
925 2137 1033 2191 quo
1063 2120 1342 2175 inimicum
1375 2133 1553 2173 meum
1581 2114 1830 2179 salvavit,
1860 2112 1934 2168 illi
1963 2113 2113 2183 jure,

537 2224 598 2270 ut
627 2229 768 2279 reor,
801 2211 1032 2278 abstuli;
1083 2211 1177 2265 sed
1217 2209 1492 2266 Willelmo
1533 2210 1599 2263 de
1640 2207 1933 2262 Guarenna
1980 2219 2116 2259 con-

539 2305 840 2374 sanguineo
868 2303 1005 2372 ejus,
1039 2302 1200 2357 tironi
1234 2301 1476 2371 legitimo
1500 2301 1641 2355 dedi.
1673 2298 1960 2353 Widonem
1985 2310 2115 2350 vero

532 2399 788 2454 comitem
826 2393 1058 2464 Bajocis,
1096 2394 1332 2462 quandiu
1368 2391 1590 2461 placuit,
1613 2390 1666 2443 in
1695 2401 1917 2443 carcere
1949 2384 2112 2440 habui

535 2498 588 2546 et
606 2498 728 2558 post
747 2487 882 2540 duos
901 2499 1072 2540 annos
1093 2484 1395 2539 bominium
1421 2481 1489 2536 ab
1509 2496 1574 2536 eo
1596 2479 1685 2533 tali
1706 2489 1892 2533 tenore
1914 2475 2112 2544 recepi,

540 2593 602 2639 ιιι
626 2583 825 2639 exinde
867 2579 999 2636 mihi
1041 2593 1256 2648 semper
1302 2575 1476 2631 ﬁdelis
1507 2575 1768 2628 existeret
1793 2580 1849 2626 et
1879 2569 2114 2624 militare

535 2675 842 2738 servitium,
895 2673 987 2727 ubi
1039 2669 1352 2739 jussissem,
1403 2682 1525 2721 cum
1578 2675 1795 2719 centum
1851 2659 2113 2716 militibus

534 2767 668 2822 mihi
717 2761 946 2836 singulis
994 2763 1151 2816 annis
1199 2760 1503 2815 exhiberet.
1558 2754 1764 2809 Deinde
1797 2752 2112 2808 muneribus

535 2859 688 2914 illum
750 2856 963 2926 magnis
1027 2853 1225 2909 donavi
1289 2860 1345 2907 et
1415 2852 1740 2905 honoratum
1799 2861 1921 2902 cum
1979 2859 2110 2916 pace
2141 2892 2183 2949 Ο

539 2947 748 3006 dimisi.

603 3042 830 3099 Peracto
855 3038 1183 3101 certamine,
1215 3051 1336 3089 mox
1383 3043 1442 3088 ut
1469 3038 1646 3086 certus
1690 3043 1938 3084 rumores
1966 3041 2114 3082 com-

533 3134 674 3204 peri,
703 3145 800 3203 per
842 3127 1183 3196 Radulphum
1229 3125 1294 3177 de
1335 3121 1523 3176 Tmnia
1563 3135 1682 3189 qua:
1713 3126 1864 3172 trans
1902 3115 2112 3184 Sequa-

533 3239 656 3278 nam
696 3221 995 3289 eontigerat
1054 3216 1166 3287 regi
1212 3214 1544 3269 Francorum
1595 3209 1863 3264 mandavi.
1909 3205 2114 3272 Quibus

534 3315 733 3372 auditis
788 3311 875 3364 ille
905 3309 1158 3380 protinus
1189 3313 1350 3359 noctu
1375 3302 1610 3358 surrexit
1646 3309 1845 3355 etcum
1871 3297 2113 3351 exercitu

535 3421 634 3460 suo
677 3405 935 3460 velociter
964 3399 1211 3470 aufugit,
1261 3411 1362 3451 nec
1392 3408 1624 3463 unquam
1665 3401 2114 3463 postea‘securus

534 3499 588 3551 in
625 3505 766 3551 terra
799 3509 917 3549 mea
948 3491 1305 3563 pernoctavit.
1353 3488 1443 3542 Sic
1475 3502 1504 3540 a
1536 3486 1765 3556 pueritia
1796 3499 1914 3537 mea
1961 3483 2115 3536 innu-

534 3588 698 3642 meris
743 3585 1013 3655 pressuris
1059 3583 1294 3650 undique
1343 3579 1630 3648 impeditus
1675 3590 1828 3640 sutn,
1872 3574 1964 3628 sed
2018 3589 2116 3643 per

537 3675 768 3744 gratiam
818 3674 911 3726 Dei
961 3673 1026 3727 de
1073 3670 1322 3724 omnibus
1371 3665 1665 3721 honorifice
1702 3671 1921 3733 ereptus
1967 3677 2110 3716 sum.

535 3761 838 3816 Invidiosus
875 3759 1042 3829 igitur
1069 3757 1321 3810 omnilms
1352 3755 1543 3807 vicinis
1573 3753 1706 3805 meis
1738 3750 1912 3805 factus
1959 3765 2112 3815 sum,

537 3847 632 3900 sed
664 3843 961 3898 auxiliante
992 3843 1102 3896 Deo
1122 3881 1138 3906 ,
1168 3841 1221 3894 in
1253 3855 1360 3909 quo
1386 3853 1600 3907 semper
1622 3852 1771 3905 spent
1813 3851 1987 3889 meam
2016 3850 2113 3904 po-

534 3936 642 4000 sui,
689 3932 894 3988 anullo
941 3939 1226 4000 superatus
1273 3943 1415 3983 sum.
1476 3927 1589 3980 lloc
1631 3940 1773 3995 stupe
1829 3933 2115 3980 senserunt

534 4028 782 4084 Britones
809 4034 865 4080 et
893 4026 1329 4094 Andrgavenses.
1364 4019 1477 4074 lloc
1518 4017 1882 4088 astipulantur
1919 4015 2111 4071 Franci

535 4132 698 4194 atque
725 4121 1106 4175 lt‘landreuses.
1139 4116 1252 4171 Hoc
1286 4115 1522 4184 graviter
1553 4113 1762 4182 experti
1801 4121 1927 4166 sunt
1953 4110 2112 4180 Angli

532 4225 585 4272 et
612 4213 1064 4268 Ceuomaucnses.

629 4303 948 4363 Goisfrcdus
1016 4296 1295 4352 Martellus
1354 4308 1536 4350 comes
1591 4293 2002 4364 Audegavorum
2059 4285 2113 4344 et

535 4399 792 4456 Conanus
821 4392 1073 4461 princeps
1103 4387 1381 4440 Britonum
1413 4396 1575 4453 atque
1614 4386 1881 4439 Robcrtus
1923 4383 2112 4438 Fresio

533 4501 749 4558 satrapa
779 4483 1109 4539 Morinorum
1139 4478 1270 4532 mihi
1295 4477 1481 4531 multis
1514 4476 2004 4531 machinationibus
2032 4476 2114 4530 iu-

534 4577 714 4633 sidiati
743 4582 886 4628 sunt.
921 4570 1051 4636 Sed,
1085 4566 1426 4621 custodiente
1455 4566 1726 4630 Deo,licet
1753 4565 1979 4620 multum
2017 4581 2112 4636 op-

537 4680 743 4728 tassent
772 4678 827 4723 ct
854 4667 1036 4736 plures
1079 4663 1304 4716 insidias
1347 4661 1802 4730 perstruxissent,
1833 4677 2110 4731 nunquam

535 4766 642 4818 voti
688 4770 965 4829 compotes
1014 4754 1186 4811 ell'eeti
1218 4762 1362 4808 sunt.
1412 4752 1668 4808 Diadema
1724 4751 1924 4822 regale,
1969 4753 2110 4821 quod

535 4853 713 4908 nullus
749 4857 1149 4902 autecessorum
1189 4857 1428 4898 meorum
1477 4843 1675 4912 gessit,
1707 4843 1933 4910 adeptus
1961 4857 2108 4908 sum,

538 4942 675 5013 quod
704 4940 886 4994 divina
914 4936 1250 4989 solummodo
1279 4935 1450 5005 gratia
1479 4950 1584 4989 non
1619 4935 1710 5004 jus
1747 4936 1976 4990 contulit
2004 4937 2112 4991 bae-

535 5031 873 5088 reditarium.
903 5027 1147 5091 Quantos
1173 5024 1313 5078 ultra
1339 5039 1489 5078 mare
1518 5023 1732 5078 labores
1765 5033 1819 5078 et
1849 5026 2112 5092 periculo-

533 5141 624 5180 sus
655 5118 940 5177 conflictus
967 5115 1282 5183 pertulerim
1306 5123 1492 5168 contra
1515 5113 1772 5178 Exonios,
1797 5115 2113 5171 Cestrenscs

532 5230 584 5271 et
614 5207 1117 5270 Nordanhumbros,
1145 5213 1330 5258 contra
1355 5205 1545 5260 Scotos
1571 5216 1625 5262 et
1647 5207 1888 5273 Guallos,
1916 5209 2112 5263 North-

893 5295 1064 5314 n_-__
1097 5302 1139 5314 Α.

2224 1674 2411 1717 ranter
2440 1662 2723 1718 honorari.
2753 1662 3162 1717 Ecclesiastieas
3195 1662 3484 1734 dignitates
3527 1676 3812 1730 nunquam

2221 1756 2548 1811 venundedi.
2583 1755 2880 1811 Simouiam
2909 1755 3207 1810 detestatus
3223 1769 3435 1826 semper
3467 1753 3727 1809 refutavi.
3763 1751 3816 1806 In

2219 1848 2481 1904 electione
2543 1861 2901 1917 personarum
2947 1847 3073 1901 vita:
3119 1846 3372 1902 meritum
3427 1853 3484 1900 et
3530 1843 3820 1913 sapientia:

2219 1943 2526 1999 doctrinam
2581 1941 2934 2012 investigari,
2983 1951 3076 2004 et,
3129 1949 3389 2010 quantum
3438 1938 3493 1992 in
3535 1951 3625 1990 me
3673 1935 3814 1998 fuit,

2218 2035 2461 2090 omnium
2509 2031 2825 2104 dignissimo
2854 2030 3110 2087 Ecclesia:
3139 2033 3377 2100 regimen
3411 2025 3814 2084 commendavi.

2219 2125 2334 2181 Hoc
2363 2126 2619 2180 nimirum
2650 2124 2870 2195 probari
2897 2132 3075 2195 potest
3111 2122 3380 2177 veraciter
3410 2120 3464 2174 in
3499 2119 3816 2174 Lanfraneo

2218 2217 2690 2272 (htntuariensium
2764 2213 3188 2284 archipraesule,
3269 2213 3374 2268 hoc
3440 2211 3495 2265 in
3554 2208 3817 2263 Anseluto

2218 2308 2570 2364 Beceeusium
2602 2308 2821 2372 abbate,
2851 2306 2953 2360 hoc
3010 2306 3062 2359 in
3093 2303 3358 2360 Gerberto
3394 2301 3817 2356 Fontaucllense

2215 2412 2272 2459 et
2303 2404 2556 2457 llnraudo
2584 2401 2948 2466 Troarnense,
2984 2408 3040 2454 et
3077 2400 3128 2454 in
3156 2397 3278 2454 aliis
3315 2395 3502 2451 multis
3533 2394 3816 2465 regnimei

2217 2493 2552 2560 doctoribus,
2590 2509 2822 2564 quorum
2867 2492 3099 2548 celebris
3145 2491 3262 2545 laus
3296 2497 3557 2560 personat
3587 2488 3644 2540 in
3687 2486 3818 2540 ulti-

2184 2631 2186 2634 ,
2217 2585 2356 2649 mis,
2396 2593 2454 2638 ιιι
2483 2585 2668 2648 credo,
2698 2592 2858 2638 terra:
2896 2582 3114 2637 finibus.
3145 2580 3302 2636 Tales
3330 2580 3510 2636 socios
3538 2578 3608 2632 ad
3644 2577 3814 2633 collo—

2214 2677 2400 2748 quium
2427 2677 2586 2747 elegi,
2616 2677 2668 2731 in
2699 2677 2892 2730 horum
2921 2677 3274 2731 contubernio
3307 2675 3601 2730 veritatem
3631 2683 3689 2729 et
3717 2688 3809 2727 sa-

2217 2767 2480 2837 pientiam
2531 2767 2744 2832 inveni;
2781 2768 3010 2836 ideoque
3035 2781 3248 2837 semper
3277 2764 3518 2836 gaudens
3555 2763 3810 2834 optabam

2216 2873 2404 2913 eorum
2447 2859 2689 2913 consiliis
2733 2858 2960 2928 perfrui.

2288 2949 2492 3004 Novem
2517 2949 2749 3005 abbatim
2778 2949 3171 3004 monachorum
3196 2955 3250 3000 et
3279 2962 3383 3002 una
3409 2945 3808 3002 sanctimonia-

2218 3040 2348 3094 lium
2378 3057 2498 3111 qua:
2525 3057 2555 3096 a
2582 3041 2826 3110 patribus
2856 3040 2993 3095 meis
3036 3039 3090 3094 ln
3127 3037 3520 3093 Northmannia
3566 3037 3808 3090 fundata:

2217 3135 2366 3190 sunt,
2411 3143 2497 3180 me
2522 3125 2846 3194 adjuvante,
2877 3139 3001 3179 cum
3034 3123 3236 3178 auxilio
3267 3123 3360 3177 Dei
3391 3130 3712 3182 creverunt,
3757 3129 3812 3172 et

2217 3213 2451 3287 gloriose
2507 3215 2799 3270 tuultarum
2868 3213 3174 3284 augmentis
3235 3226 3414 3265 rerum
3480 3224 3621 3279 quas
3684 3206 3807 3262 dedi

2217 3312 2577 3382 magnificam
2614 3316 2760 3364 sunt.
2793 3307 2997 3364 Deinde
3029 3305 3258 3360 dttCatus
3280 3304 3384 3357 mei
3415 3311 3680 3371 tempore,
3717 3301 3810 3353 tle-

2217 3420 2336 3460 cem
2362 3413 2416 3458 et
2444 3411 2651 3472 septem
2691 3400 3081 3456 monachorum
3116 3406 3278 3466 atque
3297 3391 3805 3450 sanctimonialium

2217 3512 2311 3551 sex
2361 3493 2608 3547 (-tnnobia
2653 3497 2961 3547 constructa
2999 3499 3152 3553 sunt,
3184 3486 3274 3540 ubi
3325 3500 3582 3555 maguum
3630 3483 3806 3537 servi-

2220 3588 2352 3642 tium
2380 3594 2436 3639 et
2461 3584 2642 3655 plures
2673 3581 3030 3653 elcemosynze
3065 3596 3160 3650 pro
3196 3578 3391 3634 summi
3428 3576 3596 3648 Regis
3617 3590 3804 3630 amore

2217 3677 2457 3747 quotidie
2487 3674 2642 3728 fiunt.
2680 3671 2997 3741 llujusmodi
3027 3672 3224 3727 castris
3255 3671 3462 3724 munita
3491 3679 3575 3724 est
3607 3667 3803 3723 North-

2220 3763 2468 3828 manuia,
2500 3771 2554 3816 et
2580 3761 2632 3815 in
2662 3761 2746 3814 his
2771 3759 2986 3813 discunt
3024 3759 3308 3828 terrigena:
3337 3755 3574 3827 przcliari
3612 3765 3796 3811 contra

2217 3855 2488 3908 daemones
2533 3860 2588 3906 et
2640 3851 2824 3906 carnis
2868 3850 3017 3903 vitia.
3065 3849 3267 3903 llornm
3307 3849 3505 3917 quippe
3535 3858 3634 3902 aut
3673 3861 3794 3916 ego,

2219 3943 2519 4014 inspirante
2556 3943 2697 4006 Deo,
2728 3939 2801 3995 fui
2849 3939 3093 3994 conditor
3129 3949 3222 3992 aut
3252 3937 3531 4000 fundator,
3563 3936 3797 3992 fervidus

2217 4036 2452 4106 adjutor,
2476 4033 2770 4088 benevolus
2794 4032 3059 4086 incentor.
3090 4030 3288 4087 Omnes
3307 4044 3526 4100 qucque
3554 4045 3644 4084 res
3667 4045 3797 4100 quas

2219 4128 2271 4181 in
2327 4125 2488 4180 terris
2542 4123 2623 4178 vel
2667 4123 2788 4177 aliis
2825 4122 3120 4176 redditibns
3161 4135 3414 4190 proceres
3457 4120 3563 4174 mei
3599 4119 3713 4172 Deo
3748 4129 3799 4172 et

2147 4227 2190 4285 ο
2219 4220 2418 4272 sanctis
2441 4216 2556 4285 ejus
2579 4214 2837 4284 dederunt
2867 4229 2964 4284 pro
2987 4212 3161 4267 salute
3188 4210 3453 4282 spiriiuaii
3481 4209 3799 4264 inNeustria

2214 4325 2268 4366 et
2290 4310 2484 4380 Anglia
2515 4308 2819 4375 benigniter
2832 4305 3096 4366 concessi,
3121 4314 3174 4358 et
3202 4305 3419 4357 chartas
3449 4302 3799 4371 largitionum

2214 4406 2402 4452 contra
2423 4410 2611 4450 omnes
2633 4394 2854 4447 :emulos
2874 4401 2927 4447 et
2953 4391 3295 4445 infestatores
3319 4389 3605 4459 principali
3623 4399 3801 4442 aucto-

2215 4488 2374 4544 ritate
2395 4483 2564 4554 gratis
2588 4480 2926 4537 confirmavi.

2284 4579 2410 4634 Hzec
2461 4575 2638 4631 studia
2684 4586 2921 4630 sectatus
2971 4589 3090 4628 sum
3144 4588 3174 4628 a
3222 4572 3481 4644 primva
3528 4584 3796 4645 tempore.

2215 4672 2330 4726 hanc
2357 4668 2662 4723 haeredibus
2685 4667 2819 4722 nteis
2837 4667 3081 4736 relinquo
3105 4667 3330 4720 tenenda
3353 4666 3504 4721 omni
3538 4677 3798 4737 tempore,

2214 4762 2270 4816 In
2329 4760 2432 4824 his,
2484 4759 2576 4813 filii
2625 4759 2752 4824 mei,
2791 4773 2878 4812 me
2912 4756 3115 4828 jugiter
3155 4757 3470 4827 sequimini,
3503 4765 3567 4812 ut
3613 4759 3703 4814 hic
3751 4771 3802 4813 et

2217 4854 2268 4906 in
2295 4868 2468 4906 aevum
2493 4865 2674 4904 coram
2723 4849 2832 4904 Deo
2871 4859 2927 4902 et
2961 4849 3261 4902 hominibus
3288 4849 3661 4904 bclnoremini.
3695 4850 3800 4906 Hoc

2215 4943 2481 5014 pr.eeipL'e
2511 4957 2636 5006 vos,
2661 4943 2871 4996 viscera
2901 4955 3039 5004 mea,
3072 4954 3412 5004 commoneo,
3443 4953 3502 4996 ut
3529 4942 3798 4997 bonorum

2215 5045 2270 5092 et
2315 5037 2616 5105 sapientum
2681 5035 3049 5088 indesinenter
3092 5015 3400 5086 inhtert'atis
3449 5036 3711 5089 sodalitio
3751 5047 3800 5089 et

2214 5142 2400 5182 eorum
2433 5129 2486 5180 in
2513 5127 2797 5190 omnibus,
2837 5127 2881 5181 si
2914 5126 3001 5179 diu
3034 5125 3250 5196 gloriosi
3281 5124 3446 5179 vultis
3481 5128 3797 5196 persistere,

2213 5218 2478 5272 obcdiatis
2515 5216 2759 5285 imperio.
2796 5215 3013 5270 Piorum
3046 5216 3407 5284 sophistarum
3437 5217 3693 5270 doctrina
3724 5227 3801 5271 est
