4040 5314
241 157 378 213 1289

1679 148 2058 210 ΕΡιδΤοιᾸῑ.

3353 157 3496 214 I290

239 275 412 327 hoset
453 285 666 340 iniquos
707 286 1062 342 comprimere
1102 287 1166 328 ac
1206 271 1509 339 debellare,
1537 279 1594 328 et
1621 273 1690 326 ab
1723 273 1808 326 iu-
1837 281 1884 339 Α
1917 272 2277 338 Eboracensi,
2305 283 2447 329 tame
2475 287 2568 328 seu
2598 272 2742 329 ferro
2783 270 3125 328 mortiﬁcavi.
3164 269 3305 324 Deiri
3341 267 3485 323 enim

243 362 522 415 testatione
550 361 869 424 simplicium
902 361 1212 427 refrenare,
1249 361 1532 418 ecclesiam
1571 371 1818 417 sanctam

238 448 431 501 devote
469 443 834 516 frequentare,
872 449 1169 504 divinitatis
1196 450 1395 504 cultum
1424 464 1589 519 super
1625 466 1818 508 omnes

238 532 453 586 divitias
493 548 676 588 amare
724 545 779 588 et
824 535 1021 588 divina:
1068 535 1168 605 legi
1224 543 1380 590 nocte
1428 537 1735 605 dicque.ct
1761 539 1817 593 in

237 616 478 671 adversis
513 625 567 671 et
610 619 884 688 prosperis
908 659 922 682 ,
965 619 1375 689 infatigabiliter
1415 621 1813 691 obtemperare.

308 706 565 760 Ducatum
632 701 1071 774 Northmaunize,
1125 719 1411 780 antequam
1461 711 1514 765 in
1568 713 1816 782 Epitumo

236 793 428 850 Scnlac
487 807 672 851 contra
714 797 1000 854 Heraldum
1050 808 1376 866 certassem,
1421 799 1660 856 Roberto
1705 803 1816 859 lilio

235 895 356 934 meo
409 882 685 945 concessi,
723 883 848 950 quia
898 883 1288 953 primogenitus
1343 893 1448 939 est.
1505 884 1813 942 Ilominium

235 979 374 1036 pene
418 970 658 1024 omnium
707 971 865 1040 hujus
908 974 1094 1042 patria:
1135 975 1401 1029 baronum
1436 974 1548 1042 jam
1587 979 1807 1047 recepit.

232 1053 532 1109 Concessus
558 1056 730 1110 Itonor
763 1059 949 1127 nequit
995 1059 1258 1114 abstrahi.
1293 1061 1398 1115 Sed
1442 1062 1812 1117 indubitanter

233 1136 346 1190 scio
369 1138 511 1206 quod
556 1153 682 1193 vere
710 1139 902 1194 misera
932 1143 1034 1195 erit
1066 1143 1215 1213 regio
1238 1157 1358 1213 quas
1381 1142 1620 1212 subjecta
1649 1145 1812 1201 fuerit

231 1225 348 1294 ejus
389 1227 646 1286 dominio.
693 1230 971 1300 Superbus
998 1234 1143 1288 enim
1177 1245 1293 1302 est,
1329 1245 1384 1291 et
1425 1237 1682 1306 insipiens
1710 1252 1806 1294 ne-

231 1311 358 1366 bulo
417 1313 665 1382 trucique
703 1315 793 1368 diu
828 1315 1144 1384 plectendas
1174 1319 1488 1375 infortunio.
1524 1321 1807 1378 Neminem

230 1401 436 1472 Anglici
462 1405 613 1474 regni
643 1407 917 1463 constituo
946 1409 1215 1465 haeredem
1235 1450 1251 1477 ,
1275 1413 1368 1467 sed
1389 1420 1592 1468 aeterno
1612 1413 1813 1470 Condi-'

234 1493 356 1556 tori,
383 1492 536 1561 cujus
561 1511 679 1549 sum
724 1505 780 1552 et
819 1498 874 1552 in
909 1501 1064 1570 cujus
1090 1518 1255 1557 manu
1297 1513 1420 1559 sunt
1447 1505 1648 1570 omnia,
1678 1506 1803 1564 illud

230 1585 568 1638 commendo.
587 1584 701 1639 Non
727 1589 871 1642 enim
904 1598 1108 1645 tantum
1137 1593 1301 1648 decus
1324 1594 1663 1649 haereditario
1682 1595 1804 1664 jure
1834 1607 1878 1667 Β

230 1672 470 1737 possedi,
513 1675 606 1728 sed
653 1677 772 1730 dim
823 1679 1074 1735 conﬂictu
1106 1691 1160 1735 et
1191 1683 1356 1736 multa
1402 1683 1660 1739 effusione
1712 1687 1809 1740 Itu-

231 1761 371 1814 mani
401 1765 612 1820 cruoris
643 1765 859 1835 periuro
895 1771 1007 1841 regi
1038 1771 1269 1827 lleraldo
1299 1773 1525 1836 abstuli,
1551 1783 1606 1828 et
1638 1777 1806 1830 inter-

227 1849 380 1905 fectis
429 1853 510 1907 vel
553 1854 800 1927 ell'ugatis
836 1860 1157 1930 fautoribus,
1196 1863 1312 1933 ejus
1346 1864 1642 1919 dominatur
1683 1882 1803 1922 meo

226 1939 431 2009 subegi.
477 1941 761 2001 Naturales
791 1951 938 2018 regni
971 1950 1112 2006 filios
1138 1952 1259 2019 plus
1283 1967 1438 2022 aequo
1469 1968 1663 2009 exesos
1701 1955 1801 2008 lia-

226 2028 334 2082 bui.
367 2029 583 2087 Nobiles
618 2044 674 2088 et
715 2037 965 2105 vulgares
1010 2042 1302 2096 crudeliter
1343 2043 1554 2096 vexavi.
1600 2042 1799 2112 lnjuste

225 2119 424 2176 multos
465 2123 873 2194 exlizereditavi,
919 2129 1234 2186 innumeros
1277 2133 1513 2186 maxime
1561 2132 1614 2186 in
1655 2147 1792 2202 pago

226 2280 237 2288 ·
256 2273 530 2299 ’.ψεαρ-δ

533 2283 1895 2312 mm

1902 2290 3230 2315 Ἥ

1919 373 1975 418 et
2002 371 2152 419 trans
2183 363 2505 419 Humbrana:
2548 374 2734 436 gentes
2766 365 3063 420 exercitum
3109 360 3274 416 Sueui
3314 359 3493 413 Dano-

1918 461 2038 506 rum
2070 452 2211 522 regis
2245 463 2432 508 contra
2472 470 2558 509 me
2593 463 2948 525 susceperunt
2986 461 3042 509 et
3085 452 3378 507 Robertum
3425 448 3496 522 de

1916 541 2159 599 (luminis
2181 560 2302 600 cum
2335 545 2480 600 mille.
2505 545 2765 601 militibus
2786 547 2926 602 intra
2948 544 3264 600 Dunelmum
3282 581 3298 607 ,
3328 539 3493 596 alios~

1916 646 2022 701 que
2047 646 2301 701 proceres
2325 649 2475 690 meos
2496 644 2551 690 et
2575 636 2777 691 tirones
2794 634 3203 705 probatissimos
3237 631 3288 685 in
3313 631 3490 686 diver‘

1915 724 1992 779 sis
2021 724 2152 780 locis
2173 736 2536 795 peremerunt.
2569 726 2720 783 Unde
2746 726 3098 783 immoderato
3127 724 3309 780 furore
3340 737 3489 778 conv

1914 822 2094 870 motus
2124 815 2177 870 in
2208 815 2452 873 boreales
2474 815 2674 888 Anglos
2707 826 2767 872 ut
2792 833 3025 873 vesanus
3056 817 3138 872 leo
3175 810 3486 885 properavi.

1913 903 2111 959 Domos
2145 919 2333 960 eorum
2369 907 2536 976 jussi,
2567 917 2886 979 segetesque
2911 917 2966 962 et
2998 921 3216 963 omnem
3257 917 3485 975 apparas

1915 1003 2028 1049 tum
2077 1005 2240 1066 atque
2289 998 2673 1068 supellectilem
2718 1000 3004 1056 confestim
3043 996 3258 1053 incendi
3293 1003 3347 1050 et
3391 1007 3486 1049 cos

1910 1086 2091 1156 piosos
2159 1098 2528 1143 armentorum
2603 1089 2975 1158 pecudumque
3040 1099 3231 1157 greges
3284 1083 3488 1152 passim

1909 1179 2158 1232 mactari.
2187 1177 2581 1234 Multitudinem
2627 1180 2808 1249 itaque
2847 1187 3130 1247 utriusque
3177 1188 3338 1231 sexus
3372 1182 3487 1227 tam

1909 1268 2038 1323 dirte
2075 1267 2232 1324 famis
2274 1284 2531 1325 mucrone
2571 1270 2843 1324 mulctavi.
2871 1269 2938 1323 Et
2983 1269 3062 1324 sic
3104 1265 3270 1321 multa
3317 1263 3487 1319 millia

1905 1358 2284 1428 pulcherrima:
2305 1359 2480 1429 gentis
2498 1373 2685 1413 senum
2710 1357 3104 1426 iuvenumque,
3129 1355 3266 1426 prob
3291 1353 3475 1408 dolor!

1907 1447 2153 1505 funestus
2192 1450 2477 1506 trucidavi.
2507 1449 2705 1504 Fasces
2750 1450 2916 1519 igitur
2945 1449 3102 1518 hujus
3134 1445 3307 1517 regni,
3345 1458 3482 1514 quos

1905 1554 2026 1596 cum
2069 1550 2152 1597 tot
2197 1542 2434 1612 peccatis
2485 1540 2738 1608 obtinui,
2784 1539 2918 1594 nulli
2989 1538 3161 1592 audeo
3228 1535 3476 1598 tradere,

1907 1633 2010 1686 nisi
2037 1633 2146 1690 Deo
2175 1633 2306 1699 soli;
2335 1648 2405 1688 ne
2427 1640 2548 1704 post
2572 1632 2730 1687 funus
2768 1645 2948 1686 meum
2993 1629 3170 1683 adhuc
3217 1626 3488 1682 deteriora

1906 1716 2040 1771 fiant
2070 1718 2356 1772 occasione
2383 1717 2508 1771 mei.
2543 1715 2872 1772 Willelmum
2919 1714 3087 1768 tilium
3143 1725 3349 1775 meum,
3392 1708 3487 1780 qui

1903 1804 2037 1858 mihi
2083 1819 2114 1858 a
2158 1805 2349 1876 primis
2387 1805 2544 1860 annis
2589 1819 2802 1877 semper
2846 1802 3061 1858 inhaesit
3100 1809 3156 1856 et
3197 1799 3329 1855 mihi
3389 1813 3487 1868 pro

1901 1909 2062 1964 posse
2123 1911 2222 1950 suo
2287 1910 2383 1967 per
2421 1895 2604 1949 omnia
2663 1895 2892 1950 libenter
2929 1892 3195 1956 obedivit,
3246 1898 3373 1960 opto
3431 1890 3486 1942 iu

1894 1986 2101 2057 Spiritu
2129 1986 2225 2041 Dei
2254 1987 2343 2041 ditt
2381 1987 2564 2042 valere
2609 1993 2664 2040 et
2692 1985 2745 2039 in
2771 1984 2923 2054 regni
2965 1984 3134 2050 solio,
3169 1983 3216 2039 si
3255 1981 3350 2037 Dei
3394 1995 3488 2034 voc

1903 2070 2083 2127 luntas
2104 2081 2221 2137 est,
2253 2070 2484 2127 feliciter
2520 2069 2745 2142 fulgere.

667 2405 1619 2534 mmmam
1696 2411 3053 2564 CONQUESTOBIS

1458 2643 2237 2758 EPISTOLZE.

717 2977 1048 3038 EPISTOLA
1077 2979 1310 3040 PRIMA.

440 3107 505 3145 AD
531 3108 829 3148 GREGORIUM
857 3111 928 3149 VII
955 3111 1274 3150 PONTIFICEM
1307 3111 1584 3151 ROMANUM.

223 3173 386 3246 (Vide
417 3181 467 3233 in
508 3181 760 3252 Gregorio
819 3183 946 3306 VIII,
991 3182 1308 3321 Ιὲιιξέοίορὶω
1361 3195 1488 3240 tom.
1531 3186 1800 3254 CXLVIII,

856 3269 958 3308 co.
1052 3289 1062 3296 ι
1127 3294 1137 3306 .

856 3269 958 3308 C0l.
1026 3269 1137 3307 Ηιδ.

802 3350 1134 3406 EPISTOLA
1178 3351 1236 3405 ll.

473 3457 538 3495 AD
586 3457 818 3495 JOANNEM
866 3459 1106 3497 ΑΒΒᾹΤΕἩ
1155 3458 1587 3500 FISCAMNENSEH.

303 3543 305 3545 ‘
372 3528 526 3600 (Vide
555 3528 873 3599 Patrologia.’
914 3544 1036 3586 tom.
1071 3533 1320 3599 CXLVII,
1353 3538 1451 3590 col.
1491 3537 1640 3608 463.)

793 3624 1122 3678 EPIS'I'ULA
1163 3627 1244 3679 Ill.

301 3727 366 3765 AD
388 3726 640 3766 CLERICOS
665 3729 733 3767 ΕΤ
762 3730 946 3770 LAICOS
976 3733 1070 3770 PER
1101 3734 1328 3773 ANGLIAM
1347 3735 1729 3778 CONSTITUTOS.

227 3801 431 3873 (Edidit
459 3804 666 3859 SELDEN
724 3791 792 3860 in’
828 3807 966 3861 notis
1007 3809 1072 3862 ad
1123 3810 1367 3864 Eadmeri
1407 3811 1544 3866 Hist.
1596 3831 1801 3882 novor.,

259 3899 507 3965 Append.
539 3899 604 3951 ad
638 3897 772 3968 Opp.
820 3899 1112 3954 Laufranci
1158 3903 1242 3956 ed.
1276 3903 1433 3969 1675,
1468 3921 1590 3976 pag.
1624 3907 1766 3975 H3.)

297 3989 656 4053 WILLt-zuus,
688 3991 782 4045 Dei
806 3994 978 4061 gratia
1008 4009 1099 4047 rex
1122 3993 1437 4061 Anglorum,
1464 4006 1570 4050 tam
1591 3998 1802 4056 clericis

223 4089 388 4144 quam
413 4075 564 4130 Iaicis
588 4091 684 4146 per
705 4079 950 4148 Angliam
981 4081 1307 4148 constitutis,
1335 4083 1585 4139 salutem.

296 4163 492 4218 Notum
545 4165 617 4219 sit
663 4167 814 4222 vobis
856 4183 942 4222 me
986 4172 1319 4228 concessisse
1345 4182 1400 4229 et
1429 4175 1798 4244 confirmasse,

226 4269 473 4317 assensu.
507 4255 796 4311 Lanfranci
844 4258 1235 4328 archiepiscOpi
1286 4261 1711 4332 Cantuariensis,
1749 4277 1804 4323 et

228 4343 477 4413 Stigaudi
533 4346 770 4414 episcopi
826 4345 1204 4412 Cicestrensis,
1237 4361 1294 4404 et
1357 4353 1583 4408 consilio
1636 4358 1799 4412 etiam

227 4437 606 4505 episcoporum
633 4452 696 4490 ac
729 4438 986 4491 baronum
1032 4455 1293 4507 nieorum,
1330 4452 1386 4496 ut
1424 4445 1650 4502 ecclesia
1679 4464 1806 4503 san-

227 4529 301 4582 cti
328 4528 546 4584 Martini
579 4530 644 4584 de
673 4529 839 4594 Bello,
869 4547 1030 4600 quam
1059 4531 1275 4588 fundavi
1306 4552 1370 4590 ex
1399 4546 1522 4592 voto
1545 4539 1612 4594 ob
1635 4540 1802 4595 victo-

227 4624 364 4676 riam
394 4640 552 4693 quam
582 4624 711 4678 milii
740 4623 877 4678 Deus
905 4626 954 4678 in
985 4625 1172 4679 eodem
1210 4627 1328 4682 loco
1352 4629 1605 4697 contulit,
1635 4631 1802 4686 libera

230 4713 302 4764 sit
333 4722 386 4764 et
406 4715 583 4782 quieta
620 4713 671 4765 iu
703 4726 1018 4780 perpetuum
1047 4715 1112 4768 ab
1142 4717 1288 4770 omni
1318 4717 1582 4774 servitute
1608 4728 1663 4774 et
1689 4737 1805 4776 om-

231 4800 390 4855 nibus
417 4817 752 4871 quaacunque
803 4803 1030 4857 humana
1076 4819 1226 4861 meus
1270 4805 1580 4876 excogitare
1609 4819 1801 4880 potest,

231 4909 351 4948 cum
371 4898 621 4954 omnibus
645 4895 999 4963 dignitatibus
1039 4908 1092 4951 et
1136 4901 1621 4960 consuetudinibus
1650 4921 1806 4977 rega-

231 4981 370 5040 libus
421 5000 551 5054 quas
605 4985 654 5038 ei
721 4986 886 5053 regali
943 4989 1264 5047 auctoritate
1321 4993 1608 5058 concessi,
1665 4997 1807 5052 sicut

224 5073 428 5129 chartae
448 5092 578 5132 meae
610 5083 897 5130 testantur.
934 5075 1065 5128 Volo
1093 5077 1292 5150 itaque,
1325 5087 1382 5133 et
1410 5079 1640 5140 firmiter
1663 5101 1802 5156 prae.

227 5163 382 5230 cipio,
410 5178 680 5232 quatenus
703 5163 929 5220 ecclesia
957 5163 1067 5227 illa,
1095 5180 1215 5224 cum
1263 5171 1422 5237 leuga
1459 5173 1804 5246 circumqua-

227 5253 676 5314 que‘adjacente,
720 5251 896 5309 libera'
937 5253 1011 5308 sit
1059 5252 1126 5307 ab
1155 5260 1303 5314 omni
1339 5257 1716 5314 dominatione
1749 5276 1807 5314 et

1831 2990 1874 3048 (ἶ
1909 3003 1960 3059 in
1985 3004 2125 3060 illius
2153 3005 2376 3062 ditecesi
2406 3007 2498 3074 sit,
2532 3005 2584 3062 in
2613 3006 2841 3065 ecclesia
2873 3005 2985 3077 illa,
3019 3023 3101 3066 ve.
3129 3027 3182 3068 .n
3226 3011 3486 3071 maneriis

1907 3096 1971 3148 ad
2017 3112 2134 3150 eam
2184 3099 2579 3166 pertinentibus
2632 3116 2699 3155 ex
2747 3104 3137 3158 consuetudine
3192 3107 3484 3177 hospitari,

1907 3196 2102 3239 contra
2133 3187 2458 3244 voluntatem
2492 3189 2733 3256 abbatis;
2759 3206 2858 3246 nec
2885 3193 3255 3252 ordinationes
3275 3197 3486 3268 aliquas

1905 3277 2106 3333 ibidem
2136 3279 2336 3348 facere,
2371 3295 2472 3336 nec
2500 3281 2771 3336 abbatiam
2802 3282 2855 3336 in
2886 3283 3067 3353 aliquo
3105 3298 3350 3356 gravare.
3377 3287 3486 3345 Sed

1907 3385 2080 3438 neque
2107 3386 2268 3440 super
2295 3371 2438 3425 illam
2466 3371 2888 3427 dominationem
2916 3373 3177 3444 aliquam,
3220 3386 3312 3431 aut
3345 3377 3481 3444 vim,

1906 3458 1989 3512 vel
2020 3468 2338 3527 potestatem
2371 3471 2651 3527 exerceat;
2696 3461 2810 3526 sed,
2859 3463 2998 3518 sicut
3047 3480 3166 3520 mea
3205 3467 3478 3524 dominica

1906 3546 2132 3614 capella,
2164 3547 2330 3603 libera
2362 3549 2435 3603 sit
2483 3550 2704 3604 omnino
2733 3551 2800 3605 ab
2839 3553 2987 3607 omni
3031 3552 3147 3622 ejus
3179 3557 3484 3612 exactione.

1904 3637 1986 3691 Ad
2014 3640 2277 3709 synodum
2314 3656 2443 3694 vero
2473 3641 2641 3694 abbas
2670 3643 2749 3697 ire
2780 3658 2887 3698 non
2943 3657 3352 3704 summoneatur
3386 3666 3487 3707 nec

1906 3732 2275 3800 compellatur,
2305 3734 2408 3788 nisi
2460 3735 2677 3803 propria
2723 3736 3001 3794 voluntate
3037 3755 3136 3809 pro
3184 3743 3363 3811 aliquo
3395 3760 3480 3799 ne‘

1907 3820 2054 3888 gotio
2077 3821 2156 3875 ire
2185 3821 2433 3876 voluerit.
2490 3821 2597 3877 Nec
2647 3825 2942 3880 monachos
2972 3840 3097 3880 suos
3124 3829 3214 3882 ubi
3249 3830 3350 3882 sibi
3389 3846 3488 3898 ops

1905 3912 2192 3979 portuuius
2223 3914 2437 3978 viderit,
2479 3913 2546 3967 ad
2597 3929 2783 3967 sacros
2815 3915 3031 3969 ordines
3069 3920 3373 3984 promoveri
3408 3921 3489 3972 fas

1905 4016 2032 4056 cere
2053 4005 2426 4071 prohibeatur.
2457 4004 2567 4060 Nec
2597 4004 2850 4058 altarium
2896 4007 3252 4072 saeratioues,
3283 4009 3484 4064 confir-

1905 4093 2195 4156 mationes,
2228 4094 2312 4148 vel
2363 4094 2635 4163 quaslibet
2674 4094 3010 4165 episcopales
3059 4097 3486 4166 benedictiones,

1906 4182 2121 4238 abbatis
2176 4184 2260 4238 vel
2317 4185 2705 4239 monachorum
2752 4186 3108 4254 requisitione
3160 4202 3192 4242 a
3246 4189 3488 4258 quolibet

1906 4273 2157 4342 episcopo
2181 4273 2378 4328 ibidem
2409 4274 2577 4330 libere
2606 4274 2830 4340 fieri.ab
2851 4276 3033 4347 aliquo
3055 4279 3482 4336 contradicatur.

1909 4363 2021 4417 Hoc
2058 4364 2220 4418 etiam
2248 4364 2412 4432 regali
2443 4365 2764 4422 auctoritate
2783 4376 2837 4422 et
2867 4368 3246 4437 episcoporum
3278 4385 3342 4424 ac
3379 4370 3496 4470 lia-3

1905 4468 2098 4509 ronum
2147 4469 2394 4510 meorum
2447 4457 2797 4513 attestatione
2848 4459 3163 4525 constituo,
3214 4469 3490 4530 quatenus

1907 4546 2077 4600 abbas
2131 4545 2374 4601 ecclesia:
2429 4561 2539 4602 sure
2590 4554 2647 4600 et
2693 4546 2864 4619 leugae
2911 4547 3346 4622 circumjacentis
3393 4564 3490 4622 per

1907 4634 2090 4690 omnia
2132 4633 2297 4705 judex
2330 4635 2400 4690 sit
2428 4643 2483 4691 et
2518 4635 2794 4692 dominus.
2849 4637 3114 4698 Defuncto
3157 4642 3375 4706 abbate,
3423 4646 3494 4702 de

1907 4725 2094 4781 eadem
2145 4724 2374 4782 ecclesia
2427 4725 2597 4782 abbas
2654 4729 2918 4803 eligatur,
2978 4731 3083 4788 nisi
3136 4731 3278 4788 forte
3326 4732 3506 4802 (quod

1912 4817 2072 4887 absit)
2102 4817 2297 4871 ibidem
2349 4815 2535 4870 idonea
2583 4830 2820 4886 persona
2873 4823 3098 4888 reperiri
3143 4837 3253 4878 non
3297 4824 3510 4890 possit.

1912 4905 2062 4962 lianc
2085 4906 2526 4962 constitutionem
2585 4924 2789 4976 meam,
2838 4911 2918 4967 sic
2948 4924 3076 4972 voto
3105 4924 3161 4972 et
3203 4912 3371 4982 regali
3401 4930 3511 4972 au-

1910 4998 2162 5051 ctoritate
2193 4993 2568 5050 conﬁrmatam
2630 5002 2808 5057 nullus
2837 5015 3218 5061 successorum
3253 5015 3514 5060 meorum

1909 5086 2114 5141 violare
2151 5084 2234 5139 vel
2283 5082 2601 5140 imminuere
2637 5098 2949 5158 praesumat.
2983 5091 3310 5160 Quicunque
3339 5089 3524 5154 igitur

1909 5186 2098 5230 contra
2150 5174 2425 5228 libertates
2470 5175 2556 5228 vel
2609 5180 2905 5252 dignitates
2953 5180 3198 5250 ejusdem
3257 5173 3525 5234 ecclesia:

1907 5265 2120 5314 fecerit.
2150 5259 2510 5314 forisfacturaa
2532 5269 2702 5314 regis»
2740 5283 2957 5314 nnrnnm
2999 5272 3303 5314 gtlhianeal.
3336 5259 3527 5314 Huius:

1835 4317 1879 4375 D
