4040 5314
556 191 698 246 1295

555 318 610 356 :6.
644 301 769 354 sols.
801 297 850 350 Ε
892 315 989 368 que
1035 315 1159 367 eusy
1213 296 1322 349 aint
1359 295 1478 367 [ιιι.
1507 309 1601 350 en-

558 386 848 458 l'raiant]la
863 385 978 454 puis
1005 386 1052 437 le
1077 383 1170 437 Rei
1189 399 1252 436 en
1277 382 1596 436 Merchene-

557 477 641 532 lae
664 487 776 531 cent
799 475 904 530 sols
930 473 1004 528 les
1033 473 1300 536 emendes,
1323 471 1504 526 altresi
1531 471 1595 526 de

551 567 808 624 Heinl’are
827 565 961 620 etde
997 565 1161 620 avveit
1185 565 1463 634 purpensé.

1042 907 1106 964 11.

619 1043 740 1100 Icee
767 1044 910 1117 plaiz
929 1043 1148 1112 alierent
1188 1057 1220 1094 a
1259 1039 1311 1093 la
1353 1038 1594 1093 Coroune

549 1137 597 1192 le
620 1136 732 1191 Rei.
760 1137 830 1191 Et
858 1135 1158 1204 sealquens
1180 1173 1195 1194 ,
1239 1148 1265 1184 υ
1285 1147 1464 1202 quens,
1497 1146 1599 1183 ua:-

547 1239 657 1280 eost
716 1224 898 1298 [al.,v
949 1219 1214 1294 Prevost},
1263 1221 1482 1289 meﬁeist
1533 1235 1594 1274 as

549 1311 727 1365 lwmes
757 1315 821 1364 de
847 1325 908 1363 sa
937 1307 1149 1372 baillie,
1188 1323 1214 1360 e
1259 1306 1320 1359 de
1355 1321 1415 1370 co
1465 1304 1594 1374 fuist

549 1409 680 1462 aliut
717 1408 781 1460 de
806 1407 858 1460 la
901 1403 1103 1458 Justice
1140 1401 1176 1456 li
1219 1401 1352 1466 Boi,
1408 1398 1592 1470 [orfait

549 1499 678 1568 [uisi
709 1517 740 1550 ιι
766 1495 954 1551 double
997 1497 1062 1551 de
1113 1511 1168 1550 ce
1223 1509 1420 1548 comma
1463 1491 1596 1546 altre

551 1592 656 1660 fast
688 1589 894 1659 ferierit.

1037 1801 1126 1858 111.

625 1944 673 1999 Ε
706 1961 806 2014 que
830 1959 892 1997 en
934 1940 1148 1996 Daucia:
1184 1938 1373 2010 {ruisse
1397 1937 1450 1989 la
1477 1935 1593 2005 peis

552 2053 599 2091 ιε
632 2035 752 2100 llui,
797 2033 866 2089 vii
919 2032 1038 2087 vim:
1075 2029 1294 2083 livrerez
1331 2041 1359 2081 e
1415 2026 1483 2080 iv.
1520 2023 1596 2078 les

552 2130 834 2186 (intendes:
884 2143 911 2182 e
952 2127 1027 2180 les
1083 2121 1274 2194 forfais
1301 2119 1352 2175 le
1383 2118 1483 2173 Roi
1506 2117 1597 2188 qui

552 2226 772 2294 aﬁerent
821 2223 875 2277 al
934 2221 1186 2277 Vcscuute
1239 2216 1316 2272 εει.
1373 2215 1478 2270 sols
1531 2230 1598 2269 cn

552 2314 939 2382 Merclienelae,
963 2329 990 2368 e
1015 2315 1052 2366 Ι.
1079 2309 1184 2367 sols
1204 2325 1267 2363 en
1303 2306 1474 2362 Vvest.
1505 2304 1600 2360 Se-

549 2409 786 2466 xcnelae.
819 2407 867 2463 E
894 2406 948 2462 al
973 2406 1121 2478 [rans
1158 2409 1310 2456 home
1346 2400 1436 2470 qui
1461 2397 1598 2453 nueit

553 2501 686 2570 Sac,
713 2520 743 2558 ε
791 2501 922 2566 Sac,
965 2517 994 2555 e
1043 2498 1160 2564 Tol,
1200 2513 1228 2551 ε
1275 2494 1420 2557 Tom,
1449 2510 1476 2547 e
1507 2491 1602 2546 In-

552 2589 941 2662 fringeuctheof,
965 2605 1020 2642 se
1049 2587 1086 2641 il
1131 2596 1203 2640 est
1235 2581 1514 2652 emplaidé,
1547 2589 1596 2633 et

552 2685 647 2737 scit
695 2685 792 2736 mis
840 2699 904 2736 en
958 2679 1143 2750 [orfait
1186 2693 1250 2730 en
1307 2673 1354 2727 le
1400 2669 1600 2726 Commi

552 2776 714 2844 nﬁere
743 2775 781 2828 il
805 2775 988 2845 forfait
1043 2789 1076 2826 a
1109 2787 1196 2826 oes
1248 2770 1294 2822 le
1348 2766 1598 2820 l’cscunte

551 2865 630 2919 xl.
689 2881 802 2919 ores
855 2879 918 2918 en
971 2862 1220 2924 Denelae,
1275 2875 1302 2912 e
1353 2858 1417 2911 de
1466 2855 1600 2910 ultre

553 2957 726 3020 home,
773 2955 864 3026 qui
908 2963 1010 3008 cest
1066 2950 1331 3021 {rancliise
1366 2962 1468 3001 non
1507 2945 1598 3011 ad,

551 3052 725 3122 τακῇ.
749 3067 886 3106 ores.
911 3049 987 3104 De
1015 3064 1100 3102 ces
1131 3063 1284 3114 xxxi)
1329 3061 1444 3098 ores
1478 3054 1596 3096 arat

551 3142 589 3195 li
629 3141 877 3196 l’escunte
904 3157 934 3194 a
961 3156 1048 3193 σεε
1069 3138 1116 3192 le
1165 3136 1264 3190 Roi
1292 3151 1346 3190 ω.
1379 3149 1492 3188 ores
1519 3148 1536 3186 :
1571 3146 1599 3186 e

501 3301 512 3308 ,
551 3235 621 3289 cil
655 3235 744 3306 qui
794 3232 831 3286 li
873 3231 1002 3302 plait
1052 3239 1207 3308 narrat
1269 3228 1332 3282 de
1403 3223 1597 3280 remied

553 3305 675 3399 [αις
709 3321 986 3394 derepied]
1019 3305 1130 3377 vers
1155 3319 1231 3374 lui
1261 3319 1362 3388 :rij.
1383 3332 1537 3371 ores:
1567 3331 1595 3369 e

551 3421 600 3474 le
629 3417 855 3489 Seignur
879 3433 943 3472 en
964 3416 1014 3470 ki
1043 3417 1118 3486 [in
1157 3415 1197 3467 il
1227 3415 1490 3476 nmindra,
1534 3428 1590 3466 π.

553 3521 668 3561 ores
692 3519 708 3556 :
743 3521 800 3570 ro
826 3515 899 3559 est
929 3520 992 3558 en
1020 3502 1262 3557 Denelae.

1043 3867 1128 3923 Ν.

627 4161 706 4216 Co
759 4171 832 4216 est
888 4161 938 4214 la
993 4168 1226 4213 custume
1266 4175 1330 4210 cn
1361 4156 1596 4210 Marciie-

557 4259 742 4314 nelae:
807 4253 878 4312 se‘
914 4255 1130 4326 nlquens
1179 4264 1253 4308 est
1309 4252 1488 4323 opeled
1533 4253 1596 4305 de

555 4351 763 4415 larcim,
785 4367 812 4405 υ
838 4351 898 4404 de
923 4350 1141 4412 roberie,
1171 4366 1198 4401 ε
1224 4349 1317 4401 scit
1361 4346 1490 4414 μιευὶ
1509 4345 1616 4398 de—.

555 4444 700 4496 venir
727 4443 760 4495 ὰ
772 4443 986 4512 justice,
1004 4458 1032 4496 ε
1054 4439 1094 4493 il
1118 4441 1212 4494 scil
1239 4439 1348 4508 [uie
1375 4439 1592 4499 deaeuz,

557 4553 652 4592 son
670 4539 816 4607 pleqe
852 4539 896 4592 si
938 4553 1092 4592 avara
1139 4535 1202 4588 de
1249 4536 1317 4588 iu.
1347 4534 1474 4588 meis
1503 4550 1529 4586 e
1559 4533 1596 4585 i.

547 4629 679 4700 jour
699 4631 764 4683 de
783 4643 912 4698 quer
929 4629 976 4684 le
998 4643 1016 4680 :
1069 4644 1096 4682 e
1125 4644 1179 4682 se
1202 4627 1242 4680 il
1290 4623 1336 4680 le
1365 4633 1456 4692 put
1487 4636 1601 4678 tru-

557 4735 668 4783 uer,
694 4719 740 4772 si
754 4719 920 4788 jurad
955 4718 1273 4772 seidodzime
1302 4717 1364 4770 de
1408 4731 1550 4768 mam
1581 4756 1595 4778 ,

555 4825 655 4879 quc
684 4808 736 4862 al
765 4825 858 4862 ure
878 4825 976 4879 que
997 4809 1036 4862 il
1064 4808 1111 4862 le
1137 4807 1294 4878 pleni,
1321 4806 1488 4860 Loren
1517 4805 1599 4860 uel

557 4913 658 4964 sat,
683 4918 746 4955 ne
768 4916 860 4970 per
887 4901 962 4953 lui
993 4917 1055 4954 ne
1077 4910 1188 4955 seut
1218 4897 1338 4970 [nl.,
1375 4898 1592 4970 lust]est

560 4989 658 5056 fui,
685 5005 748 5044 ne
767 4987 907 5040 uueir
929 4987 1010 5040 uel
1033 4995 1140 5056 pot,
1165 4987 1304 5039 dum:
1333 4987 1521 5039 rendra
1553 4984 1600 5038 le

559 5079 748 5144 clmtel,
784 5093 810 5132 e
837 5093 929 5131 xx.
962 5075 1070 5129 sols
1093 5092 1193 5145 pur
1223 5076 1274 5129 la
1311 5087 1434 5142 test,
1463 5095 1492 5131 e
1525 5079 1592 5130 iv.

559 5173 683 5226 den.
715 5169 770 5224 al
799 5182 968 5236 teper,
1009 5181 1038 5219 e
1077 5181 1178 5218 une
1209 5166 1387 5218 maille
1421 5183 1522 5236 pur
1548 5168 1602 5220 la

1727 185 2063 240 muemn
2103 171 2630 253 eosquesmms

1677 310 1766 348 xx.
1805 296 2025 352 solidos.
2059 296 2124 350 Et
2154 297 2221 352 de
2254 297 2472 367 Capella
2501 315 2554 352 ι.
2589 298 2711 353 soli-

1670 387 1788 442 dos.
1825 387 1890 442 Et
1911 387 2206 442 secundum
2245 403 2434 458 pacem
2463 386 2624 458 Regis
2655 387 2709 442 in

1665 484 1896 557 Legibus
1935 485 2252 541 Merciorum
2279 496 2493 542 centum
2524 485 2710 540 solidis

1665 582 1956 637 emendet:
2005 579 2254 635 similiter
2304 580 2373 633 de
2431 577 2706 644 lleinfure,

1665 687 1720 733 et
1743 679 1810 734 de
1841 678 2049 734 insidiis
2073 677 2457 748 prmcogitatis.

1739 963 1814 1018 De
1843 962 1888 1016 Η
1898 962 2128 1017 ominum
2165 961 2324 1032 [legis
2351 961 2637 1032 priuilegio.

1738 1049 1865 1105 Haec
1895 1050 2088 1120 pineita
2138 1059 2384 1120 spectant
2425 1049 2491 1102 ad
2543 1049 2710 1104 Coro-

1667 1156 1794 1195 nam
1845 1139 2029 1211 Regis.
2077 1139 2144 1194 Et
2189 1139 2357 1208 siqui
2391 1139 2533 1194 male
2562 1137 2708 1194 lece-

1669 1227 1778 1280 rint
1809 1225 2119 1280 hominibus
2149 1224 2292 1280 illius
2317 1225 2534 1280 Ballivce
2562 1233 2618 1280 et
2641 1226 2709 1280 de

1665 1320 1769 1374 hoc
1795 1320 1868 1375 sit
1892 1321 2152 1374 attinctus
2183 1335 2280 1390 per
2297 1317 2568 1376 Justitiam
2598 1317 2710 1376 Re-

1668 1411 1782 1481 gis,
1837 1409 2208 1466 Forislaclura
2254 1411 2322 1466 sit
2370 1411 2538 1481 dupla
2567 1411 2710 1468 illius

1667 1513 1829 1566 quam
1853 1496 1993 1552 alius
2022 1496 2289 1568 quispiam
2341 1496 2709 1554 Forisfecerit.

2127 1738 2214 1793 lll.

1720 1823 1799 1884 De
1831 1825 1990 1884 Pacis
2024 1829 2248 1900 publica:
2287 1829 2650 1885 violatoribus.

1737 1943 1806 1998 Et
1833 1944 1924 2014 qui
1961 1945 2012 1998 in
2065 1942 2336 1998 Danorum
2367 1941 2707 2013 Lege,viola-
2762 1977 2765 1980 -

1667 2039 1808 2092 verit
1853 2051 2045 2106 pacem
2101 2037 2282 2108 Regis,
2328 2037 2488 2092 csliv.
2559 2036 2709 2092 libris

1669 2129 1957 2192 emendet;
2005 2137 2062 2182 et
2105 2128 2492 2184 Forisl'acturze
2546 2127 2711 2198 Regis

1670 2235 1791 2290 qua:
1821 2227 2066 2290 spectant
2111 2219 2179 2274 ad
2224 2217 2706 2274 Vicecomitemxl.

1671 2313 1830 2368 solidi
1896 2312 1946 2366 in
2010 2311 2330 2366 Merciorum
2381 2311 2518 2382 lege,
2571 2319 2626 2364 et
2669 2308 2706 2363 l.

1672 2410 1770 2466 soli
1801 2409 1894 2465 iin
1925 2407 2064 2478 Lege
2123 2405 2596 2463 West-Saxonum.
2643 2406 2712 2462 Et

1673 2503 1740 2557 de
1765 2500 1962 2556 Libero
2013 2499 2234 2554 homine
2273 2498 2365 2569 qui
2399 2499 2561 2554 habet
2605 2495 2712 2553 Sac

1669 2601 1723 2647 et
1761 2591 1866 2646 Sac
1896 2601 1951 2646 et
2001 2589 2098 2644 Tol
2145 2598 2200 2644 et
2247 2587 2371 2644 Tem
2425 2597 2479 2644 el.
2523 2588 2714 2659 Infan-

1670 2681 1948 2752 genetheo,’
1969 2696 2022 2736 et
2051 2679 2416 2751 implacitatus
2463 2678 2627 2735 fuerit
2655 2687 2712 2735 et

1671 2775 1738 2828 ad
1765 2770 2191 2828 Forislacturam
2224 2771 2432 2842 positus
2461 2770 2514 2824 in
2544 2769 2712 2824 comi-

1674 2870 1804 2926 tatu,
1835 2861 2070 2932 pertinet
2095 2857 2466 2914 Forisl‘actura
2491 2858 2556 2913 ad
2578 2872 2713 2927 opus

1672 2947 2042 3013 Vicecomitis,
2079 2947 2134 3002 xl
2165 2946 2286 3002 Ora:
2327 2946 2380 3000 in
2434 2945 2712 3002 Danorum

1669 3039 1834 3110 Lege,
1866 3049 1920 3094 et
1945 3039 2010 3094 de
2055 3037 2161 3094 alio
2190 3039 2408 3093 homine
2445 3037 2538 3108 qui
2567 3035 2710 3104 ejus-

1671 3132 1818 3188 modi
1849 3131 2158 3185 libertatem
2191 3143 2298 3182 non
2353 3127 2534 3192 habet,
2589 3126 2710 3184 Orze

1672 3223 1842 3294 xxxij.
1881 3223 1958 3277 De
2007 3221 2092 3275 his
2138 3218 2312 3287 xxxij,
2351 3219 2462 3273 oris
2494 3219 2712 3273 habebit

1671 3309 1988 3365 Vieecomes
2031 3307 2098 3363 ad
2162 3320 2318 3361 usum
2369 3303 2530 3375 Regis
2585 3318 2711 3358 oras

1669 3402 1878 3465 decem,
1907 3407 1963 3455 et
2015 3399 2061 3454 is
2111 3396 2206 3468 qui
2255 3410 2379 3452 eum
2411 3393 2713 3464 implacila-

1667 3495 1811 3550 verit
1853 3492 2073 3550 habebit
2101 3491 2152 3546 in
2183 3489 2480 3546 remedium
2521 3501 2714 3544 versus

1673 3606 1794 3646 eum
1823 3605 1951 3644 oras
1987 3587 2084 3659 xij,
2135 3595 2192 3640 et
2240 3583 2500 3660 Dominus
2557 3580 2713 3651 cujus

1673 3678 1870 3734 ﬁnibus
1902 3675 2162 3732 manserit
2193 3690 2250 3728 ι.
2277 3672 2436 3730 Oras.
2480 3668 2606 3726 Haec
2632 3675 2716 3724 est

1657 3771 1946 3842 Dauorum
1967 3765 2096 3822 Lex.

2147 3853 2234 3909 IV.

1673 3947 1752 4002 De
1777 3947 2066 4002 Latrocinii
2097 3963 2205 4008 reo,
2221 3956 2268 4000 et
2287 3945 2600 4014 [idejussore
2622 3946 2710 4016 qui

1742 4034 1945 4072 morum
1983 4017 2095 4086 ejus
2115 4015 2404 4086 periculum
2433 4016 2490 4068 in
2518 4033 2570 4069 se
2592 4032 2709 4069 sus-

1740 4097 1966 4156 ceperat.

1741 4175 1865 4228 Hzec
1888 4185 1966 4228 est
2001 4171 2334 4228 consuetudo
2371 4172 2424 4226 in
2478 4169 2706 4226 Mercio-

1671 4283 1787 4320 rum
1818 4267 1964 4335 lege;
2005 4267 2049 4320 si
2073 4266 2195 4336 quis
2221 4263 2523 4335 appellatus
2548 4263 2713 4321 fuerit

1669 4353 1738 4409 de
1766 4354 2096 4430 latrocinio,
2126 4365 2220 4408 seu
2245 4353 2312 4408 de
2337 4352 2482 4408 furto
2509 4361 2564 4407 et
2591 4352 2707 4422 ple-

1671 4444 1850 4514 giatus
1879 4443 2040 4498 fuerit
2067 4443 2254 4496 venire
2293 4443 2363 4498 ad
2411 4443 2709 4507 Justitiam,

1671 4547 1728 4592 et
1755 4537 1973 4607 fugerit,
2005 4536 2222 4608 Plegins
2250 4537 2368 4607 ejus
2411 4535 2629 4591 habebit
2659 4537 2712 4590 iv

1673 4641 1888 4682 menses
1913 4633 1970 4680 et
1987 4641 2151 4680 unum
2176 4623 2318 4681 diem
2341 4626 2410 4680 ad
2422 4641 2546 4681 eum
2567 4641 2689 4694 quas

1673 4717 1922 4783 rendum,
1952 4726 2008 4772 et
2031 4718 2074 4771 si
2097 4717 2266 4786 possit
2289 4731 2414 4773 eum
2445 4717 2707 4784 invenire,

1669 4807 1822 4864 iuret
1851 4823 1910 4865 se
1934 4808 2248 4863 duodecima
2291 4823 2455 4864 manu
2487 4847 2504 4875 ,
2566 4808 2708 4878 quod

1672 4909 1914 4970 tempore
1941 4913 2048 4969 quo
2075 4915 2196 4954 eum
2249 4898 2503 4970 plegiavit
2549 4898 2708 4955 Latro

1673 5004 1780 5043 non
1815 4989 2024 5052 fuerat,
2075 5003 2252 5057 neque
2289 5004 2385 5056 per
2406 5003 2527 5043 eum
2565 4999 2708 5043 esset

1671 5081 1814 5150 quod
1840 5079 2058 5151 legerit,
2085 5094 2188 5135 nec
2220 5095 2342 5134 eum
2370 5079 2707 5149 prehendere

1671 5170 1862 5240 possit.
1891 5169 2046 5224 Tunc
2089 5169 2280 5224 reddat
2327 5169 2602 5236 eatallum,
2660 5181 2713 5225 et

3687 190 3824 246 1298

2783 298 3022 356 solidos:
3071 310 3126 356 et
3174 300 3240 354 de
3289 298 3500 368 Capella
3531 313 3564 354 χ
3597 300 3820 355 solidus.

2783 390 2850 444 Et
2893 390 2987 459 qui
3037 389 3284 460 infringit
3329 404 3517 459 pacem
3561 389 3734 460 Regis
3767 391 3826 444 i

2781 480 2926 550 Lege
2955 479 3296 546 Merciorum,
3349 487 3567 535 centum
3625 479 3828 536 solido-

2783 591 2902 630 rum
2957 574 3067 628 sint
3121 573 3403 637 emendaa,
3471 571 3732 627 similiter
3759 572 3828 625 de

2782 665 3065 734 Heinfare,
3103 673 3160 720 et
3201 663 3269 719 de
3313 663 3524 720 insidiis
3569 661 3830 733 pracogi-

2781 760 2928 814 tatis.

2851 1045 2976 1103 thcc
2998 1043 3193 1118 placita
3243 1053 3491 1116 spectant
3541 1043 3611 1099 ad
3657 1043 3834 1100 Coro-

2779 1152 2903 1192 nam
2935 1136 3114 1206 Regis.
3145 1135 3276 1189 Etsi
3307 1133 3431 1202 quis
3450 1133 3564 1187 sire
3591 1126 3828 1198 Comes,

2779 1225 2896 1281 sive
2919 1221 3248 1292 Praepositus
3285 1217 3622 1274 malefecerit
3651 1219 3834 1273 homi-

2781 1319 2942 1375 nibus
2967 1330 3077 1371 sure
3123 1313 3376 1378 Ballivaz,
3405 1320 3462 1370 et
3509 1314 3576 1368 de
3629 1313 3736 1367 hoc
3759 1313 3832 1367 sit

2779 1411 3042 1467 attinctus
3071 1407 3184 1464 sive
3209 1406 3520 1474 convictus,
3548 1420 3648 1475 per
3667 1404 3832 1475 justi-

2783 1507 2915 1562 tiam
2954 1503 3137 1574 Regis,
3168 1499 3512 1556 lorisl'actura
3557 1499 3632 1554 sit
3659 1497 3824 1567 dupla

2783 1599 2926 1656 illius
2951 1611 3114 1668 quam
3144 1594 3283 1650 alius
3311 1593 3582 1665 quispiam
3613 1590 3832 1647 ἴοι-ἰδίο-

2782 1697 2937 1752 cerit.

3251 1811 3338 1871 111.

2853 1941 2916 1994 Et
2937 1940 3027 2010 qui
3055 1940 3106 1995 in
3139 1939 3411 1994 Danorum
3441 1933 3586 2004 Lege
3625 1929 3830 1985 Pacem

2780 2031 2941 2106 Regis
2968 2032 3210 2104 fregerit,
3239 2029 3401 2087 cxliv.
3450 2027 3610 2082 libris
3641 2041 3834 2082 emen-

2781 2122 2915 2178 det:
2965 2132 3018 2178 el
3065 2122 3428 2178 lortsl'actura:
3483 2116 3654 2188 Regis
3709 2130 3836 2184 qua:

2782 2223 3030 2286 spectant
3101 2213 3182 2269 ad'
3256 2209 3671 2270 Vicecomitem,
3753 2205 3832 2260 xl.

2782 2309 2938 2366 Sulidi
2967 2311 3019 2364 in
3045 2307 3368 2364 Merciorum
3401 2305 3569 2376 Lege,
3593 2309 3649 2358 et
3669 2301 3708 2355 l.
3743 2315 3836 2355 so—

2782 2401 2876 2456 lidi
2903 2401 2955 2456 in
2987 2401 3128 2473 Lege
3153 2397 3637 2456 West-Saxonum.
3671 2393 3740 2448 Et
3765 2393 3838 2448 de

2781 2491 2952 2548 libero
2991 2491 3210 2548 homine
3255 2489 3348 2560 qui
3401 2488 3564 2543 habet
3617 2483 3728 2540 Sac
3775 2491 3836 2538 et

2785 2583 2910 2652 Sor,
2935 2584 3029 2639 Tol
3055 2591 3108 2640 et
3132 2583 3276 2648 Tem,
3304 2591 3360 2637 et
3395 2577 3832 2650 lnfaugcntlieof,

2785 2679 2832 2736 si
2859 2679 3221 2750 implacitatus
3266 2675 3449 2740 fuerit,
3489 2684 3548 2728 et.
3589 2673 3642 2728 in
3671 2671 3836 2726 foris-

2786 2772 2992 2829 l‘actura
3025 2771 3236 2843 positus
3281 2769 3336 2824 in
3372 2767 3676 2830 Comitatu,
3709 2779 3834 2834 per-

2785 2863 2926 2918 tinet
2959 2860 3308 2916 forisl‘actura
3352 2869 3420 2914 ad
3472 2872 3634 2912 usum
3671 2855 3830 2910 Vice-

2785 2955 3000 3012 comitis
3027 2954 3098 3010 xl.
3123 2953 3245 3010 Ora:
3267 2953 3320 3007 in
3359 2953 3636 3006 Danorum
3655 2947 3830 3020 Lege,

2781 3059 2837 3106 et
2884 3051 2950 3106 de
2995 3049 3099 3103 alio
3149 3048 3368 3104 homine
3395 3046 3490 3100 cui
3521 3044 3830 3112 huiusmodi

2783 3142 3088 3200 libertatem
3119 3155 3222 3195 non
3273 3139 3460 3202 habet,
3493 3138 3665 3208 Πεῑῇ
3701 3151 3828 3192 orae.

2787 3238 2861 3292 De
2887 3236 2974 3292 his
2999 3233 3166 3304 μιῇ.
3209 3233 3322 3289 oris
3351 3232 3582 3288 habebit
3614 3231 3830 3286 Viceco—

2783 3343 2900 3384 mes
2929 3327 2996 3382 ad
3029 3342 3182 3380 usum
3213 3325 3375 3395 Regis
3405 3339 3461 3377 ι.
3492 3338 3664 3380 oras:
3697 3335 3752 3379 et
3787 3325 3834 3378 is

2784 3422 2874 3494 qui
2918 3421 3174 3492 placitum
3223 3428 3415 3474 contra
3447 3433 3574 3474 eum
3625 3419 3832 3473 dilatio-

2784 3520 2942 3568 natus
2970 3509 3152 3576 fuerit,
3181 3509 3275 3579 xij.
3299 3523 3424 3564 oras
3448 3527 3461 3562 :
3491 3517 3547 3564 et
3575 3508 3832 3564 Dominus

2785 3605 2839 3662 in
2867 3603 3022 3672 cujus
3051 3602 3248 3658 ﬁnibus
3275 3601 3566 3665 manserit,
3597 3617 3658 3656 ιε.
3685 3615 3828 3655 oras.

2791 3697 2901 3751 lloc
2939 3697 2992 3750 in
3019 3695 3286 3750 Danorum
3315 3692 3462 3763 Lege
3483 3692 3724 3748 obtinet.

3265 3955 3354 4012 IV.

2861 4191 2974 4246 lloc
3021 4200 3106 4246 est
3151 4188 3489 4245 consuetudo
3516 4187 3574 4243 in
3611 4187 3834 4244 Merc-ioc

2785 4295 2906 4336 rum
2933 4280 3100 4351 Lege,
3119 4278 3163 4334 si
3187 4277 3310 4348 quis
3335 4275 3650 4346 appellatus
3677 4275 3836 4329 fuerit

2785 4372 2852 4427 de
2915 4369 3266 4432 Latrocinio,
3315 4381 3408 4421 seu
3470 4365 3542 4421 de
3599 4365 3834 4421 Robaria

2789 4459 2980 4532 (furto)
3009 4469 3062 4514 el
3085 4457 3349 4528 plcgiatus
3373 4455 3540 4510 fuerit
3569 4456 3690 4524 (seu
3723 4455 3832 4524 ple-

2787 4553 2934 4621 gium
2964 4549 3196 4618 dederit)
3240 4547 3306 4602 de
3355 4546 3557 4602 stando
3595 4545 3735 4614 juri,
3781 4555 3838 4598 et

2789 4639 2986 4712 fugerit
3010 4639 3224 4702 exinde,
3257 4637 3464 4708 plegius
3504 4638 3628 4708 ejus
3671 4638 3836 4692 hahe—

2787 4727 2869 4782 bit
2911 4727 2985 4782 iv.
3029 4739 3248 4781 menses
3289 4733 3344 4779 et
3391 4738 3561 4778 unum
3589 4723 3738 4778 diem
3766 4720 3830 4774 ad

2785 4837 2908 4879 eum
2935 4823 3282 4892 qumrendum
3313 4837 3325 4872 :
3351 4819 3474 4874 etsi
3505 4817 3686 4888 possit
3713 4831 3838 4872 eum

2785 4914 3053 4980 invenire,
3074 4912 3288 4982 jurabit
3317 4910 3638 4966 duodecima
3673 4924 3836 4961 utanu

2783 5003 2926 5070 quod
2955 5017 3015 5057 ea
3048 5003 3178 5056 hora
3217 5017 3321 5071 qua
3363 5001 3514 5056 illum
3550 5001 3834 5070 plcgiavit.

2787 5089 3072 5145 Latronem
3102 5105 3220 5144 esse
3271 5105 3376 5144 non
3426 5090 3610 5155 scivit,
3661 5105 3840 5158 neque

2785 5196 2882 5250 per
2903 5195 3026 5236 eum
3055 5179 3154 5234 l’uit
3201 5181 3344 5250 quod
3395 5178 3618 5250 fugerit,
3665 5194 3838 5248 neque

561 5262 760 5314 bcsche.
787 5257 908 5314 exl.
937 5255 1042 5310 sols
1089 5253 1143 5307 al
1189 5253 1301 5308 Rei.
1332 5254 1416 5310 En
1461 5256 1604 5311 Vest-
1677 5275 1767 5314 xx.
1801 5260 2002 5314 solidos
2037 5275 2140 5314 oro

2243 5259 2371 5314 υἰιθ.
2413 5269 2466 5314 οἱ
2513 5261 2585 5314 ἰν.
2623 5261 2716 5314 de-
2788 5286 2908 5314 num
2937 5271 3272 5314 nrnlmmlnrn
3297 5273 3472 5314 nnlnil
3499 5289 3514 5302 ο
3547 5281 3684 5314 lnnt-
3714 5271 3835 5314 τριξ-
