4040 5314
282 310 422 366 1297

276 439 372 478 επ.
398 422 513 478 sols
540 438 638 488 pur
660 421 711 476 lu
735 431 854 486 test,
885 430 931 474 et
956 420 1028 474 les
1058 420 1145 489 vij.
1172 419 1322 472 liores

277 519 333 572 al
368 518 482 574 Rei.
510 516 558 571 Ε
586 518 670 574 s‘il
702 527 789 588 pot
833 517 1029 572 dedens
1077 533 1147 571 un
1174 533 1242 570 an
1273 515 1320 569 iv

276 605 400 680 [al.,
433 607 471 681 i]
487 608 608 677 jurs
637 619 806 662 traver
834 608 881 662 le
907 608 1063 661 larun
1125 624 1152 660 e
1180 623 1321 661 ame-

277 715 373 754 ner
395 717 428 753 α
453 698 504 753 la
512 701 728 770 justice,
755 699 800 753 si
829 699 868 756 li
907 700 1096 752 rendra
1125 698 1197 753 les
1225 715 1318 754 xx.

276 790 406 856 sols,
443 790 538 846 lt‘is
568 795 738 848 aurad
760 804 872 857 ont,
901 810 927 848 e
957 803 1112 848 smert
1137 792 1258 865 [al.,
1289 809 1320 849 e

278 880 329 938 si
357 883 462 957 ert]
489 883 655 955 fainte
675 886 726 939 la
748 885 944 956 justice
972 887 1036 940 de
1065 885 1243 940 larun.

748 1441 815 1496 V.

341 1598 423 1653 Cil
449 1597 514 1669 ky
536 1605 763 1668 prendra
798 1600 992 1656 Larum
1019 1620 1149 1657 suns
1177 1605 1310 1660 suile

265 1705 296 1744 ι
326 1705 449 1744 sans
477 1691 577 1757 cri,
615 1708 714 1761 que
749 1692 818 1746 cil
852 1709 914 1747 en
939 1693 1052 1747 leist
1085 1712 1116 1748 a
1153 1698 1242 1764 qui
1273 1696 1308 1750 il

268 1786 441 1840 aurad
485 1785 534 1840 le
577 1786 799 1858 damage
846 1789 976 1858 fuit,
1034 1800 1080 1844 et
1129 1793 1309 1864 rienge

264 1877 372 1945 poit
395 1894 570 1948 apres,
588 1879 633 1932 si
650 1889 726 1933 est
753 1883 936 1934 raisun
955 1898 1058 1950 que
1077 1883 1116 1935 il
1137 1887 1308 1954 dunge

265 1983 321 2022 Χ.
351 1969 465 2024 sols
493 1971 558 2025 de
605 1971 910 2043 Ilengvtvite,
949 1977 1054 2045 e/in
1097 1977 1213 2046 face
1255 1979 1308 2032 la

257 2063 452 2131 justice
481 2083 512 2119 α
543 2064 593 2118 la
621 2067 932 2136 primereine
973 2071 1146 2125 devise
1182 2089 1306 2126 satis

263 2153 312 2208 le
335 2159 497 2227 congé
523 2175 555 2212 a
584 2157 636 2212 la
657 2160 876 2230 justice,
918 2163 964 2217 si
1005 2171 1080 2218 est
1118 2162 1305 2233 [or/ait

263 2245 329 2298 de
373 2261 462 2300 XL.
498 2246 629 2302 sols.

733 2523 820 2580 VL

330 2683 416 2739 σει
440 2686 530 2756 qui
557 2687 700 2742 aveir
729 2695 892 2751 escut,
939 2703 968 2743 υ
998 2684 1247 2755 Cliivals,
1280 2707 1308 2744 υ

261 2773 444 2846 Buefs,
473 2795 500 2832 υ
535 2777 750 2842 Vaclies,
795 2798 824 2837 υ
848 2779 1030 2847 Porca,
1060 2799 1087 2836 υ
1115 2783 1306 2849 Berbz,

263 2879 364 2933 que
421 2879 498 2921 est
556 2867 895 2939 Forfengend
948 2870 1027 2940 (‘2)
1094 2869 1306 2940 Engleis

258 2956 548 3024 apeled,cil
565 2960 639 3030 qil
661 2962 742 3014 cla
769 2961 892 3034 [al.,
917 2962 1035 3035 l'a],
1057 2965 1221 3018 durra
1249 2962 1302 3016 al

255 3065 400 3118 gms.
430 3069 478 3106 s.
509 3051 563 3106 al
604 3049 824 3109 l’rovost
875 3058 1016 3110 aveir
1057 3056 1141 3110 tlte
1167 3053 1300 3127 [al.,

259 3142 432 3208 aveic,
456 3145 496 3198 i.
521 3143 667 3216 cum]
698 3144 983 3202 Leslussun
1031 3163 1145 3203 vui.
1177 3150 1299 3203 den.

258 3234 429 3288 iatant
450 3236 524 3291 n‘i
560 3236 632 3290 ait
663 3241 792 3294 meis
817 3239 946 3310 qu’il
980 3251 1070 3294 ont
1102 3251 1214 3294 cent
1245 3239 1302 3292 al

263 3327 444 3382 maille
471 3345 536 3383 ne
563 3330 766 3386 durrad
793 3349 892 3403 que
923 3347 1039 3388 vltt.
1066 3332 1298 3396 deniers,

260 3424 309 3468 et
331 3431 432 3483 pur
456 3432 529 3472 un
560 3415 698 3473 Porc
728 3436 832 3476 ml.
875 3421 991 3476 den.
1021 3429 1068 3474 et
1099 3437 1200 3491 pur
1228 3436 1301 3475 un

260 3507 431 3564 Berbz
462 3526 501 3565 ι.
533 3514 651 3566 den.
682 3530 711 3568 e
751 3515 816 3569 i‘si
842 3525 945 3569 tres
965 3531 1064 3586 que
1089 3514 1164 3568 itit
1201 3530 1304 3584 pur

262 3600 492 3656 chuscun
542 3619 645 3658 mt.
689 3605 895 3660 deniers
933 3607 998 3660 de
1027 3608 1195 3660 iatant
1232 3608 1302 3662 n‘i

257 3696 450 3761 aurad,
477 3713 541 3752 ne
573 3699 778 3754 durrad
815 3718 915 3772 que
969 3703 1040 3756 ait
1091 3702 1212 3758 den.
1253 3713 1300 3757 et

256 3789 423 3845 durra
451 3810 627 3864 ovage,
651 3811 680 3850 e
721 3798 970 3852 truverad
995 3797 1160 3868 plege.
1185 3796 1298 3864 Que

259 3881 306 3934 si
342 3883 474 3938 ultre
500 3886 712 3955 veinged
733 3905 884 3957 apres
912 3889 1112 3944 dedens
1137 3890 1244 3944 l‘an
1271 3907 1298 3944 e

261 3987 332 4025 un
353 3973 486 4043 jour
510 3993 612 4044 pur
632 3978 816 4034 l’aveir
837 3981 1141 4046 demander,
1171 3982 1299 4053 qu‘il

260 4063 377 4116 init
407 4081 441 4118 a
482 4067 620 4120 droit
653 4086 716 4123 en
759 4069 810 4124 la
850 4070 1002 4139 Curt,
1052 4072 1202 4143 celuy
1237 4073 1302 4128 de

254 4167 356 4220 que
383 4153 421 4207 il
445 4157 586 4214 avoit
615 4173 784 4214 escus.

727 4428 838 4484 VH.

325 4563 516 4617 A‘ltresi
546 4565 610 4619 de
637 4581 759 4619 aver
781 4582 844 4619 en
874 4566 1040 4631 direz,
1073 4584 1100 4620 e
1128 4569 1192 4622 de
1213 4569 1293 4622 al-

255 4659 332 4704 tre
360 4662 622 4719 treoeure;
658 4656 755 4710 seit
799 4659 1029 4711 mustred
1056 4657 1140 4712 del
1171 4660 1293 4716 treis

254 4759 374 4811 pars
401 4746 486 4800 del
497 4749 745 4817 veisined,
759 4766 859 4820 que
879 4751 915 4804 il
925 4752 990 4805 eit
1004 4754 1295 4809 testimonia

255 4834 320 4890 de
359 4837 411 4892 la
445 4851 682 4895 trooeure
717 4859 736 4899 ε
777 4844 824 4897 si
867 4843 1082 4915 alquens
1117 4847 1295 4917 oienge

257 4946 403 4998 apres
417 4950 518 5001 pur
529 4934 732 4990 clamer
745 4937 798 4991 la
820 4939 926 4993 iose
941 4939 1035 5011 [αι.
1047 4980 1062 5006 ,
1080 4942 1288 5017 chose],

256 5019 394 5073 duist
431 5021 554 5094 [al.,
591 5023 791 5098 doinst]
835 5044 1006 5098 vvage,
1055 5040 1292 5088 et‘trosse

258 5107 374 5178 [al.,
400 5113 573 5189 trove]
595 5114 787 5185 pleges,
816 5135 914 5189 que
939 5138 994 5174 se
1017 5123 1148 5178 altre
1176 5128 1289 5184 cla-

256 5215 372 5242 misr
395 5204 576 5242 Ιήιυιῖιο
613 5206 817 5242 ΑοΑηηη
847 5210 947 5242 1³η..
979 5210 1003 5242 Ᾱ
1026 5228 1091 5242 om
1143 5217 1189 5242 ἐ..

1767 306 1893 363 LEG
1904 307 1997 364 ES.

1396 417 1465 473 ad
1498 419 1793 474 clamorem
1840 436 1938 489 pro
1968 430 2145 488 capite
2186 427 2241 474 et
2271 419 2342 472 iv.
2369 418 2436 472 Ιί-

1396 507 1523 562 bras
1552 509 1706 577 Regi.
1733 510 1788 564 In
1819 509 1962 580 Lege
2006 510 2300 575 Danorum,
2333 509 2434 564 Fo-

1394 599 1683 655 rislaetnra
1709 602 1926 670 estviij.
1982 601 2155 666 libraa,
2206 617 2298 654 xx.
2343 616 2434 656 soo

1393 689 1487 746 lidi
1517 705 1616 758 pro
1643 693 1844 761 capite,
1876 700 1932 747 et
1975 692 2068 761 vij.
2096 693 2250 748 libra:
2278 692 2429 763 Regi.

1393 780 1460 834 Et
1485 782 1530 836 si
1560 781 1607 836 is
1633 791 1811 850 potest
1849 783 1992 839 intra
2037 799 2237 838 annum
2266 791 2321 840 et
2360 784 2430 839 iv.

1391 866 1506 922 dies
1541 867 1781 922 invenire
1839 869 2125 925 Latronem
2188 879 2241 926 et
2308 886 2432 927 eum

1392 958 1640 1013 aminare
1700 962 1766 1013 ad
1806 959 2120 1026 Justitiam,
2186 963 2434 1019 redhibe-

1391 1048 1524 1105 bunt
1553 1050 1600 1104 ei
1631 1052 1821 1122 viginti
1864 1053 2064 1108 solidos
2097 1069 2234 1124 quos
2276 1071 2432 1111 acce-

1386 1135 1586 1203 perint,
1615 1148 1670 1192 et
1701 1140 1794 1192 liat
1819 1139 2033 1211 justitia
2057 1142 2122 1197 de
2170 1141 2425 1198 Latrone.

1539 1519 1614 1574 De
1640 1519 1884 1577 Latronis
1911 1524 2272 1590 preltensione.

1456 1607 1511 1661 Si
1564 1610 1688 1678 quis
1729 1612 2079 1680 prehenderit
2133 1612 2424 1672 Latronem

1381 1700 1587 1771 absque
1636 1717 1782 1760 secta
1830 1719 1885 1762 et
1923 1711 2129 1781 absque
2164 1714 2424 1779 clamore,

1382 1808 1545 1864 atque
1571 1813 1695 1852 eum
1724 1799 1774 1853 ei
1800 1801 1888 1856 cui
1917 1801 2178 1859 damnum
2220 1805 2423 1861 factum

1381 1893 1464 1938 est
1508 1885 1798 1953 dimiserit,
1850 1897 1907 1943 et
1956 1893 2169 1947 venerit
2213 1904 2423 1962 postea,

1384 1971 1579 2027 rationi
1607 1977 1937 2034 conveniens
1959 1987 2041 2034 est
2063 1989 2120 2034 ut
2141 1982 2232 2037 det
2260 1983 2348 2039 ille
2371 2001 2423 2039 ς.

1382 2065 1582 2121 solidos
1628 2081 1725 2134 pro
1788 2068 2098 2140 llengwite,
2158 2081 2211 2128 et
2263 2075 2424 2131 linem

1382 2154 1544 2210 iaciat
1608 2156 1840 2214 Iustitia:
1900 2178 1933 2214 a
1999 2161 2052 2215 la
2118 2164 2428 2229 pt'intereine

1379 2241 1550 2295 devise
1613 2241 1820 2312 absque
1878 2245 2095 2300 licentia
2157 2249 2423 2318 iustitiae,

1381 2328 1754 2388 Forisfaetura
1786 2342 1871 2389 est
1894 2349 1981 2389 XL.
2017 2335 2194 2391 solidi.

1469 2597 1550 2654 De
1587 2601 1911 2658 Animalium
1950 2606 2323 2676 redemptione.

1447 2689 1499 2746 ls
1559 2692 1650 2762 qui
1718 2695 1977 2752 Averium
2041 2697 2423 2770 replcgiaverit

1379 2781 1588 2838 scilicet
1636 2793 1728 2839 aut
1769 2785 2007 2855 Equum,
2049 2796 2144 2842 aut
2195 2787 2419 2856 Bovem,

1381 2870 1638 2940 Vaceam,
1688 2887 1782 2931 aut
1821 2877 2078 2943 Porcum,
2117 2887 2213 2933 aut
2253 2877 2418 2936 Ovem

1375 2963 1543 3032 (quod
1602 2965 1885 3038 forfengen
1930 2969 2158 3041 Anglice
2205 2971 2422 3042 dicitur)

1375 3051 1444 3104 cil
1472 3054 1546 3123 qil
1569 3054 1650 3108 cla
1682 3056 1833 3111 dabit
1862 3057 1916 3111 al
1938 3057 2094 3114 Gros.
2128 3076 2172 3114 s.
2205 3058 2426 3130 Praepo-

1374 3144 1480 3198 sito
1534 3147 1740 3202 habere
1792 3149 1883 3204 tlte
1938 3149 2252 3206 Leslussum
2301 3168 2415 3206 vin.

1375 3232 1646 3294 denarios.
1685 3251 1784 3291 nec
1819 3248 1996 3293 tamen
2035 3239 2106 3292 ait
2138 3240 2266 3294 meis
2309 3241 2422 3309 qui!

1375 3333 1464 3376 ont
1497 3335 1611 3378 cent
1656 3326 1710 3378 al
1753 3327 1932 3381 maille
1964 3344 2069 3383 non
2097 3329 2247 3384 dabit
2269 3329 2418 3400 plus-

1374 3429 1536 3483 quam
1579 3433 1700 3472 vnt.
1745 3419 2019 3485 denarios,
2044 3430 2097 3476 et
2123 3437 2219 3490 pro
2247 3422 2420 3479 Porco

1376 3519 1450 3558 tv.
1479 3505 1750 3568 denarios,
1781 3517 1836 3562 et
1866 3523 1966 3577 pro
1994 3509 2105 3564 Ove
2135 3511 2417 3566 denarium

1378 3593 1414 3648 i.
1466 3611 1495 3648 e
1541 3594 1712 3650 isitres
1738 3613 1836 3666 que
1880 3598 1949 3651 vit
1999 3598 2293 3669 uniquique
2339 3617 2413 3656 tv.

1377 3683 1627 3740 denarios
1668 3728 1683 3752 ,
1770 3687 2159 3743 niliilbominns
2243 3707 2419 3759 neque

1375 3775 1597 3832 habebit
1640 3793 1738 3832 nec
1779 3779 1930 3835 dabit.
1965 3781 2250 3851 plusquam
2296 3799 2414 3838 vttt.

1375 3870 1652 3936 denarios,
1684 3878 1739 3925 et
1769 3872 1918 3928 dabit
1943 3875 2150 3937 vadios,
2181 3885 2235 3928 et
2266 3876 2414 3931 inve—

1375 3957 1487 4014 niet
1521 3958 1728 4029 plegios
1761 3975 1849 4026 se,
1897 3960 1944 4017 si
1973 3962 2170 4032 aliquis
2206 3965 2416 4019 venerit

1377 4048 1442 4102 ad
1495 4051 1868 4118 probationem
1913 4053 2054 4108 intra
2105 4070 2306 4110 annum
2361 4067 2417 4112 et

1376 4136 1518 4190 diem
1571 4146 1629 4191 ut
1664 4139 1919 4195 Averium
1972 4153 2155 4212 petat,
2207 4147 2416 4200 salvum

1376 4221 1741 4277 exbibiturum
1768 4225 1996 4282 inCuria
2022 4230 2070 4284 id
2085 4221 2228 4301 quod
2248 4232 2422 4302 reple-

1375 4310 1622 4378 giaverit.

1849 4406 1958 4462 V'll.

1554 4491 1632 4547 De
1655 4491 1826 4548 Rebus
1859 4496 1994 4564 forte
2018 4499 2257 4554 inventis.

1445 4580 1710 4638 Similiter
1741 4585 1808 4640 de
1839 4585 2037 4642 Averio
2084 4587 2316 4644 Endires
2361 4602 2416 4649 ct

1369 4665 1472 4721 alia
1506 4685 1566 4723 re
1595 4671 1833 4728 inventa.
1867 4671 2198 4732 Ostendatur
2237 4680 2411 4738 tribus

1370 4759 1613 4827 partibus
1644 4760 1897 4825 Vicineti,
1938 4772 1998 4818 ut
2038 4768 2409 4826 testimonium

1368 4848 1569 4905 habeat
1614 4852 1681 4906 de
1724 4853 2057 4912 inventione.
2109 4856 2165 4913 Si
2215 4859 2412 4929 aliquis

1367 4943 1551 4997 veniat
1608 4943 1678 4998 ad
1737 4945 2114 5016 probationem
2172 4951 2238 5004 ad
2303 4966 2415 5004 rem

1369 5030 1733 5104 elamandam,
1765 5039 1856 5094 det
1875 5038 2065 5093 vadios
2091 5049 2147 5093 et
2175 5040 2420 5096 inveniat

1368 5123 1576 5196 plegios
1630 5144 1690 5185 se
1734 5131 1778 5186 si
1816 5129 1955 5185 alius
2003 5130 2272 5202 quispiam
2306 5131 2418 5186 cla-

1370 5229 1602 5242 mﬁno-_3‘

3427 316 3554 373 1298

2503 434 2595 472 seu
2621 421 2943 486 meaatlmm,
2972 435 3069 492 pro
3095 440 3147 476 ta
3173 423 3371 489 best-lie,
3394 435 3449 480 et
3473 427 3547 482 x-l;

2509 515 2711 571 Solidos
2761 515 2926 585 Regi:
2992 517 3045 572 in
3093 516 3552 576 West-Saxonum

2511 606 2628 679 lege
2670 624 2720 664 e.
2775 609 2977 664 solidos
3011 609 3079 663 ad
3126 609 3422 666 clamorem
3452 626 3552 681 pro

2507 701 2707 770 capite,
2755 709 2810 756 et
2868 701 2942 756 iv.
2997 702 3166 756 libras
3218 701 3370 773 Regi.
3402 702 3470 758 Et
3498 704 3550 758 in

2510 790 2782 847 Danorum
2813 791 2928 864 lege
2945 793 3289 849 l'orisl‘aetura
3319 804 3404 849 est
3431 795 3578 869 viij.‘g

2506 880 2681 946 librae,
2717 898 2785 937 xx
2814 883 2970 938 solidi
3003 899 3100 953 pro
3127 885 3451 954 Capitali,et
3477 886 3547 957 vij

2506 967 2656 1024 libra:
2690 969 2819 1043 Regi
2848 990 2860 1025 :
2889 980 2944 1026 et
2990 971 3034 1027 si
3092 973 3139 1028 is
3185 981 3360 1044 potest
3409 975 3548 1028 intra

2506 1074 2708 1116 annum
2764 1073 2819 1116 et
2866 1064 2936 1118 iv.
2986 1063 3105 1118 dies
3159 1065 3403 1120 invenire
3451 1065 3552 1120 La-

2507 1162 2739 1219 tronem,
2786 1165 2837 1210 et
2874 1171 2996 1211 eum
3043 1157 3110 1212 ad
3159 1154 3426 1223 justitiam
3455 1157 3550 1209 ad-

2505 1242 2705 1298 ducere
2771 1245 3066 1301 reddentur
3119 1247 3168 1300 ei
3227 1261 3316 1301 vx.
3387 1245 3546 1302 solidi

2499 1348 2634 1402 quos
2662 1337 2988 1404 exsolverat,
3010 1349 3061 1395 el
3095 1340 3186 1394 llat
3239 1339 3446 1408 iustitia
3479 1340 3546 1396 de

2496 1423 2750 1483 Latrone.

2993 1521 3055 1577 ν.

2569 1607 2671 1676 Qui
2704 1607 2993 1665 Latronem
3024 1609 3374 1681 prehenderit
3419 1610 3543 1665 abs-

2498 1716 2606 1771 que
2631 1709 2780 1757 secta
2807 1710 2862 1756 et
2896 1701 3102 1771 absque
3138 1701 3378 1758 clamore
3405 1711 3454 1757 et
3489 1703 3544 1757 in

2498 1787 2615 1858 eius
2637 1798 2958 1858 potestatem
2982 1790 3267 1846 tradiderit
3285 1790 3370 1846 cui
3393 1793 3546 1847 dam-

2499 1897 2626 1936 num
2653 1880 2856 1936 factum
2881 1890 2986 1946 est,
3013 1890 3068 1937 et
3091 1883 3302 1939 venerit
3333 1892 3540 1952 postea.

2501 1975 2698 2029 rationi
2751 1974 3081 2029 conveniens
3131 1981 3217 2028 est
3261 1984 3319 2028 ut
3345 1975 3436 2027 det
3466 1974 3542 2028 illi

2501 2081 2555 2120 ι.
2589 2065 2789 2121 solidos
2827 2065 2894 2120 de
2927 2063 3230 2135 llengwila,
3277 2073 3331 2118 et
3373 2063 3535 2119 linem

2502 2156 2667 2211 faciat
2688 2156 2911 2225 iustitia:
2938 2155 3004 2210 ad
3036 2155 3266 2225 primum
3311 2155 3539 2210 divisam

2503 2251 2614 2318 (seu
2650 2249 2718 2301 ad
2747 2250 2974 2317 primum
3005 2244 3304 2316 placitum),
3337 2246 3544 2315 absque

2499 2336 2713 2390 licentia
2731 2333 2960 2401 justitiae
2999 2343 3189 2404 estque
3233 2332 3541 2388 forislactus

2499 2423 2565 2478 de
2595 2443 2679 2482 st.
2709 2430 2914 2486 solidis.

2975 2579 3058 2634 Ἣ.

2566 2699 2667 2767 Qui
2727 2699 2969 2754 averium
3001 2695 3426 2766 recuperaverit,
3454 2695 3542 2750 vel

2495 2787 2735 2858 Equum,
2783 2785 2870 2841 vel
2914 2785 3136 2848 Bovem,
3184 2783 3270 2839 vel
3309 2782 3542 2838 Pereunt

2496 2889 2587 2935 aut
2635 2877 2914 2936 Berbicem
2944 2916 2961 2941 ,
3007 2875 3153 2946 quod
3216 2872 3535 2943 Forfengem

2497 2963 2723 3035 Anglice
2742 2963 2962 3027 dicitur,
2986 2963 3032 3016 is
3058 2959 3148 3030 qui
3176 2958 3308 3014 illud
3335 2957 3540 3012 habue‘

2498 3047 2571 3103 rit
2597 3047 2748 3102 dabit
2783 3045 2849 3101 ad
2879 3046 3112 3102 Grossos
3138 3043 3368 3100 solidum
3395 3041 3540 3097 Prae-

2497 3137 2674 3208 posito
2721 3135 2925 3191 haberc
2977 3135 3061 3188 tlte
3121 3131 3386 3186 lestussun
3443 3146 3538 3184 vm

2495 3227 2770 3292 denarios,
2810 3235 2865 3280 et
2905 3225 2948 3279 si
2978 3240 3083 3278 non
3117 3233 3195 3278 tot
3226 3223 3356 3286 sint,
3390 3230 3447 3274 ut
3483 3221 3538 3275 in

2493 3315 2730 3369 malliam
2763 3323 2979 3369 centum
3010 3319 3413 3380 computentur,
3446 3310 3539 3364 da-

2494 3402 2573 3458 bit
2599 3413 2805 3457 tantum
2827 3416 2922 3456 vni
2949 3398 3224 3461 denarios,
3247 3412 3345 3468 pro
3368 3396 3542 3451 Perco

2495 3497 2567 3548 iv.
2606 3494 2879 3554 denarios.
2922 3502 2977 3546 et
3022 3507 3120 3560 pro
3150 3489 3346 3544 Berbin
3376 3506 3412 3543 ι.
3448 3489 3542 3544 de-

2494 3586 2706 3638 narium
2743 3602 2755 3637 :
2785 3592 2838 3638 et
2864 3583 2942 3638 sic
2971 3595 3140 3649 usque
3181 3580 3248 3634 ad
3276 3590 3401 3634 octo
3443 3595 3540 3648 pro

2495 3671 2721 3740 singulis
2748 3678 2981 3739 quatuor
3009 3666 3270 3732 denariis,
3301 3676 3354 3720 et
3382 3666 3425 3719 si
3465 3674 3542 3718 tot

2494 3778 2600 3816 non
2643 3760 2866 3821 iuerint.
2899 3761 3049 3812 dabit
3078 3767 3287 3812 tantum
3319 3771 3414 3812 vin
3439 3755 3535 3810 de-

2494 3848 2694 3910 narios,
2717 3857 2771 3902 et
2793 3848 2940 3902 dabit
2965 3847 3200 3908 vadium,
3219 3855 3274 3899 et
3299 3844 3539 3899 inveniet

2491 3938 2747 4010 plegium.
2806 3938 2959 4005 Quod
3030 3937 3076 3992 si
3146 3936 3285 3991 alius
3350 3944 3537 4005 postea

2488 4031 2699 4086 venerit
2738 4030 2881 4084 intra
2931 4043 3130 4081 annum
3173 4037 3230 4079 et
3271 4026 3434 4084 diem,
3481 4035 3537 4077 et

2493 4123 2734 4178 avcrium
2768 4118 3076 4188 repetat,ad
3105 4128 3312 4171 rectum
3338 4115 3537 4168 habeat

2495 4217 2548 4272 in
2577 4214 2739 4270 Curia
2773 4228 2920 4275 eum,
2970 4226 2999 4263 a
3030 4226 3136 4280 quo
3171 4208 3412 4263 averiutn
3450 4225 3535 4263 re-

2495 4313 2812 4377 cuperatum
2840 4301 3021 4356 fuerit.

2952 4475 3064 4532 VII.

2564 4595 2632 4650 Et
2658 4595 2725 4650 de
2771 4594 2976 4653 averio,
3022 4592 3096 4646 ita
3131 4588 3418 4646 dicendum
3471 4586 3540 4642 de

2491 4685 2601 4740 alia
2633 4699 2693 4740 re
2713 4684 2905 4754 quavis
2937 4682 3177 4736 inventa.
3207 4677 3541 4732 Ostendatur

2488 4773 2666 4828 tribus
2710 4770 2956 4841 partibus
3004 4767 3255 4830 vieineti,
3305 4771 3363 4817 ut
3390 4761 3544 4816 testi-

2492 4864 2736 4919 monium
2766 4859 2966 4915 habeat
3001 4857 3070 4913 de
3112 4853 3450 4913 inventione.
3479 4851 3542 4906 Si

2494 4951 2695 5024 aliquis
2717 4959 2904 5019 postea
2937 4953 3158 5006 venerit
3196 4944 3264 4999 ad
3299 4957 3415 4998 rem
3437 4939 3547 4997 ela-

2496 5049 2775 5111 mandam,
2811 5060 2906 5100 seu
2949 5043 3308 5114 repetendam
3337 5039 3427 5093 det
3451 5052 3551 5094 va-

2494 5137 2684 5204 dium,
2713 5145 2768 5191 et
2807 5132 3068 5192 inveniat,
3110 5127 3337 5207 ptegios,
3375 5125 3466 5224 qui
3509 5126 3560 5180 si

3195 5228 3206 5242 Ζ
3217 5231 3295 5242 ραι
3321 5228 3559 5242 Acen-unum
