4040 5314
544 178 685 239 9299

993 377 1122 434 VIII.

617 531 682 588 Si
729 534 881 589 home
927 537 1059 590 occit
1110 538 1276 605 altre,
1337 557 1365 596 e
1410 542 1452 596 il
1497 546 1574 600 sei

536 636 854 692 counsaunt,
877 643 904 682 e
920 627 959 680 il
980 629 1129 684 deuia
1154 630 1289 699 [aire
1307 631 1380 688 les
1401 651 1581 690 amen-

535 723 626 776 des
648 739 667 776 :
690 723 853 777 durra
875 723 936 777 de
957 742 1015 779 sa
1037 729 1280 784 manbote
1297 731 1352 785 al
1371 734 1582 804 seignor

533 828 637 880 pur
663 811 709 865 le
735 811 887 880 [rane
932 813 1085 872 liome
1126 834 1180 871 x.
1215 819 1326 876 solz
1357 821 1407 875 la
1437 840 1581 878 vvere

535 901 626 960 dol
655 901 816 957 Tltein
852 919 940 958 xx.
987 905 1024 960 li
1066 923 1132 962 en
1169 908 1528 968 Merc/ieuelae
1552 930 1582 968 e

535 1006 599 1051 en
643 988 1154 1058 Vvest-Sexeuelae;
1183 1015 1210 1052 e
1236 999 1287 1054 la
1324 1018 1468 1057 vvere
1493 1004 1577 1058 del

541 1074 721 1132 Vilain
771 1079 833 1134 C.
878 1081 989 1139 sols
1025 1100 1088 1138 en
1122 1084 1504 1158 Merchenelae,
1551 1107 1579 1148 e

536 1179 801 1225 ensement
829 1187 894 1226 en
933 1170 1419 1233 Vvest-Sexeuelae.

1011 1393 1105 1448 IX.

610 1599 684 1654 De
712 1599 765 1654 la
793 1619 940 1658 rvere
967 1607 1337 1674 primerament
1364 1621 1578 1666 renarat

532 1689 660 1743 l’um
701 1692 766 1745 de
808 1693 1110 1752 halt’Sainc
1139 1699 1170 1751 ὰ
1193 1699 1244 1752 lu
1274 1702 1425 1756 vidue
1453 1721 1480 1757 e
1518 1719 1578 1757 as

536 1785 822 1851 Orphanins
876 1805 930 1842 Χ.
987 1789 1154 1866 sols:
1189 1810 1218 1848 e
1271 1793 1318 1847 le
1366 1796 1576 1866 surplus

535 1873 823 1941 orpltanins
873 1895 900 1932 e
944 1878 1018 1934 les
1065 1880 1268 1942 Parens
1307 1885 1576 1955 departent

531 1966 760 2028 entr’els.

1010 2171 1078 2226 Χ.

605 2317 695 2372 En.
749 2319 802 2374 la
861 2339 1006 2380 vrere
1061 2345 1226 2398 purra
1288 2332 1328 2386 il
1382 2335 1570 2390 rendre

529 2407 720 2463 Chival'
769 2417 861 2484 qui
917 2418 987 2470 ad
1039 2436 1099 2474 sa
1141 2422 1298 2477 cuille
1335 2441 1436 2494 pur
1475 2443 1565 2482 xx.

523 2496 636 2557 sols
665 2514 683 2559 ε
709 2511 755 2553 et
784 2511 874 2556 tor
890 2521 988 2558 our
1013 2522 1066 2562 x.
1091 2509 1204 2564 sols
1231 2525 1250 2564 :
1277 2529 1305 2568 e
1337 2515 1438 2568 iter
1464 2532 1569 2586 pur

527 2593 579 2638 γ.
605 2582 734 2637 solz.

1003 2749 1091 2803 XI.

596 2865 659 2922 Si
687 2869 836 2924 home
865 2873 966 2942 [ait
1009 2875 1155 2945 plaie
1198 2897 1230 2934 a
1277 2881 1429 2947 ultre,
1460 2899 1488 2936 e
1522 2884 1564 2946 il

519 2957 672 3012 deuia
701 2962 831 3014 otrei
875 2962 984 3031 fair
1022 2965 1096 3021 les
1137 2972 1382 3025 amendes
1411 2972 1563 3041 :pri-

520 3055 802 3103 iuerement
823 3048 862 3099 li
887 3050 1044 3105 rende
1067 3068 1168 3106 sun
1197 3053 1243 3109 le
1269 3057 1446 3126 chefe;
1468 3075 1495 3112 e
1521 3058 1560 3113 li

519 3135 691 3206 plaiez
723 3139 915 3206 jurraz
957 3160 1052 3197 sur
1085 3157 1278 3213 sentez,
1323 3152 1413 3214 qui
1462 3169 1564 3221 pur

517 3242 625 3288 mes
650 3228 768 3300 [al.,
797 3233 996 3306 maius]
1011 3236 1094 3291 uel
1117 3250 1203 3306 pot
1230 3240 1359 3307 fair,
1383 3258 1444 3295 ne
1461 3259 1564 3312 pur

515 3315 652 3375 Itaur
683 3314 810 3388 [:aL,
843 3320 998 3395 hair]
1024 3326 1070 3379 si
1102 3326 1244 3380 cltier
1273 3328 1354 3382 uel
1380 3329 1468 3397 ﬁst
1497 3331 1562 3386 de

514 3404 724 3465 sarbote
752 3411 847 3466 cho
879 3424 954 3470 est
983 3417 1048 3472 de
1074 3416 1129 3479 la
1168 3419 1348 3481 dulor.

1403 3642 1430 3666 ,
1467 3637 1477 3649 κ

987 3690 1098 3752 XII.

594 3835 655 3889 Si
685 3836 738 3891 la
769 3837 908 3907 plaie
947 3841 1024 3895 iui
1070 3822 1206 3899 cient
1245 3864 1279 3911 a
1330 3832 1405 3904 uis
1436 3851 1554 3906 des-

515 3926 690 3992 cuvert
727 3935 862 4007 [al.,
886 3938 1298 4018 descueuvert],
1341 3946 1394 4000 al
1437 3948 1555 4022 pots

522 4025 644 4096 [al.,
659 4028 795 4102 pels]
815 4038 920 4084 tote
944 4033 1050 4087 veie
1071 4049 1145 4089 tv.
1169 4036 1393 4104 deniers,
1424 4048 1471 4093 et
1492 4041 1557 4098 de

510 4129 637 4174 tanz
655 4139 712 4176 os
736 4141 853 4177 cum
877 4126 997 4183 hom
1020 4131 1204 4186 trarad
1229 4133 1293 4186 de
1317 4133 1368 4187 la
1390 4133 1550 4203 plaie,

505 4208 559 4260 al
588 4226 645 4264 os
682 4222 786 4267 tote
822 4216 932 4270 veie
972 4214 1046 4269 tv.
1075 4219 1198 4273 den.
1235 4223 1348 4290 pois
1399 4240 1550 4277 acor-

507 4294 709 4349 demeut
732 4299 777 4352 si
808 4298 848 4352 li
869 4309 1023 4355 metit
1043 4304 1112 4356 ad
1133 4316 1288 4359 avant
1316 4307 1548 4364 honours

507 4386 584 4457 [al
611 4430 626 4456 ,
649 4407 950 4462 seignours.
979 4395 1084 4451 Hic
1105 4399 1303 4472 divino]
1328 4418 1416 4480 qui
1443 4403 1488 4482 si
1509 4403 1549 4456 il

508 4481 548 4533 li
578 4493 666 4536 ont
696 4503 754 4548 co
781 4488 910 4557 qu‘il
938 4490 1009 4543 ad
1031 4490 1132 4558 fait
1173 4509 1205 4546 a
1235 4493 1330 4559 lui,
1360 4511 1415 4548 sc
1447 4511 1545 4552 son

507 4589 675 4641 queur
699 4578 738 4631 li
763 4593 1084 4650 purportast,
1125 4596 1172 4639 et
1213 4603 1308 4641 son
1349 4592 1544 4644 conseil

506 4669 782 4768 li‘donast,
808 4680 1072 4746 prendreit
1116 4683 1180 4745 de
1218 4683 1297 4738 lui
1335 4701 1392 4740 ce
1417 4686 1546 4768 qu’il

509 4760 640 4830 o/fre
667 4779 700 4817 a
726 4763 821 4821 lui.

959 4963 1093 5020 XIII.

578 5111 643 5167 Si
669 5099 900 5176 convent
921 5118 1011 5184 qui
1037 5117 1228 5187 alquou
1248 5126 1389 5195 colpe
1421 5126 1542 5199 [al.,

501 5201 657 5273 cepe]
694 5203 744 5256 le
772 5204 898 5272 poin
931 5221 964 5257 a
1007 5207 1162 5276 ultre,
1192 5226 1224 5264 v
1252 5213 1301 5266 le
1325 5217 1470 5284 pied,
1497 5219 1544 5274 si

1728 188 2061 246 WILLELMI
2102 191 2631 261 CONQUESTORIS

1674 351 1676 353 .
1906 318 1908 320 '
2111 305 2236 361 VIII.

1653 393 1732 450 De
1781 394 2082 451 Homicidia
2126 409 2175 453 et
2210 399 2410 468 Capitis
2461 398 2689 454 wstima-

1930 468 2069 522 tione
2095 485 2187 523 seu
2215 469 2404 524 Wera.
2479 499 2482 502 ~

1721 553 1777 608 Si
1815 555 1936 626 quis
1982 556 2148 612 alium
2184 559 2466 625 occiderit,
2511 566 2565 613 et
2611 557 2692 613 sic

1649 661 1776 702 reus
1801 647 2090 713 conﬁtens,
2118 659 2174 706 et
2201 652 2489 707 emendare
2523 667 2688 721 nega-

1650 736 1812 801 verit,
1841 739 1931 792 det
1960 739 2026 794 de
2051 755 2149 796 suo
2173 742 2430 796 manbote
2463 742 2690 796 Domino

1649 839 1748 893 pro
1791 825 1964 882 libero
2011 827 2235 882 homine
2276 843 2331 882 x.
2377 827 2597 896 solidos,
2636 837 2694 884 et

1651 929 1749 984 pro
1774 931 1933 972 servo
1959 934 2051 976 xx.
2081 919 2302 975 solidos.
2329 919 2493 974 Wera
2521 919 2692 974 Titani

1649 1024 1741 1063 xx.
1776 1009 1928 1066 librae
1974 1011 2028 1066 in
2070 1011 2390 1072 Merciorum
2429 1012 2592 1083 Lege,
2633 1021 2699 1084 et.

1650 1097 1704 1151 in
1734 1097 2203 1156 West-Saxonum.
2229 1102 2471 1158 EtWera
2500 1101 2690 1158 Villani

1582 1231 1583 1234 η
1649 1187 1712 1243 C.
1739 1188 1894 1243 solidi
1919 1189 1971 1244 in
2003 1191 2323 1247 Merciorum
2367 1192 2504 1263 lege,
2529 1200 2692 1264 atque

1647 1280 1813 1336 etiam
1837 1281 1893 1335 in
1926 1280 2403 1341 West-Saxonum.

2129 1372 2220 1430 IX.

1653 1458 1854 1530 Quibus
1877 1457 2078 1530 Capitis
2105 1463 2384 1518 aestimatio
2412 1479 2502 1519 seu
2527 1463 2689 1520 Were

1942 1538 1943 1541 ‘
2035 1530 2302 1586 soluenda.

1721 1621 1872 1688 Quod
1903 1621 1970 1676 ad
2012 1622 2232 1678 Weram
2263 1625 2477 1691 attinet,
2505 1625 2684 1694 primo

1651 1710 1838 1764 reddat
1874 1711 1920 1764 is
1945 1710 2035 1779 qui
2078 1719 2162 1766 est
2187 1711 2254 1766 de
2285 1712 2401 1767 halt
2430 1714 2691 1784 sanguine

1653 1799 1840 1854 Vidua:
1871 1810 1927 1856 et
1956 1801 2229 1872 Orplianis
2271 1820 2326 1858 x.
2379 1803 2600 1870 solidos,
2636 1812 2692 1859 et

1649 1897 1792 1964 quod
1821 1907 2072 1975 superest
2095 1897 2360 1958 Parentes
2387 1907 2441 1955 et
2461 1901 2689 1958 orohani

1645 1988 1792 2046 inter
1822 2003 1882 2044 se
1913 1990 2176 2046 dividant.

2136 2097 2202 2156 X.

1643 2185 1970 2260 Antmatzum
1996 2185 2196 2256 aliquot
2219 2188 2385 2255 valor,
2409 2189 2466 2243 in
2488 2189 2688 2260 Capitis

1839 2257 2184 2310 azstimatioue
2212 2260 2490 2314 censenda.

1713 2343 1771 2398 In
1812 2344 1974 2399 Wera
2033 2346 2260 2403 reddere
2308 2351 2509 2419 poterit
2562 2353 2686 2422 quis

1640 2431 1851 2502 Equum
1913 2449 2020 2490 non
2077 2435 2395 2494 Castratum
2450 2455 2549 2511 pro
2588 2458 2679 2496 xx.

1637 2521 1844 2587 solidis,
1880 2532 1935 2577 et
1969 2523 2208 2581 Taurum
2246 2542 2346 2598 pro
2375 2545 2430 2583 x.
2472 2531 2681 2596 solidis,

1636 2618 1689 2664 et
1717 2609 1814 2664 i.’er
1834 2626 1932 2683 pro
1958 2627 2012 2670 ν.
2047 2616 2256 2672 solidis.

2109 2700 2199 2759 XI.

1928 2789 2008 2845 De
2054 2791 2392 2851 Percussore.

1710 2879 1766 2935 Si
1818 2880 1939 2952 quis
1996 2884 2162 2940 alium
2210 2889 2574 2956 percusserit,
2625 2901 2679 2947 et

1637 2971 1914 3040 negaverit
1962 2970 2106 3028 ultra
2138 2976 2459 3042 emendare,
2501 2975 2684 3049 primo

1635 3057 1825 3112 reddat
1852 3076 1950 3113 sun
1979 3059 2026 3115 le
2056 3063 2204 3130 chefe
2228 3072 2280 3118 et
2302 3064 2512 3135 plagas,
2532 3066 2680 3136 juret

1636 3161 1799 3216 super
1820 3158 2006 3204 sancta
2031 3153 2174 3221 quod
2197 3153 2353 3209 aliter
2373 3170 2478 3209 non
2503 3157 2678 3225 potuit

1633 3241 1813 3297 facere
1865 3259 1966 3298 nec
1995 3261 2094 3315 pro
2128 3247 2266 3302 haur
2307 3250 2354 3303 si
2399 3251 2541 3304 cltier
2575 3267 2677 3308 nec

1632 3331 1762 3390 fecit
1791 3334 2064 3392 desarbote
2094 3338 2190 3392 cllo
2222 3349 2298 3394 est
2323 3340 2388 3396 de
2413 3339 2466 3395 la
2497 3341 2672 3398 dulor.

2101 3687 2212 3742 XII.

1875 3775 1954 3830 De
1983 3777 2192 3833 vulnere
2222 3779 2412 3834 indito.

1699 3856 1756 3912 Si
1785 3861 1942 3932 plaga
1971 3862 2047 3917 lui
2079 3865 2214 3918 vient
2240 3884 2272 3920 a
2298 3866 2375 3919 vis
2403 3867 2670 3921 descuvert

1625 3947 1671 4002 el
1696 3951 1816 4017 polz
1838 3961 1943 4007 tote
1971 3956 2080 4010 veis
2112 3971 2185 4010 IV.
2211 3956 2488 4021 denarios,
2517 3970 2568 4012 et
2607 3959 2672 4012 de

1628 4044 1773 4097 omni
1812 4059 1933 4100 osse
1965 4047 2109 4115 quod
2155 4055 2278 4116 quts
2331 4051 2556 4104 traxerit
2605 4065 2670 4105 ex

1624 4132 1798 4204 plaga,
1833 4150 1956 4190 osse
1985 4145 2096 4190 toto
2131 4139 2248 4192 viso
2285 4153 2357 4193 Iv.
2394 4139 2666 4194 denarios.

1622 4229 1808 4286 postea
1854 4222 2184 4276 acordemeut
2232 4225 2279 4276 si
2326 4225 2366 4277 li
2410 4227 2563 4278 metir
2600 4227 2670 4279 ad

1621 4324 1774 4366 avant
1798 4315 2028 4369 Itonours
2049 4334 2150 4386 que
2163 4319 2209 4370 si
2236 4319 2432 4384 illiont,
2451 4321 2501 4384 id
2523 4321 2667 4389 quod

1622 4400 1670 4454 ei
1698 4400 1826 4457 fecit
1857 4403 1901 4457 si
1934 4419 2028 4458 cor
2050 4421 2204 4459 suum
2232 4406 2280 4460 ei
2308 4410 2663 4476 suggesserit,

1617 4505 1670 4552 et
1689 4498 1971 4552 consilium
1995 4515 2150 4554 suum
2173 4502 2221 4554 ei
2247 4502 2548 4569 donaverit,
2574 4519 2666 4559 ac-

1618 4589 1781 4669 cipiat
1802 4591 1868 4645 ab
1895 4606 1958 4647 co
1987 4595 2128 4663 quod
2156 4595 2204 4650 ei
2231 4596 2508 4654 obtulerit.

2073 4917 2186 4973 XIII

1618 5021 1972 5079 Membrorum
1991 5029 2331 5096 prwcisorum
2355 5035 2655 5090 aestimatio.
2744 5049 2748 5052 '

1689 5125 1746 5194 Si
1774 5131 2031 5186 acciderit
2062 5141 2121 5186 ut
2142 5135 2265 5202 quis
2293 5149 2531 5206 pugnum
2564 5154 2657 5193 cu-

1610 5217 1848 5290 juspiam
1910 5223 2202 5280 absciderit
2265 5238 2359 5280 aut
2425 5230 2658 5302 pedem,

3681 193 3816 254 1500

3246 392 3373 454 VIII.

2835 563 2890 619 Si
2917 564 3038 635 quis
3075 567 3240 624 alium
3276 571 3558 640 occiderit,
3585 583 3641 630 et
3673 591 3812 632 con-

2767 655 3020 722 senserit,
3043 664 3095 711 et
3117 660 3409 716 emendare
3429 662 3811 734 denegaverit,

2763 745 2911 801 dabit
2933 747 2999 803 de
3026 764 3124 804 sua
3152 750 3400 809 Manbola
3435 756 3668 812 Domino
3699 775 3802 829 pro

2761 834 2932 894 libero
2976 839 3199 896 homine
3237 858 3293 897 x.
3341 845 3560 910 solidos,
3607 858 3662 901 et
3714 865 3814 919 pro

2763 942 2922 985 servo
2949 946 3041 987 xx.
3071 932 3288 990 solidos.
3318 937 3479 993 Wera
3513 939 3690 995 Tbani
3716 958 3811 997 xx.

2762 1018 2913 1076 libra:
2959 1021 3014 1076 in
3072 1022 3392 1081 Merciorum
3447 1027 3586 1100 lege,
3642 1041 3701 1086 et
3752 1033 3808 1086 in

2761 1108 2967 1166 West-
2997 1111 3271 1171 Saxonum
3317 1118 3433 1190 lege
3474 1135 3490 1178 :
3539 1131 3597 1177 et
3641 1122 3811 1178 Wera

2761 1202 2946 1258 villani
2980 1204 3040 1260 C.
3069 1207 3227 1263 solidi
3258 1209 3311 1264 in
3340 1211 3666 1275 Merciorum
3693 1217 3814 1290 lege

2762 1300 2816 1349 et
2843 1293 2900 1349 in
2920 1295 3381 1356 West-Saxonum
3415 1302 3552 1375 lege.

3232 1429 3321 1486 IX.

2834 1618 2910 1674 De
2934 1619 3094 1676 Wera
3126 1622 3301 1690 primo
3325 1625 3582 1681 reddetur
3609 1629 3678 1684 de
3701 1631 3812 1690 alto

2759 1713 3039 1782 sanguine,
3091 1715 3264 1769 viduae
3318 1725 3372 1770 et
3428 1721 3695 1787 orplianis
3753 1740 3786 1778 x

2761 1803 2916 1858 solidi
2943 1821 2958 1858 :
2982 1812 3035 1860 et
3058 1807 3201 1876 quod
3227 1819 3474 1876 superest
3493 1812 3728 1881 orphani
3750 1826 3806 1869 et

2758 1904 3012 1967 parentes
3034 1897 3177 1953 inter
3199 1913 3258 1955 se
3285 1899 3551 1956 dividant.

3257 2115 3326 2176 Χ.

2828 2341 2886 2396 In
2929 2342 3096 2400 Wera
3156 2345 3382 2403 reddere
3426 2350 3632 2418 poterit
3681 2351 3807 2420 quis

2758 2434 2968 2504 Equum
3020 2439 3111 2508 qui
3174 2441 3450 2497 testiculos
3487 2443 3653 2498 habet
3705 2460 3808 2514 pro

2756 2543 2848 2580 xx.
2877 2528 3064 2585 solidis
3093 2547 3109 2584 :
3138 2539 3194 2586 et
3227 2540 3438 2586 taurum
3466 2548 3568 2601 pro
3598 2551 3654 2588 x.
3685 2535 3809 2592 soli-

2757 2617 2858 2683 dis,
2885 2627 2942 2674 et
2967 2633 3182 2674 verrem
3213 2635 3311 2690 pro
3337 2637 3389 2675 v.
3418 2621 3632 2678 solidis.

3229 2709 3321 2765 XI.

2823 2876 2881 2932 Si
2908 2876 3030 2947 quis
3060 2877 3216 2933 alteri
3249 2877 3464 2949 plagam
3493 2877 3714 2944 fecerit,
3748 2889 3809 2934 et

2753 2966 2893 3021 ultra
2917 2969 3208 3023 emendare
3228 2969 3603 3039 denegaverit,
3629 2970 3809 3039 primo

2751 3057 2798 3110 ei
2827 3057 3019 3111 reddat
3047 3073 3204 3112 suum
3235 3058 3466 3128 capitale
3491 3078 3504 3112 :
3529 3055 3602 3113 et
3620 3060 3807 3130 plaga-

2755 3155 2839 3200 tus
2866 3145 3072 3214 iurabit
3098 3162 3258 3215 super
3285 3158 3497 3211 sancta,
3523 3149 3671 3217 quod
3703 3163 3809 3216 pro

2749 3235 2946 3290 minori
2964 3236 3235 3307 (emenda)
3254 3253 3358 3291 non
3385 3248 3564 3308 potest
3593 3237 3802 3302 facere,

2747 3339 2849 3379 nec
2896 3340 2997 3394 pro
3027 3325 3152 3381 odio
3181 3326 3445 3380 cariorem
3489 3327 3598 3396 (vel
3630 3324 3798 3392 majo-

2748 3413 2885 3484 rem)
2935 3413 3127 3470 fecerit
3155 3415 3222 3471 de
3258 3415 3504 3482 sarbota,
3533 3416 3588 3471 id
3619 3425 3705 3470 est
3733 3416 3800 3471 de

2748 3501 2952 3558 dolore.

2817 3594 3043 3667 (Lingua
3080 3595 3280 3652 Saxon.
3335 3597 3444 3667 Sag
3489 3607 3567 3652 est
3613 3595 3796 3662 dolor;

2888 3685 3044 3753 Bota,
3085 3688 3429 3759 emendatio.)

3208 3780 3324 3852 xu.

2820 3868 2880 3924 Si
2912 3869 3068 3940 plaga
3111 3871 3160 3924 ei
3189 3869 3391 3925 inﬂicta
3417 3869 3582 3924 fuerit
3624 3870 3696 3925 ita
3733 3880 3794 3926 ut

2746 3968 3022 4030 appareat,
3062 3975 3161 4029 pro
3194 3960 3332 4030 pelle
3372 3961 3537 4014 totius
3581 3975 3659 4014 ιν.
3703 3962 3795 4014 de-

2745 4052 2931 4106 narios
2967 4051 3174 4122 (dabit)
3219 4059 3274 4107 et
3319 4051 3389 4106 de
3445 4059 3525 4104 tot
3576 4051 3794 4106 ossibus

2745 4155 2863 4208 qua:
2921 4156 2989 4195 ex
3051 4140 3205 4210 plaga
3257 4139 3646 4205 extrahentur,
3694 4153 3794 4207 pro

2741 4231 2979 4300 quolibet
3030 4247 3151 4286 osse
3200 4232 3358 4286 toties
3408 4246 3485 4284 iv.
3532 4231 3793 4286 denarios

2739 4322 2961 4392 (dabit).
2981 4321 3133 4388 Quod
3151 4321 3393 4377 sicoram
3415 4320 3798 4390 superioribus

2742 4409 2976 4462 dominis
3013 4417 3230 4478 pactum
3275 4407 3473 4462 initum
3504 4407 3693 4471 fuerit,
3726 4409 3796 4460 de

2740 4495 2898 4566 plaga
2932 4511 3051 4564 quae
3098 4496 3204 4551 alio
3242 4495 3291 4549 ei
3339 4495 3485 4549 facta
3530 4495 3716 4556 fuerit,
3747 4495 3796 4547 si

2737 4599 2836 4638 cor
2889 4600 3044 4638 suum
3104 4585 3152 4639 id
3213 4585 3262 4640 ei
3314 4586 3688 4655 suggesserit,
3741 4594 3798 4638 et

2735 4671 3017 4726 consilium
3059 4687 3216 4725 suum
3261 4671 3311 4725 ei
3353 4671 3671 4734 donaverit,
3703 4687 3798 4725 ac-

2734 4765 2897 4833 cipiet
2946 4763 3015 4818 ab
3065 4779 3132 4820 eo
3181 4764 3324 4835 quod
3384 4763 3491 4818 sibi
3542 4763 3798 4818 oblatum

2735 4857 2915 4912 fuerit.

3189 5007 3322 5062 XIII.

2803 5121 2859 5178 Si
2925 5119 3187 5176 acciderit
3243 5127 3299 5172 ut
3351 5117 3479 5187 quis
3539 5134 3791 5191 pugnum

2736 5211 3035 5281 cuiuspiam
3079 5207 3368 5264 absciderit
3414 5216 3514 5261 aut
3562 5211 3790 5278 pedem,
