4040 5314
303 271 438 327 1301

303 389 546 460 Engleis,
577 407 635 456 co
665 401 738 447 est
765 411 894 465 quer
933 395 1009 466 [ι’.
1043 404 1338 466 quarante:

303 495 429 532 nam
467 482 523 534 in
564 480 672 552 lege
699 483 876 539 Salica
905 487 1106 541 solidus
1137 503 1224 541 ιι..
1253 489 1344 541 de-

301 571 576 626 nariorum
625 575 755 648 fuit]
807 578 1011 633 deniers
1056 593 1075 631 :
1105 580 1170 635 de
1218 581 1342 635 luuc

303 660 391 712 dei
422 677 535 717 xw.
571 666 702 732 sols,
748 669 812 723 de
840 669 1011 725 l‘altre
1037 673 1127 741 qui
1155 673 1339 741 ported

302 746 459 806 l‘auel
497 771 626 808 xvu.
664 757 776 812 solz
811 775 830 813 :
869 761 953 815 del
980 765 1106 831 petit
1153 765 1238 818 dei
1280 779 1334 818 ν.

300 841 444 905 solz,
493 845 558 898 de
590 845 802 916 l‘ungle,
856 854 902 904 si
953 851 992 904 il
1045 851 1225 921 colpe,
1272 853 1337 908 de

301 945 495 984 cascun
542 947 595 987 ν.
642 935 747 990 sols
778 937 841 990 de
868 938 966 992 solt
1016 937 1227 1010 Eugleis
1255 957 1273 996 :
1305 957 1338 995 a

301 1018 495 1091 t’uugte
521 1023 586 1078 de
608 1026 734 1095 petit
764 1027 846 1082 dei
867 1043 940 1082 ιν.
964 1029 1086 1084 deu.

749 1245 886 1302 XIV.

373 1371 442 1426 ΚΞ
465 1374 589 1429 altri
610 1394 825 1448 espouse
841 1386 1058 1455 purgist.
1084 1389 1129 1442 si
1149 1389 1332 1457 [orfait

295 1462 349 1516 la
375 1483 514 1520 vvere
541 1486 651 1525 t'ers
683 1489 781 1527 sun
809 1473 1086 1547 Seiguour.

759 1709 873 1767 XV.

361 1836 553 1894 Altresi
594 1841 684 1912 qui
723 1842 845 1911 [aus
874 1847 1144 1919 jugemeut
1190 1854 1326 1923 fait,

289 1937 400 1994 pert
445 1947 505 1984 sa
535 1949 701 2000 rvere,
735 1937 782 1990 si
829 1938 868 1991 il
914 1957 976 1994 ne
1016 1953 1103 2010 pot
1140 1962 1328 2015 prover

291 2033 381 2070 sor
404 2018 592 2077 Sainlz
615 2028 703 2096 qui
725 2029 851 2084 mels
876 2030 960 2084 uel
977 2044 1056 2086 σοι
1075 2034 1256 2106 juger.

747 2429 882 2485 XVI.

316 2657 322 2667 η
366 2596 430 2650 Si
458 2599 610 2657 home
642 2605 824 2674 apeled
870 2610 1004 2666 altre
1031 2614 1095 2668 de
1132 2615 1323 2685 larein,

288 2695 338 2739 et
369 2687 406 2741 il
438 2694 727 2761 sotj'ranez
767 2699 938 2770 home,
976 2712 1024 2756 et
1054 2704 1093 2757 il
1121 2707 1193 2758 ait
1219 2713 1324 2761 and

289 2771 425 2845 [al.,
456 2780 582 2851 ouk]
635 2800 695 2836 ea
738 2802 878 2841 terre
927 2792 1217 2847 testimonie
1261 2797 1325 2851 de

287 2861 474 2928 leallé,
524 2869 632 2923 s'en
685 2876 998 2930 escoudirad
1044 2896 1137 2948 per
1184 2882 1324 2950 plein

286 2965 514 3007 serment
549 2971 567 3010 :
597 2967 643 3011 et
679 2960 812 3016 altre
855 2967 945 3034 qui
988 2967 1218 3023 blasmed
1250 2973 1325 3026 ait

287 3048 450 3112 ested,
479 3064 572 3117 per
597 3065 821 3110 serment
843 3060 1030 3113 named
1062 3077 1082 3116 :
1113 3079 1172 3127 eo
1198 3074 1272 3118 est
1294 3083 1326 3120 α

287 3139 464 3191 sarcir
510 3143 633 3209 qu’a
667 3157 808 3200 certe
851 3150 1028 3206 liomes
1072 3151 1199 3209 leals
1236 3173 1328 3226 per

287 3239 415 3288 non,
439 3229 484 3280 si
507 3228 546 3281 il
568 3247 691 3284 aver
714 3232 787 3287 les
808 3246 916 3303 pot,
945 3238 992 3291 si
1018 3241 1125 3293 s'en
1146 3257 1328 3296 escou-

286 3314 404 3369 riad
444 3320 517 3372 sei
567 3323 810 3379 dudzime
835 3327 899 3380 de
949 3331 1093 3384 main
1129 3345 1148 3382 .'
1184 3342 1232 3386 et
1282 3335 1327 3389 si

285 3407 428 3459 aveir
457 3426 544 3464 nes
563 3423 674 3481 pot,
700 3415 745 3468 si
769 3433 823 3470 se
843 3417 1063 3488 defende
1081 3439 1174 3491 per
1202 3425 1323 3492 iiiis,

283 3511 313 3549 e
350 3496 618 3587 liapeleur
645 3506 802 3574 jurra
843 3525 936 3562 sur
969 3510 1044 3564 lui
1075 3512 1171 3582 jur
1188 3513 1315 3587 [al.,

286 3585 412 3669 sur]
440 3601 512 3643 set
535 3592 710 3648 homes
736 3600 932 3663 names,
962 3601 1051 3669 qui
1071 3619 1170 3669 pur
1190 3585 1326 3658 liaur

284 3665 411 3740 [al.,
438 3672 578 3746 hair]
595 3677 678 3729 ne!
689 3678 773 3746 list
798 3697 860 3733 ne
874 3699 940 3751 pu
950 3665 1128 3738 r'alt're
1148 3688 1321 3754 chose,

249 3759 331 3819 ,οἱ
358 3776 460 3830 pur
475 3780 572 3820 sou
594 3766 728 3821 dreit
758 3785 860 3824 non
877 3774 1188 3842 pure/iacer.

301 4059 311 4098 ἓ

296 4103 309 4135 ι

283 4143 308 4167 .1

721 4329 884 4386 XVII;

356 4501 404 4556 E
424 4520 466 4558 si
499 4504 678 4562 aleam
707 4515 781 4560 est
809 4506 988 4576 apelez
1012 4507 1076 4561 de
1121 4507 1320 4564 Muster

280 4592 519 4660 fritisser,
553 4609 585 4646 ν
611 4596 675 4649 de
715 4595 978 4659 eltambre,
1020 4606 1068 4650 et
1108 4597 1148 4650 il
1196 4601 1318 4654 n’eit

278 4680 386 4730 este
413 4678 616 4733 blamed
646 4697 711 4733 en
746 4698 888 4747 orer,
937 4683 1044 4736 s’en
1084 4687 1318 4740 escoudit

275 4784 372 4838 per
389 4785 517 4824 xui.
530 4769 656 4842 [al.,
682 4771 830 4844 κων]
846 4772 974 4828 leals
987 4773 1086 4846 [αι.
1099 4817 1112 4841 ,
1127 4791 1319 4833 escen-

1553 176 1621 204 κ.

1627 199 1688 218 κ-ι.

1829 286 2066 344 LI'IGES.

1413 396 1568 462 lidos,
1595 399 1658 454 de
1682 401 1852 456 solido
1875 405 2191 474 Anglicano,
2224 403 2326 457 hoc
2348 411 2451 468 est,

1414 507 1544 561 quer
1564 491 1834 547 denarios.
1859 494 1961 548 Pro
1983 496 2148 565 digito
2163 495 2318 563 longo
2341 510 2450 548 xvr.

1414 578 1637 634 solidos.
1656 579 1760 634 Pro
1773 581 1943 636 altero
1972 584 2061 652 qui
2087 593 2454 652 portatannu-

1411 666 1642 724 Iumxvu
1672 672 1889 728 solidos.
1915 673 2020 729 Pro
2033 675 2200 743 digito
2228 675 2453 730 minimo

1409 778 1461 817 ν.
1479 764 1699 819 solidos.
1725 765 1783 820 Si
1811 781 2041 836 unguem
2057 767 2180 836 quis
2200 768 2454 837 cuiquam

1407 852 1736 920 praeciderit,
1762 871 1816 908 ν.
1849 856 2040 910 solidis
2062 858 2127 912 de
2154 857 2326 911 solido
2344 858 2451 911 An-

1410 938 1620 1008 glicano
1675 946 1956 1012 emendet,
2018 954 2072 998 et
2127 961 2226 1015 pro
2274 962 2451 1016 ungue

1411 1029 1564 1100 digiti
1593 1033 1822 1101 minimi,
1851 1051 1924 1089 tv.
1957 1037 2214 1091 denariis.

1858 1272 1996 1328 XIV.

1721 1362 1795 1416 De
1830 1365 2130 1422 Adulterio.

1477 1447 1577 1514 Qui
1606 1449 1987 1522 desponsatam
2005 1457 2162 1513 alteri
2183 1459 2453 1516 vitiaverit

1406 1539 1704 1598 l'orisfaciat
1745 1544 1966 1602 Weram
2016 1565 2168 1605 suam
2224 1550 2450 1609 Domino

1405 1650 1523 1690 δυο.

1865 1733 1984 1790 XV.

1631 1819 1707 1875 De
1739 1823 1930 1878 Iudice
1963 1835 2229 1896 corrupto.

1472 1909 1648 1964 Etiam
1693 1915 1785 1982 qui
1836 1915 2034 1972 falsum
2084 1919 2264 1974 tulerit
2303 1919 2449 1990 judi-

1399 2001 1568 2066 cium,
1601 2001 1821 2058 Weram
1869 2021 2020 2060 suam
2079 2012 2290 2078 perdat,
2340 2013 2446 2067 nisi

1407 2088 1564 2140 tactis
1631 2089 2012 2148 Sacrosanetis
2085 2093 2447 2168 (Evangeliis)

1404 2177 1635 2244 probare
1665 2182 1863 2246 poterit
1893 2196 1952 2236 se
1986 2182 2179 2238 melius
2201 2184 2450 2254 judicare

1406 2283 1512 2323 Ion
1544 2271 1801 2340 potuisse.

1853 2382 1992 2438 XVI.

1470 2469 1548 2523 De
1575 2467 1897 2542 Purgatione
1921 2473 2065 2527 illius
2092 2475 2185 2544 qui
2212 2474 2373 2530 Furti

1812 2558 1930 2595 reus
1957 2552 2054 2597 est.

1471 2623 1530 2680 Si
1573 2626 1695 2695 quis
1734 2625 1963 2681 alterum
2011 2628 2208 2697 apellet
2252 2631 2318 2686 de
2347 2629 2450 2686 La-

1399 2716 1632 2773 trocinio
1668 2725 1724 2772 et
1769 2718 1814 2772 is
1859 2718 1930 2772 sit
1981 2719 2118 2775 liber
2163 2722 2348 2787 homo,
2395 2731 2450 2779 et

1399 2807 1597 2862 haheat
1647 2810 1751 2862 om!
1800 2826 2014 2864 caverre
2071 2797 2448 2869 testimonioin

1397 2899 1466 2954 de
1494 2899 1769 2970 Iegalitate
1796 2913 1992 2972 purget
2020 2918 2076 2958 se
2101 2919 2197 2974 per
2227 2906 2447 2976 plenum

1400 3001 1825 3057 sacramentum,
1850 3004 1904 3048 et
1937 2993 2077 3049 alter
2106 2997 2197 3064 qui
2230 2995 2448 3051 infamis

1397 3087 1525 3132 ante
1576 3078 1754 3134 fuerat
1794 3096 1888 3149 per
1940 3091 2166 3134 serment
2220 3085 2444 3150 named,

1399 3170 1651 3226 videlicet
1697 3188 1811 3226 xiv.
1850 3173 2101 3228 homines
2133 3173 2330 3247 legales
2356 3192 2448 3246 per

1401 3275 1504 3314 non
1530 3261 1577 3316 si
1603 3261 1647 3315 is
1668 3261 1872 3316 habere
1900 3275 1993 3316 eos
2019 3266 2220 3332 poterit
2242 3279 2300 3319 se
2319 3280 2447 3334 pur-

1399 3359 1488 3420 get
1551 3351 1876 3406 duodecima
1930 3367 2118 3418 manu,
2154 3361 2208 3408 et
2253 3354 2298 3409 si
2348 3357 2445 3411 ha-

1398 3441 1528 3496 bere
1578 3458 1691 3498 non
1740 3444 1917 3513 possit
1961 3459 2021 3499 se
2069 3443 2319 3500 defendat
2353 3434 2446 3516 per

1397 3531 1500 3586 iuis
1543 3539 1602 3588 et
1633 3531 1950 3604 Appellator
1977 3533 2185 3604 jurabit
2231 3553 2324 3590 sur
2368 3537 2445 3590 lui

1387 3617 1487 3687 jur
1507 3627 1582 3672 set
1605 3619 1853 3675 homines
1871 3635 2047 3673 names
2063 3621 2204 3689 quod
2225 3630 2446 3690 propter

1396 3705 1536 3760 haur
1566 3723 1672 3762 non
1699 3707 1829 3763 fecit
1866 3723 1968 3764 nec
2012 3718 2235 3778 propter
2278 3710 2441 3764 aliam

1391 3811 1618 3852 causam
1663 3815 1828 3868 quam
1869 3800 1993 3870 quis
2017 3799 2107 3869 jus
2131 3815 2287 3857 suum
2315 3815 2442 3872 per-

1393 3894 1735 3954 sequeretur.

1439 4361 1517 4418 De
1547 4378 1606 4417 eo
1631 4363 1720 4432 qui
1751 4363 2021 4439 Templum
2065 4376 2157 4420 aut
2185 4379 2394 4421 domum

1796 4436 2030 4504 fregerit.

1468 4521 1536 4576 Et
1575 4522 1620 4576 si
1663 4525 1784 4592 quis
1828 4523 2127 4593 appellatus
2168 4526 2331 4582 fuerit
2372 4530 2440 4584 de

1384 4609 1662 4666 fraetione
1702 4611 2017 4667 Monasterii
2045 4624 2138 4669 aut
2167 4615 2436 4684 Cubiculi,

1386 4713 1573 4767 neque
1611 4697 1774 4756 fuerit
1805 4710 1963 4755 antea
1997 4701 2216 4758 infamis
2252 4719 2439 4759 enarer

1385 4798 1454 4839 se
1476 4794 1667 4855 purget
1690 4803 1787 4858 per
1816 4802 1928 4842 xui
1960 4787 2162 4860 legales
2187 4790 2438 4847 homines

275 4854 358 4908 dit
390 4871 485 4926 per
510 4873 608 4911 xu.
635 4857 788 4931 leals]
814 4861 991 4916 homes
1027 4878 1210 4943 names
1240 4866 1317 4922 sei
1381 4854 1591 4930 names,
1612 4891 1670 4933 se
1691 4854 2042 4935 iduodecimi
2071 4897 2254 4948 manu,
2301 4891 2357 4935 et
2391 4883 2437 4937 si

274 4944 521 5001 dudzime
535 4949 718 5002 main:
733 4966 760 5003 e
779 4951 863 5005 s’il
883 4953 951 5007 eit
965 4952 1176 5023 altrejée
1191 4955 1312 5028 [al.,

1383 4963 1528 5020 alias
1548 4964 1770 5022 infamia
1793 4975 2013 5024 notatus
2036 4971 2221 5034 fuerit,
2242 4976 2441 5039 purget

3432 282 3578 337 I30!

2526 416 2614 454 xv.
2660 398 2863 456 solidos
2895 396 3194 453 solidorum
3237 393 3564 466 Anglicanu-

2525 506 2666 555 rum,
2695 490 2798 546 hoc
2824 495 2915 544 est
2935 487 3294 557 quadraginta
3323 485 3570 540 denario-

2521 593 2664 634 rum.
2679 579 2784 633 Pro
2805 577 2965 647 longo
2987 576 3174 647 digito,
3195 591 3306 629 XVI.
3330 574 3562 628 solidos:

2522 685 2622 740 pro
2639 669 2810 724 altero
2825 668 2918 737 qui
2934 675 3114 736 portat
3130 659 3409 728 annulum,
3427 677 3562 715 xvu.

2527 759 2729 814 solidos
2770 775 2784 812 :
2822 771 2922 827 pro
2977 755 3143 824 digito
3200 752 3459 816 minimo,
3506 765 3562 803 ν.

2526 847 2728 904 solidos
2759 838 2873 902 :Vde
2915 860 3093 915 ungue
3138 845 3184 898 si
3215 833 3562 912 praecidatur,

2525 937 2592 992 de
2632 936 2871 1008 quolibet
2921 951 2973 989 ν.
3028 935 3228 989 solidos
3269 933 3563 987 solidorum

2523 1026 2945 1096 Anglicanorum
2981 1042 2995 1077 :
3033 1009 3228 1092 etp-pro
3258 1036 3435 1094 ungue
3466 1023 3567 1077 mi-

2524 1117 2656 1171 nimi
2686 1117 2860 1187 digiti,
2895 1131 2966 1170 IV.
2999 1115 3254 1171 denarios

2973 1271 3110 1329 XIV.

2598 1403 2698 1470 Qui
2727 1419 2984 1474 sponsam
3017 1404 3240 1459 alterius
3271 1405 3559 1469 vitiaverit.

2527 1493 2793 1549 forisfaeit
2821 1511 3024 1550 weram
3051 1511 3203 1550 suam
3228 1510 3352 1566 erga
3379 1497 3551 1550 Domi-

2523 1601 2653 1643 num
2685 1602 2865 1642 suum.

2993 1747 3109 1802 XV.

2592 1860 2852 1916 Similiter
2896 1861 2988 1930 qui
3044 1860 3241 1915 falsum
3299 1858 3562 1927 judicium

2521 1951 2728 2016 fecerit,
2777 1968 2978 2007 weram
3020 1967 3171 2006 suam
3217 1951 3416 2020 perdit,
3455 1948 3562 2019 nisi

2518 2049 2782 2120 praistitio
2809 2065 2969 2118 super
3000 2059 3190 2104 sancta
3218 2054 3564 2101 sacramento

2507 2142 2754 2210 probare
2791 2144 2981 2211 possit,
3014 2157 3074 2198 se
3102 2141 3298 2196 melius
3320 2137 3568 2208 judicare
3657 2173 3662 2177 -

2522 2244 2631 2283 non
2663 2230 2852 2286 scisse.

2973 2465 3018 2520 Χ
3030 2467 3109 2521 VI.

2593 2617 2650 2673 Si
2690 2621 2810 2687 quis
2836 2621 3066 2674 alterum
3105 2620 3335 2690 appellet
3359 2623 3425 2678 de
3459 2621 3567 2679 La-

2525 2709 2775 2774 trocinio,
2823 2719 2878 2766 et
2926 2712 2971 2766 is
3010 2713 3082 2766 sit
3130 2713 3265 2768 liber
3295 2717 3474 2780 homo,
3506 2725 3561 2770 et

2521 2798 2814 2869 aliquando
2870 2801 3124 2857 habuerit
3180 2819 3363 2858 verum
3414 2808 3564 2861 testi-

2522 2889 2764 2943 monium
2784 2954 2786 2956 τ
2810 2891 2876 2945 de
2913 2891 3207 2960 Iegalitate,
3237 2896 3561 2951 excondicet

2521 2969 2560 3048 (i
2598 2979 2885 3050 excusabit)
2917 2996 2976 3036 se
3000 2996 3096 3052 per
3125 2982 3343 3052 planum
3377 2999 3562 3040 sacra-

2522 3075 2900 3122 mentutn':et
2952 3071 3045 3138 qui
3089 3070 3384 3126 infamatus
3436 3082 3562 3129 ante

2519 3153 2703 3220 fuerit,
2750 3171 2847 3226 per
2880 3171 3280 3214 sacramentum
3321 3161 3564 3215 nomina-

2520 3250 2634 3298 tum
2666 3262 2680 3298 :
2709 3246 2958 3300 videlicet
2985 3260 3050 3299 ex
3094 3246 3242 3299 curia
3277 3247 3556 3303 hominum

2518 3332 2772 3403 legalium
2823 3335 3056 3404 parium,
3110 3334 3155 3390 si
3207 3349 3299 3389 eos
3359 3335 3562 3392 habere

2519 3425 2774 3494 potuerit,
2798 3425 3145 3490 excondicet;
3176 3440 3269 3480 seu
3300 3426 3557 3495 purgabit

2517 3530 2578 3570 se
2638 3517 2955 3572 duodecima
3013 3532 3176 3570 manu
3225 3525 3330 3570 :et
3376 3517 3420 3570 si
3465 3531 3562 3573 eos

2519 3604 2719 3660 habere
2762 3620 2866 3660 non
2906 3603 3162 3673 potuerit,
3204 3603 3457 3659 defendet
3501 3618 3562 3658 se

2516 3716 2613 3771 per
2634 3698 2896 3767 judicium
2929 3698 3023 3768 (ita
3048 3698 3412 3768 purgationem
3438 3697 3558 3750 rul-

2515 3808 2694 3864 garem
2723 3789 2915 3860 vocat),
2945 3799 3001 3844 et
3031 3789 3310 3859 appellans
3350 3787 3562 3858 jurabit

2417 3913 2420 3916 η
2516 3894 2681 3950 super
2702 3894 2762 3934 se
2791 3886 2847 3933 et
2882 3886 3088 3947 septem
3112 3877 3360 3931 homines
3385 3873 3558 3930 nomi-

2516 3979 2696 4033 natos,
2727 3967 2866 4037 quod
2892 3967 3110 4036 propter
3140 3964 3342 4018 nullum
3372 3965 3556 4019 odium

2517 4062 2568 4116 id
2593 4060 2811 4123 fecerit;
2841 4074 2940 4112 nec
2964 4065 3182 4126 propter
3204 4055 3366 4108 ullam
3387 4054 3553 4111 aliam

2515 4160 2735 4200 causam
2774 4159 2935 4214 quam
2968 4152 3023 4196 ut
3057 4143 3146 4212 jus
3173 4157 3328 4195 suum
3372 4153 3554 4210 perse-

2521 4245 2794 4304 queretur.

2945 4367 3106 4422 XVII.

2584 4525 2641 4581 Si
2666 4525 2787 4596 quis
2817 4523 3120 4594 appellatus
3149 4521 3312 4576 fuerit
3339 4521 3406 4574 de
3438 4519 3553 4574 Mo-

2510 4617 2737 4672 nasterii
2776 4616 2862 4670 vel
2903 4613 3160 4669 Ecclesia:
3201 4608 3550 4673 infractione,

2510 4707 2596 4761 vel
2620 4720 2873 4771 camerae,
2902 4713 2956 4760 et
2984 4719 3159 4774 neque
3199 4711 3358 4756 antea
3390 4699 3558 4755 fuerit

2510 4793 2826 4858 infamatus,
2871 4793 3193 4848 excondicet
3225 4803 3322 4842 seu
3359 4796 3555 4857 purget

2511 4900 2570 4941 se
2600 4900 2698 4956 per
2730 4899 2828 4940 xu.
2861 4883 3112 4940 homines
3150 4878 3354 4952 legales
3391 4879 3566 4932 nomii-
3645 4909 3647 4913 ι

2511 4987 2695 5040 natos,
2738 4973 3163 5032 sevduodecima
3201 4983 3385 5026 manu.
3428 4967 3498 5021 Et
3523 4969 3571 5023 si

275 5034 536 5109 altrefiée]
567 5039 710 5091 ested
740 5041 962 5110 blamed,
1001 5043 1108 5097 s‘en
1137 5062 1314 5102 escott-
1390 5061 1500 5102 sea
1521 5057 1624 5104 tres
1647 5053 1834 5116 dulles,
1853 5051 2102 5110 videlicet
2125 5071 2223 5126 per
2244 5034 2435 5110 min.
2520 5034 2814 5138 aliquando
2848 5064 3146 5125 infamatus
3171 5060 3355 5126 fuerit,
3376 5069 3578 5130 purget

278 5129 393 5154 J.’..l
425 5129 502 5154 Γ..Ι

596 5145 748 5154 ΑΑΑΑ..
