4040 5314
500 195 638 256 I503

502 307 578 363 alt
606 303 820 393 al‘euoe
846 318 864 356 :
893 302 932 356 li
965 303 1315 372 Archevesque
1341 300 1463 372 [al.,
1487 307 1543 354 et

505 396 545 452 Ii
575 389 976 461 A‘rchevesque)
1012 407 1164 446 avera
1193 391 1256 445 de
1283 389 1544 460 [orfature

505 501 595 542 ιι..
649 483 754 539 sols
805 499 870 538 en
921 479 1308 546 Merchenelae,
1373 479 1402 533 ὸ
1466 478 1545 533 lui

502 577 743 636 Eveslres
766 573 885 650 [al.,
909 574 944 633 1i
973 573 1230 646 Eveskes]
1255 590 1346 627 xx.
1371 571 1496 636 sols,
1518 588 1546 626 α

505 665 545 720 li
568 666 748 731 Quen:
773 681 861 719 xx.
878 663 1003 730 sols,
1023 664 1108 718 eli
1128 664 1307 719 Baron
1330 681 1384 719 x.
1407 663 1541 727 sols,

502 746 532 809 δ
559 748 598 808 li
634 748 808 804 Vilain
834 766 922 806 XL.
945 750 1151 804 deniers
1180 748 1301 825 [al.,
1341 749 1541 826 denir].

929 924 1108 984 XVIII.

575 1095 757 1152 Fratre
796 1096 946 1151 home
979 1098 1070 1166 qui
1099 1098 1168 1150 ad
1201 1113 1322 1151 aver
1362 1097 1541 1150 cham-

505 1193 677 1256 pester
702 1193 867 1238 tre-nte
894 1184 1101 1238 deniers
1145 1184 1406 1247 vailaunt,
1435 1184 1538 1236 deit

504 1275 670 1328 doner
705 1274 751 1330 le
777 1275 938 1329 dener
961 1277 1102 1328 saint
1130 1274 1282 1329 Pere.
1314 1273 1387 1327 Le
1415 1273 1541 1328 Sei-

504 1377 643 1431 gnur
673 1379 773 1431 pur
798 1377 872 1416 tv.
897 1364 1014 1415 den.
1043 1379 1141 1432 que
1171 1361 1209 1416 il
1237 1363 1464 1426 dourad,
1495 1361 1540 1416 si

504 1458 658 1503 erunt
677 1451 844 1520 quites
863 1467 942 1504 ses
955 1449 1224 1512 Bordiers,
1240 1465 1356 1503 eses
1367 1449 1542 1503 Boner

504 1557 626 1602 eses
657 1541 893 1597 Serianz.
926 1543 988 1597 Li
1015 1544 1237 1614 Burgeis
1266 1544 1356 1614 qui
1383 1543 1451 1596 ad
1479 1559 1544 1598 en

506 1647 637 1684 sonn
657 1647 844 1700 propre
881 1632 1050 1686 chatel
1076 1633 1215 1686 demi
1246 1649 1391 1686 mare
1429 1634 1542 1688 vai-

504 1719 557 1778 la
565 1719 745 1784 nt,deit
757 1720 916 1775 dener
927 1723 1056 1775 seint
1072 1720 1204 1775 Pere
1217 1719 1309 1794 [αι.
1322 1722 1547 1788 ,donner

509 1806 561 1861 Ie
583 1807 752 1864 dener
778 1808 837 1864 S.
875 1809 1055 1881 Pere].
1104 1809 1207 1876 Qui
1231 1827 1293 1864 en
1316 1810 1547 1864 Denatae

507 1891 688 1951 Frena
733 1897 882 1951 home
927 1908 1032 1963 est;
1083 1914 1110 1952 e
1137 1898 1176 1951 il
1213 1915 1367 1952 avera
1411 1898 1548 1952 demi

506 2003 652 2043 mare
705 2004 768 2044 en
815 2000 997 2059 argent
1049 1991 1245 2045 vailaut
1298 1991 1362 2044 de
1426 2007 1547 2044 aver

505 2077 844 2148 champestre,
860 2080 906 2132 si
917 2081 1110 2134 deuera
1132 2081 1296 2134 doner
1312 2080 1542 2135 lndinier

505 2164 652 2226 Seint
667 2167 797 2222 Pere
813 2168 906 2240 [αι.
919 2209 935 2234 ,
954 2170 1122 2224 durad
1139 2169 1366 2226 danerle
1378 2171 1545 2226 dener

507 2256 651 2310 saint
690 2255 871 2328 Pere].
911 2257 957 2310 E
981 2277 1072 2328 per
1112 2260 1160 2313 le
1198 2262 1352 2314 dener
1393 2262 1481 2328 qui
1504 2259 1542 2311 li

505 2343 734 2415 Seignur
782 2347 990 2411 durrat,
1038 2348 1085 2400 si
1147 2357 1287 2401 erent
1347 2349 1540 2417 quietes

504 2434 642 2492 ceals
669 2436 760 2503 qui
789 2437 1012 2492 meinent
1038 2453 1101 2492 en
1144 2453 1238 2494 son
1275 2437 1544 2494 dentainer

507 2521 628 2601 [al.,
660 2524 924 2601 demaiu].

958 2699 1099 2757 XIX.

577 2870 647 2924 Kl
667 2871 867 2940 purgist
897 2871 1082 2940 femme
1109 2889 1200 2940 per
1235 2873 1401 2942 forze,
1434 2871 1540 2942 for-

505 2959 603 3036 {ait
668 2962 736 3013 ad
791 2959 865 3016 les
923 2963 1193 3015 memores.
1265 2962 1333 3017 Ki
1391 2963 1540 3015 abate

503 3051 691 3125 femme
727 3067 760 3104 a
789 3059 944 3117 terre,
981 3069 1082 3120 pur
1106 3052 1240 3121 faire
1277 3053 1352 3106 lui
1377 3053 1537 3121 force,

504 3141 557 3198 la
590 3141 749 3196 multa
778 3141 832 3195 al
857 3141 1085 3211 Seignur
1113 3159 1166 3196 Χ.
1191 3143 1324 3198 sols.
1357 3142 1453 3196 S‘il
1488 3142 1540 3196 la

505 3230 767 3304 ourgiste,
798 3228 982 3302 [arfait
1009 3240 1081 3285 est
1106 3230 1170 3284 de
1193 3231 1465 3290 membrcs.

968 3556 1084 3615 XX.

581 3742 653 3795 Ki
683 3753 857 3797 renent
884 3743 930 3798 le
950 3744 1108 3799 dener
1143 3745 1290 3801 Seint
1318 3744 1470 3812 Pere,
1495 3763 1544 3801 σε

505 3837 664 3896 dener
689 3839 914 3906 prendra
960 3838 1079 3911 [al.,
1109 3840 1331 3912 rendra]
1354 3856 1446 3910 per
1488 3840 1541 3894 la

496 3925 692 4001 justice
720 3924 784 3979 de
807 3925 938 3982 seint
965 3926 1160 3997 Eglise,
1200 3928 1228 3981 ὲ
1255 3943 1386 3981 xxx.
1417 3927 1536 3980 dan.

504 4014 709 4090 {or/"ait.
741 4015 791 4068 E
833 4031 888 4070 se
911 4015 950 4069 il
978 4033 1041 4070 en
1087 4027 1162 4070 est
1189 4017 1364 4085 plaide
1392 4016 1456 4070 de
1486 4016 1538 4070 la

496 4103 687 4180 justise
706 4103 752 4159 le
777 4103 893 4171 Rei,
930 4105 979 4159 le
1001 4106 1184 4175 forfait
1208 4108 1240 4159 ὰ
1267 4105 1538 4177 l’Evesque

505 4207 640 4254 xxx.
662 4194 783 4249 den.
809 4210 837 4253 e
862 4193 915 4252 al
936 4193 1034 4252 Rei
1053 4210 1141 4256 xc.
1169 4195 1300 4255 solz.

944 4466 1085 4523 XXI.

575 4619 635 4676 Si
655 4623 872 4692 elquuns
914 4640 1058 4679 creve
1080 4623 1191 4678 l‘oil
1214 4625 1268 4678 al
1297 4628 1428 4680 ultre
1449 4641 1541 4693 per

502 4720 746 4765 auenture
775 4713 994 4783 quelque
1033 4715 1150 4780 seit,
1179 4715 1224 4769 si
1250 4716 1540 4770 amendrad

500 4814 630 4859 xxx.
656 4799 767 4852 solz
793 4802 875 4856 del
918 4802 1030 4857 solz
1056 4802 1300 4872 Engleis.
1331 4804 1375 4857 E
1401 4806 1448 4858 si
1489 4805 1542 4858 la

506 4886 714 4956 patruele
755 4885 879 4958 [al.,
909 4889 1174 4960 purnelle]
1218 4891 1236 4942 i
1280 4901 1354 4944 est
1389 4892 1543 4946 remis

505 4974 627 5052 [al.,
644 4975 866 5046 remes],
888 4978 934 5030 si
958 4994 1020 5032 ne
1049 4979 1237 5034 rendra
1265 4981 1340 5038 tui
1365 4995 1464 5054 que
1489 4980 1542 5033 la

504 5065 678 5126 meite.

941 5234 1101 5293 XXII.

1698 182 2034 240 WILLELRII
2074 138 2604 245 utﬁoues’ioms

1616 299 1669 352 in
1704 295 2020 351 Merciorum
2055 294 2217 364 Lege,
2255 301 2312 348 et
2351 292 2644 362 Episc0pus

1615 402 1707 440 xx.
1738 386 1954 453 solidos,
1988 394 2044 440 et
2075 385 2268 439 Comes
2294 398 2385 436 xx.
2427 378 2639 456 solidos,

1616 483 1670 530 et
1707 474 1847 528 Baro
1875 489 1929 528 x.
1959 472 2180 538 solidos,
2207 479 2261 526 et
2286 467 2528 524 Villanus
2553 482 2639 524 xc.

1614 565 1887 627 denarios.

2045 837 2226 896 XVIII.

1612 934 1689 990 De
1708 933 1950 989 Denariis
1973 930 2143 985 sancti
2171 927 2337 992 Petri,
2361 942 2451 980 seu
2481 923 2649 980 Vecti-

1925 1001 2031 1070 gali
2069 997 2328 1052 Romano.

1680 1093 1843 1147 Liber
1867 1091 2026 1146 homo
2049 1089 2141 1158 qui
2182 1089 2434 1142 habuerit
2463 1083 2645 1139 averia

1610 1181 1930 1252 campestria
1946 1195 2050 1234 xxx
2065 1178 2297 1234 denariis
2309 1173 2643 1243 mstimanda,

1613 1274 1763 1328 dabit
1809 1271 2089 1326 denarium
2120 1269 2288 1322 sancti
2329 1265 2493 1319 Petri.
2543 1264 2648 1318 Pro

1612 1377 1688 1418 ιν.
1715 1360 1951 1415 denariis
1987 1373 2121 1426 quos
2158 1355 2432 1412 donaverit
2461 1353 2647 1408 Domi-

1614 1467 1735 1517 nus,
1773 1448 1940 1518 quieti
1968 1456 2130 1503 erunt
2169 1444 2414 1500 Bordarii
2453 1442 2569 1511 ejus
2593 1449 2648 1498 et

1615 1542 1732 1612 ejus
1788 1539 1994 1604 Bauer,
2047 1547 2102 1592 et
2149 1535 2266 1604 ejus
2320 1535 2643 1590 Servientes.

1615 1630 1899 1701 Burgensis
1929 1628 2018 1698 qui
2064 1627 2129 1680 de
2157 1625 2389 1696 propriis
2431 1623 2649 1679 Catallis

1617 1724 1780 1786 habet
1810 1723 1860 1776 id
1883 1721 2028 1790 quod
2055 1719 2273 1773 dimidia
2299 1715 2480 1772 Marca
2506 1716 2650 1770 msti-

1616 1812 1870 1865 inandum
1897 1817 1996 1870 est,
2049 1807 2139 1860 det
2175 1805 2456 1860 denarium
2483 1804 2651 1858 sancti

1621 1897 1791 1954 Petri.
1819 1897 1922 1964 Qui
1959 1897 2010 1950 in
2057 1893 2198 1966 Lege
2251 1892 2520 1946 Danorum
2570 1898 2653 1944 est

1617 1989 1757 2044 liber
1779 1989 1962 2052 homo,
1994 1996 2049 2040 et
2087 1985 2248 2039 habet
2275 1981 2452 2036 averia
2503 1995 2652 2035 cam-

1614 2079 1818 2150 pestria
1873 2093 1991 2147 qua:
2061 2075 2282 2129 dimidia
2357 2086 2542 2126 marca
2595 2070 2650 2123 in

1615 2179 1841 2242 argento
1892 2167 2252 2226 aestimantur,
2314 2162 2475 2216 debet
2524 2160 2653 2214 dare

1616 2260 1900 2314 denarium
1924 2265 2112 2312 sancto
2141 2254 2320 2309 Petro.
2350 2251 2416 2306 Et
2443 2265 2539 2319 per
2561 2249 2650 2302 de-

1615 2351 1830 2402 narium
1855 2361 2013 2415 quem
2059 2341 2340 2399 donaverit
2373 2340 2648 2400 Dominus,

1613 2449 1774 2494 erunt
1797 2437 1972 2507 quieti
2022 2435 2058 2489 ii
2085 2434 2178 2505 qui
2205 2431 2446 2488 resident
2478 2429 2531 2484 in
2555 2441 2653 2484 suo

1613 2530 1914 2587 Dominico.

2060 2612 2203 2667 XIX.

1608 2719 1688 2777 De
1721 2715 1947 2774 Mulisre
1969 2718 2014 2770 vi
2043 2730 2338 2783 compressa
2365 2721 2412 2767 et
2445 2712 2649 2778 pudici-

1821 2791 1895 2842 tia
1913 2786 2197 2842 luctamine
2224 2791 2439 2837 tentata.

1681 2875 1784 2942 Qui
1861 2874 2144 2931 fmminam
2192 2873 2246 2926 vi
2301 2869 2652 2940 oppresserit,

1615 2959 1878 3016 forisl’acit
1933 2960 2181 3016 membra
2220 2973 2340 3012 sua.
2383 2958 2486 3024 Qui
2532 2973 2657 3028 pro-

1614 3050 1868 3106 straverit
1896 3049 2178 3105 fmminam
2202 3047 2269 3100 ad
2300 3055 2496 3100 terram
2526 3055 2581 3102 et
2606 3046 2654 3102 ei

1614 3143 1719 3196 vim
1749 3141 1967 3206 inferat,
1996 3141 2165 3196 multa
2188 3136 2303 3205 ejus
2328 3139 2554 3193 Domino
2575 3145 2653 3192 est

1613 3245 1667 3282 χ.
1687 3228 1865 3282 solidi.
1887 3226 1944 3282 Si
1964 3242 2093 3281 vero
2110 3239 2236 3281 eam
2249 3222 2654 3294 compresserit,

1613 3313 1896 3372 forisl‘acit.
1928 3315 2192 3370 membra.

2073 3487 2191 3543 XX.

1615 3577 1694 3633 De
1738 3579 1802 3632 iis
1823 3581 1912 3647 qui
1941 3579 2158 3647 uectigal
2205 3578 2514 3633 Romanum
2564 3591 2657 3632 seu

1758 3650 1931 3703 sancti
1958 3648 2102 3702 Petri
2123 3664 2224 3701 non
2253 3651 2504 3718 pendunt.

1685 3739 1786 3806 Qui
1833 3740 2110 3810 negaverit
2150 3739 2429 3794 denarium
2474 3735 2658 3793 szmcti

1611 3834 1780 3899 Petri,
1816 3848 1938 3888 eum
1985 3833 2186 3901 pendat
2235 3847 2333 3901 per
2378 3831 2659 3900 justitiam

1614 3931 1813 3976 sancta:
1855 3919 2106 3975 Ecclesiae
2133 3927 2190 3973 et
2225 3934 2354 3975 xxx.
2397 3917 2659 3974 denarios

1611 4010 1995 4066 forisfacturre.
2041 4010 2110 4064 Et
2164 4010 2208 4063 si
2259 4011 2324 4064 de
2351 4023 2418 4064 ea
2458 4024 2518 4064 re
2573 4015 2658 4062 est

1611 4103 1958 4174 implicitatus
2009 4119 2108 4172 per
2146 4102 2412 4171 justitiam
2455 4101 2534 4156 Re
2551 4101 2656 4171 gis,

1609 4193 1909 4248 forist‘aciat
1935 4193 2198 4262 Episcopo
2220 4207 2347 4251 xxx.
2372 4190 2654 4256 denarios,

1610 4292 1666 4340 et
1693 4283 1823 4353 Regi
1851 4297 1919 4338 ιι.
1940 4282 2160 4338 solidos.

2059 4454 2201 4512 XXI.

1870 4553 1947 4606 De
1975 4552 2141 4607 Oculo
2171 4551 2379 4620 effosso.

1688 4637 1744 4692 9i
1781 4639 1900 4709 quis
1951 4640 2108 4694 alteri
2155 4638 2369 4693 ocqum
2403 4637 2671 4694 eﬂ'oderit'.

1614 4724 1910 4780 infortunio
1975 4738 2332 4794 quocunque,
2399 4723 2670 4776 emendet:

1613 4829 1715 4869 ιιι
1743 4815 1928 4869 solidis
1976 4813 2273 4868 solidorum
2321 4811 2668 4882 Anglican0-~

1613 4926 1752 4964 rum.
1785 4912 1853 4966 Et
1874 4911 1918 4965 si
1949 4910 2000 4963 la
2043 4909 2253 4978 puruele
2302 4908 2670 4972 restituatur,.

1613 5001 1894 5060 dimidium
1931 5002 2198 5060 duntaxat
2226 5000 2499 5056 reddatur.

2043 5173 2208 5228 XXII.

1609 5258 1688 5314 De
1742 5258 1945 5314 Relevt'o
2000 5274 2094 5314 seu
2168 5261 2480 5314 mamma.
2546 5258 2646 5314 Co-
2693 5265 2695 5268 ⁴

2717 285 2866 340 nium
2891 283 3280 348 emendaverit,
3317 291 3408 338 eat
3431 281 3500 336 ad
3529 296 3752 350 aquam.

2713 375 3165 446 Arebiepiscopus
3192 373 3411 429 habebit
3447 373 3514 427 de
3542 372 3759 426 forist‘a-

2715 476 2870 522 ctura
2902 482 2990 520 xL.
3047 466 3246 521 solidos
3308 463 3363 518 in
3423 462 3755 517 Merciorum

2715 554 2848 625 lege,
2883 563 2938 610 et
2979 553 3276 623 Episcopus
3301 567 3395 606 xx.
3426 550 3655 612 solidos,
3701 558 3759 602 et

2714 643 2908 701 Comes
2962 661 3055 701 xx.
3104 643 3330 708 solidos,
3395 650 3451 694 et
3499 639 3644 694 Baro
3697 654 3753 692 x.

2714 737 2933 803 solidos,
2952 747 3008 791 et
3028 734 3268 791 Villanus
3291 748 3380 788 ιι..
3398 730 3681 788 denarios.

3140 903 3304 962 XVIII

2785 1080 2947 1138 Liber
2965 1081 3128 1136 homo
3155 1080 3245 1149 qui
3268 1079 3519 1134 habuerit
3544 1078 3599 1132 in
3629 1092 3758 1132 ave-

2717 1175 2818 1232 riis
2872 1174 3264 1244 campestribus
3312 1174 3543 1242 trigenta
3591 1171 3759 1225 dena-

2721 1267 2850 1328 rios,
2878 1263 3036 1318 debet
3073 1264 3201 1317 dare
3247 1262 3527 1316 denarium
3579 1260 3759 1313 sancti

2717 1355 2884 1410 Petri.
2912 1353 3017 1408 Pro
3060 1368 3132 1407 tv.
3161 1351 3397 1406 denariis
3435 1364 3578 1420 quos
3607 1349 3761 1402 dabit

2716 1446 3004 1507 Dominus,
3068 1443 3236 1513 quieti
3287 1451 3444 1495 erunt
3503 1438 3756 1494 Bordarii

2717 1535 2856 1602 ejus,
2885 1543 2940 1588 et
2970 1531 3086 1600 ejus
3112 1531 3380 1593 bonnarii,
3412 1540 3467 1583 et
3497 1528 3616 1596 ejus
3639 1543 3758 1581 ser-

2717 1623 2943 1678 vientes.
2995 1620 3287 1690 Burgensis
3331 1619 3422 1688 qui
3473 1618 3760 1672 dimidiam

2720 1730 2960 1772 marcam
2986 1717 3148 1769 nabet
3175 1712 3227 1767 in
3256 1710 3491 1782 prepriis
3520 1709 3758 1771 catallis,

2721 1807 2880 1862 debet
2906 1805 3033 1860 dare
3071 1802 3350 1858 denarium
3383 1800 3558 1854 saneti
3591 1798 3760 1852 Petri.

2723 1899 2826 1966 Qui
2881 1899 2936 1952 in
2983 1895 3099 1965 lege
3145 1895 3417 1948 Danorum
3474 1899 3558 1944 est
3625 1888 3765 1942 liber

2726 1989 2885 2044 homo
2911 1993 2967 2040 et
3008 1982 3173 2037 habet
3217 1979 3397 2034 averia
3434 1976 3763 2046 campestria

2721 2076 2922 2131 valoris
2953 2071 3186 2127 dimidiae
3210 2084 3404 2122 marcus
3429 2067 3482 2120 in
3511 2076 3762 2133 ai’gt‘lllo,

2722 2161 3076 2221 daredebebit
3095 2159 3373 2216 denarium
3388 2156 3561 2210 sancti
3593 2153 3761 2204 Petri.

2723 2257 2790 2312 Et
2817 2269 2915 2326 per
2958 2251 3239 2307 denarium
3284 2260 3441 2317 quem
3503 2243 3766 2298 Dominus

2723 2341 3019 2406 donaverit,
3038 2337 3210 2409 quieti
3236 2346 3394 2390 erunt
3419 2335 3452 2388 ii
3485 2333 3578 2403 qui
3608 2346 3760 2385 man‘

2725 2447 2854 2495 nent
2880 2436 2934 2492 in
2960 2447 3058 2490 suo
3087 2430 3376 2487 dominico.

3166 2685 3310 2744 XIX.

2797 2864 2899 2933 Qui
2944 2861 3217 2920 foeminam
3279 2857 3330 2912 vi
3387 2852 3758 2924 oppresserit,

2733 2954 2994 3013 Iorisfecit
3028 2967 3125 3007 sua
3179 2949 3444 3005 membra.
3495 2944 3599 3010 Qui
3645 2957 3771 3010 pm-

2730 3043 2985 3100 straverit
3015 3040 3290 3097 laminam
3314 3035 3394 3089 ad.
3428 3042 3658 3096 terram,
3711 3041 3768 3081 ut

2729 3136 2840 3190 vim
2872 3133 2929 3207 ei
2953 3131 3168 3196 inferat,
3199 3128 3365 3184 multa
3395 3126 3513 3195 ejus
3541 3121 3773 3176 Domino

2728 3238 2814 3284 est
2853 3245 2908 3284 x.
2939 3226 3138 3282 solidos
3164 3243 3178 3277 :
3209 3224 3255 3278 si
3302 3235 3432 3276 vero
3461 3232 3587 3274 eam
3622 3231 3771 3270 com-

2728 3315 2988 3390 presserit
3045 3309 3356 3368 forisiactus
3383 3314 3470 3363 est
3499 3304 3569 3358 de
3594 3316 3768 3356 mem~

2727 3406 2861 3463 bris.

3174 3549 3304 3612 .XX.

2800 3732 2902 3803 Qui
2937 3725 3280 3800 denegaverit
3307 3719 3598 3777 denarium
3643 3731 3786 3772 san--

2729 3826 2802 3882 cti
2855 3820 3036 3883 Petri,
3099 3813 3287 3870 reddet
3334 3808 3622 3865 denarium
3678 3818 3766 3872 per

2723 3911 2988 3983 justitiam
3015 3913 3215 3961 sancta:
3243 3899 3525 3960 Ecclesiae,
3553 3904 3610 3949 et
3634 3908 3766 3961 pne-

2731 4013 2879 4058 terea
2911 4013 3039 4053 xxx.
3065 3992 3315 4049 denarios
3339 4004 3440 4060 pro
3461 3983 3769 4041 forisl’actu-

2731 4106 2814 4147 ra.
2870 4089 2937 4144 Et
2980 4087 3024 4141 si
3069 4084 3136 4139 de
3189 4095 3250 4136 ea
3294 4094 3354 4133 re
3402 4074 3770 4146 implacitatus

2729 4181 2896 4237 fuerit
2936 4192 3032 4248 per
3076 4170 3344 4242 justitiam
3403 4165 3569 4234 Regis
3617 4161 3771 4214 foris-

2732 4271 2947 4326 factura
2986 4265 3250 4334 Episcopo
3305 4266 3415 4313 erit
3442 4270 3576 4309 xxx.
3605 4252 3769 4306 denso

2735 4364 2870 4429 rios,
2897 4369 2952 4416 et
2984 4357 3117 4427 Regi
3151 4370 3238 4408 χι..
3260 4349 3482 4406 solidos.

3173 4502 3315 4559 XXI.

2804 4647 2870 4704 Si
2911 4644 3034 4715 quis
3059 4638 3214 4695 alteri
3266 4632 3484 4690 oculum
3522 4624 3776 4682 effoderit

2736 4744 3061 4809 quocunque
3089 4741 3236 4789 casu,
3287 4718 3605 4777 emendabit
3651 4728 3775 4809 Lxx.

2738 4796 2925 4882 solidis
2954 4796 3246 4873 solidorum
3298 4796 3776 4878 Anincanorum';

2738 4924 2794 4970 et
2821 4913 2867 4967 si
2896 4906 3096 4979 pupilla
3127 4897 3472 4961 remanserit,
3493 4890 3778 4948 dimidium

2735 5010 2944 5059 tantum
2970 4996 3021 5050 ei
3043 4992 3275 5047 dabitur.

3170 5181 3329 5241 XXII.
