4040 5314
215 186 356 244 1505

217 307 369 377 aﬁert
402 313 518 358 vm.
550 299 745 354 ehiuats
766 296 902 351 selez
928 311 955 350 e
989 294 1254 364 enfreuez,

218 395 293 451 les
323 409 396 449 tv.
449 389 653 451 habers,
681 403 708 441 e
748 401 823 440 tv.
857 386 1080 438 homines
1131 380 1253 452 [al.,

222 485 440 544 baume,
472 488 527 533 ut
557 476 653 546 inf.
677 492 730 529 η.
765 471 883 544 24],
911 489 938 526 e
968 487 1040 525 tv.
1063 470 1252 535 Esens,

221 595 250 632 e
276 573 619 633 tv.Launces,
647 582 770 621 etv.
789 565 974 634 Espes;
1001 561 1074 616 les
1096 559 1254 614 altres

224 681 296 722 tv.
332 663 618 727 Chaceurs,
646 675 674 714 e
700 655 931 726 Palfreis
960 671 993 708 a
1022 653 1181 712 freins
1209 661 1256 706 et

223 769 258 806 a
281 752 582 806 chevestres.

649 883 836 941 XXIII.

295 1029 374 1085 De
401 1026 553 1097 relief
593 1044 624 1080 α
671 1024 1006 1088 Barun,'|v.
1053 1019 1260 1074 Cliivals

229 1122 431 1176 ensetez
449 1118 477 1171 ἑ
503 1115 762 1185 enfrenés,
797 1130 824 1168 e
854 1129 914 1168 ιι.
960 1110 1207 1172 Halbers,
1235 1125 1262 1162 e

230 1225 292 1264 ιι.
348 1207 624 1267 ﬂammes,
670 1220 697 1257 e
753 1217 813 1255 ιι.
865 1197 1062 1261 Escus,
1113 1214 1140 1251 e
1199 1211 1258 1249 ιι.

228 1299 488 1362 Launces,
531 1312 558 1348 e
592 1311 649 1349 ιι.
687 1293 848 1361 Espes
871 1305 890 1343 .'
916 1307 943 1344 e
991 1289 1063 1343 les
1108 1286 1264 1340 altres

230 1403 293 1443 ιι.
349 1403 417 1440 un
467 1384 722 1445 Chaceur,
767 1398 794 1440 e
848 1397 920 1433 un
970 1375 1202 1444 Palefrei
1233 1391 1265 1427 a

231 1478 392 1546 freins
411 1492 438 1530 e
466 1491 498 1529 a
530 1474 830 1528 chevestres.
1127 1487 1129 1489 ί

656 1626 843 1682 XXIV.

307 1765 382 1821 De
410 1762 562 1831 relief
601 1778 634 1816 a
672 1759 940 1816 Vaoasour
970 1775 1002 1810 a
1040 1772 1137 1810 son
1167 1754 1267 1822 lige

230 1862 453 1932 ,Signur,
483 1860 617 1914 deite
653 1855 774 1929 [al.,
804 1853 936 1925 deit]
976 1863 1108 1906 estre
1128 1850 1268 1919 quite

236 1970 327 2024 per
340 1951 386 2006 le
407 1948 580 2006 cltevai
594 1965 686 2004 son
706 1947 849 2017 pcipe
873 1943 993 2017 [al.,
1021 1955 1169 2010 pere,
1193 1939 1268 1992 vet

235 2039 410 2114 peiré]
437 2040 504 2094 te!
531 2037 656 2108 φρει
687 2036 816 2089 aveit
865 2051 896 2086 a
936 2032 1064 2101 jour
1103 2028 1167 2082 de
1209 2045 1270 2081 sa

238 2140 397 2195 mort,
426 2145 452 2182 ε
475 2143 566 2197 per
604 2141 698 2178 son
727 2122 966 2183 Halbert,
997 2135 1024 2172 e
1057 2133 1146 2186 per
1179 2132 1270 2169 son

241 2217 468 2281 Haume,
510 2232 537 2269 e
580 2230 670 2279 per
694 2229 788 2267 son
825 2209 1020 2272 Escud,
1048 2224 1075 2260 e
1102 2223 1191 2273 per
1215 2222 1273 2258 sa

240 2307 436 2370 Lauce,
463 2322 490 2359 e
514 2321 604 2373 per
649 2303 827 2371 s'espe.
855 2299 937 2352 s'il
979 2299 1083 2364 fast
1130 2296 1276 2349 desa-

241 2397 376 2468 peilé
403 2395 522 2466 [al.,
535 2395 668 2447 desa
687 2388 950 2462 pareille],
971 2388 1097 2458 qu‘il
1113 2404 1173 2440 ne
1188 2393 1276 2439 out

244 2503 308 2546 ne
329 2484 507 2541 Citioal
529 2499 593 2539 ue
626 2481 698 2537 les
727 2497 896 2536 armes
920 2495 1012 2550 per
1046 2491 1097 2533 c.
1135 2484 1265 2532 sols.

677 2867 839 2924 XXV.

320 2978 400 3036 De
426 2979 584 3033 eirers
629 2978 774 3032 deins
825 2977 964 3031 aveir
1004 2975 1075 3031 kil
1104 2975 1282 3030 voldra

251 3066 447 3122 clamet
501 3063 724 3132 emblet,
792 3080 820 3118 e
848 3063 886 3117 il
935 3062 1078 3134 volge
1121 3065 1285 3116 douer

250 3176 408 3231 mage
435 3176 463 3214 e
488 3168 657 3213 trover
679 3157 822 3227 plege
862 3173 894 3210 a
938 3155 1145 3225 porsuir
1188 3169 1284 3206 son

255 3249 394 3320 apel,
423 3249 552 3302 dunt
577 3247 615 3300 li
656 3246 906 3302 scuverad
935 3263 966 3299 a
1015 3244 1150 3300 relui
1176 3242 1283 3314 qu‘i

254 3339 485 3393 auverad
513 3337 819 3392 eutremeins
840 3351 1018 3390 uomer
1041 3350 1134 3389 son
1161 3348 1286 3402 gua-

253 3440 375 3484 rant
423 3429 521 3483 s’ul
553 3427 676 3500 [al.,
703 3427 806 3500 s’il]
856 3427 997 3491 l’ad;
1027 3443 1054 3480 e
1098 3424 1180 3479 s‘il
1224 3439 1288 3478 ne

255 3516 363 3571 l‘ad
389 3516 517 3569 dunt
540 3516 788 3569 nomerad
814 3529 908 3567 son
939 3511 1286 3576 Heuvelborh,

255 3609 283 3661 ὲ
307 3624 386 3662 ses
417 3607 750 3670 testimouies,
773 3605 800 3659 ἑ
825 3606 896 3658 ait
924 3604 996 3658 les
1021 3621 1053 3657 a
1076 3605 1172 3674 jur
1205 3603 1233 3655 ὲ
1259 3620 1290 3655 a

256 3705 440 3760 terme,
465 3695 548 3748 s’il
571 3697 643 3747 les
666 3694 754 3757 ad,
783 3711 809 3747 υ
831 3693 913 3748 s’il
934 3693 1006 3746 les
1031 3701 1116 3761 pot
1140 3703 1290 3744 aver:

259 3781 288 3834 ἐ
315 3780 351 3833 li
379 3791 643 3834 euterceur
670 3779 883 3834 liveriad
921 3795 985 3834 en
1029 3794 1196 3848 guage
1219 3777 1293 3833 sei

257 3880 384 3932 siste
409 3877 572 3941 main,
602 3877 627 3930 ὲ
657 3875 695 3930 li
721 3871 853 3929 altre
883 3877 930 3929 le
974 3874 1195 3928 metirad
1228 3889 1293 3926 en

259 3968 314 4023 la
345 3969 486 4022 main
515 3984 610 4022 son
639 3976 856 4041 utarant,
899 3983 926 4019 υ
952 3983 984 4019 a
1023 3982 1118 4020 son
1149 3962 1293 4016 ﬂeu-

259 4058 492 4122 velborh,
535 4056 624 4110 eu
673 4058 746 4109 ait
774 4055 1086 4110 testimonies
1112 4069 1210 4123 que
1253 4051 1292 4102 il

178 4165 181 4167 '
239 4147 530 4204 'l‘aeharad
542 4146 659 4218 [al.,
684 4143 940 4216 acharad]
959 4143 1012 4196 αι
1038 4140 1292 4196 marthied

264 4235 386 4309 [al.,
426 4233 722 4305 marchied]
755 4235 807 4288 in
835 4230 957 4304 [al.,
989 4229 1047 4301 li]
1098 4228 1214 4293 Rei,
1265 4227 1293 4279 ὲ

263 4321 390 4392 qu‘il
411 4339 472 4375 ne
494 4332 568 4376 set
599 4338 693 4376 son
720 4331 1021 4386 warant,en
1053 4317 1170 4390 [al.,
1204 4314 1291 4386 ne]

265 4411 314 4464 le
339 4411 482 4481 plege
510 4411 588 4479 vi!
620 4427 683 4464 ne
705 4419 839 4464 mort
867 4423 886 4461 :
914 4425 1004 4474 eoo
1032 4405 1194 4476 jurad
1228 4404 1294 4458 ad

267 4515 347 4555 ses
394 4501 706 4554 testimomes
743 4516 836 4568 per
857 4499 995 4569 plein
1022 4505 1243 4550 serment
1275 4508 1292 4546 :

268 4591 314 4642 si
343 4591 532 4659 perdra
553 4606 651 4644 son
687 4589 884 4651 Chatel,
923 4590 966 4642 si
1005 4587 1042 4640 il
1068 4589 1297 4640 testimo-

269 4687 411 4740 nient
447 4687 534 4756 qui
569 4685 608 4738 il
636 4684 932 4737 Huvelborlt
955 4695 1136 4752 enpust
1173 4680 1294 4754 [al.,

269 4770 494 4843 enprist]
530 4787 550 4826 :
575 4773 603 4825 ὲ
634 4769 719 4824 s’il
759 4785 821 4822 ne
861 4779 948 4838 pot
1000 4771 1141 4822 aveir
1169 4786 1298 4838 gua-

269 4868 388 4912 rant
432 4875 495 4914 ne
543 4856 852 4922 testimonia,
897 4858 942 4909 si
979 4857 1226 4925 perdrad,
1270 4876 1296 4913 e

269 4969 367 5021 pur
390 4953 603 5008 soldrad
631 4959 746 5020 pert
782 4964 841 5001 sa
878 4965 1036 5004 werre
1063 4966 1171 5003 vers
1202 4968 1295 5006 son

269 5045 540 5116 Seigneur,
572 5060 634 5112 eo
664 5050 739 5094 est
787 5056 850 5093 en
892 5040 1246 5096 Merc/tenelae
1267 5043 1294 5096 ἑ

266 5155 329 5194 en
351 5139 559 5196 Denela:
583 5177 600 5202 ,
639 5135 670 5187 ἐ
715 5149 777 5186 en
808 5132 1293 5195 Vuest-Sexeuelae.

265 5231 348 5288 Ne
373 5231 583 5285 voc/tere
633 5223 740 5276 mie
766 5238 860 5276 son
905 5225 1126 5294 Seignor
1163 5242 1295 5282 war.

1736 177 1862 232 LICG
1872 177 1968 234 Εὖ.

1327 290 1528 361 Regem
1593 293 1827 362 pertinet
1881 279 1994 346 ιιιιῖ
2057 291 2178 361 equi
2236 305 2355 345 cum

1326 383 1473 437 sellis
1530 393 1585 437 et
1637 383 1839 449 frtenis,
1898 398 1970 439 tv.
2027 379 2244 444 Loricaz,
2284 397 2355 434 tv.

1327 477 1511 547 galeas,
1540 485 1594 530 et
1628 491 1698 528 iv.
1727 484 1899 538 scuta,
1929 482 1984 528 et
2018 488 2091 527 tv.
2139 472 2354 533 lancem,

1327 577 1380 622 et
1404 585 1475 622 Iv.
1518 582 1698 631 enses,
1728 575 1782 621 et
1815 566 1932 620 alia:
1981 581 2069 619 res
2114 578 2187 619 tv.
2235 561 2357 630 equi

1329 659 1615 722 venatorii,
1649 669 1701 712 et
1727 656 1985 727 palal‘redi
2028 671 2151 710 cum
2180 651 2361 708 frzenis

1329 768 1384 814 et
1412 757 1678 825 capistris.

1747 830 1929 899 xxiii.

1561 936 1638 990 De
1673 934 1873 987 Relerio
1897 931 2142 985 Baronis.

1402 1027 1478 1080 De
1529 1026 1750 1080 Relevio
1795 1023 2038 1085 Baronis,
2097 1038 2169 1076 tv.
2222 1020 2360 1088 Equi

1334 1129 1454 1170 cum
1486 1114 1630 1170 sellis
1651 1123 1705 1168 et
1734 1113 1915 1167 frtenis
1941 1111 2137 1172 ornati,
2169 1119 2225 1164 et
2249 1108 2358 1162 Lo-

1337 1210 1461 1264 ricte
1487 1225 1544 1262 ιι.
1578 1217 1632 1262 et
1655 1225 1714 1262 ιι.
1746 1207 1998 1262 llammes
2024 1214 2078 1259 et
2108 1203 2271 1259 Scuta
2303 1217 2363 1256 ιι.

1338 1311 1392 1357 et
1439 1316 1499 1354 ιι.
1546 1298 1724 1352 Hasta:
1768 1309 1824 1352 et
1863 1315 1921 1352 ιι.
1968 1297 2158 1361 Enses,
2212 1303 2264 1348 et
2293 1292 2366 1346 les

1337 1393 1496 1446 altres
1539 1407 1598 1446 ιι.
1646 1409 1715 1443 un
1745 1390 1967 1445 cltaceur
1993 1397 2048 1442 et
2077 1402 2212 1442 unus
2246 1384 2366 1439 Pal-

1328 1485 1522 1546 ,l'redus
1553 1501 1674 1540 cum
1700 1485 1866 1540 inuno
1891 1495 1945 1541 et
1965 1483 2222 1554 capistro.

1758 1572 1945 1628 XXIV.

1527 1666 1606 1720 De
1644 1665 1919 1720 Vavasoris
1958 1665 2181 1719 Relevio.

1408 1759 1482 1814 De
1505 1758 1722 1813 Relevio
1764 1758 2051 1813 Vavasoris
2073 1757 2138 1810 ad
2185 1753 2368 1822 ligium

1338 1867 1493 1907 suum
1511 1850 1813 1907 Dominum.
1831 1848 2056 1914 Quietus
2069 1861 2188 1901 esse
2213 1845 2373 1899 debet

1342 1960 1437 2015 per
1465 1958 1661 2012 equum
1687 1958 1781 1995 son
1821 1955 1936 2011 peto
1967 1940 2124 1993 talem
2159 1949 2370 2004 qualem

1339 2035 1586 2088 habuerit
1635 2041 1876 2100 tempore
1925 2029 2113 2082 mortis
2161 2043 2291 2089 sure,
2321 2034 2375 2080 et

1344 2139 1440 2192 per
1490 2124 1739 2178 Loricam
1805 2135 1957 2174 suam
2017 2127 2072 2171 et
2137 2133 2228 2187 per
2285 2132 2377 2169 son

1348 2213 1574 2284 Ilaume,
1615 2224 1668 2268 et
1720 2227 1816 2281 per
1848 2221 2057 2265 scutum
2108 2223 2288 2272 suum,
2326 2214 2380 2260 et

1346 2319 1444 2374 per
1488 2304 1695 2358 hastam
1741 2317 1915 2364 suam,
1963 2309 2017 2352 et
2063 2313 2160 2367 per
2193 2312 2375 2351 ensem

1349 2408 1529 2456 suum,
1559 2400 1612 2444 et
1639 2392 1682 2446 si
1705 2391 1840 2444 adeo
1870 2388 2030 2442 luerit
2057 2386 2278 2440 inermis
2322 2393 2381 2438 ut

1339 2505 1439 2546 nec
1499 2503 1694 2557 equum
1745 2485 1994 2540 habuerit
2051 2499 2154 2538 nec
2205 2497 2377 2546 arma,

1345 2599 1441 2655 per
1471 2592 1683 2638 centum
1714 2581 1932 2636 solidos.

1351 2702 1513 2774 (Adeo
1536 2717 1615 2754 me
1633 2701 1873 2774 mentire
1897 2699 1981 2752 hic
2001 2698 2186 2774 fateor,
2210 2708 2265 2774 ut
2293 2712 2383 2753 nec

1519 2775 1704 2825 lemma
1735 2771 1962 2838 adjicere
1989 2767 2227 2839 possim.)

1789 2858 1954 2914 XXV.

1422 2972 1500 3027 De
1550 2973 1708 3026 eirers
1765 2971 1910 3025 deins
1953 2985 2074 3024 aver
2121 2968 2211 3022 Kil
2262 2968 2389 3022 velit

1355 3063 1705 3124 calumniare,
1760 3059 1963 3124 emblet,
2025 3068 2080 3114 et
2135 3059 2224 3112 ille
2276 3058 2390 3111 vult

1355 3152 1484 3207 dare
1519 3152 1706 3205 vadios
1742 3159 1797 3203 et
1825 3149 2067 3204 invenire
2092 3149 2296 3218 plegios
2321 3150 2387 3203 ad

1355 3239 1787 3312 prosequendum
1853 3239 2122 3307 appellum
2190 3255 2386 3303 suum,

1358 3341 1483 3406 tunc
1505 3330 1798 3385 liscuverad
1843 3329 1915 3381 illi
1937 3330 2076 3398 quod
2103 3330 2141 3382 il
2166 3329 2390 3382 nurerad

1357 3422 1664 3477 entremenis
1690 3435 1867 3473 uomer
1887 3427 2214 3472 warrantum
2235 3432 2390 3470 suum

1359 3512 1405 3568 8i
1438 3527 1560 3567 eum
1587 3509 1855 3572 habuerit,
1891 3515 1946 3561 et
1975 3507 2020 3561 si
2062 3521 2166 3560 non
2199 3504 2392 3559 habue-

1363 3605 1436 3658 rit
1459 3618 1606 3666 eum,
1643 3598 1942 3654 nominabit
1977 3613 2132 3651 suum
2164 3593 2391 3649 IIem-el-

1362 3695 1524 3758 borh,
1547 3701 1601 3746 et
1635 3698 1798 3744 testes
1821 3705 1964 3754 suos,
1989 3697 2043 3742 et
2064 3687 2281 3740 habebit
2303 3700 2396 3740 eos

1363 3784 1430 3838 ad
1463 3783 1626 3846 diem,
1659 3789 1714 3834 et
1764 3779 1831 3832 ad
1883 3777 2169 3832 terminum
2201 3777 2248 3828 si
2300 3788 2395 3830 eos

1364 3875 1560 3930 habeat
1604 3881 1697 3926 aut
1724 3886 1817 3925 eos
1847 3870 2044 3924 habere
2076 3867 2294 3937 poterit,
2343 3874 2397 3921 et

1363 3963 1401 4017 ti
1435 3973 1703 4017 entreceur
1738 3958 1971 4012 liuverad
1999 3959 2052 4012 in
2081 3956 2297 4010 vatlium
2339 3968 2398 4008 se

1364 4061 1517 4107 sexta
1546 4064 1729 4114 manu,
1760 4057 1812 4103 et
1835 4047 1974 4101 alter
2009 4054 2176 4118 ponat
2199 4045 2252 4098 in
2283 4061 2398 4099 ma-

1365 4163 1492 4201 num
1523 4149 1605 4202 sui
1645 4143 1902 4199 Warranti
1928 4162 1954 4200 υ
1983 4162 2014 4198 a
2041 4161 2135 4199 son
2177 4142 2399 4197 Heuual-

1367 4238 1535 4302 borth,
1579 4244 1634 4290 et
1660 4237 1855 4290 habeat
1885 4234 1974 4288 ille
2002 4242 2166 4287 testes
2188 4233 2330 4300 quod
2361 4233 2398 4284 il

1367 4328 1619 4383 lacIrarad
1667 4328 1719 4381 at
1775 4327 2030 4380 martltied
2090 4328 2142 4378 in
2189 4323 2300 4386 Rei,
2346 4331 2403 4376 et

1367 4418 1508 4486 quod
1537 4416 1624 4470 ille
1652 4430 1756 4469 non
1786 4425 1860 4468 set
1888 4427 2042 4468 suum
2071 4419 2399 4465 warrantum

1368 4511 1422 4565 in
1448 4510 1622 4579 plegio
1648 4509 1723 4576 vi!
1741 4525 1803 4562 ne
1845 4518 1978 4560 mort
2008 4522 2100 4558 coo
2119 4503 2283 4574 jurad
2335 4502 2400 4554 od

1370 4609 1532 4654 testes
1558 4614 1685 4654 suos
1720 4614 1813 4667 per
1841 4597 2058 4666 plenum
2083 4595 2402 4649 Sacramen-

1370 4701 1483 4745 tum
1543 4691 1734 4761 perdat
1778 4689 2028 4745 catallum
2071 4703 2226 4742 suum
2274 4687 2319 4739 si
2358 4686 2404 4738 is

1371 4781 1738 4834 testimonium
1769 4780 2050 4849 perhibeat
2091 4779 2232 4850 quod
2262 4776 2406 4830 Heu-

1369 4869 1615 4924 velborth
1643 4880 1846 4938 enpust,
1893 4877 1947 4924 et
1982 4871 2026 4924 si
2073 4886 2178 4925 non
2209 4866 2410 4938 poterit

1368 4961 1573 5015 habere
1628 4972 1958 5013 warrantnm
2023 4975 2126 5014 nec
2192 4964 2408 5019 testem,

1372 5052 1564 5122 perdat
1591 5061 1645 5106 et
1676 5068 1774 5120 pro
1806 5051 2020 5106 soldrad
2049 5052 2242 5123 perdat
2284 5045 2410 5100 We-

1373 5156 1488 5194 ram
1523 5156 1677 5195 suam
1708 5143 1932 5197 Domino
1967 5157 2084 5196 suo.
2120 5140 2233 5194 lIuc
2265 5135 2409 5190 obti-

1371 5243 1465 5288 net
1490 5234 1543 5286 in
1579 5236 1894 5290 Merciorum
1929 5232 2074 5301 jure,
2106 5243 2158 5290 et
2199 5234 2253 5286 in
2307 5227 2412 5281 Da-

3317 183 3453 238 13"6

2432 291 2624 360 negem
2651 295 2902 361 pertinet,
2947 313 3064 353 rm.
3098 299 3226 368 liqui
3259 301 3457 370 Ephip-

2431 383 2560 450 piati
2597 394 2652 436 et
2688 383 2868 438 Iraznis
2895 391 3092 451 ornati,
3124 407 3194 444 tv.
3227 391 3453 459 Loricze,

2431 482 2486 527 et
2516 489 2567 528 ιν
2622 474 2890 537 llamtnes,
2917 487 2968 530 et
3003 495 3074 533 tv.
3099 480 3280 546 Scuta,
3305 492 3358 534 et
3381 498 3454 535 tv.

2433 563 2632 624 Hasta},
2655 573 2708 616 et
2752 579 2824 616 Iv.
2857 564 3045 628 Euses,
3090 568 3162 620 les
3200 569 3353 621 altres
3383 585 3454 621 Iv.

2435 652 2680 705 chaceurs
2710 660 2764 706 et
2791 650 3022 706 Pallredi
3051 671 3169 708 cum
3203 655 3380 710 l‘rmnis
3405 669 3463 713 et

2433 739 2698 809 capistris.

2857 891 3041 950 XXIII.
3502 881 3512 913 ¹

2507 1021 2583 1077 De
2612 1021 2809 1076 releviu
2835 1021 3059 1076 Barouis
3087 1038 3160 1076 ιιι.
3188 1023 3310 1092 equi
3341 1039 3462 1079 cum

2438 1115 2584 1171 sellis
2604 1125 2659 1170 et
2682 1114 2869 1178 frenis,
2897 1122 2952 1168 et
2977 1129 3035 1167 ιι.
3066 1113 3292 1177 Loricae,
3324 1125 3380 1169 et
3408 1131 3466 1169 ιι.

2440 1206 2625 1277 galeae,
2665 1214 2716 1259 et
2744 1221 2803 1260 ιι.
2833 1213 3008 1268 scuta,
3042 1215 3098 1260 et
3143 1222 3203 1259 ιι.
3249 1206 3467 1271 lanceae,

2438 1305 2492 1350 et
2535 1311 2594 1350 ιι.
2633 1308 2830 1349 enses:
2857 1303 2912 1348 et
2941 1309 3002 1347 ιι.
3033 1293 3153 1348 alia:
3189 1309 3296 1359 res,
3327 1309 3465 1348 unus

2438 1397 2607 1454 equus
2642 1384 2978 1447 venatorius,
3032 1391 3084 1438 et
3135 1398 3272 1437 unus
3320 1383 3463 1438 Pala-

2440 1476 2622 1532 fredus
2676 1490 2806 1530 cum
2829 1475 3014 1530 t'raenis
3037 1484 3094 1530 et
3116 1473 3384 1544 capistris.

2858 1624 3046 1681 XXIV.

2513 1763 2588 1816 De
2612 1762 2807 1818 relcvio
2857 1762 3144 1817 Vavasoris
3174 1763 3240 1817 ad
3285 1762 3471 1833 ligium

2441 1867 2596 1908 suum
2625 1855 2925 1919 dominum,
2949 1855 3162 1923 quietus
3183 1869 3300 1908 esse
3323 1855 3482 1910 debet

2442 1960 2538 2013 per
2575 1961 2770 2013 equum
2810 1946 2890 1999 sui
2914 1948 3105 2016 patris,
3153 1946 3309 2000 talem
3342 1961 3480 2015 qua—

2446 2042 2548 2095 lem
2583 2045 2829 2098 habuerit
2861 2055 3098 2114 tempore
3135 2044 3321 2098 mortis
3342 2059 3478 2106 sum,

2451 2144 2503 2189 et
2549 2151 2644 2204 per
2674 2136 2790 2205 ejus
2825 2135 3072 2199 loricam,
3131 2143 3183 2188 et
3221 2149 3314 2203 per
3368 2133 3485 2200 ejus

2450 2226 2676 2296 galeam,
2708 2235 2760 2278 et
2787 2242 2880 2295 per
2903 2227 3018 2292 ejus
3047 2233 3278 2288 scutum,
3306 2231 3359 2277 et
3391 2239 3486 2292 per

2450 2315 2565 2383 ejus
2589 2315 2852 2377 lanceam,
2886 2324 2938 2368 et
2983 2330 3078 2384 per
3105 2313 3222 2382 ejus
3250 2325 3432 2364 ensem
3465 2327 3478 2364 :

2449 2410 2551 2465 nisi
2619 2411 2752 2466 adeo
2811 2409 2970 2465 tulerit
3021 2410 3181 2463 rebus
3233 2406 3483 2461 clunibus

2455 2507 2763 2569 destitutus,
2795 2515 2976 2560 utnec
3009 2503 3256 2558 habuerit
3283 2491 3504 2570 equum:

2456 2596 2538 2652 vel
2557 2612 2702 2651 arma
2733 2611 2826 2667 pro
2849 2604 3067 2650 centum
3100 2593 3301 2648 solidis.

2892 2879 3064 2935 XXV.

2529 2992 2586 3047 Si
2615 2991 2736 3060 quis
2766 2991 2894 3046 velit
2919 2990 3234 3046 calumniari
3281 3003 3371 3044 seu
3406 3002 3492 3042 re-

2459 3089 2641 3150 petere
2688 3080 2866 3132 averia
2898 3095 2992 3132 sua
3022 3080 3164 3135 furto
3213 3079 3492 3145 subrepta,

2457 3173 2511 3217 et
2536 3165 2578 3217 is
2608 3163 2735 3217 velit
2760 3164 2890 3218 dare
2913 3165 3145 3227 radium,
3177 3171 3231 3216 et
3256 3160 3497 3215 invenire

2462 3251 2663 3322 plegios
2683 3251 2749 3305 ad
2774 3251 3204 3320 prosequendum
3230 3247 3497 3317 appellunt

2463 3357 2640 3405 suum,
2675 3350 2802 3394 tunc
2843 3356 3066 3396 necesse
3109 3340 3212 3394 erit
3241 3340 3289 3393 ei
3314 3339 3405 3407 qui
3433 3354 3496 3391 ea

2435 3437 2736 3502 habuerit,
2767 3435 3049 3491 nominare
3089 3449 3242 3487 suum
3283 3446 3497 3485 waran-

2467 3538 2601 3592 tum,
2641 3529 2685 3582 si
2715 3528 2987 3592 habuerit,
3014 3536 3069 3582 et
3093 3527 3138 3581 si
3163 3541 3265 3579 non
3298 3525 3499 3578 habue-

2463 3623 2560 3697 rit,
2625 3631 2752 3676 tunc
2811 3620 3114 3677 nominabit
3149 3632 3304 3673 suum
3357 3615 3501 3669 lieu-

2466 3710 2692 3775 velborh,
2716 3710 2778 3780 (i.
2822 3705 3208 3778 Fidejussores)
3232 3715 3287 3760 et
3315 3713 3500 3767 testes,

2467 3803 2523 3850 et
2577 3811 2670 3852 eos
2728 3795 2946 3851 habebit
3008 3796 3075 3849 ad
3136 3795 3274 3849 diem
3328 3801 3382 3846 et
3434 3790 3504 3844 ad

2471 3887 2779 3951 terminum,
2811 3887 2856 3939 si
2888 3900 2981 3940 eos
3005 3884 3273 3945 habuerit,
3293 3889 3385 3934 aut
3410 3882 3505 3934 ha.

2468 3979 2598 4032 bere
2617 3976 2853 4045 potuerit
2879 3995 2892 4029 :
2921 3984 2977 4029 et
3006 3976 3322 4029 intertrator
3358 3973 3506 4026 dabit

2469 4067 2524 4120 in
2554 4067 2770 4119 vadium
2801 4080 2859 4119 se
2896 4074 3044 4118 sexta
3078 4078 3259 4124 manu,
3292 4071 3346 4114 et
3370 4060 3507 4114 alter

2470 4163 2636 4224 ponet
2676 4155 2726 4207 in
2764 4168 2981 4208 manum
3009 4153 3091 4206 sui
3116 4149 3398 4213 warranti,
3420 4148 3506 4204 vel

2473 4247 2554 4299 sui
2571 4244 2920 4316 Iiettvelborh,
2935 4253 2989 4298 et
3003 4242 3196 4296 habeat
3216 4240 3301 4293 ille
3316 4247 3502 4301 testes,

2473 4319 2952 4400 quod'ea(averia)
2983 4330 3114 4382 emit
3162 4330 3213 4381 in
3274 4324 3510 4377 Mereato

2474 4419 2659 4487 Regis,
2695 4427 2752 4474 et
2775 4420 2917 4487 quod
2943 4432 3048 4470 non
3075 4417 3178 4471 scit
3219 4426 3372 4466 suum
3401 4426 3512 4463 wa-

2474 4515 2713 4569 ranlum,
2754 4499 2856 4560 ne'c
2899 4505 3136 4574 plegium
3186 4503 3364 4554 vivum
3412 4512 3515 4551 nec

2473 4604 2768 4648 mortuum.
2831 4593 2888 4646 Id
2949 4590 3161 4658 jurabit
3213 4601 3334 4641 cum
3406 4585 3518 4639 suis

2477 4686 2702 4739 testibus
2725 4695 2821 4751 per
2849 4682 3067 4751 planum
3093 4683 3516 4737 sacramentum.

2476 4771 2672 4826 Perdet
2702 4782 2834 4822 vero
2864 4783 3020 4824 suum
3060 4765 3342 4825 catallum,
3393 4761 3439 4814 si
3488 4759 3527 4820 ii

2479 4859 2534 4912 in
2581 4856 2896 4912 testimonio
2937 4853 3160 4923 dicunt,
3213 4847 3355 4919 (ιιιοά
3383 4845 3535 4898 Ηοαη

2479 4945 2686 5001 eelborh
2739 4945 2904 5012 cepit.
2955 4941 3023 4997 Et
3079 4948 3129 5002 si
3192 4952 3300 4996 non
3338 4933 3543 5003 poterit

2480 5041 2680 5109 habere
2743 5046 3096 5105 warantum,
3150 5048 3258 5096 nec
3308 5037 3541 5092 testem.

2480 5129 2670 5198 perdet
2696 5133 2752 5180 et
2773 5139 2893 5191 pro.
2919 5166 2934 5179 .
2964 5163 2977 5177 .
3003 5163 3018 5179 .
3049 5165 3063 5180 .
3129 5122 3328 5202 perdet
3345 5130 3545 5169 weram

2483 5236 2639 5274 suam
2690 5232 2820 5285 erga
2849 5233 3007 5273 suum
3059 5217 3383 5278 hominum.
3432 5203 3550 5260 Hoc

3255 5302 3294 5314 n
