4040 5314
551 356 688 411 1507

548 486 636 525 cer
654 471 745 541 qui
778 485 866 526 eeo
906 471 1002 524 soit
1048 469 1112 522 de
1159 485 1219 523 sa
1255 476 1473 521 uurture
1498 481 1588 534 per

549 562 676 615 tr‘eis
687 571 832 631 parts
855 577 950 615 son
970 560 1151 629 vigued
1177 557 1301 630 [al..
1327 554 1582 628 vicined],

550 668 606 706 se
635 651 674 705 il
722 667 848 705 aver
885 652 954 706 ad
993 651 1268 720 deregned.
1323 649 1437 703 Κατ
1471 651 1589 718 puis

555 743 623 798 lci
649 755 869 799 scrment
893 744 932 798 li
954 755 1028 799 est
1041 745 1250 817 jugied,
1284 761 1346 798 ne
1383 744 1484 798 l’en
1502 752 1590 813 pot

551 851 648 903 pas
696 834 812 901 puis
857 833 996 890 ἔθυεν
1030 852 1128 906 ραι·
1167 833 1216 888 lo
1235 835 1502 906 jugement
1528 833 1592 887 de

553 923 600 978 Ε
608 926 877 997 nglelerre.

986 1401 1174 1459 XXVI.

632 1646 706 1701 De
728 1649 940 1702 murdre
955 1648 1139 1718 {reseis
1162 1647 1285 1722 [al.,
1305 1663 1364 1704 se
1388 1647 1491 1723 cis]
1514 1665 1600 1704 oc-

559 1734 674 1797 cist,
713 1735 741 1788 ἑ
765 1733 851 1804 [les
879 1737 1056 1790 ltomes
1106 1737 1191 1791 del
1232 1737 1471 1792 hundred
1517 1738 1601 1794 uel

557 1833 805 1893 prengent
832 1824 860 1877 ἑ
886 1836 1124 1879 amcnent
1148 1819 1179 1879 ιι
1208 1825 1260 1880 la
1278 1826 1474 1896 justice
1504 1827 1600 1882 de-

559 1912 694 1966 dens
731 1913 804 1967 les
830 1917 900 1968 oit
928 1915 1101 1985 jours,
1132 1933 1224 1986 per
1260 1927 1484 1972 mustrer
1500 1936 1602 1988 pur

559 2002 649 2070 qui
705 2002 745 2055 il
808 2003 862 2056 la
917 2005 1048 2074 fait,
1103 2009 1187 2062 sin
1251 2009 1498 2064 remlrout
1552 2009 1600 2066 le
1647 1997 1650 2000 i

561 2090 777 2145 murdre
803 2108 968 2149 XLVII.
1009 2095 1206 2153 Mares.

975 2230 1186 2289 XXVII.

628 2443 688 2500 Si
721 2447 872 2502 [tome
914 2448 1018 2503 volt
1054 2450 1299 2505 derainer
1343 2461 1593 2508 covenant

555 2540 622 2594 de
667 2551 803 2597 terre
845 2560 959 2598 vers
985 2561 1080 2599 son
1117 2545 1357 2617 Seignor,
1406 2566 1500 2618 per
1523 2567 1604 2605 ses

562 2625 694 2682 Pers
743 2631 807 2684 de
837 2631 890 2686 la
935 2642 1116 2688 tenure
1151 2635 1410 2701 meismes,
1445 2639 1536 2706 qui
1568 2638 1607 2692 il

559 2717 804 2782 apelerad
831 2737 865 2772 a
904 2722 1242 2788 testimonies,
1284 2722 1356 2778 les
1379 2726 1605 2780 cuverad

562 2805 955 2881 (conviendra)
1011 2813 1275 2867 derainer.
1339 2813 1455 2867 Και-
1513 2832 1607 2884 per

562 2904 828 2968 estranges
854 2900 936 2954 uel
957 2917 1120 2970 purra
1147 2919 1242 2972 pas
1270 2903 1530 2959 derainer.

980 3030 1197 3087 XXVIII

639 3152 810 3210 Home
851 3157 941 3226 qui
971 3158 1147 3228 plaide
1180 3177 1243 3215 en
1282 3161 1426 3228 Curt,
1457 3180 1489 3216 a
1513 3165 1603 3235 qui

565 3241 694 3296 Curt
721 3247 811 3314 qui
839 3263 900 3300 co
931 3246 1053 3320 [al.,
1081 3250 1298 3323 quicon]
1349 3254 1465 3317 scit,
1493 3253 1605 3323 [ars

564 3331 618 3386 lis
642 3335 708 3388 ait
737 3337 784 3390 le
804 3354 920 3392 cors
951 3339 999 3392 le
1018 3351 1094 3393 est
1115 3343 1210 3394 esti
1241 3340 1340 3413 ιω,
1371 3341 1407 3394 l.
1427 3341 1475 3396 Ia
1507 3342 1604 3398 Rei

567 3424 897 3497 est],éhome
924 3430 962 3483 li
991 3433 1166 3484 mettitl
1183 3449 1274 3485 sur
1293 3435 1418 3502 qu'il
1440 3437 1512 3488 ait
1528 3435 1605 3490 dit

568 3512 737 3576 chose,
769 3518 857 3584 qui
879 3518 916 3567 il
943 3533 1004 3570 ne
1043 3520 1192 3572 vaille
1241 3522 1486 3575 coinistre
1506 3563 1520 3587 ,
1551 3539 1605 3577 se

569 3599 608 3652 il
637 3619 697 3655 ne
720 3615 806 3671 pot
837 3607 1080 3660 derainer
1101 3626 1192 3677 per
1216 3626 1273 3663 ll.
1301 3612 1607 3664 entemlable

567 3688 772 3745 homme
803 3697 887 3747 del
912 3696 1152 3759 plaidant
1177 3709 1223 3751 et
1267 3709 1416 3752 veant
1443 3703 1532 3768 qui
1567 3699 1606 3752 il

572 3796 637 3834 ne
684 3781 856 3838 l‘aura
903 3787 1000 3854 dit,
1046 3790 1316 3844 recavered
1347 3807 1378 3844 a
1411 3809 1470 3845 sa
1514 3808 1612 3861 pa-

573 3869 808 3945 τωομλ
1233 3884 1320 3900 -·

995 4117 1188 4173 XXIX.

648 4247 720 4303 De
745 4249 899 4320 relief
912 4267 944 4304 a
967 4251 1148 4316 vilain,
1168 4252 1216 4306 le
1240 4253 1452 4308 meillur
1468 4255 1612 4310 aueir

571 4337 700 4408 φρει
723 4356 901 4407 avera,
916 4359 943 4394 υ
955 4340 1162 4409 Cltival,
1175 4360 1202 4398 υ
1216 4342 1350 4413 Buf,
1366 4363 1394 4399 υ
1421 4345 1614 4415 Vache,

572 4425 778 4478 donrad
819 4442 851 4478 a
899 4443 994 4481 son
1020 4427 1242 4500 Seignor
1269 4432 1332 4485 (le
1357 4431 1542 4503 Releif.
1567 4439 1618 4490 el

571 4520 689 4586 puis
743 4520 790 4573 si
826 4523 986 4576 serait
1041 4539 1137 4577 eu:
1181 4523 1254 4579 les
1310 4523 1514 4582 Vilains
1551 4545 1613 4583 en

570 4607 720 4680 {ratio
747 4610 912 4683 plege.

1008 4867 1174 4922 XXX.

641 5000 718 5055 De
771 5002 831 5069 iij
889 5004 1139 5068 cltemins,
1167 5022 1227 5070 co
1264 5015 1338 5060 est
1369 5023 1402 5058 a
1423 5023 1610 5072 savetr,

583 5093 1005 5164 Voatlingstrete,
1055 5111 1102 5151 et
1131 5099 1531 5168 Emiiugstrele,
1563 5109 1612 5152 et

575 5186 687 5242 Fas
713 5201 751 5243 ‘:
793 5185 866 5242 Ki
902 5205 965 5244 en
997 5189 1153 5244 alcun
1185 5193 1249 5246 de
1279 5207 1362 5245 ces
1383 5191 1612 5246 chemins

575 5280 712 5314 non?!
774 5281 923 5314 Innmn
965 5281 1050 5314 111ιῖ
1096 5283 1188 5314 ιηῖι
1233 5292 1406 5314 Λεία-ΛΜ,
1446 5298 1538 5314 καὶ*
1572 5282 1616 5314 ,Δ

1625 346 1972 405 WILLELMI
2011 342 2535 424 CONQUESTORIS

1661 465 1838 545 vadio,
1893 474 1949 518 et
1992 479 2058 516 ou
2111 460 2295 516 Danla:
2328 461 2480 513 meite
2507 475 2570 512 en
2594 456 2698 511 vels

1661 555 1793 611 dissi
1821 557 1872 611 la
1904 556 2045 626 quod
2094 554 2141 608 is
2180 553 2251 608 sit
2278 551 2542 616 dereined,
2574 556 2628 604 et
2654 546 2701 603 si

1664 657 1842 719 potest
1897 647 2128 719 probare
2169 643 2314 713 quod
2363 643 2466 697 hoc
2516 643 2587 697 sit
2637 641 2705 696 de

1664 753 1724 790 sa
1765 745 2001 801 nui-ture,
2029 749 2123 805 per
2151 743 2258 789 tres
2283 740 2468 802 partes
2492 749 2588 786 son
2627 731 2705 786 vi-

1665 827 1800 897 guetl
1822 843 1875 880 se
1901 825 1940 879 il
1981 841 2103 879 aoer
2130 824 2200 878 ad
2233 822 2535 892 deraigned.
2568 820 2703 875 Nam

1666 921 1790 982 post
1832 911 2242 967 Sacramentum
2293 908 2331 961 li
2376 917 2451 962 est
2474 905 2703 976 jugied:

1665 1000 1790 1055 inde
1822 1015 1925 1053 non
1974 1007 2152 1067 potest
2193 1007 2380 1067 postea
2429 995 2566 1050 lever
2608 1008 2704 1066 per

1655 1087 1920 1160 judicium
1948 1088 2176 1160 Anglia}.

2093 1363 2286 1421 XXVI.

1671 1456 1752 1511 De
1783 1457 1981 1512 ceturia
2011 1465 2229 1522 mulcta,
2258 1457 2346 1510 ubi
2386 1471 2505 1510 reus
2547 1454 2710 1510 homi-

1833 1527 1959 1580 cidii
1971 1527 2178 1596 judicio
2204 1542 2307 1580 non
2328 1527 2550 1580 sistitur.

1742 1642 1820 1696 De
1843 1638 2062 1693 Μαι-ἀνι
2087 1638 2270 1708 freceis
2307 1638 2487 1704 occist,
2517 1647 2572 1692 et
2611 1636 2712 1690 lto-

1673 1726 1848 1781 mines
1892 1725 2161 1781 hundredi
2214 1740 2320 1779 non
2368 1723 2710 1794 prehendunt

1672 1826 1728 1872 et
1765 1817 1974 1871 minant
2024 1817 2092 1872 ad
2121 1815 2394 1871 Justitiam
2423 1813 2563 1870 infra
2589 1829 2705 1868 vm.

1675 1916 1788 1971 dies
1817 1926 1876 1971 ut
1905 1916 2156 1972 ostendat
2189 1916 2259 1970 ob
2301 1929 2464 1984 quam
2492 1927 2710 1968 causam

1672 2006 1888 2074 fecerit,
1921 2007 2150 2063 reddant
2191 2007 2239 2062 le
2278 2006 2501 2073 murdre
2541 2020 2707 2060 xu'u.

1670 2102 1902 2158 liarcas.

2089 2192 2300 2248 XXVII.

1671 2285 1750 2342 De
1802 2285 2006 2341 clientis
2058 2287 2260 2339 actione
2306 2299 2482 2338 versus
2527 2282 2714 2336 Domi-

2121 2369 2266 2408 num.

1746 2446 1803 2503 Si
1836 2448 1958 2518 quis
1983 2445 2096 2500 vult
2123 2445 2371 2499 derainer
2405 2444 2716 2499 conventio-

1677 2551 1800 2589 nem
1828 2537 1895 2590 de
1913 2543 2066 2589 terra
2096 2547 2194 2588 sua
2220 2547 2408 2588 versus
2428 2520 2713 2586 Dominum

1678 2641 1834 2682 suum
1865 2641 1961 2696 per
2009 2640 2168 2696 pares
2202 2639 2329 2680 suos
2383 2624 2450 2679 de
2499 2633 2710 2690 tenura,

1680 2724 1825 2794 ipsos
1848 2737 1985 2794 quos
2029 2720 2384 2792 appellaverit
2433 2730 2493 2775 ut
2551 2729 2717 2776 testes

1679 2816 1789 2871 sint
1816 2814 2121 2869 lescuverad
2147 2813 2410 2867 deraiuer.
2443 2810 2577 2866 Nam
2621 2829 2716 2885 per

1680 2915 1973 2962 extraneos
2001 2920 2108 2960 non
2134 2913 2315 2973 potest
2335 2904 2595 2959 dereiuer.

2073 2995 2308 3052 XXVIII.

2017 3082 2375 3139 De......

1751 3167 1851 3236 Qui
1888 3169 2108 3240 placitat
2139 3169 2192 3224 in
2219 3169 2403 3237 Curia,
2426 3168 2720 3239 cujuscun-

1678 3274 1784 3329 que
1810 3262 1962 3316 curia
1991 3263 2084 3328 sit,
2133 3273 2363 3332 excepto
2391 3262 2482 3318 ubi
2527 3262 2574 3316 le
2599 3278 2717 3316 cors

1679 3349 1727 3404 le
1751 3361 1825 3404 est
1855 3352 1951 3405 esli
1978 3369 2005 3405 ε
2025 3353 2177 3406 home
2199 3351 2236 3404 li
2263 3353 2445 3406 mettid
2472 3365 2633 3421 super
2653 3367 2719 3408 eo

1680 3439 1820 3508 quod
1851 3440 2070 3508 dixerit,
2095 3455 2209 3495 rem
2238 3456 2397 3510 quam
2427 3441 2557 3494 nolti
2587 3456 2719 3496 con-

1683 3535 1846 3598 ﬁteri,
1877 3536 1921 3589 si
1969 3551 2075 3589 non
2125 3545 2304 3605 potest
2350 3536 2593 3590 derainer
2626 3550 2721 3607 per

1685 3643 1744 3681 ιι.
1775 3628 2135 3699 intelligentes
2167 3627 2411 3683 homines
2433 3628 2525 3698 qui
2549 3628 2719 3682 inter-

1686 3715 1907 3770 fuerunt
1955 3717 2152 3787 placito
2204 3725 2258 3772 et
2288 3717 2531 3771 videntes
2578 3718 2721 3786 quod

1685 3823 1795 3862 non
1826 3808 2051 3876 dixerit,
2083 3807 2352 3863 recovered
2373 3809 2406 3863 it
2433 3823 2493 3861 su
2521 3807 2719 3877 parole.

2105 4076 2298 4132 XXIX.

1858 4168 1938 4223 De
1966 4167 2285 4224 Colonorum
2316 4168 2543 4223 Relevio.

1757 4259 1835 4313 De
1866 4259 2086 4314 Relevio
2118 4258 2337 4315 Villani.
2377 4259 2568 4315 Melius
2605 4259 2725 4314 ani-

3683 323 3822 384 I338

2775 455 2842 512 de
2866 454 2969 510 hoc
2998 450 3140 523 quod
3169 449 3401 521 positum
3432 445 3597 501 fuerit
3630 446 3686 500 in
3724 459 3820 498 va-

2774 541 2881 606 dio,
2936 548 2991 594 et
3027 539 3080 593 in
3114 536 3380 591 Danorum
3421 532 3558 604 lege,
3610 547 3821 602 ponere

2773 631 2925 698 velit,
2966 629 3137 685 donec
3185 624 3574 681 disrationatus
3627 621 3820 684 fuerit,

2775 726 2831 774 et
2849 717 2894 773 sl
2925 713 3365 787 possit'probare,
3391 709 3531 780 quod
3566 723 3633 764 ea
3668 712 3823 777 (ave-

2777 810 2878 880 ria)
2919 810 3026 865 sint
3045 809 3110 863 de
3132 820 3227 861 sua
3258 803 3551 863 nutritura,
3575 815 3679 869 per
3704 809 3823 852 tres

2775 905 2958 968 partes
3015 894 3097 950 sui
3153 889 3388 951 vicineti.
3464 886 3511 942 si
3571 886 3824 940 averium

2777 983 3241 1053 disrationaverit.
3268 975 3404 1052 Nam
3424 993 3491 1033 ex
3513 991 3626 1046 quo
3643 989 3826 1029 sacra-

2775 1089 3018 1140 mentnm
3047 1078 3097 1134 ei
3131 1075 3430 1147 iudicatum
3477 1061 3534 1126 et
3583 1067 3826 1122 delatum

2777 1186 2880 1243 est,
2909 1190 3011 1229 non
3035 1179 3213 1244 potest
3234 1167 3466 1239 amplius
3487 1163 3622 1220 illud
3643 1162 3828 1216 levare

2781 1289 2876 1346 per
2899 1270 3158 1342 judicium
3183 1264 3407 1336 Anglia.

3201 1417 3389 1478 XXVI.

2857 1635 2915 1692 Si
2937 1635 3059 1707 quis
3080 1634 3312 1706 aliquem
3342 1631 3567 1687 murdro
3610 1627 3830 1684 occide-

2783 1728 2874 1793 rit,
2901 1737 2956 1784 et
2981 1727 3228 1782 homines
3259 1723 3535 1795 Hundredi
3563 1737 3706 1776 eum
3723 1736 3827 1775 non

2780 1814 3139 1883 prehendant,
3170 1821 3225 1867 et
3247 1811 3520 1865 adducant
3563 1809 3637 1861 ad
3665 1807 3829 1874 justi-

2786 1899 2916 1953 tiam
2942 1899 3079 1953 intra
3109 1908 3233 1952 octo
3261 1896 3372 1950 dies
3395 1903 3455 1948 ut
3475 1893 3778 1949 ostendant
3797 1908 3828 1945 a

2787 2005 2893 2060 quo
2921 1988 3196 2043 murdrum
3222 1987 3421 2041 factum
3462 1995 3571 2050 est,
3600 1983 3833 2039 reddent

2785 2097 2885 2154 pro
2917 2081 3135 2136 murdro
3167 2079 3316 2148 xlvij.
3358 2075 3596 2131 Marcas.

3195 2225 3413 2284 XXVII.

2861 2445 2917 2502 Si
2948 2447 3070 2516 quis
3118 2444 3246 2500 velit
3295 2440 3667 2498 disrationare
3711 2454 3838 2494 con-

2788 2537 3091 2591 ventionem
3121 2535 3186 2589 de
3209 2541 3352 2587 terra
3379 2545 3510 2602 erga
3535 2529 3833 2583 Dominum

2788 2644 2964 2693 suum,
2999 2643 3095 2698 per
3119 2640 3277 2697 pares
3306 2623 3550 2692 ejusdem
3604 2629 3837 2679 tenui-.2,

2787 2735 2923 2790 quos
2976 2720 3044 2774 ad
3101 2725 3264 2772 testes
3336 2711 3669 2784 appellabit,
3725 2709 3832 2764 erit

2787 2814 3224 2873 disrationandus
3251 2830 3264 2865 :
3294 2827 3414 2865 nam
3431 2817 3840 2880 perextraneos

2789 2921 2894 2962 non
2924 2905 3122 2976 poterit
3152 2898 3530 2958 disrationari.

3193 3033 3425 3091 XXVIII.

2859 3176 2962 3246 Qui
2987 3175 3206 3247 placitat
3236 3165 3289 3226 in
3328 3169 3517 3232 Curia,
3545 3167 3835 3234 cujuscun~

2791 3283 2895 3338 que
2919 3267 3079 3321 Curia
3121 3263 3208 3318 illa
3247 3262 3340 3324 sit,
3369 3268 3745 3330 praeterquam
3774 3270 3834 3309 ea

2791 3353 2882 3408 ubi
2909 3365 3106 3421 corpus
3136 3348 3298 3418 Regis
3327 3353 3428 3410 est,
3467 3353 3525 3398 et
3562 3344 3764 3411 aliquis
3788 3341 3834 3394 ei

2793 3449 3077 3518 imponat,
3137 3441 3278 3513 quod
3347 3453 3461 3492 rem
3523 3433 3836 3506 quampiam

2793 3537 3013 3602 dixerit,
3057 3548 3218 3603 quam
3257 3543 3557 3600 agnoscere
3608 3525 3766 3586 nolit,
3795 3522 3838 3577 si

2794 3644 2903 3683 non
2949 3635 3126 3697 potest
3165 3636 3286 3676 eum
3333 3619 3705 3675 disrationarc
3751 3628 3840 3682 per

2795 3717 2929 3771 duos
2993 3707 3355 3779 intelligibiles
3439 3705 3700 3759 homines
3751 3700 3838 3769 qui

2795 3798 3158 3855 interfuerunt
3209 3792 3406 3863 placito
3475 3798 3534 3844 et
3592 3787 3840 3840 viderunt

2795 3891 2939 3962 quod
2986 3904 3093 3944 non
3145 3885 3366 3950 dixerit,
3415 3889 3738 3938 recurretur
3772 3876 3836 3931 ad

2792 3981 2910 4052 ejus
2931 3987 3344 4037 sacramentum.

3220 4111 3416 4170 XXIX.

2871 4254 2947 4310 De
2978 4249 3200 4307 Relevio
3222 4244 3443 4310 Villani,
3471 4243 3674 4299 melius
3719 4256 3842 4296 ave-

1692 4342 1800 4398 mal
1829 4344 1972 4413 quod
2000 4344 2251 4399 habuerit
2278 4345 2332 4400 id
2361 4344 2502 4415 (sive
2542 4344 2728 4414 Equus
2800 4345 2939 4401 rium
2970 4341 3112 4412 quod
3153 4336 3423 4401 habuerit,
3452 4335 3572 4389 sive
3610 4334 3839 4402 Equum,

1689 4437 1786 4503 sit,
1808 4438 1924 4493 sive
1964 4437 2088 4505 Bos,
2130 4437 2244 4493 sive
2276 4436 2473 4508 Vacca)
2509 4435 2731 4492 donabit
2802 4434 2917 4490 sive
2943 4433 3160 4496 Bovem,
3192 4429 3306 4485 sive
3329 4426 3592 4488 Vaccam,
3626 4422 3844 4479 donabit

1688 4525 1917 4582 Domino
1945 4543 2043 4582 suo
2070 4542 2169 4598 pro
2191 4526 2433 4592 Relevio,
2459 4534 2515 4580 et
2539 4534 2728 4594 postea
2802 4523 3032 4579 Domino
3055 4537 3153 4576 suo
3180 4534 3276 4589 pro
3305 4517 3510 4573 relevio
3543 4533 3557 4567 :
3582 4523 3642 4569 et
3663 4523 3845 4584 postea

1687 4617 1732 4670 si
1759 4619 1952 4673 seraitz
1983 4635 2084 4673 cuz
2111 4617 2184 4675 les
2227 4615 2425 4673 Villam
2459 4616 2514 4672 in
2539 4615 2727 4673 franco
2799 4616 3087 4674 habebitur
3116 4611 3351 4668 Villanus
3391 4609 3451 4664 in
3497 4606 3694 4662 [rauco
3735 4604 3841 4675 ple-

1685 4703 1878 4774 plcgio.
2790 4709 2906 4780 δίο.

2115 4820 2284 4876 xxx'
3231 4852 3401 4909 xxx.

1965 4909 2044 4963 De
2071 4911 2167 4964 viis
2190 4909 2432 4980 publicis.
3241 4935 3263 4946 ο

1758 5000 1835 5056 De
1875 5000 2046 5056 tribus
2079 5002 2200 5066 viis,
2255 5001 2527 5067 videlicet,
2563 4998 2722 5054 Vvat-
2868 5000 2946 5054 De
2994 4997 3166 5052 tribus
3210 4992 3332 5051 viis.
3395 4987 3654 5043 videlicet
3703 4981 3845 5036 Wat-

1685 5091 1950 5162 lingstt'ete
1983 5102 2038 5147 et
2063 5093 2436 5162 Ermingstrete
2460 5103 2514 5148 et
2534 5090 2721 5146 Fosse.
2796 5090 3098 5160 lingstrele,
3122 5093 3177 5140 et
3197 5082 3613 5148 Ermingstrete,
3636 5083 3695 5128 et
3719 5073 3844 5127 Fos-

1686 5184 1790 5252 Qui
1839 5187 1893 5241 in
1937 5187 2116 5257 aliqua
2147 5187 2339 5240 harum
2379 5186 2594 5240 viarum
2628 5184 2726 5238 ho-
2800 5199 2880 5239 se.
2943 5183 3045 5250 Qui
3101 5182 3153 5235 in
3184 5180 3361 5246 aliqua
3406 5175 3605 5228 barum
3637 5169 3844 5221 viarum

1689 5282 1890 5314 minam
1941 5281 2288 5314 ἷιῖηιηισιηιηηι
2321 5280 2435 5314 οἴνα
2465 5278 2723 5314 nobilior“
2803 5269 3080 5314 Imminem
3129 5280 3225 5314 “er

2247 5295 2288 5314 μη
2321 5280 2435 5314 ειν.)
2465 5278 2723 5314 manu...“
2803 5269 3080 5314 lmminem
3129 5280 3225 5314 ner
3284 5259 3519 5314 natriam
3573 5262 3842 5309 errantem
