4040 5314
244 260 387 317 15οθ

666 420 855 480 XXXI.

314 641 374 699 Si
403 643 601 701 larecin
624 655 701 702 est
722 647 923 713 troved,
946 663 1009 703 en
1027 648 1121 719 qui
1145 659 1277 704 terre

235 736 330 803 qui
352 752 441 790 ceo
466 739 589 805 seit,
611 749 660 793 et
676 738 725 794 le
753 739 929 794 Laron
958 757 1204 811 ouesque,
1232 743 1280 797 l'e

238 822 468 895 Seignor
496 828 562 882 de
583 828 636 884 la
671 838 807 885 terre
850 841 898 885 et
928 831 982 887 la
1011 832 1144 901 [eme
1166 850 1280 889 ave-

236 929 362 973 runt
393 920 445 973 la
474 923 663 977 meited
692 923 778 979 del
798 926 942 980 aveir
964 943 996 981 a
1022 926 1223 993 Laron,
1249 944 1277 982 e

235 1007 311 1063 les
334 1011 601 1085 ehalejurs
627 1012 753 1085 [al.,
789 1015 1168 1090 chalengeurs]
1195 1019 1278 1073 lor

235 1101 429 1167 chatel,
470 1121 525 1159 se
563 1106 604 1161 il
655 1106 704 1162 le
764 1117 986 1176 troaent,
1016 1128 1044 1165 e
1085 1110 1139 1165 la
1183 1112 1278 1165 bar

233 1199 435 1252 merted
467 1198 584 1271 [al.,
604 1212 659 1258 et
681 1201 732 1257 la
757 1203 855 1269 foi,
896 1204 1163 1278 meitted],
1194 1204 1278 1260 s’il

234 1296 312 1339 est
362 1293 506 1344 trové
554 1293 761 1348 dedam
808 1293 980 1350 Sache
1008 1306 1055 1350 et
1085 1296 1273 1364 Sac/ie,

225 1378 319 1431 δἐι
365 1381 558 1449 perdra
599 1383 653 1438 la
690 1385 846 1454 ferae,
896 1397 945 1441 et
986 1388 1034 1442 le
1057 1387 1277 1459 Seignor

230 1467 477 1526 l‘asered.

645 1589 859 1647 XXXII.

304 1710 379 1765 De
426 1710 741 1769 Strevvarde
786 1716 851 1770 de
916 1718 1133 1773 chescon
1180 1721 1270 1776 des

222 1799 375 1853 hides
418 1800 482 1853 de
505 1800 556 1853 Η
564 1803 765 1857 undred
790 1821 860 1856 un
898 1806 1049 1861 home
1071 1808 1270 1862 dedenz

220 1889 278 1941 la
306 1888 439 1958 [este
461 1890 525 1943 de
562 1892 693 1945 seint
734 1892 965 1960 Michell,
992 1906 1039 1951 et
1063 1896 1109 1951 le
1131 1898 1264 1952 seint

218 1977 449 2045 Martin,
476 1990 525 2035 et
561 1980 897 2050 Vvardireve,
919 1986 966 2038 si
985 2003 1118 2041 aura
1131 2005 1259 2044 xxx.

216 2069 371 2123 hides
412 2072 582 2140 quites
630 2089 723 2142 per
761 2090 857 2129 son
893 2078 1111 2131 travaile
1139 2089 1187 2132 et
1215 2081 1262 2135 si

216 2176 368 2213 avers
381 2170 717 2231 trespassent,
731 2164 939 2233 perilot,
966 2166 1039 2221 vel
1051 2167 1258 2223 denient

213 2260 419 2304 vvatter
440 2251 564 2323 [αι.
589 2255 904 2311 devientent
924 2258 1146 2331 wattez]
1165 2260 1261 2320 ,eil

209 2354 279 2393 ne
303 2351 517 2409 pussent
565 2354 791 2399 mustrer
816 2362 879 2424 ne
922 2348 998 2401 cri
1038 2366 1099 2402 ne
1118 2349 1260 2417 force

207 2430 305 2499 qui
352 2431 456 2485 l’on
506 2432 617 2503 {ast
671 2434 837 2503 faite,
896 2439 943 2492 si
994 2439 1256 2494 rendisent

205 2516 415 2577 l‘aveir.

611 2660 849 2739 xxxm.

280 2817 365 2873 Cil
384 2819 473 2889 qui
485 2821 736 2875 custivent
752 2821 872 2894 [al.,
886 2823 1169 2897 cultivenl]
1197 2824 1250 2879 la

202 2919 347 2963 terre
393 2925 456 2963 ne
501 2909 608 2964 dett
660 2910 786 2966 l'um
812 2913 1083 2980 travailer,
1110 2916 1251 2970 sede

201 2996 360 3052 louer
402 2998 571 3054 diotre
594 2998 715 3071 [al.,
741 3001 926 3076 dreit.)
950 3019 1119 3069 cense,
1144 3020 1248 3059 non

200 3102 270 3141 ne
318 3087 434 3142 leist
460 3106 494 3143 a
531 3091 840 3162 seignurage
872 3092 936 3148 de
978 3095 1144 3163 partir
1174 3094 1248 3150 les

201 3166 458 3232 cultivurs
479 3179 543 3233 de
564 3179 680 3234 leur
697 3190 853 3245 terre,
874 3198 977 3250 pur
995 3192 1107 3236 tant
1130 3200 1248 3237 cum

195 3267 242 3320 il
260 3280 473 3337 pussent
502 3268 549 3323 le
574 3271 708 3323 dreit
728 3272 939 3325 seirvise
954 3272 1029 3341 [ai
1041 3289 1115 3325 re.
1146 3272 1247 3327 Les

196 3358 344 3426 naifs
366 3356 416 3411 ki
438 3359 676 3427 deportet
703 3361 768 3415 de
796 3378 857 3415 sa
879 3370 1036 3427 torre,
1069 3378 1132 3416 ne
1154 3363 1249 3416 de-

193 3446 357 3511 nient,
405 3458 579 3502 cartre
624 3450 739 3519 [aut
784 3451 1015 3505 naiverie
1059 3467 1247 3521 querre

197 3537 326 3609 [al.,
351 3550 406 3595 et
459 3541 680 3597 denient
721 3547 965 3608 naivere,
1010 3543 1090 3600 les
1116 3542 1244 3599 ‘faut

192 3631 443 3705 querre],
468 3634 559 3703 qui
597 3634 637 3687 il
658 3651 721 3688 ne
756 3638 932 3705 Iacent
956 3636 1073 3690 leur
1098 3635 1240 3690 droit

190 3722 408 3786 service,
440 3740 540 3792 que
592 3726 761 3793 apeml
787 3728 821 3779 ὰ
847 3726 962 3780 leur
990 3736 1146 3783 terre.
1177 3724 1242 3780 Li

192 3811 342 3880 naifs
367 3810 419 3865 Isi
466 3813 705 3883 departct
734 3815 800 3869 de
835 3833 895 3869 sa
918 3826 1077 3883 terre,
1108 3818 1240 3872 dunt

189 3900 234 3955 il
255 3912 332 3956 est
355 3919 469 3967 nes,
494 3920 522 3958 e
542 3914 656 3959 vent
683 3922 715 3959 a
733 3908 912 3960 autrui
936 3918 1093 3973 terre,
1118 3908 1235 3965 nuls

190 3993 280 4048 uel
305 4005 555 4067 retenget,
600 4014 663 4052 ne
695 3998 753 4064 li,
782 4017 845 4055 ne
881 4018 962 4056 ses
996 4004 1235 4071 chatels;

188 4101 293 4147 σπι
311 4085 359 4139 le
385 4086 561 4156 Iacent
598 4090 746 4144 venir
772 4108 894 4145 arer
913 4111 945 4147 a
977 4093 1111 4161 faire
1136 4112 1234 4151 son

185 4176 399 4244 servise,
444 4179 515 4232 tel
554 4196 673 4239 cum
712 4199 745 4236 a
792 4182 831 4237 li
859 4186 1045 4255 apend.
1074 4185 1133 4241 Si
1158 4188 1231 4242 les

184 4267 492 4339 seinurages
545 4287 607 4325 ne
653 4272 825 4341 Iacent
865 4275 990 4329 altri
1008 4278 1229 4349 gainnys

184 4361 329 4417 venis
352 4378 385 4417 a
408 4362 491 4417 lor
512 4372 668 4432 terre,
699 4365 753 4420 la
781 4366 977 4435 justice
999 4370 1046 4425 le
1066 4371 1224 4442 facet.

573 4553 814 4611 XXXIV.

254 4728 444 4784 Nullui
471 4746 535 4785 ne
574 4731 720 4786 toille
764 4750 795 4787 a
819 4751 913 4789 son
936 4738 1111 4790 senior
1129 4754 1223 4792 son

178 4815 314 4869 dreit
336 4818 546 4883 servise,
572 4835 677 4887 pur
694 4820 786 4876 nul
817 4822 973 4880 relais
1001 4825 1092 4894 qui
1122 4825 1160 4877 il
1182 4825 1221 4887 li

176 4907 251 4959 ait
271 4906 370 4976 [ait
391 4924 457 4963 en
477 4924 654 4965 arere.

583 5086 803 5149 XXXV.

1640 288 1893 363 LEGES.

1782 407 1971 464 XXXI.

1424 487 1502 544 De
1528 489 1772 562 Latrone,
1797 516 1915 553 cum
1935 500 2208 557 latrocinio
2230 520 2321 557 seu

1560 564 1890 643 ι’παυτοφὸρῳ
1906 572 2177 636 prehenso.

1424 647 1482 705 Si
1525 652 1872 713 latrocinium
1919 662 1991 716 sit
2031 662 2310 717 inventum
2335 662 2389 719 in

1351 737 1724 812 cujuscunque
1782 757 1920 801 terra
1975 750 2044 803 sit
2069 759 2121 805 et
2155 752 2293 806 latro
2319 751 2391 806 si-

1351 824 1485 889 mul,
1528 825 1787 883 Dominus
1829 839 1986 888 terra:
2013 845 2067 891 et
2111 852 2247 891 uxor
2273 835 2389 906 ejus

1350 912 1626 971 habebunt
1643 921 1983 977 medietatem
2000 926 2262 983 bonorum
2290 928 2388 983 La-

1351 1006 1540 1072 tronis,
1572 1016 1629 1063 et
1657 1009 1729 1064 les
1750 1013 2011 1069 chalieurs
2036 1016 2117 1071 lor
2136 1019 2305 1075 rhatel
2332 1038 2387 1077 se

1347 1095 1435 1149 illa
1462 1107 1699 1155 trouvent
1721 1112 1768 1156 et
1797 1102 1947 1158 labor
1990 1111 2206 1175 merted,
2231 1112 2273 1166 si
2298 1128 2384 1167 re-

1351 1201 1567 1261 pertum
1612 1196 1684 1251 sit
1726 1196 1869 1252 intra
1924 1198 2096 1255 Sache
2128 1212 2183 1257 et
2213 1203 2383 1260 Soche

1349 1289 1541 1357 perdat
1570 1287 1739 1357 Uxor,
1771 1300 1827 1347 et
1860 1293 2121 1351 Dominus
2143 1296 2381 1355 habebit.

1341 1830 1533 1887 darum
1580 1832 1856 1896 Ilundredi
1886 1859 2025 1900 unus
2052 1847 2214 1903 homo
2237 1849 2375 1905 intra

1337 1920 1537 1979 festum
1568 1926 1625 1981 S.
1654 1928 1929 1987 Michaelis
1958 1944 2013 1990 et
2042 1936 2284 2006 Martini,
2321 1950 2377 1996 ct

1341 2013 1654 2076 Uvardireve
1669 2023 2029 2083 habebitur.
2050 2031 2204 2087 hidas
2225 2035 2373 2103 quie-

1342 2118 1425 2169 tas
1468 2129 1568 2184 pro
1622 2117 1807 2175 labore
1859 2138 1981 2190 suo,
2012 2133 2069 2180 et
2114 2126 2158 2181 si
2190 2130 2371 2184 averia

1336 2211 1639 2266 moriantur
1664 2216 1847 2283 perilot
1887 2219 1964 2273 rel
1991 2221 2190 2276 devient
2217 2237 2375 2280 water

1333 2311 1388 2356 et
1411 2318 1518 2357 non
1544 2314 1715 2374 possrt
1733 2312 2026 2367 ostendere
2048 2328 2145 2369 nec
2165 2315 2370 2371 clamo-

1329 2404 1444 2444 rem
1472 2406 1573 2447 nec
1603 2394 1711 2449 vim
1729 2411 1850 2467 qua:
1875 2397 2016 2456 facta
2039 2401 2221 2472 fuerit,
2246 2407 2372 2461 red-

1327 2481 1418 2537 dat
1448 2484 1654 2540 averia.

1729 2625 1963 2683 XXXIII.

1361 2711 1439 2767 De
1462 2713 1671 2771 Colonis
1694 2729 1741 2772 et
1771 2718 1947 2774 Gleba:
1987 2721 2322 2792 Ascriptitiis.

1395 2818 1501 2872 Eos
1530 2822 1622 2890 qui
1644 2833 1892 2879 custwent
1916 2834 2116 2881 terram
2140 2842 2246 2882 non
2270 2830 2362 2883 de-

1319 2903 1412 2959 bet
1449 2906 1571 2975 quis
1598 2908 1890 2967 molestare
1912 2922 2268 2985 praeterquam
2293 2916 2361 2973 de

1319 3008 1507 3052 eorum
1553 2998 1721 3056 diotre
1779 3017 1967 3060 censu.
2016 3004 2128 3062 Nec
2177 3008 2357 3066 liceta

1320 3086 1628 3162 seignurage
1671 3088 1949 3145 discedere
2006 3091 2255 3151 Cultores
2294 3097 2360 3153 de

1322 3186 1463 3231 terra
1495 3193 1617 3245 sua,
1663 3181 1792 3248 quin
1845 3192 2051 3238 rectum
2078 3188 2357 3243 servitium

1318 3283 1474 3322 suum
1523 3269 1709 3326 facere
1761 3274 1988 3342 possint.
2037 3275 2215 3340 Νειιίνὶ
2265 3280 2357 3349 qui

1321 3356 1604 3412 discedunt
1653 3374 1685 3412 a
1716 3370 1859 3416 terra
1897 3379 1994 3417 sua
2030 3380 2137 3421 non
2163 3367 2358 3423 debent

1318 3452 1490 3496 cartre
1544 3444 1662 3512 [aut
1693 3449 1892 3505 naivire
1916 3467 2075 3521 quere
2097 3468 2217 3520 qua:
2248 3469 2353 3507 non

1313 3534 1739 3597 Iaciuntreetum
1762 3547 2042 3602 servitium
2066 3550 2208 3619 quod
2231 3565 2353 3619 spe-

1314 3639 1429 3686 ctat
1453 3634 1521 3689 ad
1553 3644 1753 3704 terram
1777 3654 1954 3696 suam.
1979 3641 2231 3698 Nativum
2258 3644 2353 3713 qui

1313 3724 1543 3783 discedit
1589 3746 1620 3785 a
1673 3731 1818 3789 terra
1867 3738 2008 3792 unde
2026 3747 2109 3793 est
2136 3740 2354 3795 nativus

1312 3824 1369 3871 et
1398 3820 1547 3875 venit
1585 3824 1653 3876 ad
1705 3824 1957 3893 alteram,
2014 3829 2194 3885 nullus
2223 3846 2346 3886 eum

1309 3905 1540 3962 retineat
1562 3924 1659 3966 nec
1676 3913 1868 3969 catalla
1888 3921 2028 3986 ejus,
2055 3917 2149 3972 sed
2170 3919 2347 3975 redire

1305 4011 1534 4069 cogatur
1588 4014 1646 4058 ut
1690 4004 2159 4066 faciatservitium
2189 4027 2345 4069 suum

1308 4074 1415 4146 tale
1444 4092 1589 4162 quod
1636 4095 1704 4150 ad
1738 4110 1861 4151 eum
1910 4110 2144 4169 spectat.
2182 4102 2239 4157 Si
2271 4104 2345 4159 les

1302 4182 1637 4253 seignurages
1668 4200 1775 4239 non
1805 4185 2011 4244 faciunt
2039 4192 2169 4245 altri
2189 4194 2344 4260 gain-

1303 4287 1397 4341 nys
1425 4274 1610 4329 venire
1641 4278 1711 4331 ad
1738 4286 1939 4335 terram
1961 4296 2141 4352 suam,
2170 4283 2338 4341 Justi-

1301 4363 1375 4418 tia
1399 4363 1453 4419 id
1480 4364 1665 4421 faciat.

1698 4460 1937 4518 XXXIV.

1302 4545 1388 4601 Ne
1411 4549 1526 4618 quis
1542 4550 1767 4629 Domino
1788 4572 1883 4629 suo
1895 4558 2096 4613 debitas
2119 4571 2339 4629 privata-

1577 4624 1743 4678 tiones
1769 4627 2064 4683 subtrahat.

1366 4714 1537 4772 Nemo
1562 4718 1791 4777 Domino
1819 4738 1917 4780 suo
1940 4728 2226 4783 subtrahat
2253 4746 2338 4784 re-

1294 4819 1440 4867 ctum
1457 4814 1737 4870 servitium
1758 4833 1937 4887 suum,
1974 4832 2199 4892 propter
2218 4824 2339 4878 nul-

1292 4902 1400 4958 lam
1467 4906 1845 4965 remissionem
1894 4927 2059 4984 quam
2091 4915 2141 4970 ei
2178 4924 2339 4973 antea

1291 4990 1499 5048 fecerit.

1702 5086 1921 5149 XXXV.

1289 5169 1365 5225 De
1406 5169 1930 5260 Faminanqraaida
1961 5200 2080 5260 quae
2124 5183 2338 5255 capitali

1514 5248 1767 5314 supplicio
1789 5248 2099 5314 damnatur.

3372 324 3510 384 ISIO

2890 449 3080 507 XXXI.

2534 666 2591 723 Si
2627 669 3260 741 latrociniuminventum
3274 688 3501 745 lueritin

2461 756 2848 833 cujuscumque
2900 776 3051 826 terra
3108 772 3199 839 sit,
3252 785 3305 830 et
3360 779 3501 832 latro

2461 848 2645 917 simul,
2672 854 2925 912 Dominus
2954 868 3114 918 terra:
3142 874 3197 919 et
3220 882 3357 921 uxor
3382 870 3499 939 ejus

2460 943 2735 1003 habebunt
2755 952 3096 1011 medietatem
3113 957 3376 1017 bonorum
3398 963 3500 1019 La-

2460 1035 2654 1102 tronis,
2701 1051 2758 1094 et
2796 1041 3143 1114 clamatores,
3184 1067 3277 1105 seu
3299 1054 3389 1123 qui
3417 1071 3498 1110 res

2455 1140 2580 1181 suas
2610 1140 2865 1198 repetunt,
2891 1148 2988 1189 sua
3014 1138 3228 1205 catalla,
3253 1140 3298 1195 si
3330 1156 3392 1196 ea
3418 1142 3499 1197 in-

2455 1217 2720 1283 venerint,
2775 1231 2827 1276 et
2871 1227 3213 1285 medietatem
3249 1245 3425 1295 suam,
3451 1234 3497 1287 si

2459 1304 2706 1364 inventus
2736 1309 2900 1367 fuerit
2924 1313 3065 1369 intra
3098 1316 3291 1372 Sacam
3318 1330 3373 1375 et
3397 1318 3498 1375 So-

2457 1406 2597 1456 cam,
2641 1397 2828 1465 perdet
2856 1416 3011 1470 uxor,
3032 1412 3088 1459 et
3116 1406 3375 1463 Dominus
3400 1408 3497 1462 ha-

2456 1482 2621 1539 bebit.

2870 1645 3084 1705 XXXII.

2526 1754 2604 1811 De
2630 1756 2928 1816 Strew‘arae
2953 1765 3020 1820 de
3054 1782 3375 1840 unaquaque
3400 1770 3491 1827 lli-

2449 1841 2513 1897 da
2524 1858 2639 1899 rum
2655 1845 2925 1905 Ilundredi
2941 1856 3163 1922 quilibet
3176 1858 3335 1913 homo
3351 1863 3489 1916 intra

2448 1932 2642 1991 festum
2690 1941 2863 1996 sancti
2920 1943 3196 2004 Michaelis
3233 1960 3287 2005 et
3311 1953 3488 2007 sancti

2448 2024 2698 2094 Martini,
2757 2041 2813 2087 et
2858 2032 3205 2103 Wardircve,
3268 2042 3489 2097 habebit

2446 2132 2576 2171 xxx.
2601 2118 2757 2175 bidas
2784 2122 2999 2191 quietas
3017 2142 3115 2196 pro
3152 2128 3335 2184 labore
3363 2146 3486 2197 suo,

2444 2207 2570 2261 etsi
2636 2211 2843 2277 averia,
2900 2227 2994 2268 seu
3049 2218 3324 2284 animalia,
3356 2236 3477 2275 mo-

2444 2296 2682 2365 riantur,
2711 2301 2797 2355 vel
2831 2303 3225 2372 periclitentur,
3248 2307 3333 2362 vel
3359 2307 3483 2364 labe

2442 2385 2625 2457 aliqua
2672 2389 2871 2446 infecta
2926 2394 3052 2460 sint,
3082 2404 3136 2450 et
3177 2412 3281 2450 non
3311 2400 3482 2467 possit

2440 2477 2674 2543 ostendi,
2697 2472 2988 2535 clamorem
3025 2482 3114 2537 vel
3144 2485 3250 2539 vim
3282 2484 3480 2541 factum

2440 2571 2627 2638 luisse,
2658 2574 2952 2630 reddantur
2970 2578 3173 2633 averia.

2840 2709 3076 2766 XXXIII.

2506 2825 2609 2894 Qui
2662 2828 2849 2884 colunt
2903 2841 3104 2887 terram
3134 2848 3240 2888 non
3280 2834 3479 2890 debent

2432 2916 2728 2982 molestari,
2784 2929 3141 2990 praeterquam
3190 2922 3256 2977 de
3285 2938 3477 2979 eorum

2431 3014 2581 3061 recto
2600 3021 2786 3062 censu.
2806 3006 2914 3063 Nec
2926 3008 3052 3065 licet
3075 3010 3333 3066 Dominus
3353 3011 3470 3066 cul-

2433 3104 2577 3151 tores
2599 3096 2666 3149 de
2697 3106 2837 3151 terra
2859 3114 2954 3153 sua
2971 3100 3264 3166 dimittere,
3279 3117 3473 3172 quant-

2431 3181 2522 3235 diu
2572 3193 2801 3251 possunt
2839 3196 3046 3242 rectum
3084 3190 3364 3244 servitium
3392 3191 3475 3244 la-

2430 3286 2575 3326 cere.
2612 3272 2787 3327 Nativi
2817 3276 2908 3344 qui
2951 3276 3236 3331 discedunt
3264 3293 3292 3331 a
3325 3287 3472 3335 terra

2429 3370 2622 3423 sua,et
2663 3362 2932 3432 denegauit
2971 3364 3337 3430 nativitatem,
3376 3382 3465 3422 re-

2426 3447 2674 3515 quirendi
2717 3460 2863 3516 sunt,
2922 3460 2980 3505 ut
3018 3453 3221 3509 faciant
3252 3464 3473 3535 rectum

2425 3550 2579 3589 suum
2629 3541 2932 3607 servitium,
2971 3546 3115 3612 quod
3153 3554 3364 3615 spectat
3398 3546 3467 3601 ad

2425 3633 2626 3680 terram
2641 3644 2814 3682 suam.
2845 3626 3096 3686 Nativum
3119 3634 3209 3702 qui
3239 3633 3466 3688 discedit

2424 3728 2455 3768 a
2484 3722 2625 3769 terra
2666 3717 2807 3772 unde
2845 3727 3003 3774 natus
3028 3730 3131 3784 est,
3156 3733 3211 3775 et
3247 3721 3300 3774 in
3326 3713 3477 3776 alte?

2424 3804 2537 3860 rius
2571 3814 2766 3862 terram
2793 3808 2959 3874 venit,
3008 3809 3186 3865 nullus
3210 3811 3461 3876 retineat,

2420 3912 2519 3953 nec
2546 3913 2670 3953 eum
2705 3915 2807 3955 nec
2843 3900 2960 3969 ejus
2991 3901 3184 3957 catalla
3212 3920 3225 3956 :
3251 3902 3460 3957 sed-re-

2419 3986 2535 4041 dire
2574 3996 2800 4059 cogatur
2855 3989 2924 4043 ad
2958 3988 3263 4046 faciendum
3302 4005 3459 4044 suum

2417 4079 2702 4135 servitium
2759 4079 2919 4148 quale
2966 4079 3034 4135 a‘d
3062 4094 3184 4134 eum
3222 4086 3454 4148 spectat.

2417 4173 2485 4228 Et
2512 4174 2558 4229 si
2582 4172 2795 4229 Domini
2822 4187 2928 4227 non
2956 4172 3157 4228 iaciant
3180 4171 3316 4225 alios
3344 4170 3458 4224 cul-

2416 4271 2560 4318 tores
2617 4262 2839 4323 venire.
2888 4260 2945 4316 in
2988 4274 3178 4316 eorum
3226 4267 3453 4324 terram,

2413 4352 2619 4408 iustitia
2633 4352 2685 4408 id
2696 4351 2883 4408 faciat.

2808 4583 3027 4639 XXXIV
3046 4621 3062 4637 .

2482 4718 2652 4775 Nemo
2687 4717 2916 4772 Domino
2939 4731 3040 4771 suo
3072 4714 3353 4771 subtrahat
3368 4724 3457 4766 re-

2411 4813 2558 4859 ctum
2571 4803 2850 4861 servitium
2866 4817 3043 4865 suum,
3060 4809 3284 4873 propter
3293 4797 3461 4853 ullam

2411 4898 2790 4958 remissionem
2827 4911 2989 4971 quam
3010 4895 3236 4952 eiantea
3246 4888 3462 4947 iecerit.

2829 5149 3048 5209 XXXV.
