4040 5314
565 337 696 396 {Sil

965 521 1201 578 XXXVI.

638 655 697 710 Si
716 658 866 712 home
899 668 1034 710 mori
1065 674 1189 712 rans
1215 659 1406 722 devise,
1447 659 1492 712 si
1513 660 1601 712 de-

561 753 767 810 partent
815 743 888 798 les
911 745 1098 806 enfans
1143 743 1310 800 l‘érite
1357 755 1500 800 enlre
1527 747 1602 800 sei

561 849 654 902 per
677 835 838 906 govel.

947 971 1208 1060 XXX-VII.

635 1128 696 1186 Si
720 1130 768 1186 le
791 1149 911 1202 pere
933 1136 1112 1188 truitet
1141 1153 1200 1190 to
1243 1137 1333 1206 ﬁle
1361 1155 1423 1192 en
1453 1138 1601 1191 avul-

563 1221 690 1276 terie
716 1239 778 1278 en
809 1241 868 1277 sa
903 1226 1128 1290 maison,
1173 1244 1200 1282 υ
1223 1244 1284 1281 en
1311 1227 1361 1280 la
1398 1229 1602 1282 maison

561 1311 628 1364 de
652 1327 747 1366 son
765 1315 978 1384 gendre,
994 1317 1087 1372 ben
1111 1319 1150 1372 li
1175 1319 1316 1376 laust
1339 1337 1463 1375 aure
1479 1320 1599 1392 ιρι..

562 1396 732 1470 ocire]
756 1399 1046 1459 l‘avultere.

929 1642 1222 1702 XXXVIII.

635 1783 700 1840 Si
747 1784 898 1841 home
929 1787 1281 1858 enpuisstmed
1325 1799 1482 1854 attre,
1505 1791 1602 1844 seil

565 1878 724 1944 occis,
747 1895 776 1934 υ
792 1881 1268 1950 permanablement
1289 1882 1500 1936 eissillé.
1529 1880 1602 1935 ιο

555 1971 716 2042 Jettai
731 1987 818 2026 vos
848 1973 1032 2027 cltosez
1055 1989 1150 2044 por
1180 1989 1336 2027 cause
1363 1974 1426 2028 de
1447 1984 1606 2040 mort,

566 2069 614 2112 et
646 2060 711 2114 de
750 2077 810 2115 eo
858 2060 978 2132 [al.,
1003 2062 1122 2134 ceo|
1158 2079 1220 2117 ne
1251 2080 1331 2118 me
1354 2081 1481 2133 νοεῖ.
1505 2080 1609 2118 em-

565 2147 810 2218 plaider:
840 2151 936 2206 kar
962 2153 1076 2208 leist
1099 2171 1132 2208 α
1160 2153 1295 2224 faire
1333 2156 1554 2226 damage
1575 2175 1608 2210 a

567 2238 704 2293 altre
741 2258 844 2310 pur
879 2259 1014 2310 pour
1051 2243 1114 2298 de
1139 2255 1295 2309 mort,
1336 2256 1612 2315 quantpa-

566 2329 674 2384 rele
694 2347 756 2384 ne
783 2341 871 2400 pot
899 2335 1165 2404 eschaper.
1212 2335 1260 2390 E
1282 2336 1328 2390 si
1364 2337 1428 2390 de
1449 2353 1507 2400 _co
1529 2351 1610 2390 me

567 2429 768 2468 merce:
809 2417 898 2486 qui
945 2435 1047 2487 pur
1085 2437 1220 2488 pour
1265 2422 1330 2474 de
1365 2433 1500 2474 mort
1529 2421 1610 2476 uel

568 2501 725 2571 fcisse
752 2505 817 2560 de
843 2524 902 2572 eo
925 2513 1258 2580 mesprioroi,
1287 2529 1313 2566 e
1336 2513 1407 2566 les
1431 2514 1610 2566 choses

567 2595 660 2664 qui
701 2609 820 2651 sunt
863 2601 1074 2655 remises
1123 2619 1186 2656 en
1220 2603 1267 2656 le
1313 2603 1422 2671 nef,
1447 2605 1608 2658 scient

568 2683 800 2753 departis
831 2703 894 2742 en
919 2705 1156 2754 camune,
1206 2691 1362 2744 sulun
1393 2691 1465 2744 les
1488 2693 1611 2746 cha-

569 2772 686 2826 telr.
733 2773 778 2828 E
800 2778 846 2830 si
898 2777 1054 2832 alcun
1096 2781 1270 2834 iet/ted
1317 2783 1388 2833 les
1418 2779 1610 2835 c/mtels

570 2862 684 2931 fore
709 2863 774 2918 de
813 2865 866 2919 la
902 2868 996 2937 nef
1015 2885 1138 2922 sem.
1171 2869 1360 2936 bustm,
1383 2871 1463 2923 s‘il
1495 2886 1613 2924 ren-

573 2955 677 3012 det.

977 3071 1216 3127 XXXIX.

643 3221 794 3279 Deus
814 3235 935 3281 sunt
961 3245 1236 3297 parceners
1250 3231 1374 3284 d'un
1402 3231 1614 3297 crichet,

572 3327 600 3366 e
626 3323 702 3368 est
729 3314 841 3370 l‘un
893 3318 1151 3387 emplaidé
1173 3335 1304 3373 sane
1347 3321 1542 3386 l’altre,
1563 3331 1612 3376 et

569 3419 665 3473 per
689 3422 748 3458 sa
771 3407 894 3475 {alie
915 3410 960 3464 si
987 3423 1120 3480 pert,
1147 3430 1209 3468 ne
1223 3415 1298 3466 dit
1328 3412 1448 3485 [al.,
1475 3413 1612 3482 dcit]

570 3509 664 3562 per
687 3512 745 3559 eo
773 3497 944 3553 l‘altre
969 3511 1103 3555 estre
1147 3503 1389 3571 perdunt,
1420 3504 1471 3556 tri
1498 3521 1616 3574 pre-

571 3594 684 3639 sent
718 3603 781 3641 ne
822 3587 922 3657 [uti
971 3589 1088 3662 [al.,
1114 3591 1244 3664 l'ust]
1281 3607 1294 3646 :
1333 3592 1448 3646 Κίων
1505 3595 1616 3647 iosc

566 3673 693 3747 juge
717 3689 858 3732 entre
894 3697 1006 3745 eus,
1052 3699 1114 3736 ne
1135 3683 1246 3751 fors
1265 3685 1395 3754 juge
1419 3701 1516 3754 pas
1543 3683 1616 3739 les

573 3763 733 3820 ultre:
762 3766 811 3820 ki
833 3785 895 3823 ne
917 3782 1035 3824 sunt
1061 3791 1092 3827 a
1112 3785 1334 3830 present.

1038 4013 1152 4069 XL.

652 4202 737 4257 Cil
765 4205 854 4275 qui
893 4213 1068 4260 tenent
1098 4206 1183 4260 lur
1206 4218 1344 4262 terre
1379 4226 1410 4262 a
1449 4227 1617 4276 cense,

579 4285 784 4350 soitlur
830 4297 968 4350 droit
1011 4297 1169 4367 releif
1197 4316 1229 4352 a
1267 4309 1377 4353 tant
1419 4317 1536 4354 cum
1587 4319 1618 4355 η

579 4402 728 4441 cense
757 4397 832 4441 est
859 4386 984 4440 d‘un
1014 4405 1107 4442 an.

1037 4584 1172 4639 XLI.
1223 4571 1232 4578 ’

659 4743 1067 4800 Ententivement
1111 4762 1166 4800 se
1201 4755 1516 4816 purpensent
1553 4748 1620 4802 cit

580 4835 672 4904 qui
701 4835 776 4890 les
789 4835 1092 4904 jugementz
1113 4845 1208 4889 unt
1231 4837 1266 4889 ὰ
1289 4837 1444 4904 {aire,
1464 4847 1554 4907 qut
1576 4837 1623 4890 si

573 4925 782 4996 jugent,
797 4943 914 4982 cum
933 4929 1041 4983 desi
1049 4937 1180 4995 rent,
1193 4939 1356 4999 quant
1383 4930 1421 4984 il
1442 4930 1586 4984 diem
1599 4945 1621 4986 :

581 5016 806 5074 Dimitte
854 5019 1011 5072 nobis
1059 5028 1279 5087 peccata
1326 5029 1536 5085 nostra,
1573 5029 1620 5074 et

585 5122 718 5164 nous
764 5105 1020 5158 dsendum
1051 5107 1172 5178 [al.,
1218 5110 1520 5164 desendons
1544 5108 1621 5164 vel

581 5193 878 5244 desenduni
935 5197 1023 5244 aui
1054 5197 1179 5244 l'um
1224 5195 1485 5244 Christian
1517 5200 1625 5244 fere.

1653 338 1996 396 WILLELMI
2036 339 2564 408 CONQUESTORIS

2082 473 2318 529 XXXVI.

1860 561 1940 618 De
1959 563 2331 618 lnlestatorum
2359 564 2506 617 bonis

1747 654 1802 710 Si
1834 655 1954 725 quis
1981 656 2270 711 iutes:atus
2310 655 2528 720 obierit,
2556 655 2710 712 liberi

1675 749 1790 818 ejus
1833 751 2210 806 haereditatem
2258 748 2541 820 arqualiter
2579 737 2744 804 divi?

1675 841 1824 894 dant.

2059 929 2321 986 XXXVII.

1745 1021 1820 1076 De
1833 1021 2074 1076 adultera
2087 1040 2116 1076 α
2133 1033 2279 1094 patre
2301 1023 2638 1092 deprehensa.

1745 1132 1802 1189 Si
1829 1145 1983 1204 pater
2006 1134 2424 1203 deprehenderit
2465 1133 2630 1188 ﬁliam
2660 1134 2716 1190 in

1673 1226 1943 1282 adulterio
1968 1226 2020 1282 in
2045 1228 2202 1282 domo
2227 1241 2326 1282 sua
2353 1241 2450 1284 seu
2481 1227 2534 1282 in
2556 1228 2715 1282 domc

1675 1319 1857 1388 generi
1911 1320 2016 1384 sui,
2065 1319 2202 1374 bene
2243 1319 2430 1374 licebit
2477 1319 2526 1374 ei
2565 1337 2712 1388 aure,

1677 1413 1817 1486 [lege
1847 1412 2248 1486 forsanjoccire]
2289 1415 2538 1470 occidere
2565 1415 2716 1470 adul-

1675 1515 1877 1560 terum.

2055 1596 2340 1655 XXXVIII.

1677 1689 1753 1744 De
1772 1688 1810 1743 Ι
1812 1698 1954 1756 actu,
1975 1689 2109 1744 velut
2128 1690 2194 1746 ad
2221 1689 2402 1760 Legem
2431 1689 2718 1748 Rhodiam.

1748 1779 1802 1836 Si
1833 1781 1958 1850 quis
1991 1796 2055 1834 en
2081 1781 2364 1848 puissutted
2395 1781 2626 1837 alterum
2647 1783 2718 1838 sit

1675 1874 1890 1930 occisus
1919 1881 2014 1926 aut
2041 1887 2140 1941 per
2169 1872 2587 1928 utan/rabiement
2611 1874 2717 1930 eir-

1677 1966 1812 2032 sille,
1844 1979 1945 2036 ego
1995 1963 2182 2031 iecero
2225 1978 2312 2018 res
2343 1971 2466 2020 tuas
2496 1964 2568 2020 de
2592 1965 2718 2020 navi

1678 2055 1748 2114 ob
1770 2063 1970 2110 metum
1985 2053 2196 2118 mortis,
2227 2052 2409 2109 deboc
2439 2067 2544 2108 non
2567 2063 2720 2122 poles

1681 2157 1768 2197 me
1811 2140 2168 2210 implacitarc.
2211 2135 2354 2196 Nam
2401 2141 2528 2198 licet
2565 2143 2720 2200 alteri

1683 2235 1936 2291 damnum
1969 2232 2168 2289 inferre
2211 2235 2282 2288 ob
2306 2234 2496 2289 mortis
2520 2244 2720 2290 metum

1681 2326 1894 2396 quando
1909 2326 2208 2394 periculum
2232 2325 2462 2381 evadere
2493 2340 2598 2380 non
2627 2340 2723 2396 po-

1685 2423 1810 2482 test,
1859 2423 1914 2468 et
1935 2415 1979 2469 si
2011 2417 2076 2470 de
2117 2415 2218 2472 huc
2251 2429 2338 2469 me
2367 2431 2558 2470 mesces
2579 2418 2720 2484 quod

1682 2502 1750 2556 ob
1795 2513 1996 2556 metum
2063 2502 2252 2556 mortis
2287 2501 2367 2554 uel
2394 2501 2547 2570 [cisse
2570 2501 2635 2556 de
2661 2519 2720 2558 co

1682 2591 1990 2658 mespriorai
2008 2601 2061 2644 et
2092 2606 2154 2644 ea
2179 2607 2298 2660 qum
2314 2591 2365 2644 in
2381 2591 2500 2645 navi
2517 2600 2722 2646 restant

1683 2685 1995 2741 dividantur
2029 2686 2081 2740 in
2115 2685 2388 2740 communi
2423 2685 2718 2740 secundum

1683 2776 1908 2844 Catalla,
1959 2784 2014 2832 et
2060 2777 2104 2832 si
2159 2776 2718 2846 quisjeceritCatalla

1685 2869 1839 2916 extra
1865 2860 2066 2926 mut-im,
2083 2862 2297 2931 quando
2309 2861 2602 2918 necessitas
2615 2877 2720 2918 non

1687 2955 1949 3024 exegerit,
1975 2969 2039 3010 ea
2063 2957 2330 3012 restituat.

2087 3047 2332 3102 XXXIX.

1760 3137 1836 3192 De
1853 3136 2066 3193 Iudicio
2081 3139 2132 3192 in
2155 3139 2352 3192 socium
2369 3139 2654 3194 absentem.

1761 3229 1878 3284 Duo
1907 3237 2036 3283 sunt
2087 3229 2378 3299 participes
2424 3227 2584 3280 unius
2611 3225 2729 3280 Cri-

1687 3321 1821 3387 chet,
1862 3331 1916 3376 et
1947 3335 2086 3376 unus
2116 3334 2306 3375 eorum
2357 3317 2727 3388 implacitatus

1687 3411 1851 3466 fuerit
1881 3414 2085 3480 absque
2113 3410 2302 3472 altero,
2327 3409 2419 3478 qui
2455 3407 2728 3478 negligen-

1692 3499 1762 3552 tia
1817 3515 1913 3554 sua
1963 3499 2180 3568 perdit;
2232 3511 2338 3552 non
2389 3496 2514 3550 inde
2569 3495 2730 3549 debet

1690 3588 1958 3660 damnum
1991 3589 2184 3644 cedere
2213 3587 2368 3642 alteri
2409 3585 2502 3655 qui
2534 3585 2731 3641 absens

1691 3685 1809 3741 fuit.
1829 3685 1962 3740 Nam
1993 3685 2133 3754 quod
2157 3683 2454 3754 judicatunt
2485 3688 2568 3735 est
2591 3679 2732 3734 inter

1692 3791 1787 3832 eos
1815 3792 1922 3831 non
1949 3774 2107 3829 debet
2157 3771 2512 3842 praeiudicare
2541 3770 2608 3826 iis
2637 3771 2731 3841 qui

1696 3872 1948 3927 absentes
1974 3869 2212 3924 fuerunt.

2166 3957 2274 4012 XL.

1693 4055 1772 4108 De
1789 4052 1988 4107 Relevio
1999 4067 2178 4106 eorum
2187 4050 2280 4172 (qui
2291 4058 2500 4102 ctteutes
2523 4061 2734 4101 censum

2085 4137 2182 4172 pen
2223 4129 2315 4172 ωτι
2329 4156 2344 4171 .

2085 4129 2344 4190 pendunt.

1763 4216 1962 4270 Eorum
1987 4213 2078 4283 qui
2097 4211 2342 4266 Fundam
2365 4225 2518 4264 suum
2552 4218 2736 4265 tenent

1694 4311 1760 4362 ad
1803 4309 2062 4370 Censum,
2114 4304 2187 4358 sit
2216 4312 2423 4357 rectum
2455 4299 2732 4355 Relevium

1703 4409 1902 4460 nutum
1918 4406 2176 4469 quantum
2191 4409 2387 4450 census
2399 4408 2609 4448 annuus
2629 4400 2732 4446 est.

2149 4557 2284 4613 XLI.

2039 4650 2115 4704 De
2144 4647 2392 4702 Judiciis.

1761 4737 1933 4794 Caute
1956 4737 2286 4808 prospiciunt
2310 4733 2347 4787 ii
2382 4733 2577 4803 quibus
2607 4747 2734 4786 cura

1697 4822 2168 4892 iucumbitjudicia
2191 4819 2396 4885 facere,
2427 4815 2737 4887 utjndicent

1695 4917 1770 4972 uti
1800 4923 1989 4985 petunt
2013 4912 2230 4982 quando
2254 4911 2436 4966 dicunt
2473 4925 2487 4963 :
2523 4910 2734 4963 Dimitte

1696 5011 1842 5064 nobis
1865 4993 2038 5062 debita
2061 5016 2262 5070 nostra,
2303 5015 2354 5059 et
2385 5003 2737 5074 prohibemus

1697 5121 1766 5160 ne
1797 5106 1957 5158 homo
1979 5103 2323 5158 Christianus
2353 5110 2510 5155 extra
2536 5110 2738 5154 terram

1700 5211 1806 5244 non
1853 5193 2052 5244 vendet.
2103 5209 2202 5244 neu
2247 5193 2513 5244 surrltelut
2541 5209 2606 5244 en
2635 5193 2740 5244 nai-

3705 339 3840 396 1513

3189 527 3428 588 XXXVI.

2857 656 2916 712 Si
2953 657 3074 728 quis
3104 659 3391 716 intestatus
3426 659 3656 728 obierit,
3679 659 3834 715 liberi

2785 743 2902 812 ejus
2959 747 3330 803 [nereditatem
3379 764 3446 804 ex
3489 763 3652 819 aequo
3696 749 3834 803 divi-

2785 833 2934 890 dettl.

3173 966 3430 1026 XXXVII.

2861 1130 2918 1186 Si
2947 1137 3102 1200 pater
3131 1129 3548 1200 deprehenderit
3593 1128 3760 1182 ﬁliam
3783 1129 3834 1181 in

2791 1218 3055 1274 adulterio
3094 1218 3148 1273 in
3179 1220 3339 1272 domo
3368 1233 3488 1280 sua,
3521 1232 3624 1270 Seu
3651 1217 3707 1270 in
3739 1218 3836 1268 do-

2789 1323 2876 1362 mo
2905 1308 3085 1378 generi
3112 1308 3218 1372 sui,
3241 1309 3380 1363 bene
3403 1307 3594 1363 licebit
3614 1305 3664 1361 ei
3689 1306 3838 1360 adul-

2791 1409 2962 1455 terum
2989 1401 3256 1455 occidere.

3167 1630 3432 1688 XXXVIII

2859 1787 2920 1843 Si
2959 1786 3083 1858 quis
3109 1787 3339 1842 alterum
3364 1784 3840 1854 impotionaveril.

2789 1881 3172 1944 interﬁciatur,
3223 1877 3308 1934 vel
3375 1887 3647 1948 perpetuo
3681 1876 3844 1930 exilio

2790 1978 3096 2034 damnetur.
3127 1975 3238 2045 Ego
3261 1971 3448 2041 jeccro
3475 1988 3568 2026 res
3603 1983 3731 2025 tuas
3755 1971 3844 2038 (de

2791 2067 2938 2140 navi)
2963 2067 3032 2121 ob
3057 2073 3258 2120 metum
3282 2064 3496 2126 mortis,
3522 2063 3592 2116 de
3621 2065 3842 2114 Itocmm

2791 2171 2946 2228 petes
3003 2170 3092 2210 me
3149 2152 3506 2223 implacitare.
3542 2150 3686 2204 Nam
3719 2151 3844 2204 licet

2793 2245 2946 2301 alteri
2995 2245 3252 2300 damnum
3291 2240 3498 2296 inferre
3543 2242 3618 2296 ob
3651 2241 3844 2296 mortis

2792 2350 3020 2405 metum,
3075 2337 3292 2408 quando
3340 2336 3504 2390 aliter
3537 2336 3842 2405 periculum

2791 2432 2951 2486 vitari
3006 2445 3111 2485 non
3166 2437 3361 2498 pelest.
3409 2425 3480 2481 Et
3533 2425 3579 2481 si
3635 2426 3704 2480 de
3745 2428 3844 2480 hoc

2791 2522 3127 2592 probaveris,
3149 2519 3293 2590 quod
3317 2519 3387 2574 ob
3413 2525 3626 2572 metum
3655 2517 3846 2572 mortis

2795 2611 2846 2668 id
2908 2627 3014 2666 non
3073 2609 3314 2674 fecerim,
3351 2608 3418 2662 de
3449 2607 3554 2662 hoc
3587 2623 3682 2662 me
3713 2608 3842 2661 mis-

2793 2703 3134 2774 prendcrem,
3167 2708 3222 2754 et
3249 2713 3312 2754 ea
3335 2713 3455 2766 qua:
3481 2697 3538 2752 in
3575 2697 3706 2752 navi
3759 2713 3841 2752 re-

2795 2800 3038 2856 manent,
3093 2790 3402 2845 dividantur
3448 2787 3502 2842 in
3561 2788 3842 2842 communi

2795 2882 3090 2938 secundum
3111 2879 3312 2936 Catulla
3329 2895 3342 2932 :
3361 2877 3427 2933 Et
3445 2879 3490 2934 si
3503 2878 3636 2944 quis
3651 2877 3850 2946 iecerit

2795 2971 3002 3029 Catalla
3015 2980 3171 3026 extra
3199 2969 3406 3034 navim,
3431 2967 3577 3022 nulla
3596 2970 3852 3039 exigente

2799 3061 3142 3128 necessitate,
3179 3075 3244 3116 ea
3275 3059 3549 3114 restituet.

3194 3149 3336 3204 XXX
3347 3147 3436 3202 IX.

2872 3224 2991 3280 Duo
3039 3229 3166 3278 sunt
3208 3221 3507 3291 participes
3545 3220 3715 3273 unius
3737 3218 3850 3273 Cri~

2798 3315 2966 3381 eheti,
2991 3325 3048 3370 et
3068 3327 3206 3368 unus
3255 3326 3444 3366 eorum
3475 3310 3850 3380 implacitatur

2800 3405 3002 3474 absque
3022 3404 3212 3474 altero,
3243 3409 3298 3456 et
3330 3417 3426 3470 per
3452 3400 3846 3472 negligentiam

2800 3473 2954 3550 suam
2977 3473 3178 3566 perdit,
3209 3506 3316 3546 non
3359 3490 3524 3545 debet
3561 3497 3850 3559 prepterea

2801 3591 2938 3647 alter
2959 3589 3203 3660 perdere,
3219 3587 3310 3657 qui
3331 3600 3580 3654 praesens
3595 3600 3706 3638 non
3725 3582 3848 3636 fuit:

2802 3698 2928 3738 nam
2950 3695 3037 3736 res
3062 3680 3201 3734 inter
3237 3693 3334 3733 eos
3351 3677 3602 3746 judicata
3637 3691 3746 3729 non
3775 3673 3852 3726 t'o-

2804 3773 3086 3846 risjudieat
3125 3772 3263 3828 alios
3289 3770 3382 3842 qui
3423 3778 3730 3840 prmsentes
3753 3781 3852 3822 non

2805 3863 3042 3919 fuerunt.

3269 3991 3383 4048 XL.

2879 4189 3077 4244 Eorum
3119 4184 3208 4254 qui
3242 4191 3430 4238 tenent
3472 4193 3684 4237 terram
3709 4198 3853 4235 suum

2809 4278 2874 4352 ad
2923 4291 3168 4339 censum,
3230 4274 3302 4328 sit
3328 4281 3544 4326 rectum
3596 4271 3852 4326 rulerium

2811 4377 3021 4423 tantum
3063 4373 3324 4436 quantum
3382 4377 3602 4418 annuus
3666 4377 3856 4416 census

2812 4470 2915 4516 est.

3271 4583 3406 4639 XLI.

2883 4723 3054 4778 Caute
3111 4717 3471 4788 prospiciam,
3513 4729 3756 4784 quorum
3783 4719 3864 4767 est

2807 4817 3009 4888 judicia
3043 4815 3239 4878 facere,
3266 4823 3323 4865 ut
3353 4811 3626 4879 judicent,
3671 4823 3862 4878 quent-

2809 4911 3098 4964 admodum
3157 4905 3398 4974 capiunt,
3449 4915 3575 4955 cum
3632 4899 3866 4954 dicunt:

2811 5001 3027 5055 Dimitte
3083 4995 3228 5049 nobis
3253 5001 3470 5063 peccata
3507 5001 3716 5044 nostra.
3749 4989 3868 5044 Sta-

2815 5094 3018 5147 tuimus
3076 5089 3242 5157 igitur
3291 5099 3358 5137 ne
3407 5083 3533 5150 quis
3585 5081 3868 5134 hominem

2814 5179 3184 5236 Christianum
3224 5182 3378 5228 extra
3411 5181 3618 5226 terram
3649 5170 3868 5231 vendat,
