4040 5314
191 236 330 292 4313

193 365 278 424 ge,
329 366 358 402 ι’
383 361 475 417 per
499 341 662 402 aveir,
707 337 802 392 scit
867 349 928 388 eu
962 331 1238 400 {orsauure

193 415 318 514 ξαι.⁹
335 415 616 503 formetur]
633 431 680 484 le
705 427 796 482 Rei
819 426 884 479 de
901 422 980 477 εει.
999 419 1134 514 ιοιριἶ
1155 415 1240 470 s'il

193 507 261 586 in
287 537 374 594 pot
403 525 568 580 aleier
593 520 682 591 qui
707 517 826 588 plus
849 514 982 568 dreit
1006 507 1240 581 [ait[_al.,

195 617 356 690 fairc]
379 615 460 672 uel
487 623 600 669 sont
631 609 751 682 [al.,
776 603 922 676 soul]
945 604 988 658 si
1009 601 1164 672 perde
1184 613 1244 652 sa

195 710 482 788 frauchise,
513 705 557 759 si
587 703 638 756 al
665 699 756 754 Rei
781 695 862 751 uel
885 703 972 763 pot
999 689 1239 744 rachaler

195 781 230 861 it
256 821 353 860 son
383 801 594 874 plaisir.
625 795 670 849 Ε
693 793 776 848 s‘il
805 799 878 844 est
903 803 966 842 en
993 781 1237 847 Denelae,

195 897 294 950 scit
327 891 510 962 forfait
558 887 622 942 de
662 881 885 944 Laxlite,
911 877 956 932 si
983 875 1150 930 alaier
1179 888 1242 926 ne

200 1002 256 1042 se
284 993 393 1052 pot,
419 981 510 1051 qui
539 979 576 1032 il
598 975 733 1030 nisls
780 973 914 1043 [nire
945 985 1008 1022 ne
1041 967 1162 1020 solt.
1197 962 1244 1016 Ε

199 1071 290 1142 qui
309 1069 474 1122 dreite
497 1065 586 1126 lci,
614 1071 661 1116 et
693 1060 856 1113 ἀνήιε
872 1055 1140 1126 jugemeut
1165 1067 1240 1104 re-

201 1137 440 1228 j’userad,
500 1149 596 1204 scit
645 1145 1046 1228 forfaitienvers
1076 1137 1244 1192 celilsi

203 1227 338 1293 dreil
363 1253 422 1302 eo
449 1243 530 1290 est
555 1249 586 1286 a
615 1231 776 1292 aveir,
810 1227 856 1282 si
879 1242 938 1292 co
967 1233 1042 1279 est
1071 1237 1248 1278 euvers

205 1327 246 1380 li
289 1325 404 1390 Rei,
461 1321 534 1392 ej.
564 1321 750 1390 liores;
797 1317 842 1371 si
883 1330 944 1380 eo
969 1320 1044 1368 est
1069 1325 1248 1366 envers

205 1425 380 1482 caute,
429 1412 505 1468 xl.
563 1410 668 1466 sols
701 1407 788 1464 :si
813 1423 872 1471 eo
907 1413 982 1459 est
1008 1420 1072 1458 en
1099 1401 1250 1456 Hun-

207 1506 358 1571 dred,
383 1519 513 1560 ππ.
538 1501 668 1556 sals.
695 1497 744 1553 E
771 1511 946 1552 enccrs
969 1510 1084 1548 lous
1109 1494 1250 1546 icons

211 1596 287 1670 [al
294 1633 334 1663 .,
351 1593 518 1666 iceus]
543 1592 593 1646 lti
615 1599 730 1644 cur!
743 1599 832 1643 unt
845 1603 906 1642 eu
929 1583 1250 1655 Englelerre,

211 1703 270 1753 9ο
291 1695 366 1740 est
395 1683 448 1738 al
473 1683 586 1738 solz
607 1679 840 1751 Engleis.
871 1676 919 1730 Ε
941 1693 1006 1730 en
1027 1672 1252 1730 Denelae

211 1776 298 1845 qui
329 1773 462 1828 dreit
508 1771 778 1842 jugemeut
831 1763 1122 1834 refuserad,
1149 1761 1252 1816 sail

211 1881 274 1919 cn
314 1863 368 1918 la
399 1862 588 1916 mercis
647 1859 712 1912 de
739 1855 941 1910 Laxlite
963 1871 980 1920 ,'
1005 1870 1032 1906 e
1057 1869 1118 1906 ne
1137 1851 1254 1921 [ace

213 1963 311 2012 bon
337 1955 460 2030 [al.,
484 1952 616 2025 I‘uu]
638 1952 833 2023 plainte
855 1967 888 2004 α
911 1947 1002 2002 Rei
1027 1945 1152 2000 d‘ici
1166 1946 1256 2016 qui

213 2049 321 2103 l'tm
380 2048 416 2102 li
446 2048 541 2102 seit
572 2046 636 2099 de
687 2043 804 2114 [uili
841 2039 888 2095 el
919 2037 1199 2106 Ilundrcd,
1222 2053 1250 2090 υ

211 2135 260 2188 el
286 2133 468 2188 Conté.

657 2457 812 2516 XLII.

297 2683 378 2740 Ne
405 2699 592 2755 prenge
614 2683 738 2737 Itum
759 2696 880 2734 nam
903 2677 996 2732 mil
1010 2676 1132 2749 [al.,
1161 2673 1256 2729 u’il

221 2782 300 2837 vel
344 2779 456 2852 nul]
488 2795 550 2834 eu
583 2777 746 2834 Caute
775 2793 840 2830 ne
876 2776 940 2828 de
979 2775 1110 2842 fors.
1137 2771 1262 2825 d'ici

221 2874 352 2945 qu‘il
399 2875 472 2927 ait
529 2883 632 2926 tres
665 2855 767 2940 fois
814 2869 1039 2924 demand
1065 2865 1266 2921 dreitel

227 2958 589 3014 Iluiidredvel
611 2957 774 3011 Conlé
797 2973 814 3011 :
841 2973 868 3010 ε
893 2954 976 3008 s‘il
1001 2972 1032 3008 α
1061 2955 1116 3006 la
1144 2954 1266 3008 tiers

224 3050 326 3119 ῥέε
354 3067 416 3103 ne
443 3060 528 3118 pot
559 3047 690 3101 dreit
717 3048 878 3110 areir,
901 3045 972 3100 alt
1004 3044 1057 3098 al
1081 3043 1267 3106 Couté,

223 3157 253 3194 ε
281 3140 328 3194 le
349 3139 510 3193 Conté
533 3137 634 3192 l‘cn
662 3155 694 3190 a
715 3147 819 3190 sete
845 3135 966 3208 [al.,
999 3132 1200 3203 aestiuo]
1223 3131 1269 3186 le

223 3239 378 3301 φησι
427 3229 556 3298 jura
609 3245 622 3281 :
666 3245 694 3281 ε
723 3245 777 3280 se
807 3226 892 3280 cili
922 3226 986 3279 de
1015 3225 1110 3294 [ait
1142 3222 1265 3295 [al.,

227 3317 432 3387 ilclattl]
485 3318 550 3370 (le
597 3315 648 3368 lii
699 3317 738 3368 il
787 3333 842 3370 se
891 3314 1100 3376 claime,
1139 3313 1270 3365 (luut

225 3430 414 3484 preugc
435 3412 598 3482 congii
625 3409 714 3479 qui
735 3405 774 3460 il
801 3422 954 3472 pusse
976 3421 1095 3457 nam
1117 3418 1273 3469 pren-

229 3509 319 3564 ιιι-ε
339 3525 440 3580 pur
471 3507 517 3561 le
542 3522 639 3559 son
667 3503 775 3556 lum
799 3518 824 3554 ε
850 3498 984 3571 pref.

670 3717 845 3776 XLIII.

307 3914 390 3970 Ne
433 3909 528 3966 nu!
565 3909 720 3962 arltat
760 3906 808 3960 le
849 3902 1060 3959 railian.‘
1109 3901 1171 3955 de
1209 3901 1278 3958 iv.

238 4005 362 4059 den.
407 4005 472 4056 de
505 4010 664 4064 mort,
707 3999 799 4068 vii,
834 4011 957 4052 satis
990 3991 1284 4047 testimonia

240 4096 312 4150 ad
363 4097 430 4150 iv.
489 4094 718 4146 homines
747 4129 762 4154 ,
799 4105 826 4142 υ
872 4085 936 4140 de
979 4091 1096 4138 burt
1141 4080 1280 4152 ιρι..

241 4184 404 4256 burg]
435 4201 462 4238 υ
485 4183 548 4236 de
579 4180 674 4234 uile
696 4196 716 4233 :
744 4195 784 4232 ες
819 4177 865 4230 le
895 4173 1019 4248 [al.,
1047 4171 1128 4243 se]
1157 4172 1284 4224 l’imi

243 4275 292 4331 le
327 4275 600 4342 chalange,
631 4287 657 4324 ε
702 4268 739 4322 il
769 4278 910 4332 aeut,
937 4266 1010 4336 ait
1059 4261 1288 4318 testimo-

249 4364 367 4424 uic;
397 4362 440 4413 si
470 4358 591 4412 n‘ad
617 4356 960 4415 nulvvarant,
985 4349 1142 4404 renda
1163 4347 1288 4400 l‘uut

247 4455 300 4507 al
324 4469 394 4506 un
419 4451 544 4524 [atq
573 4447 694 4519 um}
723 4463 816 4500 son
842 4440 1032 4505 cltatel,
1061 4456 1087 4494 e
1111 4438 1157 4492 le
1187 4438 1296 4506 for-

248 4546 347 4614 {m‘t
384 4543 456 4596 ait
497 4539 569 4592 lii
601 4555 724 4592 river
756 4535 800 4589 le
829 4535 932 4588 dcit
959 4546 978 4584 :
1017 4548 1043 4586 e
1066 4531 1111 4584 si
1147 4527 1294 4582 testi-

247 4636 422 4692 mouie
469 4634 562 4696 ad,
601 4633 646 4686 si
693 4647 811 4684 eum
855 4643 986 4682 uous
1041 4625 1143 4678 eois
1168 4621 1290 4694 [al.,

248 4718 430 4793 devia]
459 4721 678 4774 destines
712 4715 836 4785 lat,
863 4709 1134 4781 desures],
1161 4715 1292 4763 voesl

251 4814 376 4886 [al.,
409 4825 473 4878 eo
501 4808 606 4878 est!
658 4807 728 4859 les
758 4807 880 4858 treis
909 4805 1038 4874 [oiz,
1078 4809 1126 4855 et
1165 4816 1198 4854 a
1240 4798 1292 4851 la

247 4913 402 4976 quart
433 4901 536 4970 {eis
557 4899 606 4952 le
635 4897 888 4964 tlcraiue',
925 4912 952 4950 υ
980 4893 1016 4946 il
1044 4891 1090 4946 le
1115 4889 1288 4945 renda.

677 5151 858 5214 XLIV.

1591 199 1828 258 LEGES.
2125 269 2128 272 _

1313 317 1600 374 rislactura
1631 312 1794 382 Regis
1813 309 1878 364 de
1907 303 1982 361 xl.
2013 302 2216 360 solidis.
2250 296 2348 356 S‘il

1317 425 1378 462 ne
1403 417 1490 478 pot
1512 405 1674 460 aleier
1709 405 1852 470 quod
1873 398 1992 468 plus
2017 394 2148 452 recti
2175 393 2352 447 facere

1317 499 1400 552 uel
1419 505 1534 550 sont
1561 493 1606 548 si
1643 491 1799 561 perde
1823 506 1882 543 sa
1911 485 2200 540 Frauchise
2223 483 2269 537 si
2299 481 2351 534 al

1321 585 1411 640 Iiei
1449 583 1532 638 uel
1582 591 1668 650 pot
1699 579 1937 632 recitator
1976 593 2000 630 s
2027 591 2124 629 son
2145 571 2350 644 plaisir.

1313 677 1380 732 Et
1401 676 1446 732 si
1475 675 1544 730 sit
1572 674 1624 728 in
1668 671 1941 725 Danorum
1985 665 2130 734 Lege
2157 665 2226 718 sit
2253 661 2356 718 Fo-

1318 760 1610 818 risl‘actura
1640 756 1708 812 de
1744 753 1984 809 Lahslite
2011 751 2076 804 sil
2099 749 2270 803 ulaier
2294 763 2356 800 ne

1314 871 1368 910 se
1396 861 1482 924 pot
1511 848 1656 921 quod
1684 845 1878 902 melius
1901 843 2080 896 facere
2118 855 2224 894 non
2257 839 2354 892 solt

1317 957 1373 1004 et
1419 947 1564 1018 quod
1615 953 1820 1000 rectam
1871 939 2042 1009 legem
2073 943 2354 990 ctrectum

1313 1039 1574 1110 judicium
1615 1032 1969 1096 recusaverit,
2015 1033 2088 1084 sit
2118 1025 2356 1082 Forisl’a-

1317 1140 1474 1185 ctura
1493 1141 1619 1198 erga
1649 1125 1800 1178 illum
1839 1121 1924 1178 cui
1953 1120 2041 1190 jus
2063 1119 2168 1173 hoc
2195 1115 2356 1186 perti-

1321 1219 1532 1285 nuerit;
1559 1218 1602 1273 si
1635 1217 1706 1272 sit
1721 1213 2062 1286 ergaRegcm
2093 1211 2166 1281 vj.
2183 1209 2358 1274 librte,

1321 1311 1366 1368 si
1397 1312 1470 1365 sit
1519 1325 1646 1380 erga
1675 1309 1940 1363 Comitem
1989 1305 2067 1360 xl.
2097 1303 2276 1368 solidi,
2314 1302 2360 1356 si

1319 1397 1392 1452 sit
1413 1395 1466 1450 in
1487 1394 1782 1450 Iitiudredo
1805 1408 1935 1446 nx.
1959 1389 2138 1456 solidi,
2161 1398 2216 1444 et
2233 1402 2360 1456 erga

1320 1487 1556 1542 omuesi
1595 1501 1722 1540 cons
1757 1484 1850 1555 qui
1883 1483 2106 1540 Curiam
2159 1479 2364 1535 habent

1323 1580 1378 1635 in
1431 1578 1622 1649 Anglia
1671 1593 1732 1631 co
1751 1577 1820 1632 cit
1857 1577 1925 1630 ad
1959 1573 2162 1629 solidos
2181 1572 2365 1642 Angli-

1323 1685 1506 1728 canos.
1527 1670 1583 1724 In
1608 1669 1878 1723 Danorum
1893 1665 2027 1736 Lege
2049 1666 2140 1735 qui
2155 1671 2364 1720 rectum

1318 1761 1582 1830 judicium
1623 1759 1978 1823 recusaverit,
2010 1758 2083 1812 sit
2103 1757 2152 1810 is
2180 1757 2236 1811 in
2259 1755 2366 1810 mi-

1325 1853 1624 1908 sericordia
1645 1854 1712 1908 de
1733 1867 1832 1907 suo
1857 1851 2091 1906 Lahstite
2114 1863 2215 1904 nec
2228 1850 2368 1906 bene

1329 1943 1498 1998 faciat
1522 1944 1800 2012 querelam
1833 1941 1962 2012 Regi
1996 1942 2062 1996 de
2089 1940 2194 1995 hoc
2223 1939 2367 2009 quod

1329 2037 1451 2106 quis
1505 2035 1556 2089 ei
1579 2033 1840 2090 defecerit
1879 2033 1932 2088 in
1959 2031 2254 2087 Hundredo
2276 2037 2372 2084 aut

1327 2128 1382 2184 iu
1407 2127 1696 2184 Comitatu.

1775 2422 1932 2478 XLII.

1333 2517 1412 2573 De
1437 2515 1685 2588 Pignore,
1717 2516 1856 2588 quod
1885 2512 2134 2588 Namium
2161 2521 2369 2580 vocant,

1719 2584 1993 2654 capiendo.

1403 2679 1518 2734 Non
1538 2680 1716 2749 capiat
1741 2676 1863 2748 quis
1883 2673 2134 2729 Namium
2158 2672 2374 2741 aliquod

1335 2789 1388 2826 In
1437 2771 1707 2826 Comitatu
1765 2783 1866 2822 nec
1917 2781 2012 2837 per
2041 2765 2150 2819 vim
2206 2779 2376 2834 usque

1338 2863 1466 2918 dum
1518 2871 1604 2918 ter
1633 2871 1838 2914 rectum
1895 2857 2112 2927 petierit
2145 2855 2198 2909 iu
2228 2854 2378 2909 Iluu-

1340 2952 1508 3008 dredo
1559 2959 1650 3004 aut
1712 2951 1766 3002 iu
1806 2946 2100 3009 Comitatu,
2154 2943 2282 2998 etsi
2311 2943 2380 2998 ad

1345 3044 1558 3098 tertiam
1606 3043 1778 3094 vicem
1821 3046 2028 3092 rectum
2075 3050 2178 3089 non
2206 3043 2381 3104 potest

1343 3133 1564 3194 habere,
1618 3139 1708 3182 eat
1752 3127 1818 3179 ad
1846 3125 2175 3179 Comitatum
2198 3129 2252 3174 et
2279 3119 2372 3175 Co-

1343 3221 1567 3276 mitatus
1588 3219 1832 3288 prmligat
1853 3214 1902 3269 ei
1939 3213 2081 3266 diem
2118 3221 2376 3279 quartum

1341 3315 1396 3361 et
1443 3305 1488 3360 si
1514 3306 1601 3358 cili
1651 3303 1714 3356 de
1746 3301 1842 3370 {ait
1878 3299 1942 3352 de
1974 3296 2024 3349 Ιίὶ
2063 3295 2100 3348 il
2121 3313 2174 3348 se
2195 3295 2380 3348 claims

1344 3397 1844 3465 duntprcngeconge
1861 3387 2102 3458 utpossit
2134 3383 2378 3440 Nautium

1341 3497 1537 3554 capere
1561 3499 1660 3554 pur
1686 3481 1732 3534 le
1759 3495 1854 3533 son
1883 3477 1992 3531 lum
2019 3485 2064 3530 et
2085 3474 2229 3543 .pref.

1777 3659 1956 3716 XLIII.

1357 3755 1437 3810 Ne
1460 3754 1576 3828 quis
1633 3769 1737 3805 rem
1792 3749 2023 3816 aliquam
2081 3753 2220 3798 emat
2277 3742 2386 3796 sine

1761 3820 1974 3871 testibus

1761 3831 1974 3873 ῑεδιιυιω

1424 3915 1594 3970 Nemo
1625 3919 1769 3968 emat
1809 3915 2070 3978 quantum
2118 3903 2190 3958 iv.
2225 3903 2390 3956 dena-

3322 188 3460 248 13η

2422 299 2670 370 pecunia,
2721 298 2792 356 sit
2827 297 2880 354 in
2921 297 3264 354 forisl‘actura
3299 295 3462 365 Regis

2423 396 2489 450 de
2521 395 2594 448 xl.
2631 393 2836 457 solidis,
2867 391 2910 447 Si
2947 407 3057 447 non
3087 399 3266 462 potest
3295 405 3354 444 se
3379 389 3462 442 al-

2424 485 2628 556 lx‘giare
2678 486 2796 555 (seu
2844 482 3096 554 purgare)
3147 481 3292 550 quod
3344 479 3466 550 plus
3545 482 3556 494 ’·

2426 575 2559 630 recti
2591 573 2772 628 facere
2795 586 2902 628 non
2935 571 3116 636 scivit,
3159 569 3466 624 libertatem

2427 677 2578 719 suam
2609 661 2818 732 perdat,
2859 659 2964 716 nisi
2999 673 3118 714 eam
3145 672 3174 712 a
3207 655 3354 727 Rege
3379 671 3468 712 re-

2427 755 2634 810 dimere
2667 753 2908 824 poluerit
2931 753 2998 806 ad
3023 750 3142 819 ejus
3163 749 3471 816 bencplaci-

2431 857 2563 904 tum.
2607 849 2676 903 Et
2707 847 2750 902 si
2785 847 2855 902 sit
2895 845 2946 899 in
3008 845 3277 898 Dauorum
3303 841 3468 910 Lege.

2429 939 2500 994 sit
2525 937 2839 993 forisl‘actus
2886 935 2952 989 de
2975 931 3234 998 Lahslite,
3265 929 3311 985 si
3343 929 3474 985 alle-

2429 1028 2576 1100 giare
2627 1041 2686 1084 se
2715 1042 2822 1082 non
2861 1025 3052 1096 possit,
3085 1037 3145 1078 se
3171 1019 3363 1077 melius
3389 1017 3469 1074 fa-

2431 1139 2554 1181 cere
2594 1139 2702 1180 non
2751 1123 2998 1178 scivisse.
3050 1119 3118 1174 Et
3147 1118 3240 1188 qui
3267 1125 3474 1171 rectam

2433 1215 2603 1287 legem
2632 1224 2686 1271 ct
2729 1223 2939 1270 rectum
2965 1211 3228 1281 judicium
3255 1223 3474 1264 recusa-

2431 1309 2593 1374 verit,
2641 1308 2710 1364 sit
2758 1305 3071 1362 forisfactus
3097 1319 3222 1376 erga
3253 1319 3374 1358 eum
3405 1299 3475 1356 ad

2434 1411 2593 1470 quem
2640 1397 2729 1468 jus
2769 1400 2870 1454 hoc
2923 1395 3248 1467 pertinuerit
3287 1392 3378 1448 :si
3405 1392 3478 1447 sit

2435 1507 2562 1564 erga
2588 1491 2808 1564 Regem,
2839 1492 2910 1562 vj.
2945 1491 3117 1556 libris,
3146 1489 3192 1544 si
3220 1485 3479 1558 ergaCo-

2437 1585 2622 1640 mitem
2677 1583 2751 1639 xl.
2794 1584 2918 1638 libr.
2973 1581 3020 1636 si
3075 1581 3130 1634 in
3183 1575 3475 1632 Iqudredo

2437 1689 2568 1728 xxx.
2603 1673 2762 1729 solid.
2788 1681 2842 1726 et
2870 1686 2998 1742 erga
3021 1682 3210 1724 omnes
3233 1666 3352 1720 illos
3383 1663 3478 1735 qui

2438 1765 2658 1822 Curiam
2709 1765 2911 1820 habent
2961 1763 3017 1817 in
3063 1759 3274 1830 Anglia,
3306 1755 3357 1811 id
3397 1763 3481 1811 est

2439 1861 2508 1914 ad
2565 1857 2768 1914 solidos
2811 1855 3162 1926 Anglicanas.
3206 1851 3274 1906 Et
3295 1850 3349 1904 in
3379 1849 3481 1902 Da-

2441 1966 2638 2006 norum
2695 1949 2813 2018 lege
2860 1947 2950 2016 qui
2991 1939 3480 2012 rectumjudicium

2443 2039 2800 2103 recusaverit,
2831 2037 2902 2092 sit
2933 2037 2986 2090 in
3021 2031 3391 2088 misericordia
3417 2030 3483 2083 de

2445 2143 2545 2182 suo
2601 2126 2832 2192 Lahlite,
2889 2139 2990 2179 nec
3047 2119 3322 2192 querelam
3351 2117 3483 2186 Regi

2445 2217 2561 2281 ﬁat,
2595 2217 2662 2272 de
2709 2231 2776 2271 eo
2805 2215 2948 2285 quod
2978 2213 3100 2284 quis
3146 2211 3195 2266 ei
3225 2207 3488 2265 defecerit

2445 2309 2498 2366 in
2534 2307 2848 2375 Ilundredo,
2877 2321 2980 2362 uec
3007 2305 3060 2359 in
3087 2300 3375 2359 Comitatu.

2891 2477 3048 2538 XLII.

2515 2662 2688 2718 Nemo
2734 2657 2984 2714 Nautium
3019 2654 3194 2724 capiat
3223 2664 3397 2719 neque
3429 2649 3484 2704 in

2449 2752 2741 2814 Comitatu,
2767 2752 3104 2816 nequeextra
3123 2738 3490 2812 (Comitatum)

2453 2843 2625 2897 donec
2663 2847 2748 2893 ter
2773 2843 2980 2891 rectum
3009 2829 3228 2902 petierit
3250 2828 3305 2883 in
3343 2826 3494 2880 Ilun-

2453 2933 2644 2997 dredo,
2680 2928 2764 2984 vel
2805 2927 2857 2980 in
2893 2923 3168 2980 Comitatu
3199 2939 3214 2975 :
3245 2925 3303 2976 et
3347 2917 3392 2974 si
3423 2916 3492 2970 ad

2455 3025 2669 3080 tertiam
2707 3022 2882 3074 vicem
2924 3024 3130 3070 rectum
3177 3027 3283 3066 non
3315 3015 3496 3079 potest

2455 3115 2674 3174 habere,
2713 3117 2802 3162 eat
2831 3107 2898 3160 ad
2927 3104 3276 3165 Comitatum,
3309 3107 3364 3152 et
3389 3099 3494 3152 Co-

2451 3209 2672 3262 mitatus
2699 3203 2938 3271 assiguct
2959 3199 3008 3254 ei
3035 3199 3173 3253 diem
3199 3201 3494 3265 quartum;

2451 3306 2507 3352 et
2546 3290 2594 3350 si
2648 3295 2694 3348 is
2723 3290 2938 3347 deﬁciat
2961 3288 3028 3343 de
3055 3301 3162 3356 quo
3192 3299 3250 3340 se
3270 3283 3494 3350 clamat,

2459 3395 2586 3442 tunc
2629 3381 2940 3438 facultatem
2995 3375 3228 3446 accipiat
3255 3373 3498 3428 nantium

2457 3481 2705 3554 capiendi
2738 3494 2836 3550 pro
2871 3491 2967 3534 sua
3011 3472 3247 3528 utilitate
3288 3477 3344 3526 et
3370 3481 3498 3540 pro-

2459 3576 2618 3632 ﬁcuo.

2899 3697 3074 3757 XLIII.

2533 3882 2702 3938 Nemo
2731 3885 2878 3935 emat
2921 3879 3186 3944 quantum
3220 3869 3291 3923 iv.
3329 3865 3502 3922 deua-

1355 4007 1452 4062 riis
1465 4005 1794 4064 aestimatur;
1824 4013 1994 4067 neque
2014 3997 2079 4050 de
2099 4009 2158 4049 re
2178 4002 2391 4047 mortua
2464 3982 2562 4036 riis
2587 3977 2890 4032 :estimatur
2911 3981 3086 4036 neque
3103 3966 3169 4020 de
3195 3979 3254 4018 re
3273 3969 3512 4028 mortua,

1357 4111 1530 4166 neque
1563 4095 1628 4148 de
1685 4095 1830 4156 viva,
1885 4089 2088 4156 absque
2148 4083 2392 4138 testimo-
2467 4087 2644 4142 neque
2676 4069 2768 4126 .de
2811 4064 2953 4128 viva,
3009 4061 3214 4127 absque
3263 4052 3513 4107 testimo-

1357 4185 1450 4240 nio
1483 4185 1556 4239 iv.
1593 4181 1868 4238 hominum
1900 4186 1994 4231 aut
2017 4177 2082 4230 de
2111 4175 2280 4242 burgo
2305 4177 2416 4224 aut.
2469 4163 2561 4218 nio
2587 4163 2657 4215 iv.
2691 4155 2968 4213 hominum
2997 4157 3091 4204 aut
3117 4148 3184 4202 de
3204 4147 3394 4242 burgo,
3421 4149 3516 4194 aut

1361 4280 1428 4334 de
1451 4277 1576 4332 villa
1607 4293 1620 4329 :
1647 4283 1700 4328 et
1723 4273 1767 4327 si
1789 4271 1911 4341 quis
1937 4281 2052 4322 rem
2075 4231 2324 4318 vendicat
2345 4268 2400 4314 et
2473 4251 2540 4306 de
2567 4249 2695 4304 villa
2721 4266 2734 4302 :
2762 4255 2818 4300 et
2847 4243 2890 4299 si
2924 4241 3208 4302 clametur,
3235 4231 3436 4293 veniat.
3461 4239 3516 4284 et

3064 4329 3076 4341 .
3205 4325 3240 4341 ..
3315 4340 3320 4341 ,
3389 4320 3480 4341 ην,

1365 4369 1403 4422 il
1457 4375 1572 4420 vent
1630 4320 1823 4418 habeaI
1881 4351 2293 4414 testimonium;
2359 4344 2404 4401 si
2477 4343 2670 4398 habeat
2735 4345 2903 4392 testes
2955 4349 2970 4385 :
3032 4329 3080 4386 si
3129 4325 3333 4382 nullum
3389 4320 3518 4376 Wa-

1371 4459 1574 4515 nullum
1590 4449 2169 4510 habeatWarrantum,
2185 4452 2406 4508 respon-
2479 4447 2696 4490 rantum
2719 4433 2899 4494 habet,
2920 4425 3110 4483 reddat
3126 4424 3290 4476 homo
3311 4415 3516 4472 homini

1370 4555 1496 4608 deat
1545 4549 1700 4606 alteri
1741 4543 2006 4601 Catullum
2055 4551 2208 4593 suum
2239 4543 2292 4588 et
2321 4531 2404 4586 io-
2482 4547 2637 4587 suum
2683 4526 2970 4587 Catallum,
3018 4527 3073 4574 et
3119 4512 3524 4572 forisl’acturam

1367 4639 1714 4694 risl‘acturam
1768 4629 1998 4692 habeat,
2049 4625 2140 4695 qui
2205 4620 2407 4677 habere
2481 4629 2683 4683 habeat
2741 4623 2834 4692 qui
2893 4620 2958 4672 ha

1946 4635 1998 4692 ιν
2049 4625 2140 4695 ίιιιί
2205 4620 2407 4677 habere
2481 4629 2683 4683 habeat
2741 4623 2834 4692 qui
2893 4617 3093 4672 habere
3135 4609 3334 4664 debet:
3384 4614 3441 4658 ct
3479 4603 3534 4658 si

1365 4737 1548 4802 debet,
1575 4733 1700 4790 etsi
1736 4725 2098 4784 testimonium
2131 4721 2325 4775 habeat
2351 4723 2410 4768 ut
2486 4725 2656 4773 testes
2695 4712 2918 4774 haheat,
2961 4703 3038 4759 uti
3073 4701 3304 4756 diximus
3337 4705 3540 4762 supra,
3603 4767 3606 4770 ῃ

1359 4821 1470 4892 jam
1519 4821 1776 4881 diximus,
1817 4823 1954 4868 voest
1991 4811 2162 4866 tribus
2201 4805 2412 4861 vicibus
2489 4817 2709 4871 seu-lcet
2735 4811 2912 4865 uibus
2941 4799 3171 4862 vicibus,
3200 4801 3254 4849 et
3276 4793 3342 4845 ad
3365 4801 3556 4857 quar—

1364 4914 1482 4970 vice
1548 4919 1741 4989 quarta
1803 4906 1850 4960 le
1899 4905 2124 4959 deremet
2182 4907 2229 4954 et
2277 4893 2315 4948 il
2365 4892 2414 4945 le
2492 4921 2620 4969 tam
2662 4911 2842 4964 “cem
2890 4915 3012 4960 eum
3059 4892 3401 4952 dismuonel’
3457 4885 3588 4942 ve‘

1359 5013 1555 5072 rende.
2491 5020 2628 5062 rem
2657 5003 2866 5060 reddat.

2949 5123 3112 5186 XLIV.

2581 5276 2706 5314 Nnn
2751 5273 2968 5314 νῑιιιιιιη-
3033 5250 3224 5314 rationi
3271 5241 3614 5298 consenta-
