4040 5314
501 251 635 309 1515

500 383 550 421 ιε
576 376 736 421 terme
774 366 840 422 de
864 368 936 438 vj.
962 369 1113 427 meis.
1150 382 1299 422 aures
1343 382 1400 433 eo
1443 366 1533 435 qui

500 455 682 511 l'aveir
706 455 766 526 fu
793 457 978 512 emole.

940 665 1100 722 XLV.

575 793 701 848 Eat
754 793 993 866 [al.,cil]
1021 796 1109 866 qui
1163 805 1238 851 est
1290 796 1451 863 redte,
1508 813 1537 852 e

502 884 810 939 testimoniet
866 887 929 939 de
974 885 1166 949 leauté,
1213 895 1259 940 et
1309 886 1357 939 le
1406 886 1537 955 plail

501 985 612 1029 tres
657 975 765 1043 [οἰδ
803 976 1027 1042 eschuit,
1067 993 1094 1030 e
1132 978 1184 1031 al
1220 987 1374 1046 quarl
1416 993 1535 1032 mu-

499 1074 660 1119 strent
691 1064 729 1117 li
755 1081 1040 1121 sumenour
1075 1067 1139 1121 de
1168 1084 1248 1122 ses
1287 1068 1410 1121 treis
1438 1068 1533 1122 de-

499 1162 695 1232 fautes,
718 1178 909 1215 uncore
929 1161 977 1215 le
1003 1162 1193 1216 mande
1231 1162 1356 1215 l’um
1380 1163 1469 1231 qui
1496 1161 1535 1216 il

499 1249 642 1319 plege
688 1260 829 1304 truse
869 1249 991 1322 [al.,
1016 1248 1215 1321 truve],
1246 1267 1274 1304 e
1301 1251 1475 1322 vieuge
1502 1268 1536 1305 α

503 1356 535 1391 a
571 1340 801 1393 dreit:e
850 1339 934 1394 s‘il
965 1356 1028 1394 ne
1076 1340 1201 1406 volt,
1251 1341 1297 1395 si
1352 1358 1416 1395 ne
1458 1342 1534 1395 uit

501 1427 627 1481 l‘um
677 1429 756 1498 vif
796 1446 823 1483 υ
874 1438 1029 1495 mort,
1075 1431 1120 1483 si
1171 1447 1360 1501 prenge
1406 1430 1533 1485 l'um

501 1532 741 1585 quanque
777 1516 817 1568 il
861 1518 952 1581 ad,
981 1535 1008 1571 e
1038 1518 1084 1571 si
1120 1520 1276 1572 reude
1326 1518 1450 1571 l‘um
1480 1517 1533 1572 al

502 1605 822 1676 chalangeur
846 1623 944 1661 sun
972 1607 1161 1673 cliatel,
1195 1624 1222 1662 e
1247 1608 1285 1661 li
1312 1608 1430 1663 Sire
1458 1609 1533 1664 ait

502 1701 555 1755 la
586 1704 756 1769 meite,
779 1704 864 1757 del
892 1716 1186 1772 remanant,
1214 1716 1263 1760 et
1304 1706 1352 1761 le
1381 1706 1535 1761 Hun-

500 1799 630 1852 dred
689 1799 741 1853 la
796 1802 966 1855 mei-é.
1008 1800 1075 1854 Et
1123 1804 1169 1856 si
1215 1801 1307 1857 nul
1351 1813 1535 1873 parent

503 1897 661 1948 n‘ami
690 1907 817 1959 cette
837 1899 1027 1967 justise
1059 1901 1349 1970 deforeent,
1374 1902 1539 1956 scient

501 1982 681 2052 [orfeit
722 2001 899 2041 envers
953 1988 992 2041 li
1042 1989 1134 2043 Rei
1175 1991 1239 2044 de
1280 1990 1350 2060 vj.
1387 1989 1480 2044 lib.
1512 2006 1539 2043 e

504 2088 750 2148 quergent
767 2077 888 2150 [al.,
902 2077 1153 2149 querent]
1178 2078 1225 2133 le
1244 2078 1399 2132 larun
1422 2076 1537 2132 n‘en

509 2169 599 2237 qui
628 2172 799 2237 poesté
819 2167 857 2220 il
895 2168 988 2221 seit
1034 2170 1193 2232 trové,
1228 2168 1350 2221 n‘eit
1399 2165 1539 2221 Vua-

503 2264 621 2305 runt
644 2255 707 2306 de
731 2270 789 2307 sa
820 2253 912 2316 vie,
943 2268 1005 2305 ne
1028 2268 1120 2323 per
1141 2251 1384 2321 defensed
1406 2250 1537 2321 pluit

502 2343 627 2396 u‘ait
656 2359 761 2398 mes
790 2357 1043 2410 recourer.

930 2661 1112 2718 XLVI.

580 2814 656 2884 (ὃ)
697 2814 807 2868 Nul
846 2830 907 2867 ne
934 2814 1090 2867 receit
1125 2813 1246 2864 hom
1275 2811 1409 2863 ultre
1453 2808 1537 2879 iij.

507 2907 650 2968 uuis,
698 2907 742 2957 si
773 2903 832 2955 til
864 2901 989 2973 [al.,
1029 2899 1128 2971 cit]
1158 2916 1218 2953 ne
1244 2900 1279 2952 li
1317 2900 1538 2953 comaud

510 2996 575 3047 od
602 2995 687 3064 qui
714 2993 752 3047 il
783 2992 888 3062 {uel
914 2991 1039 3046 ani:
1074 2989 1194 3062 [al.,
1220 2987 1407 3061 venit].

928 3143 1130 3202 XLVII.

509 3302 513 3307 ’
585 3282 666 3337 Ne
695 3281 811 3336 nuls
860 3297 922 3335 ne
981 3280 1075 3334 (ait
1102 3296 1199 3334 sun
1240 3279 1364 3333 lium
1405 3277 1539 3332 deli

508 3366 696 3446 partir,
725 3372 842 3443 plus
866 3372 991 3443 qu‘il
1017 3380 1091 3426 est
1122 3374 1248 3425 rete.

915 3613 1139 3671 XLVIII.

583 3751 658 3824 (7)
678 3750 723 3805 E
750 3752 797 3805 ki
818 3750 972 3804 larun
994 3756 1251 3810 encontre,
1270 3760 1399 3799 san:
1420 3742 1543 3816 [al.,

513 3839 663 3911 satis]
701 3840 789 3909 qui
833 3854 866 3890 a
911 3836 1081 3889 ocieut
1108 3833 1145 3885 li
1185 3831 1271 3885 leit
1322 3829 1454 3895 aler,
1500 3830 1545 3882 si

513 3928 767 3982 l'amende
806 3943 839 3979 α
870 3924 922 3977 la
962 3922 1193 3978 vailance
1242 3920 1305 3973 de
1362 3919 1539 3981 larun,

513 4036 541 4072 υ
568 4036 621 4073 se
657 4019 924 4086 n'espurge
950 4030 1041 4083 per
1076 4012 1251 4081 plener
1283 4009 1350 4063 lei
1387 4010 1475 4080 qui
1505 4007 1541 4061 il

512 4107 663 4160 laron
692 4098 773 4159 uel
812 4112 946 4157 soul.
978 4099 1025 4153 E
1062 4099 1111 4153 Ιίὶ
1151 4098 1199 4154 le
1236 4099 1484 4179 criorat,
1516 4113 1543 4151 e

513 4217 744 4263 sursera.
782 4199 835 4252 la
882 4197 1077 4251 surcise
1120 4194 1157 4248 li
1200 4193 1295 4248 Rei
1332 4191 1538 4255 emend,

514 4307 542 4346 υ
570 4291 675 4345 s‘eu
706 4295 960 4359 espurget.

942 4524 1127 4583 XLII.

594 4663 638 4717 E
648 4665 871 4717 chascun
884 4659 1107 4715 Seniour
1120 4658 1185 4713 eit
1198 4672 1292 4712 son
1309 4652 1540 4717 Seriaut,

518 4770 547 4807 υ
567 4769 664 4806 sun
692 4751 854 4821 plege,
880 4751 932 4818 qi
958 4750 1002 4801 si
1036 4757 1116 4801 net
1147 4747 1251 4800 rete
1282 4742 1372 4814 qui
1398 4741 1471 4795 ait
1510 4756 1545 4793 a

520 4844 653 4897 dreit
682 4840 728 4897 el
757 4839 806 4894 Η
812 4839 1015 4893 uuam.

1690 249 2032 307 WILLELMI
2071 248 2594 321 CONQUES’IORIS

1604 372 1766 418 tenue
1800 366 1871 436 vj.
1912 366 2179 421 mensium
2215 375 2499 438 postquam
2534 382 2633 435 que

1592 449 1783 506 'I‘aveir
1806 468 1868 506 su
1893 452 2078 507 emble.

2041 600 2200 659 XLV.

1787 691 1860 747 De
1896 692 2204 749 Vadimonio
2235 694 2434 749 deserto

1676 799 1812 855 E-al
1846 805 1937 871 qui
1972 811 2046 856 est
2077 803 2219 856 redte
2255 816 2283 857 e
2326 802 2640 858 testimonie:

1605 893 1838 947 deleaule
1866 903 1913 946 et
1952 894 1999 947 le
2024 893 2152 963 plait
2179 894 2396 963 treafois
2434 894 2640 950 vicibus

1604 985 1803 1048 ese/iui,
1832 992 1886 1039 et
1908 984 1974 1037 ad
1996 993 2241 1053 quartam
2266 986 2438 1041 vicem
2460 995 2639 1040 osten-

1604 1069 1697 1124 dat
1730 1071 2086 1125 summonitor
2109 1071 2176 1126 de
2198 1072 2371 1126 tribus
2396 1071 2633 1138 defaltis,

1604 1163 1956 1219 nihilominus
1995 1164 2042 1218 le
2068 1165 2255 1218 mande
2294 1163 2403 1219 lum
2435 1174 2495 1220 ut
2523 1166 2638 1236 ple-

1605 1258 1750 1329 gium
1778 1257 2018 1313 inveniat
2043 1266 2099 1313 et
2131 1258 2317 1312 veniat
2342 1259 2406 1312 ad
2436 1257 2546 1327 jus,
2581 1268 2638 1314 et

1604 1354 1652 1409 si
1699 1353 1853 1418 nolit,
1897 1353 1942 1408 si
1988 1369 2095 1409 non
2129 1353 2326 1408 viderit
2362 1354 2637 1409 hominem

1604 1440 1786 1494 vivum
1812 1448 1906 1493 aut
1941 1449 2236 1505 mortuum,
2264 1440 2443 1509 capiat
2472 1456 2644 1511 quan-

1604 1540 1716 1588 tum
1757 1532 1917 1588 habet
1937 1541 1991 1587 et
2015 1534 2204 1588 reddat
2236 1535 2438 1604 petenti
2459 1521 2639 1589 catal-

1604 1620 1715 1675 lum
1738 1636 1892 1676 suum
1922 1633 1978 1676 et
2001 1622 2260 1678 Dominus
2296 1623 2495 1678 habeat
2528 1638 2642 1680 me-

1605 1712 1862 1765 dietatem
1906 1712 2129 1777 residui,
2184 1719 2239 1767 et
2290 1711 2639 1768 Hundredum

1606 1804 1971 1859 medietatem.
2034 1803 2103 1857 Et
2149 1802 2193 1857 si
2255 1818 2413 1857 nemo
2458 1812 2641 1874 parent

1612 1896 1754 1949 nami
1797 1905 1929 1949 ceste
1975 1894 2169 1964 justise
2206 1894 2469 1963 deforcent
2511 1895 2645 1949 seint

1612 1984 1789 2053 forfeit
1828 1999 2006 2037 envers
2046 1982 2094 2036 le
2132 1981 2226 2036 Rei
2267 1985 2331 2035 de
2372 1982 2441 2051 vj.
2475 1982 2567 2035 lib.
2598 1989 2646 2036 et

1609 2083 1855 2142 quergent
1895 2072 1945 2125 le
1986 2072 2143 2126 larun
2183 2088 2279 2127 neu
2308 2071 2360 2125 lci
2396 2083 2569 2143 poeste
2608 2070 2647 2125 il

1608 2163 1701 2216 seit
1742 2172 1899 2225 troue,
1932 2162 2035 2215 neit
2082 2160 2311 2215 Vvarant
2341 2161 2405 2215 de
2446 2178 2506 2214 sa
2547 2162 2646 2226 uie,

1610 2265 1672 2301 ne
1702 2265 1794 2316 per
1845 2248 2088 2319 defensed
2113 2248 2243 2319 pluit
2280 2249 2387 2303 nuit
2430 2265 2535 2305 mes
2566 2265 2648 2305 re-

1610 2350 1807 2389 covrer.

2040 2642 2224 2703 XLVI.

1915 2736 1986 2791 De
2021 2736 2345 2807 Hospitibus.

1682 2829 1850 2884 Nemo
1907 2829 2071 2907 alium
2134 2829 2357 2897 recipiet
2381 2826 2520 2882 ultra
2563 2826 2639 2897 iij.

1614 2929 1817 2985 noctes,
1847 2921 1891 2974 si
1922 2920 1982 2973 til
2012 2936 2073 2974 ne
2105 2919 2142 2973 li
2168 2918 2440 2974 command
2469 2918 2535 2972 od
2556 2919 2645 2989 qui

1611 3011 1716 3082 fust
1746 3012 1887 3065 anis.

2025 3100 2224 3159 XLVII.

1947 3191 2024 3246 De
2060 3190 2320 3246 Famulis.

1678 3280 1851 3337 Nemo
1868 3281 2141 3336 hominem
2160 3297 2312 3335 suum
2335 3296 2362 3333 a
2391 3296 2447 3335 se
2472 3281 2644 3335 disce-

1611 3374 1739 3429 dere
1792 3373 2031 3443 patiatur
2071 3379 2357 3442 postquam
2403 3380 2642 3427 rectatus

1608 3467 1791 3523 fuerit.

1687 3743 1756 3800 Et
1800 3743 1893 3815 qui
1947 3744 2236 3798 Latronem
2274 3758 2335 3795 en
2393 3751 2569 3795 contre
2618 3757 2647 3796 ε

1615 3851 1744 3889 snnz
1768 3834 1858 3904 qui
1886 3851 1918 3887 a
1945 3834 2113 3888 aciem
2158 3832 2195 3886 li
2236 3834 2323 3885 leit
2360 3832 2471 3885 aler
2506 3833 2550 3885 si
2591 3830 2643 3887 la

1615 3927 1766 3979 mem!
1796 3943 1828 3979 α
1865 3925 1917 3979 la
1957 3924 2183 3979 uaileuce
2220 3925 2282 3978 de
2310 3923 2486 3986 larim,
2526 3940 2554 3977 υ
2591 3941 2644 3978 se

1616 4014 1885 4084 n'espurge
1907 4030 1997 4083 per
2018 4011 2195 4083 plener
2216 4012 2282 4065 lei
2314 4013 2455 4079 quod
2483 4011 2645 4066 Latro

1615 4119 1720 4159 non
1751 4104 1823 4157 sit
1846 4119 1874 4157 e
1893 4102 1943 4156 Ιςὶ
1966 4102 2013 4157 le
2036 4103 2112 4156 cri
2135 4112 2250 4156 orat
2281 4118 2307 4155 e
2331 4118 2560 4166 sursera,
2594 4101 2648 4156 la

1614 4200 1809 4254 sursise
1851 4197 1890 4251 li
1929 4197 2027 4253 Rei
2066 4197 2279 4265 emend,
2328 4213 2396 4252 ou
2443 4213 2532 4252 seu
2571 4212 2650 4253 ειη

1615 4296 1817 4359 purget.

2042 4476 2231 4535 XLIX.

1921 4576 2346 4632 De......

1686 4668 1921 4738 Quilibet
1946 4668 2108 4727 etiam
2146 4666 2410 4722 Dominus
2451 4664 2647 4719 haheat

1614 4763 1936 4821 servientem
1952 4776 2103 4816 suum
2131 4758 2465 4828 autplegium
2491 4773 2645 4811 suum

1616 4856 1684 4898 m‘.
1727 4854 1770 4898 si
1816 4868 1923 4898 non
1953 4860 2188 4898 vectatus
2230 4849 2407 4898 fuerit.
2456 4850 2651 4898 haheat
2722 4863 2786 4898 ut.

3613 264 3743 320 £516

2709 366 2839 433 ciat,
2865 375 2993 423 ante
3015 369 3300 425 terminum
3333 371 3404 440 vj.
3444 377 3744 438 mensium.

2706 467 2991 526 postquam
3034 473 3121 516 res
3164 461 3342 517 ablata
3388 472 3451 518 et-
3482 465 3743 537 subrepta

2611 618 2614 621 _
2709 548 2830 605 fuit.

3139 683 3294 740 XLV.

2777 797 2870 854 Ille
2918 814 3048 856 vero
3101 817 3193 871 qui
3246 814 3484 861 rectatus
3525 814 3629 870 est,
3686 817 3746 862 et

2712 886 3077 942 testimonium
3104 887 3266 944 habet
3283 890 3349 945 de
3369 890 3665 962 Iegalitate,
3688 903 3748 948 et

2710 991 2793 1038 ter
2813 985 3070 1053 placitum
3094 986 3351 1056 deseruit,
3381 998 3437 1045 et
3459 991 3515 1045 in
3546 1003 3745 1050 quarta

2707 1078 2826 1133 vice
2866 1088 2978 1136 tres
3024 1082 3142 1137 eius
3186 1083 3412 1141 det‘altas
3448 1088 3746 1142 ostendunt

2706 1176 3120 1232 summonitores
3150 1194 3165 1230 :
3196 1180 3370 1236 adhuc
3395 1182 3466 1236 ab
3504 1198 3572 1238 eo
3600 1185 3745 1253 peti-

2710 1278 2814 1333 tur,
2862 1278 2923 1324 ut
2971 1271 3202 1342 plegium
3253 1274 3509 1332 inveniat.
3574 1288 3631 1335 et
3681 1278 3749 1333 ad

2711 1376 2918 1421 rectum
2947 1368 3132 1423 veniat
3162 1386 3175 1423 :
3201 1378 3256 1425 et
3283 1369 3328 1424 si
3354 1369 3511 1435 nolit,
3553 1369 3600 1424 si
3638 1384 3748 1424 non

2711 1460 2861 1517 visus
2909 1459 3075 1516 fuerit
3117 1463 3271 1519 vivus
3329 1475 3424 1519 aut
3472 1475 3747 1530 mortuus,

2712 1553 2956 1622 capiatur
2978 1554 3238 1623 quidquid
3263 1556 3443 1619 habet,
3472 1565 3531 1611 et
3554 1556 3752 1611 redda-

2715 1646 2801 1695 tur
2828 1640 3111 1698 cIamatori
3156 1659 3249 1699 seu
3290 1646 3510 1714 petenti,
3544 1656 3601 1699 et
3646 1647 3752 1701 Do-

2714 1730 2891 1786 minus
2921 1732 3119 1786 habeat
3144 1733 3487 1788 medietatem
3518 1735 3748 1801 residui,

2714 1830 2768 1876 et
2821 1821 3137 1878 Hundrcdus
3185 1826 3553 1879 medietatem.
3599 1822 3669 1880 Et
3708 1828 3753 1880 si

2716 1910 2895 1965 nullus
2945 1927 3142 1982 parens
3201 1913 3280 1969 vel
3333 1914 3541 1969 amicus
3611 1916 3755 1971 hanc

2712 2008 2975 2078 justitiam
3003 2012 3326 2079 deforciant,
3354 2012 3464 2066 sint
3486 2012 3755 2068 forisfacti

2718 2115 2845 2170 erga
2874 2100 3074 2172 Regem
3115 2103 3181 2157 de
3207 2103 3277 2171 vj.
3317 2103 3489 2169 libris,
3522 2113 3579 2158 et
3610 2120 3756 2175 qua:-

2719 2204 2844 2248 rant
2872 2195 3154 2261 latronem,
3188 2206 3241 2251 et
3274 2198 3329 2250 in
3368 2213 3757 2266 cujuscumque

2717 2288 2984 2351 potestate
3014 2283 3261 2339 inventus
3286 2283 3469 2349 fuerit,
3513 2298 3625 2339 non
3654 2285 3755 2339 lia-

2711 2368 3173 2428 beatWarantum
3221 2374 3287 2428 de
3329 2376 3438 2428 vita
3490 2390 3609 2440 sua,
3658 2391 3758 2430 nec

2711 2461 2878 2529 possit
2919 2462 2972 2515 in
3001 2474 3274 2533 posterum
3305 2480 3403 2534 pro
3435 2466 3760 2522 defensione

2719 2571 2816 2611 sua
2852 2555 3110 2627 placitum
3136 2573 3477 2630 recuperare.

3135 2694 3319 2751 XLVI.

2791 2805 2959 2864 Nemo
2994 2807 3154 2862 alium
3201 2809 3427 2879 recipiat
3474 2809 3623 2864 ultra
3672 2811 3751 2881 iij.

2716 2906 2921 2962 noctes,
2971 2898 3074 2953 nisi
3120 2898 3166 2954 is
3209 2898 3364 2954 aliter
3401 2898 3595 2968 iubeat
3624 2915 3750 2956 cum

2718 3003 2825 3060 quo
2856 2990 3020 3045 venit.

3130 3166 3330 3222 XLVII.

2785 3297 2951 3353 Nemo
2972 3301 3239 3356 hominem
3262 3318 3417 3357 suum
3441 3320 3471 3357 a
3504 3320 3565 3360 se
3586 3305 3759 3361 disce—

2714 3387 2841 3443 dere
2881 3391 3147 3459 patiatur,
3216 3407 3284 3449 ex
3352 3409 3462 3464 quo
3521 3406 3758 3453 metatus

2711 3478 2892 3536 fuerit.

3121 3610 3345 3672 XLVIII.

2787 3762 2854 3817 Et
2899 3763 2991 3834 qui
3042 3763 3096 3818 in
3147 3764 3440 3820 Latronem
3501 3766 3751 3831 incurrit,

2715 3865 2946 3919 eumque
3013 3851 3218 3905 salvum
3266 3856 3434 3921 gratis
3508 3855 3752 3919 dimittit,

2714 3941 2994 3995 emendam
3042 3942 3211 3996 solvat
3232 3946 3301 3996 ad
3359 3943 3599 3998 valorem
3656 3946 3755 3999 La-

2720 4034 2910 4098 tronis,
2952 4033 3035 4088 vel
3085 4048 3182 4102 per
3229 4034 3528 4104 plenariam
3584 4037 3753 4106 legem

2722 4142 2781 4182 se
2807 4138 3086 4200 expurget,
3127 4130 3269 4198 quod
3320 4129 3589 4186 latronem
3638 4146 3758 4187 esse

2724 4220 2971 4273 nescivit.
3000 4218 3065 4272 Et
3088 4221 3181 4288 qui
3217 4218 3511 4275 clamorem
3540 4222 3749 4286 audiet,

2726 4321 2782 4366 et
2811 4312 3199 4381 supersedebit,
3233 4315 3562 4384 supersisam
3596 4316 3760 4387 Regis

2728 4410 2997 4476 emendet,
3027 4410 3111 4465 vel
3139 4425 3198 4465 se
3225 4421 3511 4482 exourget.

3139 4544 3322 4601 XLIX.

2789 4678 3023 4747 Quilibet
3064 4680 3224 4733 etiam
3266 4681 3528 4738 Dominus
3559 4685 3764 4740 haheat

2718 4781 2873 4820 suum
2913 4766 3258 4829 servientem,
3320 4768 3396 4821 vel
3444 4782 3606 4822 suum
3650 4771 3766 4839 ple.

2794 4876 2862 4898 Im
2917 4876 3037 4898 num
3070 4877 3175 4898 mm
3204 4876 3246 4898 cl
3284 4870 3527 4898 ranlolnc
3552 4864 3738 4898 lingu-Ie
