4040 5314
521 335 657 392 1519

1668 307 2006 370 ιιτιιιιιειιιιι
2047 299 2566 371 CONQUESTORIS

3644 296 3785 352 {320

531 450 712 503 facere
735 450 1014 505 tenentur;
1059 449 1112 493 et
1143 443 1300 506 prout
1327 439 1587 488 statutum
1628 438 1709 482 est
1743 427 1821 479 eis
1852 433 1907 477 et
1938 421 2043 475 illis
2072 434 2104 473 a
2134 423 2175 480 Α
2209 416 2554 486 permittatur
2604 411 2705 467 nisi
2757 412 2810 466 in
2833 410 3149 506 civitatibus
3194 410 3345 506 regni
3355 413 3589 506 “nostri,
3621 425 3677 506 et
3728 413 3784 506 in

528 539 688 594 nobis
716 538 898 591 datum
931 541 984 586 et
1013 542 1324 586 concessmn
1349 525 1471 594 jure
1497 517 1840 574 hmreditario
1884 515 1937 568 in
1976 527 2098 582 per-

527 637 750 697 petuum
782 638 878 694 per
912 631 1195 676 commune
1224 613 1511 670 consilium
1542 609 1708 664 totius
1742 604 1892 674 regni
1931 602 2102 656 nostri

529 715 793 788 prmdicti.
1247 772 1380 829 LW.

975 858 1052 922 De
1085 867 1354 920 nocturnis
1377 860 1649 916 custodiis.

600 961 902 1018 Statuimus
929 959 1091 1012 etiam
1124 964 1179 1008 et
1204 953 1429 1007 ﬁrmiter
1462 948 1806 1020 praecipimus
1839 953 1896 999 ιιι
1917 957 2106 997 omnes

527 1055 792 1117 civitates,
819 1060 874 1106 et
899 1049 1072 1116 burgi,
1101 1057 1155 1100 et
1191 1045 1439 1107 castella,
1485 1051 1539 1095 ct
1573 1039 1841 1094 huntlredi
1893 1044 1945 1091 et
1989 1049 2104 1087 vva-

532 1143 851 1215 pentachia,
914 1141 1078 1195 totius
1144 1137 1295 1206 regni
1355 1133 1526 1188 nostri
1590 1129 1832 1202 priedicti
1884 1125 2108 1196 singulis

536 1236 786 1289 noctibus
828 1231 1118 1301 vigilentur
1167 1239 1219 1280 et
1262 1224 1637 1280 custodiantur
1680 1222 1734 1274 in
1775 1235 1960 1290 gyrum
2012 1231 2108 1285 pro

532 1324 811 1378 maleﬁciis
825 1332 878 1375 et
895 1320 1127 1375 inimicis
1150 1327 1309 1387 prout
1331 1317 1636 1370 vicecomes
1656 1320 1710 1366 et
1730 1309 2107 1372 Aldcrmanui,

531 1425 586 1468 et
614 1413 883 1484 prmpositi
906 1422 958 1466 et
979 1410 1158 1465 caeteri
1184 1408 1362 1462 ballivi
1391 1416 1447 1462 et
1467 1403 1699 1460 ministri
1723 1401 1890 1456 nostri
1918 1399 2110 1453 melius

529 1521 626 1576 per
655 1518 943 1559 commune
985 1500 1271 1556 consilium
1298 1498 1367 1552 ad
1405 1496 1696 1551 utilitatem
1735 1491 1886 1561 regni
1926 1489 2110 1560 provi-

532 1597 752 1650 denunt.

1243 1657 1398 1712 LVII.

841 1800 847 1811 .
925 1752 1000 1806 De
1030 1751 1286 1806 mensuris
1311 1759 1358 1802 et
1389 1745 1722 1817 ponderibus.

607 1845 671 1902 Et
699 1846 839 1916 quod
864 1845 1098 1900 habeant
1120 1856 1216 1911 per
1239 1841 1548 1893 universum
1577 1849 1802 1906 regnum
1829 1846 2113 1887 mensuras

537 1938 873 1991 ﬁdelissimas
926 1945 982 1988 et
1033 1933 1296 2000 signatas,
1324 1936 1378 1982 et
1419 1927 1656 1996 pondera
1707 1921 2016 1976 ﬁdelissima
2059 1928 2114 1973 et

537 2029 743 2098 signata
771 2027 911 2082 sicut
935 2022 1056 2078 houi
1085 2021 1509 2092 praedecessores
1535 2023 1865 2071 statuerunt.

1237 2128 1414 2184 LVIII.

687 2229 759 2284 De
781 2228 1025 2282 clientum
1055 2240 1146 2278 seu
1173 2221 1498 2276 vassalorum
1522 2217 1968 2289 prwstationibus.

613 2315 914 2374 Statuimns
937 2318 1101 2371 etiam
1138 2324 1194 2368 et
1216 2313 1447 2366 ﬁrmiter
1475 2309 1816 2380 praecipimus
1844 2316 1902 2360 ut
1931 2319 2116 2360 omnes

539 2411 784 2476 comites,
806 2418 860 2463 et
884 2408 1132 2468 barones,
1162 2413 1214 2458 et
1239 2403 1459 2466 milites,
1485 2412 1540 2455 et
1569 2401 1890 2463 servientes,
1920 2407 1975 2452 et
2003 2397 2120 2451 uni-

540 2502 684 2556 versi
729 2499 884 2553 liberi
938 2497 1186 2553 homines
1231 2494 1395 2549 totius
1444 2492 1594 2563 regni
1654 2491 1826 2546 nostri
1876 2488 2116 2559 praedicti

463 2648 465 2651 .
548 2595 786 2648 habeant
811 2601 867 2646 et
901 2598 1122 2645 teneant
1157 2602 1216 2642 se
1253 2600 1469 2654 semper
1513 2585 1652 2640 bene
1684 2584 1737 2637 in
1775 2583 1944 2636 armis
1983 2579 2119 2634 etin

549 2683 726 2752 cquis,
780 2681 1017 2735 utdccel
1067 2687 1123 2733 et
1169 2684 1405 2746 oportet,
1461 2683 1517 2729 et
1559 2673 1702 2743 quod
1743 2672 1855 2726 sint
1905 2683 2122 2740 semper

545 2789 642 2843 pro
666 2771 774 2840 npti
805 2779 858 2825 et
881 2769 1054 2840 parati
1083 2771 1148 2822 ad
1172 2767 1449 2821 servitium
1481 2779 1636 2819 suum
1670 2765 1938 2834 integrum
1966 2761 2121 2817 nobis

547 2863 868 2933 explendum
909 2871 964 2914 et
996 2859 1363 2929 peragendum
1401 2871 1522 2910 cum
1559 2870 1770 2923 semper
1795 2869 1929 2922 opus
1958 2851 2124 2906 aﬁ‘ue—

545 2954 638 3018 rit,
663 2953 955 3007 secundum
991 2951 1132 3019 quod
1163 2947 1318 3002 nobis
1358 2947 1424 3001 de
1454 2945 1625 3000 feodis
1658 2946 1859 3000 debent
1888 2953 1941 2998 et
1972 2954 2124 2998 teuc-

547 3043 742 3097 inentis
769 3042 879 3098 suis
901 3041 1100 3109 dejure
1123 3040 1324 3103 facere,
1346 3048 1400 3091 et
1427 3037 1567 3092 sicut
1587 3036 1692 3091 illis
1717 3036 2006 3090 statuimus
2030 3051 2124 3105 per

549 3152 833 3190 commune
862 3134 1147 3190 consilium
1188 3132 1351 3186 totius
1382 3129 1532 3200 regni
1571 3129 1738 3183 nostri
1777 3128 2043 3198 prmdieti,
2073 3138 2125 3180 et

557 3231 662 3285 illis
693 3229 940 3284 dedimus
969 3236 1024 3282 et
1057 3225 1427 3282 concessimus
1471 3222 1522 3276 in
1562 3221 1715 3278 feodo
1747 3221 1870 3291 jure
1901 3221 2127 3276 Incredi-

551 3322 712 3378 tario.
742 3322 855 3376 Hoc
878 3328 1202 3391 praeceptum
1232 3332 1338 3372 non
1369 3327 1614 3370 nostrum
1634 3315 1705 3369 sit
1730 3314 1986 3368 violatum
2019 3311 2125 3366 ullo

549 3418 709 3470 modo
738 3428 898 3486 super
929 3411 1328 3467 forisfacturam
1357 3417 1600 3463 nostram
1623 3406 1858 3478 plenam.

1268 3523 1405 3578 LIX.

553 3621 619 3676 Ut
671 3623 790 3674 iura
838 3619 977 3689 regia
1024 3616 1191 3672 ilicem
1238 3630 1443 3736 camare
1490 3628 1583 3682 pro
1622 3610 1816 3666 viribus
1876 3619 2130 3663 conentur

1236 3701 1298 3736 su
1373 3693 1449 3736 ιιι.
1779 3719 1784 3722 -

1236 3693 1449 3738 subditi.
1779 3719 1784 3722 -

627 3779 928 3834 Statuimus
958 3777 1120 3831 etiam
1149 3782 1202 3829 et
1236 3774 1464 3828 ﬁrmiter
1495 3773 1836 3842 prmcipimus
1863 3780 1915 3826 ut
1942 3763 2130 3825 omnes

554 3868 713 3922 liberi
736 3866 982 3922 homines
1013 3865 1177 3917 totius
1206 3863 1352 3932 regni
1382 3862 1622 3932 praulicti
1646 3864 1753 3916 sint
1780 3861 1980 3916 fratres
2004 3876 2132 3914 con-

551 3958 720 4028 jurati
786 3957 852 4011 ad
905 3955 1280 4009 monarchiam
1354 3963 1596 4006 nostram
1661 3965 1716 4006 et
1769 3953 1838 4006 ad
1905 3968 2129 4022 regnum

558 4061 802 4107 nostrnm
834 4064 933 4120 pro
963 4048 1168 4103 viribus
1198 4048 1312 4101 suis
1341 4057 1397 4100 et
1433 4045 1776 4101 facultatibus
1804 4054 1991 4098 contra
2035 4043 2132 4097 ini-

556 4144 729 4198 micos
765 4157 861 4212 pro
901 4156 1058 4212 posse
1088 4155 1186 4196 suo
1216 4138 1614 4195 defendendum
1653 4148 1708 4194 et
1746 4137 1980 4191 viriliter
2019 4151 2132 4191 Ser-

558 4232 816 4296 vandnm,
858 4244 1043 4301 pacem
1083 4238 1138 4284 et
1167 4229 1484 4299 dignitatem
1510 4243 1723 4284 corona:
1765 4236 1964 4280 nostrm
1993 4226 2133 4280 inte-

562 4339 714 4395 gram
739 4321 1154 4386 observandam,
1183 4331 1236 4374 et
1265 4320 1332 4374 ad
1357 4319 1619 4387 judicium
1668 4331 1876 4375 rectum
1905 4329 1958 4372 et
1975 4319 2138 4389 justi-

2139 1752 2186 1811 B

2205 507 2409 565 burais.
2440 515 2495 559 et
2525 505 2576 558 in
2605 503 2993 566 murovallatis.
3022 511 3078 557 et
3101 503 3154 557 in
3181 502 3440 559 castellis.
3468 514 3522 557 et
3550 503 3605 556 in
3635 501 3777 557 locis

2207 603 2513 657 tutnss:mts,
2563 593 2651 646 ubi
2695 592 3111 647 consuetudines
3159 593 3309 662 regni
3348 593 3544 657 nostri,
3584 601 3642 646 et
3693 591 3788 660 jus

2205 692 2448 738 nostrum
2479 696 2765 736 commune
2792 689 2845 736 et
2870 680 3152 751 dignitatis
3188 695 3403 736 coronze
3433 691 3637 736 nostra:
3664 696 3790 750 qua

2206 776 2498 826 constituta
2527 780 2654 826 sunt
2683 787 2711 824 a
2738 771 2895 826 bonis
2921 771 3413 842 prmdeccssoribus
3457 772 3663 828 nostris
3691 774 3792 828 de-

2205 863 2370 934 periri
2402 879 2512 918 non
2549 871 2776 934 possunt
2814 876 2913 917 nec
2941 862 3235 918 desiderari
3276 878 3377 919 nee
3411 862 3604 917 violari
3630 903 3646 927 ,
3682 863 3784 917 sed

2207 953 2386 1007 omnia
2419 961 2566 1007 recte
2586 961 2640 1008 et
2665 952 2718 1006 in
2745 961 2933 1022 aperto
2955 959 3011 1007 et
3032 966 3130 1022 per
3149 953 3412 1024 judicium
3438 961 3494 1008 et
3513 952 3791 1022 justitiam

2210 1042 2324 1095 ﬁeri
2355 1041 2570 1096 debent.
2603 1041 2671 1095 Et
2702 1041 2822 1096 ideo
2864 1040 3107 1107 castella,
3149 1049 3204 1094 et
3238 1041 3418 1111 burgi,
3450 1051 3506 1096 et
3536 1042 3792 1096 civitates

2210 1132 2313 1186 sita
2351 1141 2479 1186 sunt
2522 1141 2576 1186 et
2617 1129 2911 1185 fundantur
2957 1139 3012 1184 et
3051 1129 3409 1196 aediﬁcantur,
3455 1131 3686 1194 scilicet,
3720 1130 3790 1183 ad

2212 1225 2496 1279 tuitionem
2538 1225 2777 1295 gentium
2811 1231 2867 1278 et
2914 1222 3232 1293 populorum
3287 1223 3461 1293 regni,
3503 1231 3559 1277 et
3599 1222 3792 1276 defen-

2211 1313 2418 1368 sionem
2461 1314 2629 1384 regni,
2663 1321 2720 1368 et
2745 1313 2945 1368 idcirco
2967 1312 3242 1367 observari
3274 1311 3469 1368 debent
3490 1327 3616 1369 eum
3637 1311 3792 1367 omni

2212 1403 2461 1460 libertate
2497 1413 2552 1459 et
2577 1404 2888 1476 integritate
2916 1413 2971 1458 et
2999 1405 3232 1460 ratione.

2920 1515 3078 1571 LXII.

2391 1605 2468 1659 De
2491 1606 2800 1676 purgatione
2829 1605 3026 1675 forensi
3052 1606 3102 1658 in
3125 1604 3345 1674 judiciis
3373 1606 3616 1675 publicis.

2289 1695 2575 1750 Decretum
2599 1706 2679 1750 est
2707 1699 2872 1750 etiam
2897 1704 2955 1750 ut
2993 1695 3089 1766 [αι.
3119 1697 3208 1749 ad.
3231 1696 3300 1768 si]
3333 1696 3669 1765 Francigena
3704 1713 3796 1769 ap-

2215 1785 2497 1854 pellaverit
2539 1786 2770 1856 Anglnm
2819 1787 2884 1842 de
2931 1784 3175 1856 periurio
3220 1796 3315 1842 aut
3352 1789 3596 1854 murdro,
3630 1789 3793 1850 furto,

2216 1877 2530 1940 homicidio,
2562 1876 2677 1930 Itan
2713 1877 2856 1946 quod
2887 1877 3073 1934 dicunt
3096 1886 3340 1946 apertam
3369 1879 3644 1947 rapinam.
3679 1895 3799 1948 qua:

2216 1964 2400 2034 negari
2439 1979 2543 2019 non
2573 1973 2753 2034 potest
2777 1965 2978 2035 Anglus
3005 1981 3064 2019 se
3093 1965 3344 2024 defendat
3372 1983 3470 2038 per
3508 1969 3654 2038 quod
3689 1987 3803 2025 rne-

2217 2055 2320 2110 lius
2348 2057 2578 2120 noverit,
2617 2066 2711 2110 aut
2758 2054 2964 2125 judicio
3006 2057 3136 2112 ferri
3185 2067 3238 2114 et
3269 2060 3471 2114 duello.
3525 2061 3582 2116 Si
3617 2072 3800 2116 autem

2219 2146 2426 2216 Anglus
2469 2147 2719 2200 inﬁrmus
2768 2146 2952 2214 fuerit,
3001 2148 3241 2203 inveniat
3284 2149 3446 2205 alium
3489 2152 3581 2221 qui
3610 2167 3709 2223 pro
3737 2167 3801 2207 eo

2219 2235 2409 2293 faciat.
2437 2235 2496 2291 Si
2543 2237 2665 2306 quis
2704 2253 2890 2294 eorum
2923 2239 3097 2296 victus
3146 2240 3330 2310 fuerit,
3359 2245 3601 2300 inveniat
3636 2247 3800 2302 alium

2219 2328 2311 2397 qui
2371 2344 2474 2398 pro
2529 2345 2596 2385 eo
2651 2328 2838 2386 faciat.
2890 2331 2947 2386 Si
2991 2334 3115 2403 quis
3164 2349 3350 2390 eorum
3391 2337 3571 2392 victus
3619 2338 3802 2403 fuerit,

2222 2420 2475 2474 emendet
2501 2420 2616 2490 regi
2663 2437 2732 2475 χι,
2761 2422 2920 2477 solid.
2955 2422 3010 2477 Si
3055 2431 3234 2479 autem
3268 2426 3476 2496 Anglus
3515 2427 3807 2496 Francige-

2224 2523 2348 2561 nam
2403 2510 2758 2580 appellaverit
2815 2521 2871 2567 et
2914 2513 3144 2584 probare
3193 2515 3424 2572 voluerit
3458 2518 3664 2588 judicio
3714 2528 3809 2572 aut

2222 2595 2422 2663 duello,
2475 2597 2598 2654 volo
2653 2609 2782 2656 tunc
2824 2602 3218 2676 Francigenam
3266 2622 3504 2676 purgare
3526 2623 3587 2663 se
3623 2623 3811 2664 sacra-

2224 2696 2408 2742 mento
2435 2703 2540 2745 non
2573 2687 2746 2745 fracto
2785 2690 2914 2763 [non
2951 2691 3096 2750 ferro
3118 2696 3257 2765 apud
3286 2695 3684 2753 Houedenum.1

2925 2807 3107 2863 LXIII.

2537 2895 2846 2952 Fit-tuantur
2881 2897 3016 2970 leges
3053 2900 3304 2954 Edwardi
3336 2918 3493 2973 regis.

2299 2984 2411 3040 Iioe
2455 3002 2670 3058 quoque
2725 2991 3070 3060 prmcipimus
3129 3001 3188 3045 ut
3241 3008 3432 3048 omnes
3477 2993 3718 3050 habeant
3758 3007 3815 3050 et

2152 3087 2196 3148 (ς
2231 3087 2448 3132 teneant
2498 3080 2664 3150 legem
2727 3081 2976 3135 EdWardi
3027 3083 3167 3152 regis
3213 3083 3265 3136 in
3313 3085 3568 3140 omnibus
3619 3088 3810 3148 rebus.

2228 3169 2472 3225 adauctis
2525 3173 2607 3227 his
2647 3188 2784 3241 quas
2832 3175 3214 3230 constituimus
3256 3177 3322 3230 ad
3372 3177 3666 3234 utilitatem
3705 3180 3816 3234 An-

2229 3259 2456 3316 olorum.

2920 3353 3101 3410 LXIV.

2495 3444 2570 3497 De
2584 3444 2813 3515 justifies
2837 3447 3058 3516 pubiicte
3087 3449 3505 3519 ﬁdejussozibus.

2302 3534 2486 3589 Omnis
2517 3535 2678 3589 homo
2706 3537 2796 3604 qui
2831 3537 3061 3592 voluerit
3088 3554 3148 3593 se
3194 3542 3369 3595 teneri
3413 3558 3510 3610 pro
3539 3541 3717 3598 libero
3745 3547 3816 3598 sit

2233 3626 2284 3679 in
2317 3627 2489 3695 plcaiu
2520 3637 2579 3682 ut
2606 3629 2813 3698 plrgins
2841 3646 2963 3684 eum
2994 3632 3188 3686 habeat
3214 3634 3282 3687 ad
3302 3633 3576 3702 justitiam
3601 3637 3646 3690 si
3673 3638 3817 3706 quod

2232 3717 2548 3782 offenderit;
2582 3728 2634 3772 et
2666 3719 2712 3773 si
2741 3720 3031 3790 quisquam
3070 3723 3330 3787 evaserit,
3364 3724 3552 3778 talium
3601 3727 3818 3783 videant

2232 3811 2392 3879 plrgii
2420 3819 2477 3863 nt
2505 3811 2717 3865 solvant
2758 3811 2899 3880 quod
2927 3814 3313 3868 calumniat‘um
3353 3825 3457 3879 est,
3489 3828 3544 3870 et
3581 3827 3819 3887 purgent

2233 3900 2433 3967 sequia
2455 3900 2504 3952 in
2529 3915 2690 3954 evaso
2708 3901 2906 3953 nullam
2920 3901 3163 3957 fraudem
3188 3907 3456 3958 noverint.
3482 3905 3818 3975 Requiratur

2237 3989 2556 4042 hnndredus
2587 3999 2640 4042 et
2684 3991 2976 4046 comitatus
3014 3994 3173 4063 (sicut
3204 4003 3577 4050 antecessores
3614 4008 3819 4054 statue-

2239 4077 2384 4146 runt)
2413 4087 2467 4130 et
2498 4079 2587 4146 qui
2614 4076 2759 4145 juste
2796 4079 2978 4135 venire
3011 4081 3205 4135 debent
3233 4093 3288 4136 et
3317 4084 3635 4150 noluerunt,
3666 4103 3815 4142 sum-

2237 4178 2517 4222 moneatur
2551 4169 2745 4234 semel;
2775 4178 2848 4234 et,
2893 4171 2938 4225 si
2965 4173 3202 4226 secundo
3232 4188 3336 4227 non
3377 4174 3629 4242 veniunt,
3677 4179 3818 4231 acci-

2236 4250 2412 4322 piatur
2436 4273 2572 4311 unus
2600 4258 2718 4322 hos,
2744 4267 2799 4311 et
2828 4259 2870 4311 si
2902 4260 3083 4327 tertio,
3114 4261 3252 4315 alius
3278 4260 3407 4327 bos;
3442 4274 3498 4318 et
3529 4266 3572 4318 si
3599 4277 3820 4334 quarto,

2239 4345 2494 4398 reddatur
2523 4347 2589 4400 de
2622 4348 2779 4400 rebus
2813 4347 2970 4417 hujus
3001 4349 3233 4405 hominis
3254 4353 3396 4420 quod
3426 4354 3822 4410 calumniatum

563 4427 689 4514 lia-ill
725 4410 1540 4514 οοιιεῑξιηιΘΓ-ρωξιῖῦυδλιηίξάίδ.
1561 4427 1657 4480 Pro
1691 4426 1847 4514 [39550
1880 4427 1984 4514 _s“°
2019 4410 2134 4465 δῖηθ
2168 4425 2211 4478 Ῑ)
2239 4447 2318 4488 est
2347 4437 2489 4504 quod
2522 4436 2721 4492 dicitur
2750 4410 3041 4509 Ceapgyld,
3085 4449 3137 4495 et
3173 4410 3393 4512 insuper
3419 4444 3566 4514 regis
3597 4443 3823 4513 forisfa-

562 4507 684 4560 dolo
738 4513 794 4560 et
853 4504 972 4558 sine
1027 4502 1287 4557 dilatione
1331 4500 1653 4555 faciendam.
1705 4500 1814 4556 Iloc
1860 4503 2134 4557 decretum

559 4595 825 4650 sancitum
853 4601 936 4648 est
963 4591 1012 4647 in
1040 4591 1256 4646 civitate
1286 4590 1534 4645 London.

1295 4701 1405 4754 LX.

567 4794 649 4852 Ne
676 4795 900 4850 venditio
929 4803 976 4849 et
1020 4792 1508 4915 emptioﬁiatagiisi
1541 4808 1718 4846 coram
1754 4792 1967 4845 testibus
1996 4801 2044 4844 et
2084 4792 2139 4846 in

1189 4873 1382 4915 ctvtlalt
1425 4881 1504 4915 us.

1189 4873 1504 4916 Civitatibus.

636 4956 1011 5011 Interdicimus
1036 4956 1198 5010 etiam
1224 4961 1282 5006 ut
1307 4952 1448 5005 nulla
1479 4953 1598 5006 viva
1623 4949 1850 5021 pecunia
1880 4951 2142 5006 vendatur

567 5057 660 5092 nnl
711 5056 926 5092 ematur
974 5047 1076 5092 nisi
1123 5045 1264 5092 intra
1301 5042 1572 5092 civitates.
1602 5051 1654 5092 et
1706 5043 1807 5092 hoc
1858 5053 1982 5092 2!!!!‘3
2035 5050 2142 5092 tres

2239 4536 2412 4580 ctura.

2948 4598 3108 4654 LXV.

2523 4689 2600 4740 De
2626 4687 2784 4741 servis
2813 4698 2858 4740 et
2886 4705 3064 4742 eorum
3091 4693 3520 4747 manumissione.

2312 4776 2379 4831 Et
2419 4779 2772 4847 prohibemus
2819 4789 2875 4832 ut
2913 4781 3091 4835 nullus
3119 4782 3312 4835 vendat
3359 4783 3638 4838 hominem
3669 4797 3827 4841 extra

2240 4870 2491 4938 patriam.
2535 4868 2592 4922 Si
2623 4871 2745 4938 quis
2777 4885 2907 4923 vero
2952 4870 3080 4924 velit
3130 4886 3344 4926 servum
3382 4890 3546 4928 suum
3591 4876 3828 4931 liberum

2243 4960 2440 5024 facere,
2473 4961 2647 5014 tradet
2675 4975 2797 5013 eum
2841 4960 3146 5014 viceeomiti
3189 4976 3285 5030 per
3314 4977 3533 5017 manum
3575 4967 3829 5023 dextram

2243 5049 2296 5092 in
2337 5050 2496 5092 nIpnn
2529 5050 2787 5092 nnmilatn
2845 5060 2892 5088 nl
2925 5051 3166 5092 atriolum
3214 5051 3361 5092 illum
3394 5053 3638 5092 (ιω-ηοω
3665 5057 3826 5092 Animi
