4040 5314
203 196 336 251 I321,

1697 194 1930 250 LEGES.

3331 181 3466 253 isse

194 323 396 362 annuat
425 318 481 364 et
507 309 650 365 diem
686 309 740 365 in
781 310 1094 367 civitatibus
1125 309 1345 373 nostris,
1384 308 1470 362 vel
1505 307 1556 361 in
1588 308 1775 378 burgis
1804 316 1852 373 Α
1882 311 2041 364 datur
2067 325 2166 380 pro
2196 311 2374 382 aliqua
2410 311 2588 382 culpa,
2621 312 2713 368 sed
2749 323 3079 368 evernantur
3111 313 3238 385 [ul.,
3271 329 3466 369 eruan—

197 398 258 453 iu
302 415 460 454 tnuro
507 401 719 457 vallatis
766 403 848 457 vel
899 403 953 457 in
998 401 1194 457 castris
1237 400 1457 462 nostris,
1495 415 1524 452 a
1566 399 1652 453 die
1695 399 1784 452 illa

200 495 355 550 liberi
391 495 717 561 eﬂiciuntur,
739 505 793 552 et
822 497 977 553 liberi
1008 511 1038 551 a
1058 494 1188 566 jugo
1224 493 1501 550 servitutis
1525 507 1636 546 suae
1679 491 1783 546 sint

201 585 259 639 iu
288 598 632 658 perpetuum.

839 647 844 653 ’
896 678 1102 732 ιλχνιι

661 767 734 820 De
757 769 1130 836 suppliciorum
1159 768 1330 820 modo.

228 883 232 886 -
277 855 658 912 lnterdicimus
685 857 845 912 etiam
879 873 945 912 ne
976 858 1097 926 quis
1131 857 1411 912 occidatur
1446 853 1525 909 vel
1558 865 1784 920 suspen-

1889 397 2000 470 tur]
2039 399 2178 454 oculi
2221 410 2278 456 et
2315 401 2662 457 abscidantur
2696 403 2883 473 pedes,
2937 405 3022 459 vel
3055 404 3340 472 testiculre,
3380 407 3466 461 vel

1890 505 2102 556 manus,
2132 492 2206 547 ita
2233 494 2378 562 quod
2408 501 2628 550 truncus
2662 505 2938 550 remaneat
2964 497 3118 552 vivus
3155 497 3208 551 in
3249 498 3462 567 signum

1890 579 2211 651 proditionis
2239 593 2295 639 et
2318 586 2573 656 nequitiae
2603 601 2735 642 sum.
2767 587 3076 644 Secundum
3115 589 3261 644 enim
3296 603 3468 660 quan-

1893 673 2103 730 titatem
2155 676 2339 732 delicti
2384 678 2542 733 debet
2586 695 2743 748 poena
2795 679 3077 736 maleficiis
3121 678 3311 752 iulligi.
3359 679 3466 736 Ista

1887 776 2155 835 praecepta
2189 784 2293 823 non
2340 771 2448 824 sint
2478 770 2674 825 violata
2718 786 2879 841 super
2918 771 3322 826 forisfacturam
3371 789 3471 826 no-

1887 861 2059 910 stram
2089 855 2324 926 plenam.
2361 860 2634 926 Testibus,
2659 870 2762 915 etc.

1852 989 2052 1003 I—I—u—

212 1117 445 1174 Scltedze
467 1127 672 1204 autem,
704 1134 822 1204 (ιιιξῄ
859 1119 1090 1204 Ill-Ili.ch
1117 1122 1521 1204 cruendis_usui
1547 1135 1735 1204 erant;
1780 1124 1926 1195 leges
1953 1121 2229 1204 etiant‘pe
2256 1125 2502 1204 examine
2547 1125 2749 1204 frtrensi
2787 1131 3216 1204 suppeditarunt,
3250 1150 3481 1204 quarunt

279 1190 558 1276 exemplar
586 1189 886 1276 correctius
917 1190 1150 1276 habetur
1191 1193 1332 1260 apud
1366 1193 1639 1276 Joannem
1677 1189 2072 1276 Bramptonum
2095 1192 2345 1276 abbatem
2379 1189 2945 1276 .olornallensemnnis'”
2990 1203 3104 1270 qui,
3125 1189 3482 1276 diligentissi-

284 1275 404 1344 mus
426 1259 666 1344 alioquin
704 1275 884 1314 rerum
913 1259 1507 1344 nostrarum,“maxime
1551 1274 1732 1344 autem
1784 1259 1960 1344 legum
1990 1265 2348 1344 vetustiorum
2370 1265 2686 1344 indagator,
2721 1259 3048 1344 Willelmum
3089 1259 3262 1340 alias:
3285 1284 3482 1344 praeter

285 1329 467 1394 basce,
501 1329 760 1384 statuisse
791 1345 896 1384 non
926 1341 1212 1385 memorat.
1247 1332 1446 1386 Earum
1477 1335 1617 1403 apud
1648 1329 1898 1390 abbatem
1926 1335 2070 1388 hunc
2097 1333 2402 1402 liujustnodi
2426 1329 2624 1391 leuima
2653 1329 2756 1403 est,
2785 1348 2839 1394 et
2865 1340 3176 1411 bujusmodi
3213 1329 3408 1416 s'ty'lus.

257 1483 740 1531 INSTITUTIONES
784 1483 922 1527 SIVE
963 1484 1157 1528 LEGES
1202 1485 1384 1528 REGIS
1427 1486 1759 1530 WILLELMI.

1901 1480 1996 1535 per
2026 1465 2247 1530 bellum,
2276 1465 2357 1519 vel
2391 1465 2766 1536 perjudicium
2788 1470 2832 1525 si
2868 1473 3038 1544 magis
3067 1475 3115 1528 ci
3141 1474 3373 1544 placeat.
3414 1477 3482 1531 Et

282 1587 635 1651 WILLELMUS,
665 1584 758 1640 Dei
788 1586 960 1655 gratia
988 1601 1077 1640 rex
1109 1585 1428 1656 Anglorum,
1449 1588 1704 1643 omnibus
1727 1588 1794 1643 ad

202 1693 350 1747 quos
375 1678 635 1745 scriptum
671 1679 775 1732 hoc
809 1677 1088 1745 perveniat
1112 1677 1342 1733 salutem
1384 1686 1440 1732 et
1472 1679 1786 1734 amicitiam.

208 1769 408 1825 Mando
453 1779 511 1824 et
555 1769 807 1839 praecipio
842 1783 938 1838 per
977 1778 1145 1824 totam
1199 1771 1480 1840 Anglicum
1520 1774 1791 1825 nationem

205 1862 502 1918 custodiri.

885 1957 1115 2012 LXVIII.

701 2051 778 2106 De
813 2053 1051 2106 examine
1087 2053 1297 2120 forensi.

285 2140 342 2196 Si
367 2140 622 2214 Anglicus
646 2142 804 2196 homo
831 2143 1118 2212 compellet
1137 2143 1369 2211 aliquem
1399 2142 1791 2214 Francigenam

209 2248 313 2300 per
349 2233 547 2288 bellum
575 2234 641 2290 de
672 2233 815 2288 furto
849 2235 928 2288 vel
960 2234 1248 2289 ttmuicidio
1277 2234 1357 2287 vel
1389 2234 1567 2304 aliqua
1598 2251 1656 2290 re
1695 2250 1796 2318 ρῳ

215 2340 330 2394 qua
381 2326 578 2382 bellum
634 2327 748 2380 fieri
799 2327 993 2382 debeat
1041 2325 1124 2380 vel
1163 2326 1424 2396 judicium
1473 2326 1615 2382 inter
1657 2327 1792 2382 duos

212 2417 486 2483 homines,
513 2419 708 2473 habeat
742 2419 954 2489 plenam
994 2419 1272 2474 licentiam
1303 2417 1405 2472 hoc
1434 2418 1694 2474 faciendi.
1729 2420 1790 2474 Et

209 2512 259 2568 si
309 2513 567 2584 Anglicus
600 2513 800 2569 bellum
847 2513 998 2576 nolit,
1053 2513 1389 2584 Francigena
1439 2513 1792 2583 compellatus

213 2603 448 2676 adlegiet
473 2621 531 2661 se
557 2605 909 2677 jurejurando
937 2615 1126 2660 contra
1168 2621 1289 2658 eum
1331 2620 1432 2673 per
1461 2619 1590 2658 suos
1626 2613 1796 2659 testes

212 2697 510 2750 secundum
542 2698 714 2767 legem
743 2696 1107 2751 Normannize.

915 2791 1099 2846 LXIX.

853 2884 929 2938 De
965 2889 1164 2939 eodem.

288 2972 418 3029 Item
440 2975 487 3028 si
504 2975 838 3045 Francigena
859 2976 1147 3046 compellat
1169 2975 1457 3046 Anglicum
1483 2992 1580 3044 per
1596 2977 1794 3032 bellum

216 3065 288 3121 de
309 3067 513 3122 eisdem
541 3069 724 3134 rebus,
748 3067 1007 3138 Anglicus
1031 3067 1184 3138 plena
1212 3067 1429 3122 licentia
1456 3067 1710 3124 defendat
1737 3084 1796 3124 se

1897 1556 1942 1612 si
1994 1567 2221 1626 uterque
2272 1557 2344 1612 sit
2386 1558 2654 1615 invalidus
2698 1571 2752 1615 et
2805 1561 2940 1617 nolit
2989 1564 3188 1620 bellum
3239 1567 3322 1622 vel
3372 1584 3479 1624 non

1895 1659 2095 1717 posset,
2128 1657 2336 1718 quaerat
2366 1649 2465 1702 sibi
2508 1649 2734 1719 legalem
2763 1653 3154 1712 defensionem.

2602 1786 2765 1843 LXX.

2537 1877 2610 1931 De
2639 1885 2838 1932 eodem.

1969 1992 2024 2046 Si
2045 1991 2395 2064 'Francigena
2417 1992 2591 2046 vietus
2622 1989 2806 2058 fuerit,
2836 1993 3109 2060 persolvat
3142 1996 3253 2066 regi
3281 2013 3347 2050 ιχ
3375 1999 3476 2051 sol.

1897 2081 1962 2136 Et
1997 2083 2042 2138 si
2093 2083 2350 2154 Anglicus
2400 2085 2536 2138 nolit
2580 2099 2638 2139 sc
2673 2083 2964 2140 defendere
3004 2101 3104 2154 per
3152 2087 3351 2142 bellum
3395 2089 3478 2141 vel

1897 2187 1993 2240 per
2021 2175 2412 2241 testimonium,
2445 2175 2676 2246 adlegiet
2713 2189 2770 2230 se
2801 2191 2898 2244 per
2929 2176 3022 2232 Dei
3049 2177 3332 2248 judicium.

2390 2403 2462 2458 De
2499 2405 2738 2459 examine
2770 2403 2981 2472 forensi.

1969 2513 2044 2569 Dc
2075 2514 2325 2570 omnibus
2361 2516 2640 2586 utlagaria:
2668 2516 2830 2570 rebus
2872 2530 2966 2570 rex
2995 2517 3234 2572 instituit
3273 2525 3332 2573 ut
3360 2516 3475 2572 An-

1897 2603 2068 2674 glicus
2091 2620 2150 2660 se
2177 2615 2372 2676 purget
2397 2607 2463 2662 ad
2485 2605 2773 2675 judicium.
2799 2606 2867 2661 Et
2891 2607 2936 2662 si
2960 2606 3223 2680 Anglicus
3245 2607 3480 2679 appellet

1899 2695 2288 2768 Francigenam
2347 2700 2414 2754 de
2461 2698 2725 2769 utlagaria
2772 2708 2827 2754 et
2881 2700 2985 2754 hoc
3029 2714 3194 2770 super
3245 2715 3370 2756 eum
3426 2700 3479 2754 in

1898 2790 2126 2845 veritate
2153 2791 2306 2857 velit,
2351 2791 2606 2848 defendat
2644 2807 2704 2848 se
2753 2791 3089 2862 Franeigeua
3119 2807 3218 2860 per
3255 2791 3480 2847 bellum.

1892 2881 1961 2936 Et
1986 2881 2031 2936 si
2058 2881 2316 2952 Anglicus
2341 2899 2447 2938 non
2477 2885 2676 2939 audeat
2701 2884 2847 2940 enim
2870 2886 3104 2953 probare
3132 2897 3229 2953 per
3251 2883 3474 2944 bellum.

1891 2972 2149 3030 defendat
2204 2991 2263 3031 se
2312 2977 2650 3047 Francigena
2696 2978 2859 3047 pleno
2896 2979 3213 3049 juramento
3259 2994 3367 3034 non
3421 2980 3476 3033 in

1892 3064 2181 3118 verborum
2211 3065 2575 3122 obscrvantiis
2606 3066 2706 3137 (8).

291 3195 368 3267 (8)
434 3196 756 3255 Manendum
824 3209 943 3264 est,
997 3197 1402 3254 distrilutiones
1443 3198 1680 3268 capitum
1745 3201 1797 3256 in
1828 3192 1872 3253 C
1907 3195 2084 3249 fundis
2127 3197 2288 3268 regiis
2333 3197 2397 3252 ad
2449 3198 2659 3268 curiam
2699 3197 2897 3252 deferri
2951 3198 3204 3252 viderint.
3249 3197 3468 3252 Certum

215 3269 626 3338 exemplaribus
673 3286 804 3326 mss.
861 3271 1086 3325 minime
1143 3280 1386 3338 repertas
1431 3283 1572 3333 esse,
1623 3271 1718 3324 sed
1765 3288 1795 3325 a

219 3339 376 3411 nobis
406 3340 652 3394 consulto
676 3341 870 3406 factas,
903 3351 1011 3394 tam
1039 3351 1098 3394 ut
1125 3340 1423 3411 faciliorem
1452 3339 1656 3393 aditum
1682 3342 1796 3411 (ubi

223 3407 344 3482 ﬁeri
377 3411 575 3482 potuit)
611 3411 914 3482 prmbcreut
962 3411 1199 3480 capitum
1227 3410 1504 3482 lemmata,
1537 3407 1699 3482 quam
1738 3421 1799 3466 ut

219 3479 596 3541 curiosorum,
653 3481 744 3550 qui
797 3481 914 3535 hate
968 3479 1276 3545 sectantur,
1325 3479 1798 3550 observationibus

221 3551 578 3604 subvenirent
603 3549 835 3622 numeri,
863 3565 998 3621 quos
1025 3567 1131 3622 non
1166 3550 1270 3604 alio
1291 3549 1538 3622 consilio,
1567 3567 1594 3622 a
1620 3551 1797 3620 primo

221 3633 410 3673 earum
467 3636 603 3689 quas
661 3620 950 3691 lngulpbus
1001 3620 1150 3676 dedit
1197 3620 1408 3689 capite,
1459 3620 1795 3689 per’cactera

218 3691 569 3744 continenter
591 3691 928 3746 deducimus.

299 3759 576 3831 Accedere
609 3761 774 3815 etiam
811 3769 987 3830 potest
1023 3761 1286 3816 institutis
1316 3760 1593 3816 Willielmi
1630 3762 1796 3831 regis,

221 3827 353 3902 illud
382 3845 438 3902 La
495 3828 705 3885 Joanne
751 3827 1160 3887 sarisburiense
1222 3831 1314 3886 lib.
1367 3847 1461 3886 vut
1510 3831 1597 3902 De
1641 3827 1801 3902 nugis

220 3898 534 3974 curialium,
577 3917 699 3970 cap.
751 3902 823 3955 7:
858 3920 876 3952 ι
904 3901 1213 3974 Assumpto,
1260 3903 1439 3974 inquit
1487 3901 1599 3974 ille,
1632 3898 1797 3974 reg—ni

222 3969 526 4026 diademate
574 3969 818 4042 et’pace
874 3969 1205 4040 composita,
1257 3969 1460 4042 legatos
1521 3972 1671 4042 misit
1713 3969 1797 4026 ’ad

220 4048 441 4112 exteras
487 4041 737 4098 nationes
787 4051 910 4096 uta
955 4043 1232 4112 praeclaris
1261 4041 1501 4096 omnium
1549 4041 1800 4112 domibus

222 4109 488 4178 quidquid
531 4113 611 4166 eis
654 4109 1000 4178 magnificum
1050 4123 1142 4167 aut
1181 4112 1471 4167 mirificum
1519 4111 1796 4176 videatur,

221 4177 480 4253 all'errent
511 4179 635 4252 [al.,
661 4177 982 4253 aulErrent].
1035 4183 1267 4237 Defluin
1300 4197 1430 4250 ergo
1471 4184 1523 4236 in
1565 4181 1797 4253 insulam

223 4249 556 4318 opulentam,
585 4260 639 4306 et
668 4269 786 4321 qua:
823 4249 1078 4306 fere'sola
1121 4254 1277 4307 bonis
1316 4249 1430 4307 suis
1458 4261 1543 4308 est
1581 4252 1633 4304 in
1665 4254 1800 4307 orbe

224 4330 518 4392 contenta,
569 4323 832 4391 quidquid
898 4323 1341 4392 magnificentiae,
1409 4323 1518 4378 imo
1570 4323 1800 4376 luxuria:

221 4389 398 4458 potuit
427 4389 680 4447 inveniri.
712 4389 733 4442 ἰ
761 4393 932 4447 Porro
961 4389 1064 4447 hoc
1099 4393 1265 4447 etiam
1302 4395 1370 4447 de
1397 4408 1613 4447 annona
1652 4393 1799 4460 pala-

225 4460 337 4533 tina
367 4461 512 4533 quod
540 4462 770 4517 habetur
793 4464 846 4516 in
877 4462 1100 4533 Dialogo
1128 4464 1195 4533 de
1221 4463 1510 4518 Scaccario
1540 4477 1632 4517 seu
1661 4463 1798 4517 libro

1899 3267 2416 3338 quoqueihabebant
2455 3267 2714 3322 olliciales
2750 3269 2941 3322 domus
2989 3268 3173 3338 regiae,
3205 3283 3234 3322 a
3275 3270 3472 3338 quibus

1898 3336 2578 3408 comitatibustriticum,
2642 3354 2670 3391 a
2729 3339 2928 3407 quibus
2983 3336 3212 3392 diversa:
3263 3336 3474 3408 species

1898 3407 2167 3478 carnium,
2200 3407 2282 3461 vel
2320 3423 2584 3478 equorum
2615 3409 2810 3478 pabula
2851 3409 2932 3464 vel
2963 3410 3127 3464 etiam
3163 3410 3470 3464 necessaria

1900 3477 2255 3531 debebantur.
2288 3477 2383 3533 llis
2411 3494 2542 3534 vero
2573 3477 2764 3534 selutis
2790 3480 3084 3533 secundum
3124 3480 3476 3534 constitutum

1902 3546 2115 3620 modum
2150 3547 2424 3620 cujusque
2465 3549 2565 3614 rei,
2609 3550 2740 3620 regii
2789 3548 3046 3604 olliciales
3089 3551 3478 3618 computabant

1899 3617 2314 3674 vicecomitibus
2347 3619 2655 3690 redigentes
2677 3617 2739 3674 in
2781 3635 3050 3674 summam
3085 3617 3429 3679 denariorum
3465 3637 3475 3670 :

1899 3699 1998 3760 pro
2023 3702 2292 3760 mensura
2324 3689 2532 3744 scilicet
2581 3691 2747 3744 tritici
2790 3690 2854 3744 ad
2909 3706 3102 3760 panem
3134 3705 3164 3744 c
3199 3689 3478 3744 hominum

1899 3757 2126 3831 solidum
2159 3773 2199 3823 t,
2240 3775 2338 3831 pro
2393 3775 2624 3831 corpore
2669 3761 2824 3816 bovis
2869 3757 3144 3829 pascualis
3182 3761 3384 3814 solidos
3418 3775 3475 3819 v.

1898 3843 1999 3897 pro
2043 3829 2214 3884 ariete
2242 3829 2327 3884 vel
2363 3843 2463 3886 ove
2494 3829 2568 3886 ἰν
2617 3831 2900 3897 denarios;
2945 3846 3045 3900 pro
3082 3831 3370 3900 praebenda
3404 3845 3475 3882 xx

1899 3911 2165 3968 equorum
2214 3901 2470 3955 similiter
2516 3918 2570 3956 tv
2615 3902 2888 3957 denarios.
2955 3901 3296 3955 Succedente
3351 3915 3480 3953 vero

1905 3979 2167 4038 tempore,
2198 3985 2320 4024 cum
2353 3972 2496 4026 idem
2525 3987 2616 4026 rex
2653 3974 2702 4026 in
2743 3971 3123 4024 transmarinis
3158 3981 3213 4024 et
3255 3969 3482 4024 remotis

1900 4041 2146 4110 partibus
2169 4041 2424 4096 sedandis
2457 4041 2776 4096 tumultibus
2808 4040 3017 4096 bellicis
3052 4054 3270 4110 operam
3301 4039 3474 4110 daret,

1900 4109 2130 4179 contigit
2166 4118 2227 4164 ut
2275 4110 2429 4165 fieret
2464 4112 2564 4166 sibi
2621 4127 2830 4166 summe
2863 4108 3170 4165 necessaria
3194 4150 3208 4171 ,
3250 4109 3316 4163 ad
3366 4108 3481 4162 hinc

1899 4179 2191 4251 explenda,
2223 4188 2505 4236 numerata
2535 4184 2782 4251 pecunia.
2816 4180 3138 4235 Confluebat
3182 4181 3386 4234 interea
3411 4181 3479 4251 ad

1901 4249 2045 4317 regis
2092 4251 2301 4303 curiam
2348 4247 2575 4321 querula
2629 4252 2916 4306 multitudo
2960 4251 3312 4321 colonorum,
3361 4247 3476 4308 vel.

1899 4322 2042 4387 quod
2067 4321 2284 4392 gravius
2305 4319 2410 4392 sibi
2443 4321 2748 4386 videbatur,
2787 4321 3135 4392 praetereunti
3164 4319 3478 4392 frequenter

1899 4387 2241 4462 occursabat,
2267 4390 2462 4446 oblatis
2503 4387 2816 4448 vomeribus
2846 4393 2896 4446 in
2933 4392 3146 4462 signum
3176 4387 3483 4462 deficientis

1902 4460 2274 4533 agriculturae.
2293 4461 2596 4518 lnnnmeris
2617 4463 2760 4517 enim
2783 4460 3044 4516 molestiis
3074 4460 3483 4533 premebantur,

224 4527 396 4601 Nigro
419 4532 492 4585 ita
529 4534 674 4586 dicto
703 4549 732 4586 a
762 4527 1398 4604 Gervasio'Tilburiense
1426 4535 1506 4604 (ut
1529 4535 1800 4589 sententia
1827 4535 1875 4594 D
1904 4527 2198 4604 oecasione
2228 4531 2565 4597 victualium,
2599 4550 2720 4604 quae.
2759 4549 2855 4601 per
2894 4527 3089 4602 plures'
3110 4530 3263 4602 regni
3294 4527 3487 4597 partes

225 4615 440 4670 recepta
495 4603 602 4672 est)
667 4604 768 4658 sub
827 4601 1064 4658 llenrico
1107 4603 1151 4657 ll
1205 4601 1542 4673 conscripto,
1599 4603 1688 4672 qui
1743 4605 1795 4657 in

225 4673 449 4743 arcltivo
497 4673 708 4737 fiscali,
761 4674 902 4742 quod
950 4673 1234 4743 Receptu»:
1290 4675 1561 4730 Scaccarii
1611 4673 1796 4742 pltrasi

225 4741 430 4797 forensi
487 4741 789 4807 nominaut,
839 4741 1109 4798 servatur.
1168 4764 1186 4796 ι
1222 4745 1275 4798 In
1321 4741 1793 4814 priutitivo’rrgni

223 4819 366 4866 statu
400 4825 520 4883 post
568 4814 1046 4883 conquisitionem,
1093 4817 1314 4884 regibus
1357 4817 1422 4868 de
1473 4814 1652 4868 fundis
1683 4816 1798 4869 suis

225 4897 332 4954 non
377 4885 498 4938 auri
541 4884 623 4940 vel
669 4885 880 4954 argenti
921 4887 1184 4953 pondera,
1235 4888 1328 4942 sed
1377 4885 1488 4940 sola
1541 4887 1793 4938 vietualia

224 4952 593 5028 solvebantur.
633 4956 711 5028 Es
743 4952 944 5028 quibus
972 4956 1023 5008 in
1051 4971 1195 5028 usus
1229 4955 1576 5028 quotidianus
1603 4959 1796 5011 domus

224 5024 388 5096 regia:
427 5026 734 5096 necessaria
799 5024 1274 5093 ministrabantur;
1306 5036 1362 5081 ct
1403 5037 1665 5081 noverant
1701 5029 1789 5096 qui

221 5095 290 5146 ad
324 5094 689 5167 boc_deputat_i
717 5095 950 5159 fuerant,
985 5109 1244 5167 quantum
1269 5100 1334 5153 de
1360 5096 1586 5161 singulis
1612 5094 1792 5152 fundis

220 5164 593 5236 proveniebat.
640 5165 915 5236 Caeterum
963 5164 1030 5236 ad
1086 5169 1351 5236 stipendia
1409 5168 1490 5222 vel
1538 5169 1787 5222 donativa

224 5234 479 5314 militum,
511 5235 705 5314 et_alia
756 5235 1062 5314 necessaria
1111 5234 1178 5314 de
1230 5237 1445 5314 placitis
1494 5240 1664 5314 regni,
1706 5239 1787 5291 vel

1903 4615 1936 4677 a
1960 4601 2180 4677 sedibus
2218 4605 2458 4674 propriis
2486 4601 2821 4677 deferebant.
2862 4601 3064 4658 [lorum
3094 4601 3261 4674 igitur
3286 4611 3489 4677 quere-

1900 4670 1967 4725 lis
2036 4666 2339 4728 inclinatus
2385 4690 2520 4738 rex,
2581 4674 2805 4729 definito
2858 4666 3169 4741 magnatuin
3224 4666 3498 4732 consilio,

1900 4742 2195 4816 destinavit
2227 4758 2325 4812 per
2373 4759 2602 4815 regnum
2633 4757 2770 4816 (ιηοξ
2821 4747 2887 4816 ad
2932 4745 2984 4798 id
3013 4741 3397 4816 prudentiores
3436 4752 3507 4793 et.

1898 4812 2254 4886 diseretiores
2291 4812 2774 4885 cognoverathui
2804 4812 3238 4878 circumeuntes,
3278 4815 3335 4886 εξ
3360 4820 3506 4886 (ξψ-

1899 4881 2007 4939 lata
2068 4886 2170 4940 fide
2232 4875 2430 4940 fundos
2488 4875 2734 4956 singulos
2795 4875 3272 4956 tterlttslratttes,_
3314 4875 3515 4956 ham“!

1897 4958 2266 5026 aestimatione
2307 4950 2625 5011 victualiufu
2682 4950 2812 5026 qua!
2855 4957 2922 5011 de
2969 4956 3056 5013 bis
3099 4950 3465 5018 solvebantur
3494 4990 3514 5012 ,

1902 5027 2227 5096 redegerunt
2252 5025 2300 5076 in
2325 5041 2594 5080 summam
2619 5025 2986 5081 denariorum.
3017 5029 3098 5086 De
3125 5030 3351 5097 summa
3376 5028 3527 5072 vero

1899 5109 2262 5156 summarum,
2283 5109 2404 5164 qme
2429 5111 2495 5150 ex
2520 5099 2770 5152 omnibus
2801 5097 2981 5152 fundis
3011 5099 3285 5164 surgebat
3317 5100 3369 5138 ιη
3402 5098 3532 5164 Ψιυ

1897 5170 2179 5232 comitatu,
2215 5162 2620 5222 constituerunt
2644 5169 3046 5224 vice-comitem
3100 5162 3249 5230 illius
3282 5162 3535 5232 com_ita-.

1901 5219 2494 5314 tus—adgeaccarium
2529 5219 2756 5314 teneri:
3069 5219 3244 5314 1ιῖΙὲξά
