4040 5314
263 174 294 230 1
306 173 420 231 Ξἳὸ

1037 302 1102 356 ll.

346 381 426 436 De
477 383 562 438 his
610 387 701 456 qui
753 388 819 443 de
858 396 1132 460 parentcla
1181 412 1274 452 sua
1329 416 1528 459 uxores
1573 413 1776 473 tenent,
1810 419 1864 464 ct

261 488 472 530 uxores
501 488 786 546 parentum
823 498 1068 550 suorum,
1095 490 1332 562 episcopi
1363 498 1677 552 canonicam
1701 498 1864 568 justi-

265 569 408 621 tiam
439 582 826 641 exsequantur.
863 575 979 632 Rex
1021 581 1164 636 enim
1215 584 1422 640 nullum
1461 587 1585 644 inde
1636 592 1864 648 sustinet

261 659 356 712 vel
384 667 586 728 tuetur,
653 666 746 720 sed
788 670 965 737 potius
1017 673 1300 746 episcOpos
1349 677 1650 749 adjuvando
1680 686 1860 742 admo-

269 761 371 808 net
401 763 459 809 ut
487 755 569 812 lex
607 755 699 812 Dei
736 758 962 816 firmiter
989 773 1257 822 teneatur.

1023 853 1108 908 Ill.

336 935 668 1018 Presbyteri,
702 940 938 1010 diaconi,
969 947 1283 1007 subdiacoui
1309 963 1363 1008 et
1392 971 1581 1014 omnes
1605 963 1854 1019 canonici

261 1036 320 1080 et
351 1009 573 1090 decani',
618 1030 818 1086 nullam
847 1036 1070 1092 omnino
1115 1038 1372 1098 fen‘iinam
1413 1046 1671 1105 habeant.
1700 1054 1856 1118 Quod

259 1117 309 1170 si
367 1121 594 1187 posthac
656 1122 854 1194 aliquis
907 1129 1154 1184 eamdem
1213 1134 1426 1204 culpam
1491 1140 1639 1195 visus
1691 1142 1856 1199 fuerit

261 1209 586 1278 incurrisse,
621 1214 664 1267 si
701 1231 801 1284 per
831 1218 1110 1276 ministros
1138 1225 1376 1297 episcopi
1413 1231 1562 1298 prius
1589 1232 1713 1288 inde
1742 1234 1855 1291 fue-

262 1302 336 1356 rit
365 1314 673 1372 accusatus,
706 1307 758 1361 in
789 1311 939 1364 curia
971 1315 1212 1386 episcopi
1240 1333 1299 1374 se
1331 1324 1598 1393 purgabit.
1633 1325 1691 1380 Si
1723 1342 1854 1384 vero

264 1398 710 1464 paraecianorum
744 1402 826 1455 vel
864 1403 1210 1464 dominorum
1250 1411 1446 1482 aliquis
1475 1430 1594 1470 eum
1631 1433 1853 1474 accusa-

257 1486 423 1548 verit,
450 1487 647 1544 haheat
692 1501 983 1550 accusatus
1020 1496 1296 1567 inducias,
1338 1515 1398 1557 ut
1438 1520 1560 1560 cum
1597 1507 1850 1579 episcopo

257 1579 431 1644 possit
481 1578 672 1649 loqui;
713 1583 843 1637 etsi
891 1600 1129 1657 purgare
1172 1603 1232 1644 se
1283 1593 1515 1649 voluerit
1557 1597 1609 1651 in
1655 1601 1847 1654 eadem

256 1668 492 1735 parmcia
527 1669 612 1723 cui
662 1673 860 1737 servit,
897 1680 1256 1744 pra‘seutibus
1294 1686 1637 1752 parochianis
1677 1690 1844 1760 pluri-
1880 1691 1923 1749 Β

255 1755 356 1810 bus
408 1768 536 1813 ante
592 1760 874 1818 ministros
911 1765 1151 1839 episcopi
1202 1780 1257 1825 et
1303 1789 1488 1830 coram
1532 1775 1742 1846 judicio
1786 1797 1846 1837 se

255 1849 524 1914 purgabit.
554 1849 611 1906 Si
637 1868 766 1908 vero
787 1871 845 1910 se
871 1872 1106 1930 purgare
1133 1878 1237 1918 non
1264 1868 1521 1934 potuerit,
1551 1871 1842 1928 ecclesiam

253 1939 450 2006 perdat
494 1941 1016 2016 irrecuperabiliter.
1057 1951 1170 2008 Hoc
1213 1966 1394 2012 autem
1427 1975 1518 2014 rex
1551 1963 1844 2032 praedictus

252 2031 462 2096 statuit,
497 2049 600 2089 non
627 2039 940 2104 perenniter
973 2044 1246 2115 episcopis
1277 2049 1391 2104 suis
1424 2031 1660 2108 debitam
1691 2056 1844 2112 aufe-

255 2127 420 2179 rendo
473 2128 745 2197 justitiam
791 2149 805 2185 :
863 2135 957 2189 sed
1013 2138 1142 2206 quia
1189 2155 1256 2195 eo
1310 2150 1553 2214 tempore
1602 2151 1839 2221 episcopi

253 2216 428 2270 minus
460 2235 621 2287 quam
654 2223 994 2280 convenisset
1045 2227 1170 2284 inde
1214 2231 1481 2302 fecerant,
1517 2239 1691 2295 donec
1728 2242 1841 2311 ipse

249 2323 432 2363 eorum
455 2311 646 2366 videns
671 2316 1105 2374 emendationem
1149 2323 1230 2376 eis
1264 2326 1519 2384 redderet
1547 2346 1644 2400 pro
1677 2332 1841 2388 benc-

249 2400 413 2468 f.:cto,
449 2406 591 2474 quod
625 2416 753 2463 tunc
776 2409 844 2465 de
876 2427 1037 2468 manu
1071 2430 1257 2472 eorum
1286 2425 1658 2492 temporaliter
1697 2429 1836 2483 tule-

250 2503 331 2547 rat
357 2509 454 2565 pro
479 2498 791 2555 commisso.

991 2597 1079 2653 IV.

319 2678 505 2737 Nullus
557 2682 727 2740 laicus
789 2686 841 2740 in
903 2690 1166 2747 reditibus
1191 2695 1401 2763 altaris,
1457 2703 1541 2758 vel
1572 2704 1624 2759 in
1655 2708 1837 2778 sepul-

251 2779 390 2838 tura,
423 2773 505 2828 vel
534 2774 586 2829 in
623 2776 780 2831 tertia
810 2787 966 2848 parte
995 2781 1218 2840 decima:
1249 2787 1453 2859 aliquid
1491 2773 1838 2862 habeat.-nec

244 2863 528 2931 pecuniam
562 2879 661 2934 pro
708 2867 900 2922 hormn
941 2875 1248 2932 venditione
1278 2879 1360 2933 vel
1405 2883 1696 2942 donatione
1732 2889 1834 2942 ali-

243 2970 506 3029 quatenus
565 2963 786 3019 habeat.
842 2965 952 3023 Nec
1022 2973 1309 3043 presbyter
1367 2974 1492 3030 inde
1551 2979 1831 3036 servitium

1783 201 2021 262 LEGES.

3415 237 3554 296 1296

1892 333 1939 388 Α
1972 321 2110 377 rium
2155 341 2311 383 suum
2361 342 2586 404 cogatur
2621 336 2731 394 hoc
2770 341 2979 400 solvere
3023 346 3138 403 sine
3172 354 3552 411 emendatione

1969 417 2235 482 pecunitn.

2720 522 2811 578 IX.

2036 600 2233 659 Laieus
2265 609 2642 680 presbyterum
2672 632 2776 672 non
2804 619 2895 676 det
2921 624 3001 679 vel
3029 625 3235 683 adimat
3268 632 3510 691 ecclesirc
3533 681 3550 701 .

1966 693 2066 747 nisi
2117 709 2184 749 ex
2235 711 2504 757 consensu
2551 709 2815 775 prtesulis.
2865 712 3032 780 Quem
3071 727 3284 786 tamen,
3323 725 3367 778 si
3425 726 3551 794 reji-

1964 784 2187 840 ciendus
2237 799 2353 854 est,
2402 792 2688 865 cpiscopus
2741 815 2844 856 non
2891 806 3145 878 repellat;
3195 784 3330 868 ct'si
3377 784 3552 883 repel-

1963 873 2153 931 lcndus
2178 888 2257 931 est
2285 896 2392 936 non
2429 885 2683 942 retineat.

2719 1019 2786 1073 Χ.

2030 1093 2084 1148 1η
2113 1102 2440 1157 οωωειρι·ἱίε
2464 1107 2817 1165 ecclesiarum
2842 1130 2960 1183 qua:
2982 1131 3108 1174 sunt
3133 1123 3186 1176 in
3206 1125 3543 1192 civitatibus,

1957 1185 2040 1240 vel
2089 1187 2143 1240 in
2186 1193 2460 1260 castellis,
2507 1198 2590 1252 vel
2640 1200 2692 1254 in
2742 1202 2956 1276 burgis,
3003 1212 3264 1284 quidquid
3303 1185 3544 1290 episcopi

1958 1285 2200 1347 tempore
2254 1283 2516 1342 Rodbcrti
2559 1293 2798 1357 comitis,
2844 1307 2900 1352 et
2948 1283 3200 1359 Willelmi
3250 1283 3394 1379 regis
3423 1283 3543 1380 ejus

1953 1383 2218 1427 consensu
2251 1374 2587 1446 habuerunt,
2618 1385 2857 1456 episcopi
2898 1391 3152 1449 habeant.
3193 1397 3248 1452 ln
3281 1411 3542 1460 cmmetc-

1956 1460 2052 1514 riis
2079 1477 2207 1518 vero
2261 1481 2382 1536 qua:
2421 1469 2474 1524 in
2516 1475 2754 1531 marchis
2789 1489 2932 1544 sunt,
2967 1483 3010 1537 si
3042 1501 3238 1554 guerra
3267 1489 3452 1559 fuerit,
3483 1506 3542 1550 et

1951 1551 2116 1622 aliqui
2151 1556 2219 1610 ad
2271 1559 2627 1618 habitandum
2675 1568 2745 1622 ibi
2780 1569 2983 1628 faciant
3014 1551 3375 1650 mansionem,
3404 1587 3532 1642 dum

1952 1659 2146 1711 gucrra
2193 1648 2508 1720 duraverit,
2551 1664 2606 1710 et
2651 1657 2750 1727 ipsi
2782 1671 3004 1731 propter
3027 1683 3279 1738 guerram
3312 1673 3367 1729 in
3394 1677 3537 1734 atrio

1951 1737 2286 1804 manserint,
2346 1741 2546 1797 nullam
2603 1737 3127 1813 forisfacturamiab
3185 1761 3265 1817 eis
3316 1764 3539 1822 habebit

1947 1826 2254 1898 episcopus,
2278 1831 2380 1886 nisi
2408 1848 2570 1902 quam
2595 1835 2892 1905 habuisset,
2922 1855 3208 1916 antequam
3239 1853 3305 1907 ad
3333 1859 3533 1910 atrium

1947 1916 2337 1988 confugissent.
2394 1924 2528 1978 Cum
2583 1937 2764 1984 autem
2819 1951 2923 2003 pax
2979 1937 3121 1994 facta
3168 1941 3382 2011 fuerit,
3441 1950 3535 2018 qui

1944 2019 2167 2079 propter
2195 2027 2450 2082 guerram
2483 2017 2757 2088 fugerant,
2789 2025 2854 2079 de
2893 2029 3034 2084 atrio
3069 2033 3221 2088 exire
3245 2017 3532 2110 cogantur,

1945 2109 2039 2156 aut
2088 2105 2486 2176 episcopalibus
2535 2112 2743 2184 legibus
2772 2133 3164 2190 supponantur.
3190 2128 3289 2195 Qui
3316 2105 3448 2189 iero
3477 2137 3530 2190 in

1944 2196 2216 2262 pl'mdictis
2238 2204 2565 2260 cmmeteriis
2580 2209 2853 2278 antiquius
2875 2230 3208 2288 manserunt,
3232 2223 3284 2278 in
3307 2227 3530 2299 antiqua

1943 2287 2259 2355 quicludine
2289 2309 2662 2363 permaneant.
3195 2287 3200 2288 γ
3440 2287 3454 2299 ’
3483 2301 3485 2303 ί

2014 2493 2270 2553 Ecclesim
2301 2500 2551 2560 villarum
2575 2519 2834 2576 quantum
2863 2519 3193 2576 cmmeteriis
3221 2522 3527 2586 habuerunt

1942 2592 2187 2656 tempore
2234 2591 2494 2650 Rodberti
2541 2602 2785 2668 comitis,
2815 2606 2900 2660 vel
2930 2621 3192 2677 quantum
3220 2616 3528 2677 habuerunt

1940 2691 2110 2746 usque
2138 2683 2205 2735 ad
2237 2683 2380 2740 istud
2405 2690 2718 2759 concilium,
2745 2703 2951 2753 tantum
2979 2701 3248 2773 habeant;
3283 2719 3339 2764 et
3367 2711 3419 2768 in
3446 2715 3526 2767 eis

1939 2781 2034 2821 eas
2074 2776 2498 2834 consuetudines
2529 2781 2764 2839 habeant
2809 2789 3071 2861 episcopi,
3100 2811 3238 2865 quas
3281 2808 3526 2873 tempore

1940 2857 2198 2918 Rodberti
2240 2868 2461 2925 comitis
2502 2872 2587 2928 vel
2627 2873 2882 2933 Willelmi
2927 2857 3069 2954 regis
3106 2857 3223 2956 ejus
3257 2857 3526 2948 consensu

1938 2948 2268 3020 habuerunt,
2305 2959 2406 3014 nisi
2439 2963 2681 3033 episcopi
2711 2969 2947 3039 aliquam
2975 2948 3346 3043 quietitdinem
3381 2983 3525 3040 fece-

244 3050 435 3115 faciat.
483 3055 590 3111 nisi
648 3055 977 3127 legmionem
1033 3042 1236 3118 domm
1290 3066 1372 3120 sui
1421 3079 1630 3138 ponet,
1672 3072 1744 3126 ita
1774 3083 1831 3128 ul
1860 3042 1904 3104 C
1936 3045 2047 3139 rint
2080 3051 2412 3108 concedente
2449 3070 2573 3126 rege
2624 3057 2918 3118 Willelmo.
2967 3066 3024 3122 Si
3071 3082 3192 3139 post
3225 3078 3521 3135 concilium

237 3142 423 3199 eadem
452 3145 540 3201 die
578 3151 648 3202 ad
682 3149 975 3206 ecclesiam
1017 3166 1326 3213 revertatur
1353 3169 1409 3214 et
1434 3162 1501 3216 ad
1530 3164 1824 3228 orationes.

238 3248 334 3302 per
376 3234 762 3296 Normanniam
806 3243 1176 3314 solummodo,
1231 3251 1433 3306 victum
1485 3254 1691 3311 domini
1741 3259 1825 3313 sui

238 3326 462 3397 habens,
489 3330 534 3386 si
571 3331 824 3388 dominus
847 3335 1085 3394 voluerit
1111 3357 1295 3396 secum
1319 3343 1515 3411 vadet;
1543 3349 1824 3405 servitium

230 3420 477 3479 ecclesiae
498 3426 786 3498 presbyter
810 3430 1027 3488 interim
1057 3443 1230 3489 curet.

1002 3525 1062 3581 V.

304 3605 608 3680 Presbyteri
653 3615 722 3670 ab
765 3617 1036 3689 episcOpis
1081 3618 1165 3673 vel
1211 3621 1279 3675 ab
1321 3636 1509 3677 eorum
1555 3625 1822 3683 ministris

234 3711 428 3770 praeter
457 3705 638 3773 justos
689 3712 896 3768 reditus
938 3714 1200 3783 episcopi,
1249 3716 1303 3771 vi
1356 3717 1439 3771 vel
1474 3717 1637 3773 minis
1689 3721 1820 3776 dare

230 3793 362 3848 nihil
392 3808 674 3867 cogantur.
707 3800 939 3873 Pr0pter
974 3820 1163 3861 eorum
1210 3805 1443 3865 feminas
1475 3810 1624 3866 nulla
1655 3825 1818 3882 pecu-

229 3886 331 3943 nia:
357 3887 666 3947 emendatio
691 3896 956 3966 exigatur.

970 3988 1057 4046 Vl.

295 4071 677 4132 Archidiaconi
726 4092 823 4148 per
870 4080 1350 4139 archidiaconatus
1386 4099 1513 4139 suos
1553 4086 1720 4140 semel
1760 4087 1810 4141 in

225 4175 366 4222 anno
403 4167 852 4238 presbyterorum
885 4169 1350 4242 sulfraganeorum
1381 4189 1604 4228 suorum
1635 4178 1810 4232 vesti-

228 4263 437 4320 menta,
490 4265 544 4311 et
589 4257 811 4325 calices,
842 4268 896 4314 et
929 4261 1097 4318 libros
1138 4264 1377 4329 videant,
1417 4265 1714 4335 designatis
1741 4267 1810 4323 ab

1933 3134 2074 3191 intra
2107 3140 2289 3195 villam
2322 3144 2502 3214 aliqua
2547 3163 2685 3205 nova
2721 3153 2952 3210 ecclesia
2980 3159 3071 3224 sit,
3107 3163 3274 3220 faciat
3306 3169 3522 3238 episeo-

1931 3241 2031 3294 pus
2074 3235 2449 3290 cmineterium
2483 3241 2919 3301 consideratione
2961 3247 3304 3310 dominorum
3342 3235 3396 3314 et
3424 3277 3520 3331 pa-

1929 3320 2314 3379 rochianorum
2341 3326 2584 3396 ejusdem
2613 3333 2876 3390 ecclesiae.
2910 3337 2966 3394 Si
2999 3356 3127 3398 vero
3157 3357 3312 3404 extra
3337 3352 3517 3408 villam

1926 3424 2068 3465 nova
2098 3414 2190 3470 fiat
2216 3418 2466 3486 ecclesia,
2495 3423 2728 3496 indeque
2752 3427 2974 3486 habebit
3003 3436 3248 3509 quinque
3279 3446 3515 3511 perticas

1925 3509 2249 3564 ctemeterii.

2655 3631 2771 3687 Kll.

1996 3709 2053 3766 Si
2114 3713 2346 3770 donatur
2406 3723 2687 3779 monachis
2745 3728 3014 3796 ecclesia,
3075 3737 3360 3810 presbyter
3413 3746 3507 3811 qui

1920 3801 2160 3870 eiusdem
2196 3817 2340 3863 tenet
2365 3812 2650 3869 ecclesiam
2694 3817 2989 3876 honorifice
3021 3833 3199 3882 teneat
3242 3835 3506 3904 qmdquil

1920 3895 1986 3950 de
2025 3898 2212 3954 eadem
2257 3903 2487 3959 ecclesia
2532 3907 2753 3964 haberet
2787 3921 3078 3984 antequam
3105 3924 3354 3978 monachi
3383 3941 3506 3981 eam

1918 3989 2212 4057 haberent;
2270 4003 2323 4049 et.
2385 4005 2537 4054 tanto
2585 4001 2817 4070 melius,
2870 4017 3078 4076 quanto
3141 4016 3506 4072 sanctioribus

1916 4085 2222 4141 associatur
2263 4088 2615 4148 hominibus:
2674 4110 2739 4150 eo
2779 4107 2960 4154 autem
3004 4111 3244 4170 mortuo,
3284 4108 3366 4162 vel
3400 4110 3502 4163 ali-

1914 4185 2183 4244 quatenus
2208 4178 2519 4247 deficiente,
2550 4185 2719 4241 abbas
2757 4188 3010 4246 idoneum
3045 4206 3250 4264 quam!
3276 4203 3503 4271 prcsby.

1914 4277 2107 4333 terum,
2155 4281 2209 4325 et
2253 4274 2506 4344 episcopo
2558 4295 2681 4332 eum
2728 4296 2827 4350 per
2876 4298 2936 4339 se
2983 4285 3066 4341 vel
3103 4303 3200 4358 per
3249 4294 3498 4349 nuntium

225 4345 475 4418 episcopo
514 4349 567 4402 in
620 4365 948 4420 unoquoque
981 4354 1432 4409 arehidiaconatu
1469 4356 1806 4413 solummodo
1837 4391 1884 4450 υ
1911 4376 2066 4415 suum
2087 4365 2355 4420 ostendat.
2382 4367 2576 4435 Quem,
2607 4373 2651 4426 si
2685 4375 3028 4444 recipiendus
3067 4389 3172 4448 est,
3203 4385 3490 4456 episcopus

226 4439 392 4495 tribus
442 4440 614 4507 locis,
665 4441 755 4496 ubi
803 4445 964 4498 vicini
1007 4447 1312 4518 presbyteri
1362 4449 1430 4501 ad
1480 4448 1596 4503 haec
1658 4466 1806 4506 mon-

223 4530 443 4588 stranda
498 4545 886 4591 convocentur.
937 4538 1054 4606 Quo
1088 4541 1234 4595 enim
1279 4540 1694 4602 archidiaconus
1738 4546 1805 4600 ad
1847 4571 1851 4573 -

223 4621 334 4678 haec
383 4624 616 4680 videnda
669 4630 918 4694 venerit,
977 4648 1008 4686 a
1082 4635 1418 4706 presbyteris
1474 4639 1807 4694 conveniunt

224 4715 414 4785 triduo,
442 4719 486 4774 si
513 4721 751 4791 expedit,
778 4724 984 4778 victum
1015 4724 1214 4781 habeat
1239 4727 1343 4782 sibi
1374 4729 1585 4797 quinto.

1915 4452 2162 4523 recipiat.
2205 4452 2262 4509 Si
2303 4472 2435 4512 vero
2471 4461 2751 4533 presbyter
2777 4477 2899 4520 eum
2933 4472 3215 4528 monachis
3238 4452 3502 4546 religiose

1910 4543 2093 4600 vivere
2133 4547 2389 4616 voluerit,
2427 4551 2606 4607 videat
2639 4563 2698 4608 ut
2723 4557 2981 4624 ecclesia,
3009 4577 3172 4633 quam
3199 4567 3502 4640 episcopali

1909 4634 2127 4693 licentia
2181 4638 2422 4707 intravit,
2471 4643 2698 4702 honeste
2748 4659 3030 4719 tractetur,
3081 4666 3190 4711 tam
3237 4659 3290 4713 in
3335 4670 3508 4724 vesti-

1908 4732 2106 4786 mentis
2149 4749 2313 4802 quam
2360 4735 2516 4791 libris
2558 4749 2612 4795 et
2668 4745 2878 4798 caeteris
2919 4747 3168 4806 ecclesiae
3199 4753 3520 4826 servientis:

953 4814 1060 4869 νη.

287 4900 341 4956 Si
395 4903 684 4976 presbyter
739 4906 1162 4962 satisfacdonem
1215 4909 1411 4966 fecerit
1463 4912 1532 4968 de
1588 4912 1803 4970 forestis

219 4993 377 5063 regis,
404 4995 491 5050 vel
517 4997 784 5051 baronum
813 4997 948 5067 ejus,
974 4996 1174 5056 nullam
1207 5000 1653 5061 emendationem
1679 5009 1802 5067 inde

215 5081 421 5142 habebit
451 5085 758 5158 cpiscopus.

1909 4825 2255 4886 necessariis,
2297 4829 2596 4886 secundum
2619 4832 2859 4902 ejusdem
2887 4838 3134 4898 ecclesia:
3165 4841 3534 4916 facultatem,

1907 4912 2059 4979 Quod
2112 4921 2158 4972 sl
2201 4920 2482 4989 presbyter
2522 4939 2648 4982 cum
2698 4929 2983 4988 monachis
3027 4937 3216 4992 vivere
3245 4934 3552 5020 uoluet-ii,

1907 5015 2113 5061 tantum
2138 5008 2188 5062 ei
2219 5009 2310 5063 del
2338 5009 2506 5067 abbas
2532 5017 2598 5074 de
2631 5019 2786 5075 bonis
2812 5021 3082 5097 ecclesiae,
3108 5026 3255 5083 unde
3284 5034 3342 5080 et
3376 5008 3559 5102 hem;

1906 5100 2108 5163 vivere,
2156 5107 2213 5154 et
2261 5102 2510 5160 ecclesiae
2559 5112 2844 5170 servitium
2894 5122 3295 5176 convenienter
3332 5123 3564 5193 valeat

920 5175 1042 5232 Vlll.
1901 5191 2219 5262 adimplere.
2264 5190 2416 5258 Quod
2462 5198 2508 5252 si
2558 5203 2728 5259 abbas
2767 5207 2948 5263 facere
2993 5211 3261 5280 noluerit,
3293 5175 3564 5292 ab

278 5265 582 5314 Preshvteri
608 5270 772 5314 semul
806 5271 854 5314 in
887 5283 1022 5314 anno
1043 5269 1208 5314 nim-
1265 5277 1628 5314 ἷιρηιηοηυιη..
