  <div class='ocr_page' id='page_1' title='image "/cluster/home/n/w/nwhite01/storage/ocr_20150623/149/hvd.32044015473770/667.png"; bbox 0 0 4040 5314; ppageno 0'>
   <div class='ocr_carea' id='block_1_1' title="bbox 581 247 714 303">
    <p class='ocr_par' dir='ltr' id='par_1_1' title="bbox 581 247 714 303">
     <span class='ocr_line' id='line_1_1' title="bbox 581 247 714 303; baseline 0.008 -2"><span class='ocrx_word' id='word_1_1' title='bbox 581 247 602 301; x_wconf 85' lang='lat' dir='ltr'><strong>I</strong></span> <span class='ocrx_word' id='word_1_2' title='bbox 616 249 714 303; x_wconf 69' lang='grc'><strong>527</strong></span> 
     </span>
    </p>
   </div>
   <div class='ocr_carea' id='block_1_2' title="bbox 1298 361 1430 415">
    <p class='ocr_par' dir='ltr' id='par_1_2' title="bbox 1298 361 1430 415">
     <span class='ocr_line' id='line_1_2' title="bbox 1298 361 1430 415; baseline 0 -1"><span class='ocrx_word' id='word_1_3' title='bbox 1298 361 1430 415; x_wconf 70' lang='lat' dir='ltr'>XIII.</span> 
     </span>
    </p>
   </div>
   <div class='ocr_carea' id='block_1_3' title="bbox 655 451 2157 522">
    <p class='ocr_par' dir='ltr' id='par_1_3' title="bbox 655 451 2157 522">
     <span class='ocr_line' id='line_1_3' title="bbox 655 451 2157 522; baseline 0.001 -14"><span class='ocrx_word' id='word_1_4' title='bbox 655 452 882 508; x_wconf 89' lang='lat' dir='ltr'><strong>Violatio</strong></span> <span class='ocrx_word' id='word_1_5' title='bbox 945 451 1188 507; x_wconf 73' lang='lat' dir='ltr'><strong>ecclesia:</strong></span> <span class='ocrx_word' id='word_1_6' title='bbox 1250 460 1303 506; x_wconf 91' lang='lat' dir='ltr'><strong>et</strong></span> <span class='ocrx_word' id='word_1_7' title='bbox 1358 451 1512 517; x_wconf 86' lang='lat' dir='ltr'><strong>atrii,</strong></span> <span class='ocrx_word' id='word_1_8' title='bbox 1570 452 1709 507; x_wconf 98' lang='lat' dir='ltr'><strong>sicut</strong></span> <span class='ocrx_word' id='word_1_9' title='bbox 1753 452 2002 522; x_wconf 88' lang='lat' dir='ltr'><strong>superius</strong></span> <span class='ocrx_word' id='word_1_10' title='bbox 2065 453 2157 509; x_wconf 87' lang='lat' dir='ltr'><strong>de-</strong></span> 
     </span>
    </p>
   </div>
   <div class='ocr_carea' id='block_1_4' title="bbox 579 543 2158 615">
    <p class='ocr_par' dir='ltr' id='par_1_4' title="bbox 579 543 2158 615">
     <span class='ocr_line' id='line_1_4' title="bbox 579 543 2158 615; baseline 0 -15"><span class='ocrx_word' id='word_1_11' title='bbox 579 556 922 603; x_wconf 83' lang='lat' dir='ltr'><strong>terminatum</strong></span> <span class='ocrx_word' id='word_1_12' title='bbox 960 552 1060 609; x_wconf 88' lang='lat' dir='ltr'><strong>est,</strong></span> <span class='ocrx_word' id='word_1_13' title='bbox 1101 552 1154 599; x_wconf 91' lang='lat' dir='ltr'><strong>et</strong></span> <span class='ocrx_word' id='word_1_14' title='bbox 1189 544 1474 599; x_wconf 89' lang='lat' dir='ltr'><strong>commissa</strong></span> <span class='ocrx_word' id='word_1_15' title='bbox 1516 558 1615 615; x_wconf 92' lang='lat' dir='ltr'><strong>pro</strong></span> <span class='ocrx_word' id='word_1_16' title='bbox 1667 543 1863 614; x_wconf 88' lang='lat' dir='ltr'><strong>quibus</strong></span> <span class='ocrx_word' id='word_1_17' title='bbox 1916 545 2158 600; x_wconf 89' lang='lat' dir='ltr'><strong>divinum</strong></span> 
     </span>
    </p>
   </div>
   <div class='ocr_carea' id='block_1_5' title="bbox 577 635 2154 706">
    <p class='ocr_par' dir='ltr' id='par_1_5' title="bbox 577 635 2154 706">
     <span class='ocr_line' id='line_1_5' title="bbox 577 635 2154 706; baseline -0.004 -12"><span class='ocrx_word' id='word_1_18' title='bbox 577 638 814 694; x_wconf 85' lang='lat' dir='ltr'><strong>officium</strong></span> <span class='ocrx_word' id='word_1_19' title='bbox 859 642 1128 700; x_wconf 87' lang='lat' dir='ltr'><strong>remanet,</strong></span> <span class='ocrx_word' id='word_1_20' title='bbox 1175 635 1443 706; x_wconf 82' lang='lat' dir='ltr'><strong>episcopis</strong></span> <span class='ocrx_word' id='word_1_21' title='bbox 1487 649 1583 705; x_wconf 91' lang='lat' dir='ltr'><strong>per</strong></span> <span class='ocrx_word' id='word_1_22' title='bbox 1631 635 1917 706; x_wconf 87' lang='lat' dir='ltr'><strong>pecuniam</strong></span> <span class='ocrx_word' id='word_1_23' title='bbox 1967 649 2154 690; x_wconf 83' lang='lat' dir='ltr'><strong>emen-</strong></span> 
     </span>
    </p>
   </div>
   <div class='ocr_carea' id='block_1_6' title="bbox 573 723 2156 805">
    <p class='ocr_par' dir='ltr' id='par_1_6' title="bbox 573 723 2156 805">
     <span class='ocr_line' id='line_1_6' title="bbox 573 723 2156 805; baseline -0.004 -21"><span class='ocrx_word' id='word_1_24' title='bbox 573 728 791 797; x_wconf 84' lang='lat' dir='ltr'><strong>dentur.</strong></span> <span class='ocrx_word' id='word_1_25' title='bbox 836 728 1085 784; x_wconf 83' lang='lat' dir='ltr'><strong>Assultus</strong></span> <span class='ocrx_word' id='word_1_26' title='bbox 1131 728 1184 784; x_wconf 91' lang='lat' dir='ltr'><strong>in</strong></span> <span class='ocrx_word' id='word_1_27' title='bbox 1231 727 1426 782; x_wconf 90' lang='lat' dir='ltr'><strong>itinere</strong></span> <span class='ocrx_word' id='word_1_28' title='bbox 1479 723 1721 782; x_wconf 66' lang='lat' dir='ltr'><strong>ecclesia:</strong></span> <span class='ocrx_word' id='word_1_29' title='bbox 1768 723 2037 805; x_wconf 74' lang='lat' dir='ltr'><strong>similiter.</strong></span> <span class='ocrx_word' id='word_1_30' title='bbox 2098 723 2156 778; x_wconf 91' lang='lat' dir='ltr'><strong>Si</strong></span> 
     </span>
    </p>
   </div>
   <div class='ocr_carea' id='block_1_7' title="bbox 575 815 2160 891">
    <p class='ocr_par' dir='ltr' id='par_1_7' title="bbox 575 815 2160 891">
     <span class='ocr_line' id='line_1_7' title="bbox 575 815 2160 891; baseline -0.001 -17"><span class='ocrx_word' id='word_1_31' title='bbox 575 820 698 891; x_wconf 88' lang='lat' dir='ltr'><strong>quis</strong></span> <span class='ocrx_word' id='word_1_32' title='bbox 761 820 932 876; x_wconf 90' lang='lat' dir='ltr'><strong>iratus</strong></span> <span class='ocrx_word' id='word_1_33' title='bbox 989 819 1336 890; x_wconf 77' lang='lat' dir='ltr'><strong>persequitur</strong></span> <span class='ocrx_word' id='word_1_34' title='bbox 1391 815 1556 871; x_wconf 91' lang='lat' dir='ltr'><strong>alium</strong></span> <span class='ocrx_word' id='word_1_35' title='bbox 1612 816 1665 870; x_wconf 92' lang='lat' dir='ltr'><strong>in</strong></span> <span class='ocrx_word' id='word_1_36' title='bbox 1715 816 1912 871; x_wconf 89' lang='lat' dir='ltr'><strong>atrium</strong></span> <span class='ocrx_word' id='word_1_37' title='bbox 1963 815 2047 871; x_wconf 89' lang='lat' dir='ltr'><strong>vel</strong></span> <span class='ocrx_word' id='word_1_38' title='bbox 2103 816 2160 872; x_wconf 89' lang='lat' dir='ltr'><strong>in</strong></span> 
     </span>
    </p>
   </div>
   <div class='ocr_carea' id='block_1_8' title="bbox 573 909 1442 984">
    <p class='ocr_par' dir='ltr' id='par_1_8' title="bbox 573 909 1442 984">
     <span class='ocr_line' id='line_1_8' title="bbox 573 909 1442 984; baseline 0 -18"><span class='ocrx_word' id='word_1_39' title='bbox 573 909 882 979; x_wconf 73' lang='lat' dir='ltr'><strong>ecclesiam,</strong></span> <span class='ocrx_word' id='word_1_40' title='bbox 913 912 1181 967; x_wconf 77' lang='lat' dir='ltr'><strong>similiter.</strong></span> <span class='ocrx_word' id='word_1_41' title='bbox 1440 982 1442 984; x_wconf 13' lang='grc' dir='ltr'><strong><em>ν</em></strong></span> 
     </span>
    </p>
   </div>
   <div class='ocr_carea' id='block_1_9' title="bbox 647 1000 2158 1071">
    <p class='ocr_par' dir='ltr' id='par_1_9' title="bbox 647 1000 2158 1071">
     <span class='ocr_line' id='line_1_9' title="bbox 647 1000 2158 1071; baseline -0.005 -11"><span class='ocrx_word' id='word_1_42' title='bbox 647 1004 704 1060; x_wconf 84' lang='lat' dir='ltr'><strong>Si</strong></span> <span class='ocrx_word' id='word_1_43' title='bbox 733 1005 964 1062; x_wconf 89' lang='lat' dir='ltr'><strong>clericus</strong></span> <span class='ocrx_word' id='word_1_44' title='bbox 1004 1015 1123 1060; x_wconf 89' lang='lat' dir='ltr'><strong>arat</strong></span> <span class='ocrx_word' id='word_1_45' title='bbox 1146 1004 1232 1061; x_wconf 95' lang='lat' dir='ltr'><strong>vel</strong></span> <span class='ocrx_word' id='word_1_46' title='bbox 1258 1003 1491 1059; x_wconf 65' lang='lat' dir='ltr'><strong>aedificat</strong></span> <span class='ocrx_word' id='word_1_47' title='bbox 1525 1002 1578 1056; x_wconf 88' lang='lat' dir='ltr'><strong>in</strong></span> <span class='ocrx_word' id='word_1_48' title='bbox 1613 1001 1754 1056; x_wconf 89' lang='lat' dir='ltr'><strong>atrio</strong></span> <span class='ocrx_word' id='word_1_49' title='bbox 1787 1001 1904 1056; x_wconf 88' lang='lat' dir='ltr'><strong>sine</strong></span> <span class='ocrx_word' id='word_1_50' title='bbox 1941 1000 2158 1071; x_wconf 85' lang='lat' dir='ltr'><strong>pontifi-</strong></span> 
     </span>
    </p>
   </div>
   <div class='ocr_carea' id='block_1_10' title="bbox 575 1089 2157 1163">
    <p class='ocr_par' dir='ltr' id='par_1_10' title="bbox 575 1089 2157 1163">
     <span class='ocr_line' id='line_1_10' title="bbox 575 1089 2157 1163; baseline -0.006 -11"><span class='ocrx_word' id='word_1_51' title='bbox 575 1097 681 1152; x_wconf 86' lang='lat' dir='ltr'><strong>cali</strong></span> <span class='ocrx_word' id='word_1_52' title='bbox 711 1097 952 1163; x_wconf 79' lang='lat' dir='ltr'><strong>licentia,</strong></span> <span class='ocrx_word' id='word_1_53' title='bbox 979 1097 1245 1152; x_wconf 86' lang='lat' dir='ltr'><strong>similiter.</strong></span> <span class='ocrx_word' id='word_1_54' title='bbox 1265 1095 1321 1150; x_wconf 89' lang='lat' dir='ltr'><strong>Si</strong></span> <span class='ocrx_word' id='word_1_55' title='bbox 1347 1093 1578 1149; x_wconf 88' lang='lat' dir='ltr'><strong>clericus</strong></span> <span class='ocrx_word' id='word_1_56' title='bbox 1601 1101 1813 1160; x_wconf 88' lang='lat' dir='ltr'><strong>raptum</strong></span> <span class='ocrx_word' id='word_1_57' title='bbox 1839 1090 2047 1156; x_wconf 81' lang='lat' dir='ltr'><strong>fecerit,</strong></span> <span class='ocrx_word' id='word_1_58' title='bbox 2075 1089 2157 1144; x_wconf 89' lang='lat' dir='ltr'><strong>vel</strong></span> 
     </span>
    </p>
   </div>
   <div class='ocr_carea' id='block_1_11' title="bbox 572 1179 2154 1258">
    <p class='ocr_par' dir='ltr' id='par_1_11' title="bbox 572 1179 2154 1258">
     <span class='ocr_line' id='line_1_11' title="bbox 572 1179 2154 1258; baseline -0.005 -18"><span class='ocrx_word' id='word_1_59' title='bbox 572 1187 807 1251; x_wconf 83' lang='lat' dir='ltr'><strong>furtum,</strong></span> <span class='ocrx_word' id='word_1_60' title='bbox 847 1187 931 1240; x_wconf 88' lang='lat' dir='ltr'><strong>vel</strong></span> <span class='ocrx_word' id='word_1_61' title='bbox 988 1186 1220 1258; x_wconf 80' lang='lat' dir='ltr'><strong>aliquem</strong></span> <span class='ocrx_word' id='word_1_62' title='bbox 1258 1182 1586 1255; x_wconf 88' lang='lat' dir='ltr'><strong>percusserit</strong></span> <span class='ocrx_word' id='word_1_63' title='bbox 1633 1190 1725 1236; x_wconf 91' lang='lat' dir='ltr'><strong>aut</strong></span> <span class='ocrx_word' id='word_1_64' title='bbox 1770 1179 2154 1242; x_wconf 83' lang='lat' dir='ltr'><strong>vulneraverit,</strong></span> 
     </span>
    </p>
   </div>
   <div class='ocr_carea' id='block_1_12' title="bbox 570 1271 2147 1348">
    <p class='ocr_par' dir='ltr' id='par_1_12' title="bbox 570 1271 2147 1348">
     <span class='ocr_line' id='line_1_12' title="bbox 570 1271 2147 1348; baseline -0.005 -15"><span class='ocrx_word' id='word_1_65' title='bbox 570 1278 656 1334; x_wconf 86' lang='lat' dir='ltr'><strong>vel</strong></span> <span class='ocrx_word' id='word_1_66' title='bbox 704 1276 1002 1348; x_wconf 88' lang='lat' dir='ltr'><strong>occiderit,</strong></span> <span class='ocrx_word' id='word_1_67' title='bbox 1054 1287 1148 1333; x_wconf 90' lang='lat' dir='ltr'><strong>aut</strong></span> <span class='ocrx_word' id='word_1_68' title='bbox 1191 1276 1428 1332; x_wconf 90' lang='lat' dir='ltr'><strong>duellum</strong></span> <span class='ocrx_word' id='word_1_69' title='bbox 1472 1275 1590 1329; x_wconf 88' lang='lat' dir='ltr'><strong>sine</strong></span> <span class='ocrx_word' id='word_1_70' title='bbox 1637 1272 1856 1327; x_wconf 90' lang='lat' dir='ltr'><strong>licentia</strong></span> <span class='ocrx_word' id='word_1_71' title='bbox 1909 1271 2147 1342; x_wconf 90' lang='lat' dir='ltr'><strong>episcopi</strong></span> 
     </span>
    </p>
   </div>
   <div class='ocr_carea' id='block_1_13' title="bbox 570 1360 2152 1439">
    <p class='ocr_par' dir='ltr' id='par_1_13' title="bbox 570 1360 2152 1439">
     <span class='ocr_line' id='line_1_13' title="bbox 570 1360 2152 1439; baseline -0.006 -14"><span class='ocrx_word' id='word_1_72' title='bbox 570 1369 893 1439; x_wconf 86' lang='lat' dir='ltr'><strong>susceperit,</strong></span> <span class='ocrx_word' id='word_1_73' title='bbox 919 1376 1012 1424; x_wconf 93' lang='lat' dir='ltr'><strong>aut</strong></span> <span class='ocrx_word' id='word_1_74' title='bbox 1034 1383 1270 1423; x_wconf 91' lang='lat' dir='ltr'><strong>nannum</strong></span> <span class='ocrx_word' id='word_1_75' title='bbox 1299 1365 1511 1430; x_wconf 78' lang='lat' dir='ltr'><strong>fecerit,</strong></span> <span class='ocrx_word' id='word_1_76' title='bbox 1541 1371 1635 1418; x_wconf 92' lang='lat' dir='ltr'><strong>aut</strong></span> <span class='ocrx_word' id='word_1_77' title='bbox 1656 1362 1918 1418; x_wconf 92' lang='lat' dir='ltr'><strong>assultum</strong></span> <span class='ocrx_word' id='word_1_78' title='bbox 1943 1360 2152 1425; x_wconf 82' lang='lat' dir='ltr'><strong>fecerit,</strong></span> 
     </span>
    </p>
   </div>
   <div class='ocr_carea' id='block_1_14' title="bbox 573 1455 2152 1535">
    <p class='ocr_par' dir='ltr' id='par_1_14' title="bbox 573 1455 2152 1535">
     <span class='ocr_line' id='line_1_14' title="bbox 573 1455 2152 1535; baseline -0.005 -17"><span class='ocrx_word' id='word_1_79' title='bbox 573 1471 670 1518; x_wconf 92' lang='lat' dir='ltr'><strong>aut</strong></span> <span class='ocrx_word' id='word_1_80' title='bbox 703 1463 906 1535; x_wconf 90' lang='lat' dir='ltr'><strong>aliquid</strong></span> <span class='ocrx_word' id='word_1_81' title='bbox 937 1462 1135 1533; x_wconf 87' lang='lat' dir='ltr'><strong>injuste</strong></span> <span class='ocrx_word' id='word_1_82' title='bbox 1172 1461 1410 1518; x_wconf 81' lang='lat' dir='ltr'><strong>saisiertt</strong></span> <span class='ocrx_word' id='word_1_83' title='bbox 1430 1499 1444 1523; x_wconf 88' lang='lat'><strong>,</strong></span> <span class='ocrx_word' id='word_1_84' title='bbox 1474 1466 1568 1513; x_wconf 92' lang='lat' dir='ltr'><strong>aut</strong></span> <span class='ocrx_word' id='word_1_85' title='bbox 1599 1455 1906 1512; x_wconf 85' lang='lat' dir='ltr'><strong>incendium</strong></span> <span class='ocrx_word' id='word_1_86' title='bbox 1945 1455 2152 1521; x_wconf 89' lang='lat' dir='ltr'><strong>fecerit,</strong></span> 
     </span>
    </p>
   </div>
   <div class='ocr_carea' id='block_1_15' title="bbox 570 1549 2151 1632">
    <p class='ocr_par' dir='ltr' id='par_1_15' title="bbox 570 1549 2151 1632">
     <span class='ocr_line' id='line_1_15' title="bbox 570 1549 2151 1632; baseline -0.008 -19"><span class='ocrx_word' id='word_1_87' title='bbox 570 1568 665 1615; x_wconf 91' lang='lat' dir='ltr'><strong>aut</strong></span> <span class='ocrx_word' id='word_1_88' title='bbox 703 1575 863 1616; x_wconf 87' lang='lat' dir='ltr'><strong>manu</strong></span> <span class='ocrx_word' id='word_1_89' title='bbox 899 1568 1086 1632; x_wconf 89' lang='lat' dir='ltr'><strong>pastus</strong></span> <span class='ocrx_word' id='word_1_90' title='bbox 1113 1558 1248 1630; x_wconf 89' lang='lat' dir='ltr'><strong>ejus,</strong></span> <span class='ocrx_word' id='word_1_91' title='bbox 1278 1562 1371 1610; x_wconf 92' lang='lat' dir='ltr'><strong>aut</strong></span> <span class='ocrx_word' id='word_1_92' title='bbox 1403 1553 1676 1608; x_wconf 85' lang='lat' dir='ltr'><strong>habitator</strong></span> <span class='ocrx_word' id='word_1_93' title='bbox 1715 1550 1860 1616; x_wconf 86' lang='lat' dir='ltr'><strong>atrii,</strong></span> <span class='ocrx_word' id='word_1_94' title='bbox 1885 1549 2151 1604; x_wconf 90' lang='lat' dir='ltr'><strong>similiter.</strong></span> 
     </span>
    </p>
   </div>
   <div class='ocr_carea' id='block_1_16' title="bbox 571 1639 2155 1709">
    <p class='ocr_par' dir='ltr' id='par_1_16' title="bbox 571 1639 2155 1709">
     <span class='ocr_line' id='line_1_16' title="bbox 571 1639 2155 1709; baseline -0.008 -4"><span class='ocrx_word' id='word_1_95' title='bbox 571 1649 631 1706; x_wconf 89' lang='lat' dir='ltr'><strong>Si</strong></span> <span class='ocrx_word' id='word_1_96' title='bbox 684 1652 914 1709; x_wconf 79' lang='lat' dir='ltr'><strong>clericus</strong></span> <span class='ocrx_word' id='word_1_97' title='bbox 970 1649 1294 1707; x_wconf 87' lang='lat' dir='ltr'><strong>adulterium</strong></span> <span class='ocrx_word' id='word_1_98' title='bbox 1351 1643 1544 1700; x_wconf 81' lang='lat' dir='ltr'><strong>fecerit</strong></span> <span class='ocrx_word' id='word_1_99' title='bbox 1598 1651 1692 1697; x_wconf 89' lang='lat' dir='ltr'><strong>aut</strong></span> <span class='ocrx_word' id='word_1_100' title='bbox 1733 1642 2034 1705; x_wconf 89' lang='lat' dir='ltr'><strong>incestum,</strong></span> <span class='ocrx_word' id='word_1_101' title='bbox 2082 1639 2155 1694; x_wconf 89' lang='lat' dir='ltr'><strong>si-</strong></span> 
     </span>
    </p>
   </div>
   <div class='ocr_carea' id='block_1_17' title="bbox 1711 247 2620 318">
    <p class='ocr_par' dir='ltr' id='par_1_17' title="bbox 1711 247 2620 318">
     <span class='ocr_line' id='line_1_17' title="bbox 1711 247 2620 318; baseline 0.006 -17"><span class='ocrx_word' id='word_1_102' title='bbox 1711 247 2054 301; x_wconf 78' lang='lat' dir='ltr'><strong>WILLELMI</strong></span> <span class='ocrx_word' id='word_1_103' title='bbox 2094 249 2620 318; x_wconf 75' lang='lat' dir='ltr'><strong>CONQUESTORIS</strong></span> 
     </span>
    </p>
   </div>
   <div class='ocr_carea' id='block_1_18' title="bbox 2178 365 3843 440">
    <p class='ocr_par' dir='ltr' id='par_1_18' title="bbox 2178 365 3843 440">
     <span class='ocr_line' id='line_1_18' title="bbox 2178 365 3843 440; baseline 0.004 -21"><span class='ocrx_word' id='word_1_104' title='bbox 2178 365 2506 431; x_wconf 73' lang='lat' dir='ltr'><strong>Ainfieians</strong></span> <span class='ocrx_word' id='word_1_105' title='bbox 2577 367 2704 422; x_wconf 84' lang='lat' dir='ltr'><strong>ferri</strong></span> <span class='ocrx_word' id='word_1_106' title='bbox 2759 367 2960 434; x_wconf 89' lang='lat' dir='ltr'><strong>judicio</strong></span> <span class='ocrx_word' id='word_1_107' title='bbox 3022 369 3388 432; x_wconf 86' lang='lat' dir='ltr'><strong>convincitur.</strong></span> <span class='ocrx_word' id='word_1_108' title='bbox 3457 380 3690 440; x_wconf 82' lang='lat' dir='ltr'><strong>excepta</strong></span> <span class='ocrx_word' id='word_1_109' title='bbox 3751 373 3843 426; x_wconf 87' lang='lat' dir='ltr'><strong>Dei</strong></span> 
     </span>
    </p>
   </div>
   <div class='ocr_carea' id='block_1_19' title="bbox 3702 255 3848 309">
    <p class='ocr_par' dir='ltr' id='par_1_19' title="bbox 3702 255 3848 309">
     <span class='ocr_line' id='line_1_19' title="bbox 3702 255 3848 309; baseline -0.007 0"><span class='ocrx_word' id='word_1_110' title='bbox 3702 255 3726 308; x_wconf 82' lang='grc' dir='ltr'><strong>Ι</strong></span> <span class='ocrx_word' id='word_1_111' title='bbox 3737 255 3848 309; x_wconf 75' lang='grc'><strong>328</strong></span> 
     </span>
    </p>
   </div>
   <div class='ocr_carea' id='block_1_20' title="bbox 2265 454 3847 527">
    <p class='ocr_par' dir='ltr' id='par_1_20' title="bbox 2265 454 3847 527">
     <span class='ocr_line' id='line_1_20' title="bbox 2265 454 3847 527; baseline 0.003 -17"><span class='ocrx_word' id='word_1_112' title='bbox 2265 456 2454 521; x_wconf 84' lang='lat' dir='ltr'><strong>trevia,</strong></span> <span class='ocrx_word' id='word_1_113' title='bbox 2497 456 2764 510; x_wconf 87' lang='lat' dir='ltr'><strong>similiter.</strong></span> <span class='ocrx_word' id='word_1_114' title='bbox 2806 456 2908 523; x_wconf 85' lang='lat' dir='ltr'><strong>Qui</strong></span> <span class='ocrx_word' id='word_1_115' title='bbox 2954 454 3173 527; x_wconf 79' lang='lat' dir='ltr'><strong>justitia:</strong></span> <span class='ocrx_word' id='word_1_116' title='bbox 3227 459 3486 514; x_wconf 88' lang='lat' dir='ltr'><strong>resistens</strong></span> <span class='ocrx_word' id='word_1_117' title='bbox 3528 475 3847 516; x_wconf 76' lang='lat' dir='ltr'><strong>excommu-</strong></span> 
     </span>
    </p>
   </div>
   <div class='ocr_carea' id='block_1_21' title="bbox 2261 548 3056 618">
    <p class='ocr_par' dir='ltr' id='par_1_21' title="bbox 2261 548 3056 618">
     <span class='ocr_line' id='line_1_21' title="bbox 2261 548 3056 618; baseline -0.001 -13"><span class='ocrx_word' id='word_1_118' title='bbox 2261 548 2431 605; x_wconf 87' lang='lat' dir='ltr'><strong>tticari</strong></span> <span class='ocrx_word' id='word_1_119' title='bbox 2457 563 2515 604; x_wconf 88' lang='lat' dir='ltr'><strong>se</strong></span> <span class='ocrx_word' id='word_1_120' title='bbox 2540 549 2761 618; x_wconf 88' lang='lat' dir='ltr'><strong>patitur,</strong></span> <span class='ocrx_word' id='word_1_121' title='bbox 2789 549 3056 604; x_wconf 79' lang='lat' dir='ltr'><strong>similiter.</strong></span> 
     </span>
    </p>
   </div>
   <div class='ocr_carea' id='block_1_22' title="bbox 2340 638 3850 713">
    <p class='ocr_par' dir='ltr' id='par_1_22' title="bbox 2340 638 3850 713">
     <span class='ocr_line' id='line_1_22' title="bbox 2340 638 3850 713; baseline 0.005 -21"><span class='ocrx_word' id='word_1_122' title='bbox 2340 638 2798 696; x_wconf 82' lang='lat' dir='ltr'><strong>Parochianorum</strong></span> <span class='ocrx_word' id='word_1_123' title='bbox 2824 641 3051 696; x_wconf 89' lang='lat' dir='ltr'><strong>erimina</strong></span> <span class='ocrx_word' id='word_1_124' title='bbox 3079 642 3330 713; x_wconf 90' lang='lat' dir='ltr'><strong>episeopo</strong></span> <span class='ocrx_word' id='word_1_125' title='bbox 3357 645 3718 713; x_wconf 83' lang='lat' dir='ltr'><strong>pertinentia,</strong></span> <span class='ocrx_word' id='word_1_126' title='bbox 3757 645 3850 701; x_wconf 82' lang='lat' dir='ltr'><strong>ubi</strong></span> 
     </span>
    </p>
   </div>
   <div class='ocr_carea' id='block_1_23' title="bbox 2259 732 3847 805">
    <p class='ocr_par' dir='ltr' id='par_1_23' title="bbox 2259 732 3847 805">
     <span class='ocr_line' id='line_1_23' title="bbox 2259 732 3847 805; baseline 0.001 -19"><span class='ocrx_word' id='word_1_127' title='bbox 2259 733 2593 788; x_wconf 86' lang='lat' dir='ltr'><strong>consuetudo</strong></span> <span class='ocrx_word' id='word_1_128' title='bbox 2625 732 2744 800; x_wconf 88' lang='lat' dir='ltr'><strong>fuit,</strong></span> <span class='ocrx_word' id='word_1_129' title='bbox 2783 733 3157 804; x_wconf 85' lang='lat' dir='ltr'><strong>episcoporum</strong></span> <span class='ocrx_word' id='word_1_130' title='bbox 3193 735 3400 805; x_wconf 86' lang='lat' dir='ltr'><strong>judicio</strong></span> <span class='ocrx_word' id='word_1_131' title='bbox 3437 736 3847 790; x_wconf 82' lang='lat' dir='ltr'><strong>examinentur.</strong></span> 
     </span>
    </p>
   </div>
   <div class='ocr_carea' id='block_1_24' title="bbox 2261 821 3846 896">
    <p class='ocr_par' dir='ltr' id='par_1_24' title="bbox 2261 821 3846 896">
     <span class='ocr_line' id='line_1_24' title="bbox 2261 821 3846 896; baseline 0.002 -20"><span class='ocrx_word' id='word_1_132' title='bbox 2261 821 2318 876; x_wconf 88' lang='lat' dir='ltr'><strong>Si</strong></span> <span class='ocrx_word' id='word_1_133' title='bbox 2359 823 2718 877; x_wconf 88' lang='lat' dir='ltr'><strong>contradictio</strong></span> <span class='ocrx_word' id='word_1_134' title='bbox 2743 821 3094 891; x_wconf 86' lang='lat' dir='ltr'><strong>judicationis</strong></span> <span class='ocrx_word' id='word_1_135' title='bbox 3135 822 3282 878; x_wconf 86' lang='lat' dir='ltr'><strong>facta</strong></span> <span class='ocrx_word' id='word_1_136' title='bbox 3319 823 3517 891; x_wconf 81' lang='lat' dir='ltr'><strong>fuerit,</strong></span> <span class='ocrx_word' id='word_1_137' title='bbox 3560 835 3693 879; x_wconf 84' lang='lat' dir='ltr'><strong>ante</strong></span> <span class='ocrx_word' id='word_1_138' title='bbox 3723 827 3846 896; x_wconf 81' lang='lat' dir='ltr'><strong>epi-</strong></span> 
     </span>
    </p>
   </div>
   <div class='ocr_carea' id='block_1_25' title="bbox 2259 913 3847 986">
    <p class='ocr_par' dir='ltr' id='par_1_25' title="bbox 2259 913 3847 986">
     <span class='ocr_line' id='line_1_25' title="bbox 2259 913 3847 986; baseline 0.003 -20"><span class='ocrx_word' id='word_1_139' title='bbox 2259 927 2479 983; x_wconf 87' lang='lat' dir='ltr'><strong>scopum</strong></span> <span class='ocrx_word' id='word_1_140' title='bbox 2538 913 2851 970; x_wconf 81' lang='lat' dir='ltr'><strong>diIIiniatur.</strong></span> <span class='ocrx_word' id='word_1_141' title='bbox 2931 915 2986 969; x_wconf 86' lang='lat' dir='ltr'><strong>Si</strong></span> <span class='ocrx_word' id='word_1_142' title='bbox 3041 914 3168 969; x_wconf 85' lang='lat' dir='ltr'><strong>furti</strong></span> <span class='ocrx_word' id='word_1_143' title='bbox 3216 914 3480 984; x_wconf 87' lang='lat' dir='ltr'><strong>judicium</strong></span> <span class='ocrx_word' id='word_1_144' title='bbox 3531 915 3847 986; x_wconf 82' lang='lat' dir='ltr'><strong>judicatum</strong></span> 
     </span>
    </p>
   </div>
   <div class='ocr_carea' id='block_1_26' title="bbox 2260 1004 3847 1082">
    <p class='ocr_par' dir='ltr' id='par_1_26' title="bbox 2260 1004 3847 1082">
     <span class='ocr_line' id='line_1_26' title="bbox 2260 1004 3847 1082; baseline 0.004 -24"><span class='ocrx_word' id='word_1_145' title='bbox 2260 1004 2442 1072; x_wconf 84' lang='lat' dir='ltr'><strong>fuerit,</strong></span> <span class='ocrx_word' id='word_1_146' title='bbox 2471 1015 2597 1061; x_wconf 88' lang='lat' dir='ltr'><strong>ante</strong></span> <span class='ocrx_word' id='word_1_147' title='bbox 2634 1017 2858 1063; x_wconf 88' lang='lat' dir='ltr'><strong>matrem</strong></span> <span class='ocrx_word' id='word_1_148' title='bbox 2891 1008 3191 1063; x_wconf 85' lang='lat' dir='ltr'><strong>Ecelesiam</strong></span> <span class='ocrx_word' id='word_1_149' title='bbox 3226 1011 3564 1066; x_wconf 86' lang='lat' dir='ltr'><strong>terminetur.</strong></span> <span class='ocrx_word' id='word_1_150' title='bbox 3597 1010 3655 1065; x_wconf 90' lang='lat' dir='ltr'><strong>Si</strong></span> <span class='ocrx_word' id='word_1_151' title='bbox 3685 1012 3847 1082; x_wconf 80' lang='lat' dir='ltr'><strong>plana</strong></span> 
     </span>
    </p>
   </div>
   <div class='ocr_carea' id='block_1_27' title="bbox 2258 1097 3848 1172">
    <p class='ocr_par' dir='ltr' id='par_1_27' title="bbox 2258 1097 3848 1172">
     <span class='ocr_line' id='line_1_27' title="bbox 2258 1097 3848 1172; baseline 0.003 -20"><span class='ocrx_word' id='word_1_152' title='bbox 2258 1097 2344 1154; x_wconf 86' lang='lat' dir='ltr'><strong>lex</strong></span> <span class='ocrx_word' id='word_1_153' title='bbox 2386 1097 2630 1154; x_wconf 87' lang='lat' dir='ltr'><strong>facienda</strong></span> <span class='ocrx_word' id='word_1_154' title='bbox 2657 1101 2778 1162; x_wconf 85' lang='lat' dir='ltr'><strong>erit,</strong></span> <span class='ocrx_word' id='word_1_155' title='bbox 2811 1101 2881 1156; x_wconf 90' lang='lat' dir='ltr'><strong>ibi</strong></span> <span class='ocrx_word' id='word_1_156' title='bbox 2917 1101 3009 1156; x_wconf 81' lang='lat' dir='ltr'><strong>fiat</strong></span> <span class='ocrx_word' id='word_1_157' title='bbox 3039 1101 3127 1158; x_wconf 88' lang='lat' dir='ltr'><strong>ubi</strong></span> <span class='ocrx_word' id='word_1_158' title='bbox 3158 1101 3412 1172; x_wconf 83' lang='lat' dir='ltr'><strong>placitum</strong></span> <span class='ocrx_word' id='word_1_159' title='bbox 3450 1102 3603 1172; x_wconf 85' lang='lat' dir='ltr'><strong>prius</strong></span> <span class='ocrx_word' id='word_1_160' title='bbox 3635 1103 3740 1157; x_wconf 83' lang='lat' dir='ltr'><strong>fuit</strong></span> <span class='ocrx_word' id='word_1_161' title='bbox 3789 1104 3848 1158; x_wconf 77' lang='lat' dir='ltr'><strong>In</strong></span> 
     </span>
    </p>
   </div>
   <div class='ocr_carea' id='block_1_28' title="bbox 2258 1191 3848 1265">
    <p class='ocr_par' dir='ltr' id='par_1_28' title="bbox 2258 1191 3848 1265">
     <span class='ocr_line' id='line_1_28' title="bbox 2258 1191 3848 1265; baseline 0.001 -19"><span class='ocrx_word' id='word_1_162' title='bbox 2258 1191 2519 1262; x_wconf 87' lang='lat' dir='ltr'><strong>parochia</strong></span> <span class='ocrx_word' id='word_1_163' title='bbox 2552 1193 2790 1264; x_wconf 75' lang='lat' dir='ltr'><strong>episcopi</strong></span> <span class='ocrx_word' id='word_1_164' title='bbox 2839 1194 2957 1250; x_wconf 89' lang='lat' dir='ltr'><strong>sine</strong></span> <span class='ocrx_word' id='word_1_165' title='bbox 2989 1192 3208 1248; x_wconf 85' lang='lat' dir='ltr'><strong>licentia</strong></span> <span class='ocrx_word' id='word_1_166' title='bbox 3255 1194 3372 1265; x_wconf 90' lang='lat' dir='ltr'><strong>ejus</strong></span> <span class='ocrx_word' id='word_1_167' title='bbox 3410 1194 3590 1250; x_wconf 88' lang='lat' dir='ltr'><strong>nullus</strong></span> <span class='ocrx_word' id='word_1_168' title='bbox 3651 1195 3848 1249; x_wconf 85' lang='lat' dir='ltr'><strong>audeat</strong></span> 
     </span>
    </p>
   </div>
   <div class='ocr_carea' id='block_1_29' title="bbox 2253 1283 2571 1352">
    <p class='ocr_par' dir='ltr' id='par_1_29' title="bbox 2253 1283 2571 1352">
     <span class='ocr_line' id='line_1_29' title="bbox 2253 1283 2571 1352; baseline 0.006 -17"><span class='ocrx_word' id='word_1_169' title='bbox 2253 1283 2571 1352; x_wconf 71' lang='lat' dir='ltr'><strong>praedicare.</strong></span> 
     </span>
    </p>
   </div>
   <div class='ocr_carea' id='block_1_30' title="bbox 2329 1373 3846 1450">
    <p class='ocr_par' dir='ltr' id='par_1_30' title="bbox 2329 1373 3846 1450">
     <span class='ocr_line' id='line_1_30' title="bbox 2329 1373 3846 1450; baseline 0.007 -26"><span class='ocrx_word' id='word_1_170' title='bbox 2329 1373 2429 1441; x_wconf 89' lang='lat' dir='ltr'><strong>Qui</strong></span> <span class='ocrx_word' id='word_1_171' title='bbox 2483 1374 2770 1444; x_wconf 61' lang='lat' dir='ltr'><strong>prmdictas</strong></span> <span class='ocrx_word' id='word_1_172' title='bbox 2825 1375 3012 1445; x_wconf 86' lang='lat' dir='ltr'><strong>culpas</strong></span> <span class='ocrx_word' id='word_1_173' title='bbox 3075 1377 3365 1434; x_wconf 88' lang='lat' dir='ltr'><strong>inciderit.</strong></span> <span class='ocrx_word' id='word_1_174' title='bbox 3421 1394 3466 1435; x_wconf 76' lang='grc' dir='ltr'>ει</span> <span class='ocrx_word' id='word_1_175' title='bbox 3530 1388 3728 1450; x_wconf 84' lang='lat' dir='ltr'><strong>sponte</strong></span> <span class='ocrx_word' id='word_1_176' title='bbox 3775 1383 3846 1435; x_wconf 81' lang='lat' dir='ltr'><strong>ad</strong></span> 
     </span>
    </p>
   </div>
   <div class='ocr_carea' id='block_1_31' title="bbox 2256 1469 3848 1544">
    <p class='ocr_par' dir='ltr' id='par_1_31' title="bbox 2256 1469 3848 1544">
     <span class='ocr_line' id='line_1_31' title="bbox 2256 1469 3848 1544; baseline 0.003 -21"><span class='ocrx_word' id='word_1_177' title='bbox 2256 1477 2628 1536; x_wconf 69' lang='lat' dir='ltr'><strong>paamtenttam</strong></span> <span class='ocrx_word' id='word_1_178' title='bbox 2653 1469 2886 1536; x_wconf 79' lang='lat' dir='ltr'><strong>venerit,</strong></span> <span class='ocrx_word' id='word_1_179' title='bbox 2910 1471 3226 1541; x_wconf 85' lang='lat' dir='ltr'><strong>poenitentia</strong></span> <span class='ocrx_word' id='word_1_180' title='bbox 3242 1472 3294 1527; x_wconf 91' lang='lat' dir='ltr'><strong>ei</strong></span> <span class='ocrx_word' id='word_1_181' title='bbox 3321 1489 3419 1543; x_wconf 88' lang='lat' dir='ltr'><strong>pro</strong></span> <span class='ocrx_word' id='word_1_182' title='bbox 3445 1488 3551 1542; x_wconf 90' lang='lat' dir='ltr'><strong>quo</strong></span> <span class='ocrx_word' id='word_1_183' title='bbox 3579 1474 3848 1544; x_wconf 81' lang='lat' dir='ltr'><strong>qualitate</strong></span> 
     </span>
    </p>
   </div>
   <div class='ocr_carea' id='block_1_32' title="bbox 2257 1560 3844 1636">
    <p class='ocr_par' dir='ltr' id='par_1_32' title="bbox 2257 1560 3844 1636">
     <span class='ocr_line' id='line_1_32' title="bbox 2257 1560 3844 1636; baseline 0.004 -22"><span class='ocrx_word' id='word_1_184' title='bbox 2257 1560 2503 1617; x_wconf 85' lang='lat' dir='ltr'><strong>criminis</strong></span> <span class='ocrx_word' id='word_1_185' title='bbox 2553 1561 2887 1636; x_wconf 69' lang='lat' dir='ltr'><strong>injungatur,</strong></span> <span class='ocrx_word' id='word_1_186' title='bbox 2945 1575 3000 1619; x_wconf 88' lang='lat' dir='ltr'><strong>et</strong></span> <span class='ocrx_word' id='word_1_187' title='bbox 3055 1565 3287 1635; x_wconf 86' lang='lat' dir='ltr'><strong>pecunia</strong></span> <span class='ocrx_word' id='word_1_188' title='bbox 3357 1565 3669 1621; x_wconf 86' lang='lat' dir='ltr'><strong>nullatenus</strong></span> <span class='ocrx_word' id='word_1_189' title='bbox 3727 1568 3844 1620; x_wconf 67' lang='grc' dir='ltr'><strong>ελῐο</strong></span> 
     </span>
    </p>
   </div>
   <div class='ocr_carea' id='block_1_33' title="bbox 569 1727 3841 1825">
    <p class='ocr_par' dir='ltr' id='par_1_33' title="bbox 569 1727 3841 1825">
     <span class='ocr_line' id='line_1_33' title="bbox 569 1727 3841 1825; baseline -0.006 -28"><span class='ocrx_word' id='word_1_190' title='bbox 569 1737 793 1797; x_wconf 82' lang='lat' dir='ltr'><strong>militer.</strong></span> <span class='ocrx_word' id='word_1_191' title='bbox 829 1739 886 1797; x_wconf 90' lang='lat' dir='ltr'><strong>Si</strong></span> <span class='ocrx_word' id='word_1_192' title='bbox 914 1740 1196 1812; x_wconf 84' lang='lat' dir='ltr'><strong>presbyter</strong></span> <span class='ocrx_word' id='word_1_193' title='bbox 1221 1738 1287 1791; x_wconf 91' lang='lat' dir='ltr'><strong>de</strong></span> <span class='ocrx_word' id='word_1_194' title='bbox 1325 1731 1629 1789; x_wconf 88' lang='lat' dir='ltr'><strong>ministerio</strong></span> <span class='ocrx_word' id='word_1_195' title='bbox 1659 1747 1766 1825; x_wconf 84' lang='lat' dir='ltr'><strong>suo</strong></span> <span class='ocrx_word' id='word_1_196' title='bbox 1798 1728 2154 1825; x_wconf 80' lang='lat' dir='ltr'><strong>satisfecerit,</strong></span> <span class='ocrx_word' id='word_1_197' title='bbox 2187 1727 2232 1783; x_wconf 80' lang='grc' dir='ltr'><strong>Β</strong></span> <span class='ocrx_word' id='word_1_198' title='bbox 2331 1750 2387 1806; x_wconf 67' lang='grc' dir='ltr'><strong>εί</strong></span> <span class='ocrx_word' id='word_1_199' title='bbox 2413 1750 2582 1808; x_wconf 63' lang='lat' dir='ltr'><strong>laicus</strong></span> <span class='ocrx_word' id='word_1_200' title='bbox 2613 1752 2665 1808; x_wconf 68' lang='lat' dir='ltr'><strong>in</strong></span> <span class='ocrx_word' id='word_1_201' title='bbox 2697 1753 2838 1808; x_wconf 63' lang='lat' dir='ltr'><strong>amo</strong></span> <span class='ocrx_word' id='word_1_202' title='bbox 2869 1763 3080 1824; x_wconf 48' lang='lat' dir='ltr'><strong>raptum</strong></span> <span class='ocrx_word' id='word_1_203' title='bbox 3111 1751 3324 1819; x_wconf 51' lang='lat' dir='ltr'><strong>fecerit,</strong></span> <span class='ocrx_word' id='word_1_204' title='bbox 3361 1755 3621 1825; x_wconf 65' lang='lat' dir='ltr'><strong>episcopo</strong></span> <span class='ocrx_word' id='word_1_205' title='bbox 3648 1771 3841 1809; x_wconf 49' lang='grc' dir='ltr'><strong>θωρη-</strong></span> 
     </span>
    </p>
   </div>
   <div class='ocr_carea' id='block_1_34' title="bbox 569 1821 2156 1902">
    <p class='ocr_par' dir='ltr' id='par_1_34' title="bbox 569 1821 2156 1902">
     <span class='ocr_line' id='line_1_34' title="bbox 569 1821 2156 1902; baseline -0.011 -12"><span class='ocrx_word' id='word_1_206' title='bbox 569 1836 834 1890; x_wconf 86' lang='lat' dir='ltr'><strong>similiter.</strong></span> <span class='ocrx_word' id='word_1_207' title='bbox 889 1829 1194 1902; x_wconf 87' lang='lat' dir='ltr'><strong>Presbyteri</strong></span> <span class='ocrx_word' id='word_1_208' title='bbox 1241 1827 1334 1898; x_wconf 89' lang='lat' dir='ltr'><strong>qui</strong></span> <span class='ocrx_word' id='word_1_209' title='bbox 1390 1825 1456 1881; x_wconf 89' lang='lat' dir='ltr'><strong>ad</strong></span> <span class='ocrx_word' id='word_1_210' title='bbox 1505 1824 1766 1896; x_wconf 85' lang='lat' dir='ltr'><strong>synodum</strong></span> <span class='ocrx_word' id='word_1_211' title='bbox 1820 1821 2005 1877; x_wconf 83' lang='lat' dir='ltr'><strong>venire</strong></span> <span class='ocrx_word' id='word_1_212' title='bbox 2065 1835 2156 1874; x_wconf 85' lang='lat' dir='ltr'><strong>ne-</strong></span> 
     </span>
    </p>
   </div>
   <div class='ocr_carea' id='block_1_35' title="bbox 577 1910 2154 1996">
    <p class='ocr_par' dir='ltr' id='par_1_35' title="bbox 577 1910 2154 1996">
     <span class='ocr_line' id='line_1_35' title="bbox 577 1910 2154 1996; baseline -0.01 -18"><span class='ocrx_word' id='word_1_213' title='bbox 577 1924 872 1996; x_wconf 75' lang='lat' dir='ltr'><strong>glexerint,</strong></span> <span class='ocrx_word' id='word_1_214' title='bbox 906 1920 1195 1985; x_wconf 77' lang='lat' dir='ltr'><strong>similiter;</strong></span> <span class='ocrx_word' id='word_1_215' title='bbox 1250 1925 1304 1972; x_wconf 91' lang='lat' dir='ltr'><strong>et</strong></span> <span class='ocrx_word' id='word_1_216' title='bbox 1349 1915 1440 1986; x_wconf 90' lang='lat' dir='ltr'><strong>qui</strong></span> <span class='ocrx_word' id='word_1_217' title='bbox 1493 1914 1754 1985; x_wconf 90' lang='lat' dir='ltr'><strong>synodum</strong></span> <span class='ocrx_word' id='word_1_218' title='bbox 1804 1921 1857 1966; x_wconf 89' lang='lat' dir='ltr'><strong>et</strong></span> <span class='ocrx_word' id='word_1_219' title='bbox 1887 1910 2154 1966; x_wconf 84' lang='lat' dir='ltr'><strong>circadam</strong></span> 
     </span>
    </p>
   </div>
   <div class='ocr_carea' id='block_1_36' title="bbox 572 2001 2153 2073">
    <p class='ocr_par' dir='ltr' id='par_1_36' title="bbox 572 2001 2153 2073">
     <span class='ocr_line' id='line_1_36' title="bbox 572 2001 2153 2073; baseline -0.009 -2"><span class='ocrx_word' id='word_1_220' title='bbox 572 2017 788 2071; x_wconf 89' lang='lat' dir='ltr'><strong>statutis</strong></span> <span class='ocrx_word' id='word_1_221' title='bbox 816 2015 1058 2071; x_wconf 87' lang='lat' dir='ltr'><strong>terminis</strong></span> <span class='ocrx_word' id='word_1_222' title='bbox 1097 2027 1203 2067; x_wconf 85' lang='lat' dir='ltr'><strong>non</strong></span> <span class='ocrx_word' id='word_1_223' title='bbox 1243 2008 1599 2073; x_wconf 84' lang='lat' dir='ltr'><strong>reddiderint,</strong></span> <span class='ocrx_word' id='word_1_224' title='bbox 1635 2005 1908 2062; x_wconf 83' lang='lat' dir='ltr'><strong>similiter.</strong></span> <span class='ocrx_word' id='word_1_225' title='bbox 1948 2002 2004 2058; x_wconf 92' lang='lat' dir='ltr'><strong>Si</strong></span> <span class='ocrx_word' id='word_1_226' title='bbox 2039 2001 2153 2057; x_wconf 87' lang='lat' dir='ltr'><strong>cle-</strong></span> 
     </span>
    </p>
   </div>
   <div class='ocr_carea' id='block_1_37' title="bbox 571 2098 2146 2169">
    <p class='ocr_par' dir='ltr' id='par_1_37' title="bbox 571 2098 2146 2169">
     <span class='ocr_line' id='line_1_37' title="bbox 571 2098 2146 2169; baseline -0.011 -3"><span class='ocrx_word' id='word_1_227' title='bbox 571 2109 719 2166; x_wconf 82' lang='lat' dir='ltr'><strong>ricus</strong></span> <span class='ocrx_word' id='word_1_228' title='bbox 766 2121 1022 2166; x_wconf 76' lang='lat' dir='ltr'><strong>coronam</strong></span> <span class='ocrx_word' id='word_1_229' title='bbox 1050 2122 1202 2163; x_wconf 86' lang='lat' dir='ltr'><strong>suam</strong></span> <span class='ocrx_word' id='word_1_230' title='bbox 1233 2105 1518 2169; x_wconf 89' lang='lat' dir='ltr'><strong>dimiserit,</strong></span> <span class='ocrx_word' id='word_1_231' title='bbox 1549 2101 1818 2158; x_wconf 89' lang='lat' dir='ltr'><strong>similiter.</strong></span> <span class='ocrx_word' id='word_1_232' title='bbox 1863 2098 1923 2154; x_wconf 90' lang='lat' dir='ltr'><strong>Si</strong></span> <span class='ocrx_word' id='word_1_233' title='bbox 1955 2111 2146 2153; x_wconf 64' lang='lat' dir='ltr'><strong>monac</strong></span> 
     </span>
    </p>
   </div>
   <div class='ocr_carea' id='block_1_38' title="bbox 583 2191 2155 2268">
    <p class='ocr_par' dir='ltr' id='par_1_38' title="bbox 583 2191 2155 2268">
     <span class='ocr_line' id='line_1_38' title="bbox 583 2191 2155 2268; baseline -0.008 -12"><span class='ocrx_word' id='word_1_234' title='bbox 583 2203 722 2256; x_wconf 93' lang='lat' dir='ltr'><strong>chus</strong></span> <span class='ocrx_word' id='word_1_235' title='bbox 748 2200 833 2256; x_wconf 91' lang='lat' dir='ltr'><strong>vel</strong></span> <span class='ocrx_word' id='word_1_236' title='bbox 875 2200 1174 2264; x_wconf 91' lang='lat' dir='ltr'><strong>monacha,</strong></span> <span class='ocrx_word' id='word_1_237' title='bbox 1215 2198 1307 2268; x_wconf 89' lang='lat' dir='ltr'><strong>qui</strong></span> <span class='ocrx_word' id='word_1_238' title='bbox 1333 2204 1459 2252; x_wconf 92' lang='lat' dir='ltr'><strong>sunt</strong></span> <span class='ocrx_word' id='word_1_239' title='bbox 1500 2197 1616 2251; x_wconf 89' lang='lat' dir='ltr'><strong>sine</strong></span> <span class='ocrx_word' id='word_1_240' title='bbox 1670 2193 1874 2265; x_wconf 76' lang='lat' dir='ltr'><strong>regula,</strong></span> <span class='ocrx_word' id='word_1_241' title='bbox 1910 2191 2155 2246; x_wconf 89' lang='lat' dir='ltr'><strong>habitum</strong></span> 
     </span>
    </p>
   </div>
   <div class='ocr_carea' id='block_1_39' title="bbox 571 2282 2152 2358">
    <p class='ocr_par' dir='ltr' id='par_1_39' title="bbox 571 2282 2152 2358">
     <span class='ocr_line' id='line_1_39' title="bbox 571 2282 2152 2358; baseline -0.008 -10"><span class='ocrx_word' id='word_1_242' title='bbox 571 2308 728 2348; x_wconf 88' lang='lat' dir='ltr'><strong>suum</strong></span> <span class='ocrx_word' id='word_1_243' title='bbox 769 2292 1093 2355; x_wconf 90' lang='lat' dir='ltr'><strong>dimiserint,</strong></span> <span class='ocrx_word' id='word_1_244' title='bbox 1129 2289 1397 2345; x_wconf 88' lang='lat' dir='ltr'><strong>similiter.</strong></span> <span class='ocrx_word' id='word_1_245' title='bbox 1429 2288 1485 2342; x_wconf 91' lang='lat' dir='ltr'><strong>Si</strong></span> <span class='ocrx_word' id='word_1_246' title='bbox 1524 2287 1812 2358; x_wconf 85' lang='lat' dir='ltr'><strong>presbyter</strong></span> <span class='ocrx_word' id='word_1_247' title='bbox 1844 2283 2030 2338; x_wconf 62' lang='lat' dir='ltr'><strong>trevite</strong></span> <span class='ocrx_word' id='word_1_248' title='bbox 2059 2282 2152 2337; x_wconf 86' lang='lat' dir='ltr'><strong>Dei</strong></span> 
     </span>
    </p>
   </div>
   <div class='ocr_carea' id='block_1_40' title="bbox 581 2375 2156 2448">
    <p class='ocr_par' dir='ltr' id='par_1_40' title="bbox 581 2375 2156 2448">
     <span class='ocr_line' id='line_1_40' title="bbox 581 2375 2156 2448; baseline -0.008 -7"><span class='ocrx_word' id='word_1_249' title='bbox 581 2386 909 2442; x_wconf 86' lang='lat' dir='ltr'><strong>infractores</strong></span> <span class='ocrx_word' id='word_1_250' title='bbox 949 2394 1005 2440; x_wconf 91' lang='lat' dir='ltr'><strong>et</strong></span> <span class='ocrx_word' id='word_1_251' title='bbox 1057 2384 1298 2438; x_wconf 89' lang='lat' dir='ltr'><strong>latrones</strong></span> <span class='ocrx_word' id='word_1_252' title='bbox 1345 2380 1463 2436; x_wconf 88' lang='lat' dir='ltr'><strong>sine</strong></span> <span class='ocrx_word' id='word_1_253' title='bbox 1511 2379 1727 2434; x_wconf 89' lang='lat' dir='ltr'><strong>licentia</strong></span> <span class='ocrx_word' id='word_1_254' title='bbox 1776 2375 2014 2448; x_wconf 85' lang='lat' dir='ltr'><strong>episcopi</strong></span> <span class='ocrx_word' id='word_1_255' title='bbox 2064 2390 2156 2429; x_wconf 85' lang='lat' dir='ltr'><strong>ex-</strong></span> 
     </span>
    </p>
   </div>
   <div class='ocr_carea' id='block_1_41' title="bbox 582 2471 1950 2540">
    <p class='ocr_par' dir='ltr' id='par_1_41' title="bbox 582 2471 1950 2540">
     <span class='ocr_line' id='line_1_41' title="bbox 582 2471 1950 2540; baseline -0.012 -5"><span class='ocrx_word' id='word_1_256' title='bbox 582 2475 1126 2540; x_wconf 86' lang='lat' dir='ltr'><strong>communicaverint,</strong></span> <span class='ocrx_word' id='word_1_257' title='bbox 1157 2471 1426 2528; x_wconf 81' lang='lat' dir='ltr'><strong>similiter.</strong></span> <span class='ocrx_word' id='word_1_258' title='bbox 1942 2528 1950 2538; x_wconf 36' lang='lat'><strong>.</strong></span> 
     </span>
    </p>
   </div>
   <div class='ocr_carea' id='block_1_42' title="bbox 644 2555 2154 2631">
    <p class='ocr_par' dir='ltr' id='par_1_42' title="bbox 644 2555 2154 2631">
     <span class='ocr_line' id='line_1_42' title="bbox 644 2555 2154 2631; baseline -0.01 -8"><span class='ocrx_word' id='word_1_259' title='bbox 644 2565 701 2624; x_wconf 88' lang='lat' dir='ltr'><strong>Si</strong></span> <span class='ocrx_word' id='word_1_260' title='bbox 747 2565 1040 2623; x_wconf 88' lang='lat' dir='ltr'><strong>erraticum</strong></span> <span class='ocrx_word' id='word_1_261' title='bbox 1090 2563 1297 2620; x_wconf 83' lang='lat' dir='ltr'><strong>habens</strong></span> <span class='ocrx_word' id='word_1_262' title='bbox 1341 2559 1484 2631; x_wconf 90' lang='lat' dir='ltr'><strong>quod</strong></span> <span class='ocrx_word' id='word_1_263' title='bbox 1529 2557 1689 2630; x_wconf 78' lang='lat' dir='ltr'><strong>vulgo</strong></span> <span class='ocrx_word' id='word_1_264' title='bbox 1721 2556 1902 2612; x_wconf 85' lang='lat' dir='ltr'><strong>weidif</strong></span> <span class='ocrx_word' id='word_1_265' title='bbox 1934 2555 2154 2620; x_wconf 89' lang='lat' dir='ltr'><strong>dicitur,</strong></span> 
     </span>
    </p>
   </div>
   <div class='ocr_carea' id='block_1_43' title="bbox 569 2647 2155 2718">
    <p class='ocr_par' dir='ltr' id='par_1_43' title="bbox 569 2647 2155 2718">
     <span class='ocr_line' id='line_1_43' title="bbox 569 2647 2155 2718; baseline -0.008 -6"><span class='ocrx_word' id='word_1_266' title='bbox 569 2659 786 2716; x_wconf 83' lang='lat' dir='ltr'><strong>venerit</strong></span> <span class='ocrx_word' id='word_1_267' title='bbox 838 2660 892 2714; x_wconf 88' lang='lat' dir='ltr'><strong>in</strong></span> <span class='ocrx_word' id='word_1_268' title='bbox 951 2657 1159 2716; x_wconf 88' lang='lat' dir='ltr'><strong>curiam</strong></span> <span class='ocrx_word' id='word_1_269' title='bbox 1209 2652 1509 2711; x_wconf 84' lang='lat' dir='ltr'><strong>sacerdotis</strong></span> <span class='ocrx_word' id='word_1_270' title='bbox 1559 2649 1644 2706; x_wconf 89' lang='lat' dir='ltr'><strong>vel</strong></span> <span class='ocrx_word' id='word_1_271' title='bbox 1688 2649 1913 2716; x_wconf 90' lang='lat' dir='ltr'><strong>clerici,</strong></span> <span class='ocrx_word' id='word_1_272' title='bbox 1961 2647 2053 2718; x_wconf 91' lang='lat' dir='ltr'><strong>qui</strong></span> <span class='ocrx_word' id='word_1_273' title='bbox 2100 2650 2155 2700; x_wconf 85' lang='lat' dir='ltr'><strong>in</strong></span> 
     </span>
    </p>
   </div>
   <div class='ocr_carea' id='block_1_44' title="bbox 564 2738 2152 2816">
    <p class='ocr_par' dir='ltr' id='par_1_44' title="bbox 564 2738 2152 2816">
     <span class='ocr_line' id='line_1_44' title="bbox 564 2738 2152 2816; baseline -0.008 -11"><span class='ocrx_word' id='word_1_274' title='bbox 564 2752 716 2807; x_wconf 74' lang='lat' dir='ltr'><strong>atrio</strong></span> <span class='ocrx_word' id='word_1_275' title='bbox 744 2757 1017 2814; x_wconf 88' lang='lat' dir='ltr'><strong>maneant,</strong></span> <span class='ocrx_word' id='word_1_276' title='bbox 1047 2747 1130 2804; x_wconf 80' lang='lat' dir='ltr'><strong>vel</strong></span> <span class='ocrx_word' id='word_1_277' title='bbox 1157 2747 1208 2800; x_wconf 90' lang='lat' dir='ltr'><strong>in</strong></span> <span class='ocrx_word' id='word_1_278' title='bbox 1235 2745 1577 2816; x_wconf 86' lang='lat' dir='ltr'><strong>eleemosyna</strong></span> <span class='ocrx_word' id='word_1_279' title='bbox 1617 2741 1862 2812; x_wconf 89' lang='lat' dir='ltr'><strong>ejusdem</strong></span> <span class='ocrx_word' id='word_1_280' title='bbox 1887 2738 2152 2802; x_wconf 60' lang='lat' dir='ltr'><strong>ecclesia,</strong></span> 
     </span>
    </p>
   </div>
   <div class='ocr_carea' id='block_1_45' title="bbox 563 2832 2154 2909">
    <p class='ocr_par' dir='ltr' id='par_1_45' title="bbox 563 2832 2154 2909">
     <span class='ocr_line' id='line_1_45' title="bbox 563 2832 2154 2909; baseline -0.008 -13"><span class='ocrx_word' id='word_1_281' title='bbox 563 2849 637 2896; x_wconf 42' lang='lat' dir='ltr'><strong>«ut</strong></span> <span class='ocrx_word' id='word_1_282' title='bbox 659 2841 715 2896; x_wconf 91' lang='lat' dir='ltr'><strong>in</strong></span> <span class='ocrx_word' id='word_1_283' title='bbox 742 2841 884 2895; x_wconf 89' lang='lat' dir='ltr'><strong>atrio</strong></span> <span class='ocrx_word' id='word_1_284' title='bbox 911 2839 1152 2909; x_wconf 86' lang='lat' dir='ltr'><strong>episcopi</strong></span> <span class='ocrx_word' id='word_1_285' title='bbox 1181 2837 1306 2892; x_wconf 84' lang='lat' dir='ltr'><strong>erit.</strong></span> <span class='ocrx_word' id='word_1_286' title='bbox 1333 2834 1390 2891; x_wconf 92' lang='lat' dir='ltr'><strong>Si</strong></span> <span class='ocrx_word' id='word_1_287' title='bbox 1420 2835 1549 2905; x_wconf 86' lang='lat' dir='ltr'><strong>quid</strong></span> <span class='ocrx_word' id='word_1_288' title='bbox 1576 2849 1675 2906; x_wconf 87' lang='lat' dir='ltr'><strong>per</strong></span> <span class='ocrx_word' id='word_1_289' title='bbox 1695 2832 2154 2901; x_wconf 83' lang='lat' dir='ltr'><strong>contemptionem</strong></span> 
     </span>
    </p>
   </div>
   <div class='ocr_carea' id='block_1_46' title="bbox 574 2923 2152 3002">
    <p class='ocr_par' dir='ltr' id='par_1_46' title="bbox 574 2923 2152 3002">
     <span class='ocr_line' id='line_1_46' title="bbox 574 2923 2152 3002; baseline -0.007 -16"><span class='ocrx_word' id='word_1_290' title='bbox 574 2933 629 2986; x_wconf 89' lang='lat' dir='ltr'><strong>in</strong></span> <span class='ocrx_word' id='word_1_291' title='bbox 672 2932 830 2987; x_wconf 87' lang='lat' dir='ltr'><strong>domo</strong></span> <span class='ocrx_word' id='word_1_292' title='bbox 869 2929 1200 3002; x_wconf 77' lang='lat' dir='ltr'><strong>presbyteri,</strong></span> <span class='ocrx_word' id='word_1_293' title='bbox 1228 2927 1312 2983; x_wconf 87' lang='lat' dir='ltr'><strong>vel</strong></span> <span class='ocrx_word' id='word_1_294' title='bbox 1343 2925 1551 2991; x_wconf 86' lang='lat' dir='ltr'><strong>clerici,</strong></span> <span class='ocrx_word' id='word_1_295' title='bbox 1580 2924 1664 2979; x_wconf 88' lang='lat' dir='ltr'><strong>vel</strong></span> <span class='ocrx_word' id='word_1_296' title='bbox 1707 2923 1766 2978; x_wconf 90' lang='lat' dir='ltr'><strong>in</strong></span> <span class='ocrx_word' id='word_1_297' title='bbox 1798 2923 1938 2978; x_wconf 84' lang='lat' dir='ltr'><strong>atrio</strong></span> <span class='ocrx_word' id='word_1_298' title='bbox 1967 2935 2152 2977; x_wconf 75' lang='lat' dir='ltr'><strong>sacer-</strong></span> 
     </span>
    </p>
   </div>
   <div class='ocr_carea' id='block_1_47' title="bbox 561 3017 2152 3094">
    <p class='ocr_par' dir='ltr' id='par_1_47' title="bbox 561 3017 2152 3094">
     <span class='ocr_line' id='line_1_47' title="bbox 561 3017 2152 3094; baseline -0.005 -13"><span class='ocrx_word' id='word_1_299' title='bbox 561 3025 743 3094; x_wconf 59' lang='lat' dir='ltr'><strong>«lotis,</strong></span> <span class='ocrx_word' id='word_1_300' title='bbox 757 3028 842 3082; x_wconf 83' lang='lat' dir='ltr'><strong>vel</strong></span> <span class='ocrx_word' id='word_1_301' title='bbox 867 3025 1054 3082; x_wconf 89' lang='lat' dir='ltr'><strong>eorum</strong></span> <span class='ocrx_word' id='word_1_302' title='bbox 1074 3040 1236 3080; x_wconf 88' lang='lat' dir='ltr'><strong>manu</strong></span> <span class='ocrx_word' id='word_1_303' title='bbox 1265 3031 1418 3094; x_wconf 88' lang='lat' dir='ltr'><strong>pasto</strong></span> <span class='ocrx_word' id='word_1_304' title='bbox 1440 3021 1686 3080; x_wconf 85' lang='lat' dir='ltr'><strong>relictum</strong></span> <span class='ocrx_word' id='word_1_305' title='bbox 1709 3018 1896 3086; x_wconf 81' lang='lat' dir='ltr'><strong>fuerit.</strong></span> <span class='ocrx_word' id='word_1_306' title='bbox 1918 3017 2152 3089; x_wconf 82' lang='lat' dir='ltr'><strong>episcopi</strong></span> 
     </span>
    </p>
   </div>
   <div class='ocr_carea' id='block_1_48' title="bbox 576 3109 2154 3190">
    <p class='ocr_par' dir='ltr' id='par_1_48' title="bbox 576 3109 2154 3190">
     <span class='ocr_line' id='line_1_48' title="bbox 576 3109 2154 3190; baseline -0.005 -19"><span class='ocrx_word' id='word_1_307' title='bbox 576 3120 700 3173; x_wconf 82' lang='lat' dir='ltr'><strong>erit.</strong></span> <span class='ocrx_word' id='word_1_308' title='bbox 747 3116 804 3173; x_wconf 91' lang='lat' dir='ltr'><strong>Si</strong></span> <span class='ocrx_word' id='word_1_309' title='bbox 849 3117 981 3190; x_wconf 89' lang='lat' dir='ltr'><strong>quid</strong></span> <span class='ocrx_word' id='word_1_310' title='bbox 1028 3120 1080 3171; x_wconf 90' lang='lat' dir='ltr'><strong>in</strong></span> <span class='ocrx_word' id='word_1_311' title='bbox 1118 3115 1344 3171; x_wconf 89' lang='lat' dir='ltr'><strong>ecclesia</strong></span> <span class='ocrx_word' id='word_1_312' title='bbox 1386 3112 1470 3168; x_wconf 92' lang='lat' dir='ltr'><strong>vel</strong></span> <span class='ocrx_word' id='word_1_313' title='bbox 1536 3113 1591 3168; x_wconf 92' lang='lat' dir='ltr'><strong>in</strong></span> <span class='ocrx_word' id='word_1_314' title='bbox 1646 3110 1784 3166; x_wconf 88' lang='lat' dir='ltr'><strong>atrio</strong></span> <span class='ocrx_word' id='word_1_315' title='bbox 1849 3109 2154 3166; x_wconf 86' lang='lat' dir='ltr'><strong>inveniatur</strong></span> 
     </span>
    </p>
   </div>
   <div class='ocr_carea' id='block_1_49' title="bbox 562 3205 1458 3279">
    <p class='ocr_par' dir='ltr' id='par_1_49' title="bbox 562 3205 1458 3279">
     <span class='ocr_line' id='line_1_49' title="bbox 562 3205 1458 3279; baseline -0.007 -15"><span class='ocrx_word' id='word_1_316' title='bbox 562 3209 664 3264; x_wconf 77' lang='lat' dir='ltr'><strong>vel</strong></span> <span class='ocrx_word' id='word_1_317' title='bbox 692 3208 1049 3279; x_wconf 83' lang='lat' dir='ltr'><strong>relinquatur,</strong></span> <span class='ocrx_word' id='word_1_318' title='bbox 1072 3205 1307 3277; x_wconf 87' lang='lat' dir='ltr'><strong>episcopi</strong></span> <span class='ocrx_word' id='word_1_319' title='bbox 1337 3205 1458 3260; x_wconf 88' lang='lat' dir='ltr'><strong>erit.</strong></span> 
     </span>
    </p>
   </div>
   <div class='ocr_carea' id='block_1_50' title="bbox 563 3293 2153 3374">
    <p class='ocr_par' dir='ltr' id='par_1_50' title="bbox 563 3293 2153 3374">
     <span class='ocr_line' id='line_1_50' title="bbox 563 3293 2153 3374; baseline -0.006 -19"><span class='ocrx_word' id='word_1_320' title='bbox 563 3337 565 3339; x_wconf 61' lang='grc' dir='ltr'><strong><em>ι</em></strong></span> <span class='ocrx_word' id='word_1_321' title='bbox 647 3299 706 3354; x_wconf 89' lang='lat' dir='ltr'><strong>Si</strong></span> <span class='ocrx_word' id='word_1_322' title='bbox 737 3299 860 3370; x_wconf 90' lang='lat' dir='ltr'><strong>quis</strong></span> <span class='ocrx_word' id='word_1_323' title='bbox 903 3298 1278 3374; x_wconf 84' lang='lat' dir='ltr'><strong>presbyterum</strong></span> <span class='ocrx_word' id='word_1_324' title='bbox 1326 3301 1418 3351; x_wconf 88' lang='lat' dir='ltr'><strong>aut</strong></span> <span class='ocrx_word' id='word_1_325' title='bbox 1452 3293 1778 3350; x_wconf 89' lang='lat' dir='ltr'><strong>monachum</strong></span> <span class='ocrx_word' id='word_1_326' title='bbox 1825 3301 1920 3346; x_wconf 92' lang='lat' dir='ltr'><strong>aut</strong></span> <span class='ocrx_word' id='word_1_327' title='bbox 1963 3305 2153 3346; x_wconf 89' lang='lat' dir='ltr'><strong>mona-</strong></span> 
     </span>
    </p>
   </div>
   <div class='ocr_carea' id='block_1_51' title="bbox 559 3384 2152 3458">
    <p class='ocr_par' dir='ltr' id='par_1_51' title="bbox 559 3384 2152 3458">
     <span class='ocr_line' id='line_1_51' title="bbox 559 3384 2152 3458; baseline -0.007 -12"><span class='ocrx_word' id='word_1_328' title='bbox 559 3389 732 3445; x_wconf 81' lang='lat' dir='ltr'><strong>cham</strong></span> <span class='ocrx_word' id='word_1_329' title='bbox 789 3389 1062 3445; x_wconf 82' lang='lat' dir='ltr'><strong>assalierit</strong></span> <span class='ocrx_word' id='word_1_330' title='bbox 1110 3396 1207 3443; x_wconf 91' lang='lat' dir='ltr'><strong>aut</strong></span> <span class='ocrx_word' id='word_1_331' title='bbox 1255 3385 1588 3458; x_wconf 74' lang='lat' dir='ltr'><strong>percusserit</strong></span> <span class='ocrx_word' id='word_1_332' title='bbox 1630 3393 1728 3439; x_wconf 89' lang='lat' dir='ltr'><strong>aut</strong></span> <span class='ocrx_word' id='word_1_333' title='bbox 1779 3384 2006 3454; x_wconf 88' lang='lat' dir='ltr'><strong>ceperit,</strong></span> <span class='ocrx_word' id='word_1_334' title='bbox 2055 3389 2152 3436; x_wconf 86' lang='lat' dir='ltr'><strong>aut</strong></span> 
     </span>
    </p>
   </div>
   <div class='ocr_carea' id='block_1_52' title="bbox 574 3471 2150 3547">
    <p class='ocr_par' dir='ltr' id='par_1_52' title="bbox 574 3471 2150 3547">
     <span class='ocr_line' id='line_1_52' title="bbox 574 3471 2150 3547; baseline -0.007 -12"><span class='ocrx_word' id='word_1_335' title='bbox 574 3479 864 3547; x_wconf 87' lang='lat' dir='ltr'><strong>occiderit,</strong></span> <span class='ocrx_word' id='word_1_336' title='bbox 917 3486 1008 3535; x_wconf 89' lang='lat' dir='ltr'><strong>aut</strong></span> <span class='ocrx_word' id='word_1_337' title='bbox 1056 3493 1245 3534; x_wconf 90' lang='lat' dir='ltr'><strong>eorum</strong></span> <span class='ocrx_word' id='word_1_338' title='bbox 1291 3477 1481 3533; x_wconf 85' lang='lat' dir='ltr'><strong>domos</strong></span> <span class='ocrx_word' id='word_1_339' title='bbox 1526 3476 1580 3530; x_wconf 92' lang='lat' dir='ltr'><strong>in</strong></span> <span class='ocrx_word' id='word_1_340' title='bbox 1631 3473 1774 3530; x_wconf 82' lang='lat' dir='ltr'><strong>atrio</strong></span> <span class='ocrx_word' id='word_1_341' title='bbox 1830 3471 2150 3535; x_wconf 89' lang='lat' dir='ltr'><strong>incenderit,</strong></span> 
     </span>
    </p>
   </div>
   <div class='ocr_carea' id='block_1_53' title="bbox 575 3561 2154 3637">
    <p class='ocr_par' dir='ltr' id='par_1_53' title="bbox 575 3561 2154 3637">
     <span class='ocr_line' id='line_1_53' title="bbox 575 3561 2154 3637; baseline -0.005 -15"><span class='ocrx_word' id='word_1_342' title='bbox 575 3567 829 3623; x_wconf 87' lang='lat' dir='ltr'><strong>similiter</strong></span> <span class='ocrx_word' id='word_1_343' title='bbox 865 3567 1201 3624; x_wconf 67' lang='lat' dir='ltr'><strong>emendabis.</strong></span> <span class='ocrx_word' id='word_1_344' title='bbox 1251 3565 1307 3622; x_wconf 91' lang='lat' dir='ltr'><strong>Si</strong></span> <span class='ocrx_word' id='word_1_345' title='bbox 1363 3566 1485 3637; x_wconf 92' lang='lat' dir='ltr'><strong>quis</strong></span> <span class='ocrx_word' id='word_1_346' title='bbox 1522 3564 1845 3619; x_wconf 88' lang='lat' dir='ltr'><strong>adulterium</strong></span> <span class='ocrx_word' id='word_1_347' title='bbox 1881 3570 1973 3617; x_wconf 90' lang='lat' dir='ltr'><strong>aut</strong></span> <span class='ocrx_word' id='word_1_348' title='bbox 2006 3561 2154 3618; x_wconf 86' lang='lat' dir='ltr'><strong>ince-</strong></span> 
     </span>
    </p>
   </div>
   <div class='ocr_carea' id='block_1_54' title="bbox 586 3648 2155 3720">
    <p class='ocr_par' dir='ltr' id='par_1_54' title="bbox 586 3648 2155 3720">
     <span class='ocr_line' id='line_1_54' title="bbox 586 3648 2155 3720; baseline -0.005 -10"><span class='ocrx_word' id='word_1_349' title='bbox 586 3665 730 3712; x_wconf 91' lang='lat' dir='ltr'><strong>stum</strong></span> <span class='ocrx_word' id='word_1_350' title='bbox 759 3654 951 3711; x_wconf 89' lang='lat' dir='ltr'><strong>fecerit</strong></span> <span class='ocrx_word' id='word_1_351' title='bbox 1007 3665 1101 3712; x_wconf 75' lang='lat' dir='ltr'><strong>aut.</strong></span> <span class='ocrx_word' id='word_1_352' title='bbox 1131 3670 1252 3712; x_wconf 92' lang='lat' dir='ltr'><strong>cum</strong></span> <span class='ocrx_word' id='word_1_353' title='bbox 1296 3655 1526 3709; x_wconf 90' lang='lat' dir='ltr'><strong>matrina</strong></span> <span class='ocrx_word' id='word_1_354' title='bbox 1547 3696 1562 3720; x_wconf 94' lang='lat'><strong>,</strong></span> <span class='ocrx_word' id='word_1_355' title='bbox 1597 3655 1679 3710; x_wconf 87' lang='lat' dir='ltr'><strong>vel</strong></span> <span class='ocrx_word' id='word_1_356' title='bbox 1709 3661 2026 3714; x_wconf 88' lang='lat' dir='ltr'><strong>commatre,</strong></span> <span class='ocrx_word' id='word_1_357' title='bbox 2069 3648 2155 3705; x_wconf 92' lang='lat' dir='ltr'><strong>vel</strong></span> 
     </span>
    </p>
   </div>
   <div class='ocr_carea' id='block_1_55' title="bbox 578 3743 2151 3815">
    <p class='ocr_par' dir='ltr' id='par_1_55' title="bbox 578 3743 2151 3815">
     <span class='ocr_line' id='line_1_55' title="bbox 578 3743 2151 3815; baseline -0.003 -18"><span class='ocrx_word' id='word_1_358' title='bbox 578 3760 700 3798; x_wconf 92' lang='lat' dir='ltr'><strong>cum</strong></span> <span class='ocrx_word' id='word_1_359' title='bbox 728 3743 890 3802; x_wconf 80' lang='lat' dir='ltr'><strong>filiola</strong></span> <span class='ocrx_word' id='word_1_360' title='bbox 922 3745 1136 3812; x_wconf 91' lang='lat' dir='ltr'><strong>coierit,</strong></span> <span class='ocrx_word' id='word_1_361' title='bbox 1159 3744 1426 3801; x_wconf 90' lang='lat' dir='ltr'><strong>similiter.</strong></span> <span class='ocrx_word' id='word_1_362' title='bbox 1465 3743 1523 3800; x_wconf 90' lang='lat' dir='ltr'><strong>Si</strong></span> <span class='ocrx_word' id='word_1_363' title='bbox 1555 3744 1678 3815; x_wconf 90' lang='lat' dir='ltr'><strong>quis</strong></span> <span class='ocrx_word' id='word_1_364' title='bbox 1720 3757 1942 3799; x_wconf 81' lang='lat' dir='ltr'><strong>uxorem</strong></span> <span class='ocrx_word' id='word_1_365' title='bbox 1974 3754 2151 3805; x_wconf 91' lang='lat' dir='ltr'><strong>suam,</strong></span> 
     </span>
    </p>
   </div>
   <div class='ocr_carea' id='block_1_56' title="bbox 574 3823 2154 3906">
    <p class='ocr_par' dir='ltr' id='par_1_56' title="bbox 574 3823 2154 3906">
     <span class='ocr_line' id='line_1_56' title="bbox 574 3823 2154 3906; baseline 0.001 -21"><span class='ocrx_word' id='word_1_366' title='bbox 574 3823 664 3888; x_wconf 87' lang='lat' dir='ltr'><strong>vel</strong></span> <span class='ocrx_word' id='word_1_367' title='bbox 705 3833 750 3890; x_wconf 87' lang='lat' dir='ltr'><strong>si</strong></span> <span class='ocrx_word' id='word_1_368' title='bbox 780 3849 899 3904; x_wconf 82' lang='lat' dir='ltr'><strong>qua-</strong></span> <span class='ocrx_word' id='word_1_369' title='bbox 932 3834 1107 3892; x_wconf 86' lang='lat' dir='ltr'><strong>virum</strong></span> <span class='ocrx_word' id='word_1_370' title='bbox 1150 3849 1307 3890; x_wconf 87' lang='lat' dir='ltr'><strong>suum</strong></span> <span class='ocrx_word' id='word_1_371' title='bbox 1355 3835 1474 3890; x_wconf 80' lang='lat' dir='ltr'><strong>sine</strong></span> <span class='ocrx_word' id='word_1_372' title='bbox 1502 3835 1705 3906; x_wconf 88' lang='lat' dir='ltr'><strong>judicio</strong></span> <span class='ocrx_word' id='word_1_373' title='bbox 1753 3833 2000 3904; x_wconf 59' lang='lat' dir='ltr'><strong>praesulis</strong></span> <span class='ocrx_word' id='word_1_374' title='bbox 2025 3831 2154 3886; x_wconf 86' lang='lat' dir='ltr'><strong>reli-</strong></span> 
     </span>
    </p>
   </div>
   <div class='ocr_carea' id='block_1_57' title="bbox 566 3923 2152 3996">
    <p class='ocr_par' dir='ltr' id='par_1_57' title="bbox 566 3923 2152 3996">
     <span class='ocr_line' id='line_1_57' title="bbox 566 3923 2152 3996; baseline -0.002 -16"><span class='ocrx_word' id='word_1_375' title='bbox 566 3925 792 3996; x_wconf 89' lang='lat' dir='ltr'><strong>querit,</strong></span> <span class='ocrx_word' id='word_1_376' title='bbox 817 3925 1088 3983; x_wconf 85' lang='lat' dir='ltr'><strong>similiter.</strong></span> <span class='ocrx_word' id='word_1_377' title='bbox 1121 3925 1222 3994; x_wconf 86' lang='lat' dir='ltr'><strong>Qui</strong></span> <span class='ocrx_word' id='word_1_378' title='bbox 1259 3935 1504 3983; x_wconf 91' lang='lat' dir='ltr'><strong>mortuos</strong></span> <span class='ocrx_word' id='word_1_379' title='bbox 1527 3925 1843 3990; x_wconf 88' lang='lat' dir='ltr'><strong>consulunt,</strong></span> <span class='ocrx_word' id='word_1_380' title='bbox 1875 3924 1958 3982; x_wconf 87' lang='lat' dir='ltr'><strong>vel</strong></span> <span class='ocrx_word' id='word_1_381' title='bbox 1991 3923 2152 3978; x_wconf 86' lang='lat' dir='ltr'><strong>male-</strong></span> 
     </span>
    </p>
   </div>
   <div class='ocr_carea' id='block_1_58' title="bbox 579 4017 2150 4090">
    <p class='ocr_par' dir='ltr' id='par_1_58' title="bbox 579 4017 2150 4090">
     <span class='ocr_line' id='line_1_58' title="bbox 579 4017 2150 4090; baseline -0.001 -18"><span class='ocrx_word' id='word_1_382' title='bbox 579 4017 702 4076; x_wconf 84' lang='lat' dir='ltr'><strong>ficia</strong></span> <span class='ocrx_word' id='word_1_383' title='bbox 736 4027 990 4087; x_wconf 88' lang='lat' dir='ltr'><strong>tractant,</strong></span> <span class='ocrx_word' id='word_1_384' title='bbox 1023 4017 1274 4076; x_wconf 64' lang='lat' dir='ltr'><strong>similiter</strong></span> <span class='ocrx_word' id='word_1_385' title='bbox 1314 4035 1326 4072; x_wconf 90' lang='lat'><strong>:</strong></span> <span class='ocrx_word' id='word_1_386' title='bbox 1374 4019 1467 4090; x_wconf 90' lang='lat' dir='ltr'><strong>qui</strong></span> <span class='ocrx_word' id='word_1_387' title='bbox 1513 4018 1775 4076; x_wconf 90' lang='lat' dir='ltr'><strong>intentum</strong></span> <span class='ocrx_word' id='word_1_388' title='bbox 1815 4017 1918 4074; x_wconf 84' lang='lat' dir='ltr'><strong>sibi</strong></span> <span class='ocrx_word' id='word_1_389' title='bbox 1946 4017 2150 4074; x_wconf 89' lang='lat' dir='ltr'><strong>crimen</strong></span> 
     </span>
    </p>
   </div>
   <div class='ocr_carea' id='block_1_59' title="bbox 2259 1844 3842 1920">
    <p class='ocr_par' dir='ltr' id='par_1_59' title="bbox 2259 1844 3842 1920">
     <span class='ocr_line' id='line_1_59' title="bbox 2259 1844 3842 1920; baseline 0.001 -20"><span class='ocrx_word' id='word_1_390' title='bbox 2259 1844 2409 1900; x_wconf 88' lang='lat' dir='ltr'><strong>dabit</strong></span> <span class='ocrx_word' id='word_1_391' title='bbox 2439 1863 2450 1898; x_wconf 97' lang='lat'>:</span> <span class='ocrx_word' id='word_1_392' title='bbox 2493 1847 2537 1901; x_wconf 89' lang='lat' dir='ltr'><strong>si</strong></span> <span class='ocrx_word' id='word_1_393' title='bbox 2578 1863 2704 1903; x_wconf 91' lang='lat' dir='ltr'><strong>vero</strong></span> <span class='ocrx_word' id='word_1_394' title='bbox 2736 1848 2863 1904; x_wconf 86' lang='lat' dir='ltr'><strong>alibi</strong></span> <span class='ocrx_word' id='word_1_395' title='bbox 2892 1849 3104 1913; x_wconf 78' lang='lat' dir='ltr'><strong>fecerit,</strong></span> <span class='ocrx_word' id='word_1_396' title='bbox 3142 1851 3626 1920; x_wconf 88' lang='lat' dir='ltr'><strong>quomodocunque</strong></span> <span class='ocrx_word' id='word_1_397' title='bbox 3655 1851 3842 1913; x_wconf 68' lang='lat' dir='ltr'><strong>ftit&#39;izti,</strong></span> 
     </span>
    </p>
   </div>
   <div class='ocr_carea' id='block_1_60' title="bbox 2259 1940 2978 2009">
    <p class='ocr_par' dir='ltr' id='par_1_60' title="bbox 2259 1940 2978 2009">
     <span class='ocr_line' id='line_1_60' title="bbox 2259 1940 2978 2009; baseline 0.007 -18"><span class='ocrx_word' id='word_1_398' title='bbox 2259 1940 2543 2009; x_wconf 85' lang='lat' dir='ltr'><strong>episcopus</strong></span> <span class='ocrx_word' id='word_1_399' title='bbox 2572 1941 2706 1996; x_wconf 85' lang='lat' dir='ltr'><strong>nihil</strong></span> <span class='ocrx_word' id='word_1_400' title='bbox 2737 1941 2978 2000; x_wconf 85' lang='lat' dir='ltr'><strong>habebit.</strong></span> 
     </span>
    </p>
   </div>
   <div class='ocr_carea' id='block_1_61' title="bbox 2331 2033 3840 2110">
    <p class='ocr_par' dir='ltr' id='par_1_61' title="bbox 2331 2033 3840 2110">
     <span class='ocr_line' id='line_1_61' title="bbox 2331 2033 3840 2110; baseline 0.003 -23"><span class='ocrx_word' id='word_1_401' title='bbox 2331 2033 2440 2089; x_wconf 86' lang='lat' dir='ltr'><strong>Has</strong></span> <span class='ocrx_word' id='word_1_402' title='bbox 2477 2037 2898 2094; x_wconf 87' lang='lat' dir='ltr'><strong>consuetudines</strong></span> <span class='ocrx_word' id='word_1_403' title='bbox 2927 2039 3162 2110; x_wconf 90' lang='lat' dir='ltr'><strong>episcopi</strong></span> <span class='ocrx_word' id='word_1_404' title='bbox 3201 2039 3439 2094; x_wconf 86' lang='lat' dir='ltr'><strong>habeant</strong></span> <span class='ocrx_word' id='word_1_405' title='bbox 3463 2039 3517 2093; x_wconf 93' lang='lat' dir='ltr'><strong>in</strong></span> <span class='ocrx_word' id='word_1_406' title='bbox 3557 2039 3663 2095; x_wconf 81' lang='lat' dir='ltr'><strong>illis</strong></span> <span class='ocrx_word' id='word_1_407' title='bbox 3686 2039 3840 2105; x_wconf 78' lang='lat' dir='ltr'><strong>Iocis_</strong></span> 
     </span>
    </p>
   </div>
   <div class='ocr_carea' id='block_1_62' title="bbox 2277 2125 3831 2202">
    <p class='ocr_par' dir='ltr' id='par_1_62' title="bbox 2277 2125 3831 2202">
     <span class='ocr_line' id='line_1_62' title="bbox 2277 2125 3831 2202; baseline 0.002 -23"><span class='ocrx_word' id='word_1_408' title='bbox 2277 2125 2327 2180; x_wconf 90' lang='lat' dir='ltr'><strong>in</strong></span> <span class='ocrx_word' id='word_1_409' title='bbox 2377 2127 2574 2198; x_wconf 88' lang='lat' dir='ltr'><strong>quibus</strong></span> <span class='ocrx_word' id='word_1_410' title='bbox 2600 2144 2698 2184; x_wconf 90' lang='lat' dir='ltr'><strong>eas</strong></span> <span class='ocrx_word' id='word_1_411' title='bbox 2733 2139 2972 2202; x_wconf 88' lang='lat' dir='ltr'><strong>tempore</strong></span> <span class='ocrx_word' id='word_1_412' title='bbox 3018 2131 3271 2186; x_wconf 76' lang='lat' dir='ltr'><strong>llodberti</strong></span> <span class='ocrx_word' id='word_1_413' title='bbox 3324 2133 3541 2187; x_wconf 91' lang='lat' dir='ltr'><strong>comitis</strong></span> <span class='ocrx_word' id='word_1_414' title='bbox 3585 2133 3668 2186; x_wconf 86' lang='lat' dir='ltr'><strong>vel</strong></span> <span class='ocrx_word' id='word_1_415' title='bbox 3707 2133 3831 2185; x_wconf 73' lang='lat' dir='ltr'><strong>Wil-</strong></span> 
     </span>
    </p>
   </div>
   <div class='ocr_carea' id='block_1_63' title="bbox 2261 2217 3840 2290">
    <p class='ocr_par' dir='ltr' id='par_1_63' title="bbox 2261 2217 3840 2290">
     <span class='ocr_line' id='line_1_63' title="bbox 2261 2217 3840 2290; baseline 0.003 -19"><span class='ocrx_word' id='word_1_416' title='bbox 2261 2217 2403 2272; x_wconf 87' lang='lat' dir='ltr'><strong>lelmi</strong></span> <span class='ocrx_word' id='word_1_417' title='bbox 2453 2220 2597 2290; x_wconf 78' lang='lat' dir='ltr'><strong>regis</strong></span> <span class='ocrx_word' id='word_1_418' title='bbox 2643 2219 2762 2289; x_wconf 86' lang='lat' dir='ltr'><strong>ejus</strong></span> <span class='ocrx_word' id='word_1_419' title='bbox 2811 2223 3162 2278; x_wconf 83' lang='lat' dir='ltr'><strong>concessione</strong></span> <span class='ocrx_word' id='word_1_420' title='bbox 3206 2223 3466 2278; x_wconf 86' lang='lat' dir='ltr'><strong>hactenus</strong></span> <span class='ocrx_word' id='word_1_421' title='bbox 3510 2224 3840 2279; x_wconf 85' lang='lat' dir='ltr'><strong>habuerunt.</strong></span> 
     </span>
    </p>
   </div>
   <div class='ocr_carea' id='block_1_64' title="bbox 2257 2311 3845 2383">
    <p class='ocr_par' dir='ltr' id='par_1_64' title="bbox 2257 2311 3845 2383">
     <span class='ocr_line' id='line_1_64' title="bbox 2257 2311 3845 2383; baseline 0.003 -19"><span class='ocrx_word' id='word_1_422' title='bbox 2257 2311 2390 2377; x_wconf 69' lang='lat' dir='ltr'><strong>Quae</strong></span> <span class='ocrx_word' id='word_1_423' title='bbox 2415 2325 2543 2365; x_wconf 89' lang='lat' dir='ltr'><strong>vero</strong></span> <span class='ocrx_word' id='word_1_424' title='bbox 2566 2312 2746 2382; x_wconf 91' lang='lat' dir='ltr'><strong>quieta</strong></span> <span class='ocrx_word' id='word_1_425' title='bbox 2774 2312 3010 2377; x_wconf 85' lang='lat' dir='ltr'><strong>fuerunt,</strong></span> <span class='ocrx_word' id='word_1_426' title='bbox 3032 2327 3151 2366; x_wconf 88' lang='lat' dir='ltr'><strong>eam</strong></span> <span class='ocrx_word' id='word_1_427' title='bbox 3175 2313 3547 2383; x_wconf 83' lang='lat' dir='ltr'><strong>quietudinem</strong></span> <span class='ocrx_word' id='word_1_428' title='bbox 3609 2315 3845 2369; x_wconf 81' lang='lat' dir='ltr'><strong>habeant</strong></span> 
     </span>
    </p>
   </div>
   <div class='ocr_carea' id='block_1_65' title="bbox 2257 2403 3848 2476">
    <p class='ocr_par' dir='ltr' id='par_1_65' title="bbox 2257 2403 3848 2476">
     <span class='ocr_line' id='line_1_65' title="bbox 2257 2403 3848 2476; baseline 0.002 -20"><span class='ocrx_word' id='word_1_429' title='bbox 2257 2419 2418 2473; x_wconf 90' lang='lat' dir='ltr'><strong>quam</strong></span> <span class='ocrx_word' id='word_1_430' title='bbox 2465 2403 2571 2459; x_wconf 92' lang='lat' dir='ltr'><strong>huc</strong></span> <span class='ocrx_word' id='word_1_431' title='bbox 2608 2419 2778 2476; x_wconf 87' lang='lat' dir='ltr'><strong>usque</strong></span> <span class='ocrx_word' id='word_1_432' title='bbox 2806 2405 2976 2462; x_wconf 88' lang='lat' dir='ltr'><strong>solide</strong></span> <span class='ocrx_word' id='word_1_433' title='bbox 3003 2415 3308 2461; x_wconf 84' lang='lat' dir='ltr'><strong>tenuerunt.</strong></span> <span class='ocrx_word' id='word_1_434' title='bbox 3357 2406 3414 2460; x_wconf 91' lang='lat' dir='ltr'><strong>In</strong></span> <span class='ocrx_word' id='word_1_435' title='bbox 3463 2408 3552 2461; x_wconf 88' lang='lat' dir='ltr'><strong>his</strong></span> <span class='ocrx_word' id='word_1_436' title='bbox 3589 2409 3848 2462; x_wconf 82' lang='lat' dir='ltr'><strong>omnibus</strong></span> 
     </span>
    </p>
   </div>
   <div class='ocr_carea' id='block_1_66' title="bbox 2254 2494 3844 2568">
    <p class='ocr_par' dir='ltr' id='par_1_66' title="bbox 2254 2494 3844 2568">
     <span class='ocr_line' id='line_1_66' title="bbox 2254 2494 3844 2568; baseline 0.003 -22"><span class='ocrx_word' id='word_1_437' title='bbox 2254 2494 2481 2562; x_wconf 89' lang='lat' dir='ltr'><strong>justitiis</strong></span> <span class='ocrx_word' id='word_1_438' title='bbox 2527 2505 2585 2549; x_wconf 87' lang='lat' dir='ltr'><strong>et</strong></span> <span class='ocrx_word' id='word_1_439' title='bbox 2624 2497 3108 2553; x_wconf 87' lang='lat' dir='ltr'><strong>consuetudinibus</strong></span> <span class='ocrx_word' id='word_1_440' title='bbox 3150 2513 3242 2552; x_wconf 80' lang='lat' dir='ltr'><strong>rex</strong></span> <span class='ocrx_word' id='word_1_441' title='bbox 3295 2498 3397 2552; x_wconf 84' lang='lat' dir='ltr'><strong>sibi</strong></span> <span class='ocrx_word' id='word_1_442' title='bbox 3448 2499 3645 2553; x_wconf 89' lang='lat' dir='ltr'><strong>retinet</strong></span> <span class='ocrx_word' id='word_1_443' title='bbox 3699 2501 3844 2568; x_wconf 74' lang='lat' dir='ltr'><strong>quot</strong></span> 
     </span>
    </p>
   </div>
   <div class='ocr_carea' id='block_1_67' title="bbox 2258 2592 2772 2661">
    <p class='ocr_par' dir='ltr' id='par_1_67' title="bbox 2258 2592 2772 2661">
     <span class='ocr_line' id='line_1_67' title="bbox 2258 2592 2772 2661; baseline 0.004 -15"><span class='ocrx_word' id='word_1_444' title='bbox 2258 2592 2538 2661; x_wconf 88' lang='lat' dir='ltr'><strong>hucusque</strong></span> <span class='ocrx_word' id='word_1_445' title='bbox 2566 2592 2772 2648; x_wconf 88' lang='lat' dir='ltr'><strong>habuit.</strong></span> 
     </span>
    </p>
   </div>
   <div class='ocr_carea' id='block_1_68' title="bbox 2331 2684 3839 2757">
    <p class='ocr_par' dir='ltr' id='par_1_68' title="bbox 2331 2684 3839 2757">
     <span class='ocr_line' id='line_1_68' title="bbox 2331 2684 3839 2757; baseline -0.003 -15"><span class='ocrx_word' id='word_1_446' title='bbox 2331 2687 2386 2742; x_wconf 89' lang='lat' dir='ltr'><strong>Si</strong></span> <span class='ocrx_word' id='word_1_447' title='bbox 2417 2688 2702 2757; x_wconf 88' lang='lat' dir='ltr'><strong>presbyter</strong></span> <span class='ocrx_word' id='word_1_448' title='bbox 2725 2686 2926 2741; x_wconf 89' lang='lat' dir='ltr'><strong>domini</strong></span> <span class='ocrx_word' id='word_1_449' title='bbox 2955 2685 3036 2741; x_wconf 92' lang='lat' dir='ltr'><strong>sui</strong></span> <span class='ocrx_word' id='word_1_450' title='bbox 3062 2684 3325 2754; x_wconf 88' lang='lat' dir='ltr'><strong>judicium</strong></span> <span class='ocrx_word' id='word_1_451' title='bbox 3349 2686 3748 2740; x_wconf 75' lang='lat' dir='ltr'><strong>contmdixerit</strong></span> <span class='ocrx_word' id='word_1_452' title='bbox 3775 2689 3839 2737; x_wconf 70' lang='grc' dir='ltr'><strong>ιιρ</strong></span> 
     </span>
    </p>
   </div>
   <div class='ocr_carea' id='block_1_69' title="bbox 2267 2776 3848 2847">
    <p class='ocr_par' dir='ltr' id='par_1_69' title="bbox 2267 2776 3848 2847">
     <span class='ocr_line' id='line_1_69' title="bbox 2267 2776 3848 2847; baseline -0.006 -11"><span class='ocrx_word' id='word_1_453' title='bbox 2267 2780 2632 2836; x_wconf 89' lang='lat' dir='ltr'><strong>ecclesiastica</strong></span> <span class='ocrx_word' id='word_1_454' title='bbox 2661 2795 2847 2841; x_wconf 85' lang='lat' dir='ltr'><strong>causa,</strong></span> <span class='ocrx_word' id='word_1_455' title='bbox 2869 2786 2924 2832; x_wconf 91' lang='lat' dir='ltr'><strong>et</strong></span> <span class='ocrx_word' id='word_1_456' title='bbox 2950 2791 3070 2831; x_wconf 90' lang='lat' dir='ltr'><strong>eum</strong></span> <span class='ocrx_word' id='word_1_457' title='bbox 3090 2776 3143 2832; x_wconf 89' lang='lat' dir='ltr'><strong>in</strong></span> <span class='ocrx_word' id='word_1_458' title='bbox 3173 2778 3378 2832; x_wconf 86' lang='lat' dir='ltr'><strong>curiam</strong></span> <span class='ocrx_word' id='word_1_459' title='bbox 3403 2778 3650 2847; x_wconf 76' lang='lat' dir='ltr'><strong>episcopi</strong></span> <span class='ocrx_word' id='word_1_460' title='bbox 3672 2779 3848 2830; x_wconf 83' lang='lat' dir='ltr'><strong>eundo</strong></span> 
     </span>
    </p>
   </div>
   <div class='ocr_carea' id='block_1_70' title="bbox 2261 2866 3849 2942">
    <p class='ocr_par' dir='ltr' id='par_1_70' title="bbox 2261 2866 3849 2942">
     <span class='ocr_line' id='line_1_70' title="bbox 2261 2866 3849 2942; baseline -0.005 -16"><span class='ocrx_word' id='word_1_461' title='bbox 2261 2871 2456 2942; x_wconf 88' lang='lat' dir='ltr'><strong>injuste</strong></span> <span class='ocrx_word' id='word_1_462' title='bbox 2504 2869 2694 2925; x_wconf 84' lang='lat' dir='ltr'><strong>fecerit</strong></span> <span class='ocrx_word' id='word_1_463' title='bbox 2739 2867 3010 2938; x_wconf 78' lang='lat' dir='ltr'><strong>fatigare,</strong></span> <span class='ocrx_word' id='word_1_464' title='bbox 3057 2869 3242 2922; x_wconf 87' lang='lat' dir='ltr'><strong>decem</strong></span> <span class='ocrx_word' id='word_1_465' title='bbox 3291 2866 3495 2922; x_wconf 88' lang='lat' dir='ltr'><strong>solidos</strong></span> <span class='ocrx_word' id='word_1_466' title='bbox 3537 2867 3849 2920; x_wconf 64' lang='lat' dir='ltr'><strong>emendabit</strong></span> 
     </span>
    </p>
   </div>
   <div class='ocr_carea' id='block_1_71' title="bbox 2259 2965 2628 3019">
    <p class='ocr_par' dir='ltr' id='par_1_71' title="bbox 2259 2965 2628 3019">
     <span class='ocr_line' id='line_1_71' title="bbox 2259 2965 2628 3019; baseline -0.011 0"><span class='ocrx_word' id='word_1_467' title='bbox 2259 2965 2480 3019; x_wconf 89' lang='lat' dir='ltr'><strong>domino</strong></span> <span class='ocrx_word' id='word_1_468' title='bbox 2509 2977 2628 3016; x_wconf 87' lang='lat' dir='ltr'><strong>suo.</strong></span> 
     </span>
    </p>
   </div>
   <div class='ocr_carea' id='block_1_72' title="bbox 2183 3051 3848 3133">
    <p class='ocr_par' dir='ltr' id='par_1_72' title="bbox 2183 3051 3848 3133">
     <span class='ocr_line' id='line_1_72' title="bbox 2183 3051 3848 3133; baseline -0.007 -20"><span class='ocrx_word' id='word_1_469' title='bbox 2183 3072 2228 3133; x_wconf 77' lang='grc' dir='ltr'>ο</span> <span class='ocrx_word' id='word_1_470' title='bbox 2331 3055 2390 3112; x_wconf 91' lang='lat' dir='ltr'><strong>Si</strong></span> <span class='ocrx_word' id='word_1_471' title='bbox 2429 3055 2665 3126; x_wconf 89' lang='lat' dir='ltr'><strong>episcopi</strong></span> <span class='ocrx_word' id='word_1_472' title='bbox 2701 3053 2904 3124; x_wconf 89' lang='lat' dir='ltr'><strong>aliquid</strong></span> <span class='ocrx_word' id='word_1_473' title='bbox 2939 3053 3080 3123; x_wconf 89' lang='lat' dir='ltr'><strong>quod</strong></span> <span class='ocrx_word' id='word_1_474' title='bbox 3112 3053 3202 3107; x_wconf 90' lang='lat' dir='ltr'><strong>hic</strong></span> <span class='ocrx_word' id='word_1_475' title='bbox 3232 3067 3334 3107; x_wconf 92' lang='lat' dir='ltr'><strong>non</strong></span> <span class='ocrx_word' id='word_1_476' title='bbox 3364 3052 3436 3106; x_wconf 92' lang='lat' dir='ltr'><strong>sit</strong></span> <span class='ocrx_word' id='word_1_477' title='bbox 3465 3051 3762 3120; x_wconf 86' lang='lat' dir='ltr'><strong>scriptum,</strong></span> <span class='ocrx_word' id='word_1_478' title='bbox 3797 3051 3848 3104; x_wconf 86' lang='lat' dir='ltr'><strong>in</strong></span> 
     </span>
    </p>
   </div>
   <div class='ocr_carea' id='block_1_73' title="bbox 2261 3143 3850 3222">
    <p class='ocr_par' dir='ltr' id='par_1_73' title="bbox 2261 3143 3850 3222">
     <span class='ocr_line' id='line_1_73' title="bbox 2261 3143 3850 3222; baseline -0.007 -16"><span class='ocrx_word' id='word_1_479' title='bbox 2261 3151 2404 3222; x_wconf 82' lang='lat' dir='ltr'><strong>regis</strong></span> <span class='ocrx_word' id='word_1_480' title='bbox 2443 3149 2592 3204; x_wconf 85' lang='lat' dir='ltr'><strong>curia</strong></span> <span class='ocrx_word' id='word_1_481' title='bbox 2637 3147 2848 3219; x_wconf 89' lang='lat' dir='ltr'><strong>possint</strong></span> <span class='ocrx_word' id='word_1_482' title='bbox 2886 3153 3190 3200; x_wconf 89' lang='lat' dir='ltr'><strong>monstrare</strong></span> <span class='ocrx_word' id='word_1_483' title='bbox 3215 3159 3274 3198; x_wconf 88' lang='lat' dir='ltr'><strong>se</strong></span> <span class='ocrx_word' id='word_1_484' title='bbox 3306 3143 3567 3198; x_wconf 82' lang='lat' dir='ltr'><strong>habuisse</strong></span> <span class='ocrx_word' id='word_1_485' title='bbox 3609 3154 3850 3210; x_wconf 85' lang='lat' dir='ltr'><strong>tempore</strong></span> 
     </span>
    </p>
   </div>
   <div class='ocr_carea' id='block_1_74' title="bbox 2259 3235 3846 3305">
    <p class='ocr_par' dir='ltr' id='par_1_74' title="bbox 2259 3235 3846 3305">
     <span class='ocr_line' id='line_1_74' title="bbox 2259 3235 3846 3305; baseline -0.007 -7"><span class='ocrx_word' id='word_1_486' title='bbox 2259 3242 2514 3298; x_wconf 78' lang='lat' dir='ltr'><strong>Rodberti</strong></span> <span class='ocrx_word' id='word_1_487' title='bbox 2578 3240 2794 3295; x_wconf 86' lang='lat' dir='ltr'><strong>comitis</strong></span> <span class='ocrx_word' id='word_1_488' title='bbox 2846 3237 2928 3292; x_wconf 86' lang='lat' dir='ltr'><strong>vel</strong></span> <span class='ocrx_word' id='word_1_489' title='bbox 2966 3236 3222 3292; x_wconf 85' lang='lat' dir='ltr'><strong>Willelmi</strong></span> <span class='ocrx_word' id='word_1_490' title='bbox 3267 3235 3409 3305; x_wconf 79' lang='lat' dir='ltr'><strong>regis</strong></span> <span class='ocrx_word' id='word_1_491' title='bbox 3452 3235 3574 3304; x_wconf 88' lang='lat' dir='ltr'><strong>ejus</strong></span> <span class='ocrx_word' id='word_1_492' title='bbox 3623 3250 3846 3290; x_wconf 81' lang='lat' dir='ltr'><strong>conces-</strong></span> 
     </span>
    </p>
   </div>
   <div class='ocr_carea' id='block_1_75' title="bbox 2256 3327 3847 3401">
    <p class='ocr_par' dir='ltr' id='par_1_75' title="bbox 2256 3327 3847 3401">
     <span class='ocr_line' id='line_1_75' title="bbox 2256 3327 3847 3401; baseline -0.006 -11"><span class='ocrx_word' id='word_1_493' title='bbox 2256 3337 2428 3401; x_wconf 90' lang='lat' dir='ltr'><strong>sione,</strong></span> <span class='ocrx_word' id='word_1_494' title='bbox 2459 3349 2552 3388; x_wconf 79' lang='lat' dir='ltr'><strong>rex</strong></span> <span class='ocrx_word' id='word_1_495' title='bbox 2577 3333 2658 3387; x_wconf 89' lang='lat' dir='ltr'><strong>eis</strong></span> <span class='ocrx_word' id='word_1_496' title='bbox 2689 3346 2791 3387; x_wconf 92' lang='lat' dir='ltr'><strong>non</strong></span> <span class='ocrx_word' id='word_1_497' title='bbox 2826 3329 2975 3385; x_wconf 88' lang='lat' dir='ltr'><strong>tollet</strong></span> <span class='ocrx_word' id='word_1_498' title='bbox 2999 3329 3126 3399; x_wconf 87' lang='lat' dir='ltr'><strong>quin</strong></span> <span class='ocrx_word' id='word_1_499' title='bbox 3154 3329 3387 3383; x_wconf 84' lang='lat' dir='ltr'><strong>habeant</strong></span> <span class='ocrx_word' id='word_1_500' title='bbox 3417 3346 3430 3381; x_wconf 90' lang='lat'><strong>:</strong></span> <span class='ocrx_word' id='word_1_501' title='bbox 3461 3327 3847 3381; x_wconf 84' lang='lat' dir='ltr'><strong>tantummodo</strong></span> 
     </span>
    </p>
   </div>
   <div class='ocr_carea' id='block_1_76' title="bbox 2258 3417 3845 3486">
    <p class='ocr_par' dir='ltr' id='par_1_76' title="bbox 2258 3417 3845 3486">
     <span class='ocr_line' id='line_1_76' title="bbox 2258 3417 3845 3486; baseline -0.008 -6"><span class='ocrx_word' id='word_1_502' title='bbox 2258 3426 2384 3480; x_wconf 90' lang='lat' dir='ltr'><strong>illud</strong></span> <span class='ocrx_word' id='word_1_503' title='bbox 2421 3425 2729 3479; x_wconf 88' lang='lat' dir='ltr'><strong>nullatenus</strong></span> <span class='ocrx_word' id='word_1_504' title='bbox 2777 3422 3025 3484; x_wconf 86' lang='lat' dir='ltr'><strong>saisiant,</strong></span> <span class='ocrx_word' id='word_1_505' title='bbox 3068 3420 3240 3474; x_wconf 84' lang='lat' dir='ltr'><strong>donec</strong></span> <span class='ocrx_word' id='word_1_506' title='bbox 3278 3419 3329 3472; x_wconf 92' lang='lat' dir='ltr'><strong>in</strong></span> <span class='ocrx_word' id='word_1_507' title='bbox 3361 3418 3514 3472; x_wconf 85' lang='lat' dir='ltr'><strong>curia</strong></span> <span class='ocrx_word' id='word_1_508' title='bbox 3543 3417 3662 3486; x_wconf 68' lang='lat' dir='ltr'><strong>cjus</strong></span> <span class='ocrx_word' id='word_1_509' title='bbox 3697 3432 3845 3472; x_wconf 86' lang='lat' dir='ltr'><strong>mon-</strong></span> 
     </span>
    </p>
   </div>
   <div class='ocr_carea' id='block_1_77' title="bbox 2255 3507 3848 3584">
    <p class='ocr_par' dir='ltr' id='par_1_77' title="bbox 2255 3507 3848 3584">
     <span class='ocr_line' id='line_1_77' title="bbox 2255 3507 3848 3584; baseline -0.008 -12"><span class='ocrx_word' id='word_1_510' title='bbox 2255 3525 2431 3572; x_wconf 84' lang='lat' dir='ltr'><strong>strent</strong></span> <span class='ocrx_word' id='word_1_511' title='bbox 2474 3515 2615 3584; x_wconf 89' lang='lat' dir='ltr'><strong>quod</strong></span> <span class='ocrx_word' id='word_1_512' title='bbox 2661 3512 2861 3568; x_wconf 87' lang='lat' dir='ltr'><strong>habere</strong></span> <span class='ocrx_word' id='word_1_513' title='bbox 2895 3511 3146 3566; x_wconf 89' lang='lat' dir='ltr'><strong>debeant.</strong></span> <span class='ocrx_word' id='word_1_514' title='bbox 3195 3508 3458 3566; x_wconf 88' lang='lat' dir='ltr'><strong>Similiter</strong></span> <span class='ocrx_word' id='word_1_515' title='bbox 3486 3509 3656 3562; x_wconf 82' lang='lat' dir='ltr'><strong>etiam</strong></span> <span class='ocrx_word' id='word_1_516' title='bbox 3694 3507 3848 3561; x_wconf 85' lang='lat' dir='ltr'><strong>laicis</strong></span> 
     </span>
    </p>
   </div>
   <div class='ocr_carea' id='block_1_78' title="bbox 2258 3600 3844 3676">
    <p class='ocr_par' dir='ltr' id='par_1_78' title="bbox 2258 3600 3844 3676">
     <span class='ocr_line' id='line_1_78' title="bbox 2258 3600 3844 3676; baseline -0.004 -18"><span class='ocrx_word' id='word_1_517' title='bbox 2258 3614 2477 3676; x_wconf 83' lang='lat' dir='ltr'><strong>pmpter</strong></span> <span class='ocrx_word' id='word_1_518' title='bbox 2505 3605 2605 3658; x_wconf 91' lang='lat' dir='ltr'><strong>hoc</strong></span> <span class='ocrx_word' id='word_1_519' title='bbox 2632 3604 2891 3672; x_wconf 88' lang='lat' dir='ltr'><strong>scriptum</strong></span> <span class='ocrx_word' id='word_1_520' title='bbox 2919 3617 3014 3657; x_wconf 80' lang='lat' dir='ltr'><strong>rex</strong></span> <span class='ocrx_word' id='word_1_521' title='bbox 3050 3601 3181 3655; x_wconf 88' lang='lat' dir='ltr'><strong>nihil</strong></span> <span class='ocrx_word' id='word_1_522' title='bbox 3215 3600 3371 3667; x_wconf 91' lang='lat' dir='ltr'><strong>tollit,</strong></span> <span class='ocrx_word' id='word_1_523' title='bbox 3406 3602 3551 3670; x_wconf 89' lang='lat' dir='ltr'><strong>quod</strong></span> <span class='ocrx_word' id='word_1_524' title='bbox 3595 3601 3648 3654; x_wconf 90' lang='lat' dir='ltr'><strong>in</strong></span> <span class='ocrx_word' id='word_1_525' title='bbox 3697 3600 3844 3655; x_wconf 86' lang='lat' dir='ltr'><strong>curia</strong></span> 
     </span>
    </p>
   </div>
   <div class='ocr_carea' id='block_1_79' title="bbox 2257 3690 3846 3764">
    <p class='ocr_par' dir='ltr' id='par_1_79' title="bbox 2257 3690 3846 3764">
     <span class='ocr_line' id='line_1_79' title="bbox 2257 3690 3846 3764; baseline -0.004 -14"><span class='ocrx_word' id='word_1_526' title='bbox 2257 3695 2404 3764; x_wconf 76' lang='lat' dir='ltr'><strong>regis</strong></span> <span class='ocrx_word' id='word_1_527' title='bbox 2471 3702 2773 3748; x_wconf 84' lang='lat' dir='ltr'><strong>monstrare</strong></span> <span class='ocrx_word' id='word_1_528' title='bbox 2845 3691 3055 3762; x_wconf 85' lang='lat' dir='ltr'><strong>possint</strong></span> <span class='ocrx_word' id='word_1_529' title='bbox 3120 3691 3404 3760; x_wconf 79' lang='lat' dir='ltr'><strong>episcopos</strong></span> <span class='ocrx_word' id='word_1_530' title='bbox 3463 3705 3572 3743; x_wconf 86' lang='lat' dir='ltr'><strong>non</strong></span> <span class='ocrx_word' id='word_1_531' title='bbox 3647 3690 3846 3744; x_wconf 82' lang='lat' dir='ltr'><strong>debere</strong></span> 
     </span>
    </p>
   </div>
   <div class='ocr_carea' id='block_1_80' title="bbox 2260 3781 3842 3852">
    <p class='ocr_par' dir='ltr' id='par_1_80' title="bbox 2260 3781 3842 3852">
     <span class='ocr_line' id='line_1_80' title="bbox 2260 3781 3842 3852; baseline -0.006 -10"><span class='ocrx_word' id='word_1_532' title='bbox 2260 3787 2482 3842; x_wconf 86' lang='lat' dir='ltr'><strong>habere.</strong></span> <span class='ocrx_word' id='word_1_533' title='bbox 2532 3783 2925 3841; x_wconf 81' lang='lat' dir='ltr'><strong>Tantummodo</strong></span> <span class='ocrx_word' id='word_1_534' title='bbox 2967 3783 3250 3852; x_wconf 89' lang='lat' dir='ltr'><strong>episcopos</strong></span> <span class='ocrx_word' id='word_1_535' title='bbox 3300 3782 3426 3838; x_wconf 91' lang='lat' dir='ltr'><strong>inde</strong></span> <span class='ocrx_word' id='word_1_536' title='bbox 3473 3797 3582 3835; x_wconf 84' lang='lat' dir='ltr'><strong>non</strong></span> <span class='ocrx_word' id='word_1_537' title='bbox 3629 3781 3842 3835; x_wconf 78' lang='lat' dir='ltr'><strong>dessai-</strong></span> 
     </span>
    </p>
   </div>
   <div class='ocr_carea' id='block_1_81' title="bbox 2261 3871 3844 3944">
    <p class='ocr_par' dir='ltr' id='par_1_81' title="bbox 2261 3871 3844 3944">
     <span class='ocr_line' id='line_1_81' title="bbox 2261 3871 3844 3944; baseline -0.004 -12"><span class='ocrx_word' id='word_1_538' title='bbox 2261 3877 2406 3932; x_wconf 89' lang='lat' dir='ltr'><strong>siant</strong></span> <span class='ocrx_word' id='word_1_539' title='bbox 2456 3875 2630 3930; x_wconf 89' lang='lat' dir='ltr'><strong>donec</strong></span> <span class='ocrx_word' id='word_1_540' title='bbox 2677 3875 2736 3928; x_wconf 89' lang='lat' dir='ltr'><strong>in</strong></span> <span class='ocrx_word' id='word_1_541' title='bbox 2773 3874 2925 3932; x_wconf 86' lang='lat' dir='ltr'><strong>curia</strong></span> <span class='ocrx_word' id='word_1_542' title='bbox 2970 3873 3111 3944; x_wconf 75' lang='lat' dir='ltr'><strong>regis</strong></span> <span class='ocrx_word' id='word_1_543' title='bbox 3158 3881 3520 3928; x_wconf 85' lang='lat' dir='ltr'><strong>monstratum</strong></span> <span class='ocrx_word' id='word_1_544' title='bbox 3572 3872 3648 3928; x_wconf 87' lang='lat' dir='ltr'><strong>sit</strong></span> <span class='ocrx_word' id='word_1_545' title='bbox 3701 3871 3844 3941; x_wconf 86' lang='lat' dir='ltr'><strong>quod</strong></span> 
     </span>
    </p>
   </div>
   <div class='ocr_carea' id='block_1_82' title="bbox 2259 3963 3274 4039">
    <p class='ocr_par' dir='ltr' id='par_1_82' title="bbox 2259 3963 3274 4039">
     <span class='ocr_line' id='line_1_82' title="bbox 2259 3963 3274 4039; baseline -0.006 -16"><span class='ocrx_word' id='word_1_546' title='bbox 2259 3966 2498 4039; x_wconf 88' lang='lat' dir='ltr'><strong>episcopi</strong></span> <span class='ocrx_word' id='word_1_547' title='bbox 2531 3966 2653 4020; x_wconf 91' lang='lat' dir='ltr'><strong>inde</strong></span> <span class='ocrx_word' id='word_1_548' title='bbox 2681 3965 2878 4020; x_wconf 89' lang='lat' dir='ltr'><strong>habere</strong></span> <span class='ocrx_word' id='word_1_549' title='bbox 2909 3979 3017 4019; x_wconf 90' lang='lat' dir='ltr'><strong>non</strong></span> <span class='ocrx_word' id='word_1_550' title='bbox 3041 3963 3274 4019; x_wconf 85' lang='lat' dir='ltr'><strong>debeant</strong></span> 
     </span>
    </p>
   </div>
   <div class='ocr_carea' id='block_1_83' title="bbox 567 4182 3843 4274">
    <p class='ocr_par' dir='ltr' id='par_1_83' title="bbox 567 4182 3843 4274">
     <span class='ocr_line' id='line_1_83' title="bbox 567 4182 3843 4274; baseline -0.003 -18"><span class='ocrx_word' id='word_1_551' title='bbox 567 4182 570 4184; x_wconf 24' lang='grc'>⁷</span> <span class='ocrx_word' id='word_1_552' title='bbox 656 4214 735 4256; x_wconf 69' lang='grc' dir='ltr'><strong>ιη</strong></span> <span class='ocrx_word' id='word_1_553' title='bbox 765 4197 1190 4274; x_wconf 80' lang='lat' dir='ltr'><strong>manuscripto</strong></span> <span class='ocrx_word' id='word_1_554' title='bbox 1223 4193 1566 4274; x_wconf 78' lang='lat' dir='ltr'><strong>exemplari</strong></span> <span class='ocrx_word' id='word_1_555' title='bbox 1597 4193 1833 4274; x_wconf 70' lang='lat' dir='ltr'><strong>synodo</strong></span> <span class='ocrx_word' id='word_1_556' title='bbox 1848 4191 2285 4274; x_wconf 58' lang='lat' dir='ltr'><strong>Jitft&#39;obonenst</strong></span> <span class='ocrx_word' id='word_1_557' title='bbox 2315 4188 2729 4274; x_wconf 59' lang='lat' dir='ltr'><strong>praemittitur</strong></span> <span class='ocrx_word' id='word_1_558' title='bbox 2758 4185 3390 4274; x_wconf 35' lang='lat' dir='ltr'><strong>synodulendccrctum</strong></span> <span class='ocrx_word' id='word_1_559' title='bbox 3423 4183 3497 4244; x_wconf 76' lang='lat' dir='ltr'><strong>de</strong></span> <span class='ocrx_word' id='word_1_560' title='bbox 3521 4204 3679 4274; x_wconf 67' lang='lat' dir='ltr'><strong>pace</strong></span> <span class='ocrx_word' id='word_1_561' title='bbox 3712 4204 3843 4264; x_wconf 68' lang='lat' dir='ltr'><strong>qm:</strong></span> 
     </span>
    </p>
   </div>
   <div class='ocr_carea' id='block_1_84' title="bbox 560 4263 3841 4354">
    <p class='ocr_par' dir='ltr' id='par_1_84' title="bbox 560 4263 3841 4354">
     <span class='ocr_line' id='line_1_84' title="bbox 560 4263 3841 4354; baseline -0.004 -20"><span class='ocrx_word' id='word_1_562' title='bbox 560 4275 764 4352; x_wconf 68' lang='lat' dir='ltr'><strong>&#39;vulgo</strong></span> <span class='ocrx_word' id='word_1_563' title='bbox 813 4275 922 4335; x_wconf 79' lang='lat' dir='ltr'><strong>Dei</strong></span> <span class='ocrx_word' id='word_1_564' title='bbox 968 4263 1165 4354; x_wconf 48' lang='lat' dir='ltr'><strong>tre-{tia</strong></span> <span class='ocrx_word' id='word_1_565' title='bbox 1201 4263 1460 4354; x_wconf 55' lang='lat' dir='ltr'><strong>dicitur,</strong></span> <span class='ocrx_word' id='word_1_566' title='bbox 1502 4282 1555 4334; x_wconf 82' lang='lat' dir='ltr'><strong>et</strong></span> <span class='ocrx_word' id='word_1_567' title='bbox 1586 4263 1719 4354; x_wconf 52' lang='lat' dir='ltr'><strong>qua:</strong></span> <span class='ocrx_word' id='word_1_568' title='bbox 1749 4273 1847 4332; x_wconf 82' lang='lat' dir='ltr'><strong>die</strong></span> <span class='ocrx_word' id='word_1_569' title='bbox 1888 4272 2196 4354; x_wconf 67' lang='lat' dir='ltr'><strong>Mercurii</strong></span> <span class='ocrx_word' id='word_1_570' title='bbox 2226 4263 2475 4354; x_wconf 58' lang='lat' dir='ltr'><strong>incipit,</strong></span> <span class='ocrx_word' id='word_1_571' title='bbox 2516 4263 2924 4354; x_wconf 64' lang='lat' dir='ltr'><strong>constitutum</strong></span> <span class='ocrx_word' id='word_1_572' title='bbox 2965 4285 3002 4326; x_wconf 89' lang='lat' dir='ltr'><strong>a</strong></span> <span class='ocrx_word' id='word_1_573' title='bbox 3043 4263 3376 4327; x_wconf 78' lang='lat' dir='ltr'><strong>Guillelmo</strong></span> <span class='ocrx_word' id='word_1_574' title='bbox 3430 4263 3679 4325; x_wconf 73' lang='lat' dir='ltr'><strong>seniore</strong></span> <span class='ocrx_word' id='word_1_575' title='bbox 3706 4263 3841 4341; x_wconf 74' lang='lat' dir='ltr'><strong>rege</strong></span> 
     </span>
    </p>
   </div>
   <div class='ocr_carea' id='block_1_85' title="bbox 577 4347 2643 4432">
    <p class='ocr_par' dir='ltr' id='par_1_85' title="bbox 577 4347 2643 4432">
     <span class='ocr_line' id='line_1_85' title="bbox 577 4347 2643 4432; baseline -0.002 -19"><span class='ocrx_word' id='word_1_576' title='bbox 577 4347 926 4432; x_wconf 58' lang='lat' dir='ltr'><strong>Anglorum</strong></span> <span class='ocrx_word' id='word_1_577' title='bbox 963 4359 1016 4413; x_wconf 78' lang='lat' dir='ltr'><strong>et</strong></span> <span class='ocrx_word' id='word_1_578' title='bbox 1047 4351 1198 4414; x_wconf 83' lang='lat' dir='ltr'><strong>duce</strong></span> <span class='ocrx_word' id='word_1_579' title='bbox 1226 4347 1751 4428; x_wconf 68' lang='lat' dir='ltr'><strong>Normannoi&#39;um,</strong></span> <span class='ocrx_word' id='word_1_580' title='bbox 1785 4359 1840 4412; x_wconf 83' lang='lat' dir='ltr'><strong>et</strong></span> <span class='ocrx_word' id='word_1_581' title='bbox 1875 4349 2186 4431; x_wconf 76' lang='lat' dir='ltr'><strong>episcopis</strong></span> <span class='ocrx_word' id='word_1_582' title='bbox 2220 4347 2643 4411; x_wconf 75' lang='lat' dir='ltr'><strong>Norinannt&#39;w.</strong></span> 
     </span>
    </p>
   </div>
   <div class='ocr_carea' id='block_1_86' title="bbox 643 4520 3839 4606">
    <p class='ocr_par' dir='ltr' id='par_1_86' title="bbox 643 4520 3839 4606">
     <span class='ocr_line' id='line_1_86' title="bbox 643 4520 3839 4606; baseline -0.001 -14"><span class='ocrx_word' id='word_1_583' title='bbox 643 4538 865 4594; x_wconf 89' lang='lat' dir='ltr'><strong>Fratres</strong></span> <span class='ocrx_word' id='word_1_584' title='bbox 891 4538 943 4593; x_wconf 89' lang='lat' dir='ltr'><strong>in</strong></span> <span class='ocrx_word' id='word_1_585' title='bbox 982 4537 1210 4592; x_wconf 91' lang='lat' dir='ltr'><strong>Domino</strong></span> <span class='ocrx_word' id='word_1_586' title='bbox 1235 4535 1560 4602; x_wconf 89' lang='lat' dir='ltr'><strong>cbarissimi,</strong></span> <span class='ocrx_word' id='word_1_587' title='bbox 1593 4534 1645 4590; x_wconf 91' lang='lat' dir='ltr'><strong>in</strong></span> <span class='ocrx_word' id='word_1_588' title='bbox 1677 4548 1808 4606; x_wconf 87' lang='lat' dir='ltr'><strong>pace</strong></span> <span class='ocrx_word' id='word_1_589' title='bbox 1833 4549 1955 4604; x_wconf 67' lang='lat' dir='ltr'><strong>quae</strong></span> <span class='ocrx_word' id='word_1_590' title='bbox 1990 4534 2152 4605; x_wconf 81' lang='lat' dir='ltr'><strong>vulgo</strong></span> <span class='ocrx_word' id='word_1_591' title='bbox 2187 4520 2230 4574; x_wconf 82' lang='grc' dir='ltr'><strong>Ῐ)</strong></span> <span class='ocrx_word' id='word_1_592' title='bbox 2257 4535 2425 4606; x_wconf 91' lang='lat' dir='ltr'><strong>episc.</strong></span> <span class='ocrx_word' id='word_1_593' title='bbox 2469 4543 2649 4599; x_wconf 86' lang='lat' dir='ltr'><strong>exeat,</strong></span> <span class='ocrx_word' id='word_1_594' title='bbox 2677 4533 2933 4603; x_wconf 91' lang='lat' dir='ltr'><strong>quidquid</strong></span> <span class='ocrx_word' id='word_1_595' title='bbox 2976 4531 3106 4588; x_wconf 86' lang='lat' dir='ltr'><strong>fecit</strong></span> <span class='ocrx_word' id='word_1_596' title='bbox 3135 4531 3319 4586; x_wconf 80' lang='lat' dir='ltr'><strong>contra</strong></span> <span class='ocrx_word' id='word_1_597' title='bbox 3356 4546 3548 4601; x_wconf 87' lang='lat' dir='ltr'><strong>pacem</strong></span> <span class='ocrx_word' id='word_1_598' title='bbox 3581 4537 3839 4589; x_wconf 84' lang='lat' dir='ltr'><strong>emenda-</strong></span> 
     </span>
    </p>
   </div>
   <div class='ocr_carea' id='block_1_87' title="bbox 576 4625 2144 4699">
    <p class='ocr_par' dir='ltr' id='par_1_87' title="bbox 576 4625 2144 4699">
     <span class='ocr_line' id='line_1_87' title="bbox 576 4625 2144 4699; baseline -0.003 -15"><span class='ocrx_word' id='word_1_599' title='bbox 576 4629 772 4684; x_wconf 90' lang='lat' dir='ltr'><strong>dicitur</strong></span> <span class='ocrx_word' id='word_1_600' title='bbox 822 4631 990 4684; x_wconf 74' lang='lat' dir='ltr'><strong>trevia</strong></span> <span class='ocrx_word' id='word_1_601' title='bbox 1046 4629 1176 4694; x_wconf 87' lang='lat' dir='ltr'><strong>Dei,</strong></span> <span class='ocrx_word' id='word_1_602' title='bbox 1222 4637 1278 4683; x_wconf 89' lang='lat' dir='ltr'><strong>et</strong></span> <span class='ocrx_word' id='word_1_603' title='bbox 1334 4643 1455 4699; x_wconf 72' lang='lat' dir='ltr'><strong>quae</strong></span> <span class='ocrx_word' id='word_1_604' title='bbox 1505 4643 1536 4680; x_wconf 90' lang='lat' dir='ltr'><strong>a</strong></span> <span class='ocrx_word' id='word_1_605' title='bbox 1586 4627 1674 4681; x_wconf 92' lang='lat' dir='ltr'><strong>die</strong></span> <span class='ocrx_word' id='word_1_606' title='bbox 1719 4626 1970 4681; x_wconf 84' lang='lat' dir='ltr'><strong>Mercurii</strong></span> <span class='ocrx_word' id='word_1_607' title='bbox 2028 4625 2144 4681; x_wconf 90' lang='lat' dir='ltr'><strong>sole</strong></span> 
     </span>
    </p>
   </div>
   <div class='ocr_carea' id='block_1_88' title="bbox 575 4718 2146 4792">
    <p class='ocr_par' dir='ltr' id='par_1_88' title="bbox 575 4718 2146 4792">
     <span class='ocr_line' id='line_1_88' title="bbox 575 4718 2146 4792; baseline -0.003 -15"><span class='ocrx_word' id='word_1_608' title='bbox 575 4721 854 4777; x_wconf 88' lang='lat' dir='ltr'><strong>occidente</strong></span> <span class='ocrx_word' id='word_1_609' title='bbox 902 4721 1112 4792; x_wconf 90' lang='lat' dir='ltr'><strong>incipit,</strong></span> <span class='ocrx_word' id='word_1_610' title='bbox 1161 4729 1215 4774; x_wconf 91' lang='lat' dir='ltr'><strong>et</strong></span> <span class='ocrx_word' id='word_1_611' title='bbox 1246 4720 1333 4775; x_wconf 90' lang='lat' dir='ltr'><strong>die</strong></span> <span class='ocrx_word' id='word_1_612' title='bbox 1376 4719 1542 4774; x_wconf 65' lang='lat' dir='ltr'><strong>Luna:</strong></span> <span class='ocrx_word' id='word_1_613' title='bbox 1570 4719 1682 4774; x_wconf 87' lang='lat' dir='ltr'><strong>sole</strong></span> <span class='ocrx_word' id='word_1_614' title='bbox 1713 4727 1969 4774; x_wconf 86' lang='lat' dir='ltr'><strong>nascente</strong></span> <span class='ocrx_word' id='word_1_615' title='bbox 2007 4718 2146 4784; x_wconf 86' lang='lat' dir='ltr'><strong>linit,</strong></span> 
     </span>
    </p>
   </div>
   <div class='ocr_carea' id='block_1_89' title="bbox 574 4809 2147 4880">
    <p class='ocr_par' dir='ltr' id='par_1_89' title="bbox 574 4809 2147 4880">
     <span class='ocr_line' id='line_1_89' title="bbox 574 4809 2147 4880; baseline -0.003 -14"><span class='ocrx_word' id='word_1_616' title='bbox 574 4812 690 4866; x_wconf 57' lang='lat' dir='ltr'><strong>haec</strong></span> <span class='ocrx_word' id='word_1_617' title='bbox 721 4826 840 4880; x_wconf 82' lang='lat' dir='ltr'><strong>quae</strong></span> <span class='ocrx_word' id='word_1_618' title='bbox 866 4811 1041 4866; x_wconf 86' lang='lat' dir='ltr'><strong>dicam</strong></span> <span class='ocrx_word' id='word_1_619' title='bbox 1089 4810 1242 4866; x_wconf 86' lang='lat' dir='ltr'><strong>vobis</strong></span> <span class='ocrx_word' id='word_1_620' title='bbox 1286 4809 1688 4880; x_wconf 88' lang='lat' dir='ltr'><strong>promptissima</strong></span> <span class='ocrx_word' id='word_1_621' title='bbox 1728 4818 1910 4864; x_wconf 88' lang='lat' dir='ltr'><strong>mente</strong></span> <span class='ocrx_word' id='word_1_622' title='bbox 1951 4809 2147 4863; x_wconf 88' lang='lat' dir='ltr'><strong>dehinc</strong></span> 
     </span>
    </p>
   </div>
   <div class='ocr_carea' id='block_1_90' title="bbox 563 4896 2149 4957">
    <p class='ocr_par' dir='ltr' id='par_1_90' title="bbox 563 4896 2149 4957">
     <span class='ocr_line' id='line_1_90' title="bbox 563 4896 2149 4957; baseline -0.004 -1"><span class='ocrx_word' id='word_1_623' title='bbox 563 4901 632 4956; x_wconf 86' lang='lat' dir='ltr'><strong>in</strong></span> <span class='ocrx_word' id='word_1_624' title='bbox 656 4909 814 4956; x_wconf 87' lang='lat' dir='ltr'><strong>antea</strong></span> <span class='ocrx_word' id='word_1_625' title='bbox 851 4901 1058 4957; x_wconf 90' lang='lat' dir='ltr'><strong>debetis</strong></span> <span class='ocrx_word' id='word_1_626' title='bbox 1076 4902 1384 4956; x_wconf 86' lang='lat' dir='ltr'><strong>observare.</strong></span> <span class='ocrx_word' id='word_1_627' title='bbox 1413 4897 1596 4954; x_wconf 84' lang='lat' dir='ltr'><strong>Nullus</strong></span> <span class='ocrx_word' id='word_1_628' title='bbox 1624 4900 1786 4953; x_wconf 89' lang='lat' dir='ltr'><strong>homo</strong></span> <span class='ocrx_word' id='word_1_629' title='bbox 1805 4913 1905 4954; x_wconf 89' lang='lat' dir='ltr'><strong>nec</strong></span> <span class='ocrx_word' id='word_1_630' title='bbox 1948 4896 2149 4953; x_wconf 85' lang='lat' dir='ltr'><strong>femina</strong></span> 
     </span>
    </p>
   </div>
   <div class='ocr_carea' id='block_1_91' title="bbox 574 4989 2154 5058">
    <p class='ocr_par' dir='ltr' id='par_1_91' title="bbox 574 4989 2154 5058">
     <span class='ocr_line' id='line_1_91' title="bbox 574 4989 2154 5058; baseline -0.003 -11"><span class='ocrx_word' id='word_1_631' title='bbox 574 4992 850 5047; x_wconf 87' lang='lat' dir='ltr'><strong>hominem</strong></span> <span class='ocrx_word' id='word_1_632' title='bbox 879 5006 978 5046; x_wconf 90' lang='lat' dir='ltr'><strong>nec</strong></span> <span class='ocrx_word' id='word_1_633' title='bbox 1005 4991 1266 5046; x_wconf 86' lang='lat' dir='ltr'><strong>feminam</strong></span> <span class='ocrx_word' id='word_1_634' title='bbox 1295 5005 1521 5058; x_wconf 87' lang='lat' dir='ltr'><strong>usquam</strong></span> <span class='ocrx_word' id='word_1_635' title='bbox 1551 4989 1802 5055; x_wconf 80' lang='lat' dir='ltr'><strong>assaliat,</strong></span> <span class='ocrx_word' id='word_1_636' title='bbox 1833 5004 1934 5044; x_wconf 91' lang='lat' dir='ltr'><strong>nec</strong></span> <span class='ocrx_word' id='word_1_637' title='bbox 1969 4989 2154 5043; x_wconf 87' lang='lat' dir='ltr'><strong>vulne-</strong></span> 
     </span>
    </p>
   </div>
   <div class='ocr_carea' id='block_1_92' title="bbox 574 5081 2154 5151">
    <p class='ocr_par' dir='ltr' id='par_1_92' title="bbox 574 5081 2154 5151">
     <span class='ocr_line' id='line_1_92' title="bbox 574 5081 2154 5151; baseline -0.003 -13"><span class='ocrx_word' id='word_1_638' title='bbox 574 5090 683 5149; x_wconf 85' lang='lat' dir='ltr'><strong>ret,</strong></span> <span class='ocrx_word' id='word_1_639' title='bbox 712 5097 815 5137; x_wconf 86' lang='lat' dir='ltr'><strong>nec</strong></span> <span class='ocrx_word' id='word_1_640' title='bbox 857 5081 1092 5145; x_wconf 88' lang='lat' dir='ltr'><strong>occidat,</strong></span> <span class='ocrx_word' id='word_1_641' title='bbox 1130 5095 1233 5135; x_wconf 89' lang='lat' dir='ltr'><strong>nec</strong></span> <span class='ocrx_word' id='word_1_642' title='bbox 1278 5081 1578 5146; x_wconf 91' lang='lat' dir='ltr'><strong>castellum,</strong></span> <span class='ocrx_word' id='word_1_643' title='bbox 1623 5096 1725 5135; x_wconf 89' lang='lat' dir='ltr'><strong>nec</strong></span> <span class='ocrx_word' id='word_1_644' title='bbox 1758 5084 2006 5151; x_wconf 75' lang='lat' dir='ltr'><strong>burgum,</strong></span> <span class='ocrx_word' id='word_1_645' title='bbox 2055 5093 2154 5134; x_wconf 90' lang='lat' dir='ltr'><strong>nec</strong></span> 
     </span>
    </p>
   </div>
   <div class='ocr_carea' id='block_1_93' title="bbox 573 5173 2150 5242">
    <p class='ocr_par' dir='ltr' id='par_1_93' title="bbox 573 5173 2150 5242">
     <span class='ocr_line' id='line_1_93' title="bbox 573 5173 2150 5242; baseline -0.004 -12"><span class='ocrx_word' id='word_1_646' title='bbox 573 5175 764 5230; x_wconf 86' lang='lat' dir='ltr'><strong>villam</strong></span> <span class='ocrx_word' id='word_1_647' title='bbox 797 5173 851 5229; x_wconf 91' lang='lat' dir='ltr'><strong>in</strong></span> <span class='ocrx_word' id='word_1_648' title='bbox 887 5174 991 5228; x_wconf 90' lang='lat' dir='ltr'><strong>hoc</strong></span> <span class='ocrx_word' id='word_1_649' title='bbox 1037 5173 1214 5241; x_wconf 85' lang='lat' dir='ltr'><strong>spatio</strong></span> <span class='ocrx_word' id='word_1_650' title='bbox 1263 5181 1494 5242; x_wconf 88' lang='lat' dir='ltr'><strong>quatuor</strong></span> <span class='ocrx_word' id='word_1_651' title='bbox 1557 5173 1764 5227; x_wconf 90' lang='lat' dir='ltr'><strong>dierum</strong></span> <span class='ocrx_word' id='word_1_652' title='bbox 1829 5180 1884 5226; x_wconf 86' lang='lat' dir='ltr'><strong>et</strong></span> <span class='ocrx_word' id='word_1_653' title='bbox 1913 5176 2150 5242; x_wconf 83' lang='lat' dir='ltr'><strong>quinque</strong></span> 
     </span>
    </p>
   </div>
   <div class='ocr_carea' id='block_1_94' title="bbox 563 5260 2150 5314">
    <p class='ocr_par' dir='ltr' id='par_1_94' title="bbox 563 5260 2150 5314">
     <span class='ocr_line' id='line_1_94' title="bbox 563 5260 2150 5314; baseline 0 0"><span class='ocrx_word' id='word_1_654' title='bbox 563 5264 822 5314; x_wconf 77' lang='lat' dir='ltr'><strong>noctium</strong></span> <span class='ocrx_word' id='word_1_655' title='bbox 870 5261 1113 5314; x_wconf 82' lang='lat' dir='ltr'><strong>assaliat.</strong></span> <span class='ocrx_word' id='word_1_656' title='bbox 1157 5274 1259 5314; x_wconf 84' lang='lat' dir='ltr'><strong>nec</strong></span> <span class='ocrx_word' id='word_1_657' title='bbox 1299 5260 1657 5314; x_wconf 68' lang='lat' dir='ltr'><strong>deuraadetur.</strong></span> <span class='ocrx_word' id='word_1_658' title='bbox 1685 5275 1788 5314; x_wconf 86' lang='lat' dir='ltr'><strong>nec</strong></span> <span class='ocrx_word' id='word_1_659' title='bbox 1823 5262 2020 5314; x_wconf 81' lang='lat' dir='ltr'><strong>capiat.</strong></span> <span class='ocrx_word' id='word_1_660' title='bbox 2050 5274 2150 5314; x_wconf 89' lang='lat' dir='ltr'><strong>nec</strong></span> 
     </span>
    </p>
   </div>
   <div class='ocr_carea' id='block_1_95' title="bbox 2263 4623 3840 4689">
    <p class='ocr_par' dir='ltr' id='par_1_95' title="bbox 2263 4623 3840 4689">
     <span class='ocr_line' id='line_1_95' title="bbox 2263 4623 3840 4689; baseline 0 -10"><span class='ocrx_word' id='word_1_661' title='bbox 2263 4628 2421 4689; x_wconf 84' lang='lat' dir='ltr'><strong>verit,</strong></span> <span class='ocrx_word' id='word_1_662' title='bbox 2470 4639 2500 4679; x_wconf 89' lang='lat' dir='ltr'><strong>a</strong></span> <span class='ocrx_word' id='word_1_663' title='bbox 2533 4625 2760 4681; x_wconf 90' lang='lat' dir='ltr'><strong>Domino</strong></span> <span class='ocrx_word' id='word_1_664' title='bbox 2801 4623 2914 4679; x_wconf 79' lang='lat' dir='ltr'><strong>Deo</strong></span> <span class='ocrx_word' id='word_1_665' title='bbox 2957 4623 3513 4688; x_wconf 83' lang='lat' dir='ltr'><strong>excommunicamus,</strong></span> <span class='ocrx_word' id='word_1_666' title='bbox 3571 4637 3630 4678; x_wconf 90' lang='lat' dir='ltr'><strong>et</strong></span> <span class='ocrx_word' id='word_1_667' title='bbox 3656 4641 3687 4678; x_wconf 87' lang='lat' dir='ltr'><strong>a</strong></span> <span class='ocrx_word' id='word_1_668' title='bbox 3731 4635 3840 4681; x_wconf 86' lang='lat' dir='ltr'><strong>tota</strong></span> 
     </span>
    </p>
   </div>
   <div class='ocr_carea' id='block_1_96' title="bbox 2259 4713 3840 4783">
    <p class='ocr_par' dir='ltr' id='par_1_96' title="bbox 2259 4713 3840 4783">
     <span class='ocr_line' id='line_1_96' title="bbox 2259 4713 3840 4783; baseline -0.001 -12"><span class='ocrx_word' id='word_1_669' title='bbox 2259 4715 2658 4771; x_wconf 82' lang='lat' dir='ltr'><strong>ehristianitate</strong></span> <span class='ocrx_word' id='word_1_670' title='bbox 2714 4713 2787 4770; x_wconf 88' lang='lat' dir='ltr'><strong>sit</strong></span> <span class='ocrx_word' id='word_1_671' title='bbox 2839 4722 3142 4783; x_wconf 85' lang='lat' dir='ltr'><strong>separatus.</strong></span> <span class='ocrx_word' id='word_1_672' title='bbox 3208 4713 3532 4783; x_wconf 88' lang='lat' dir='ltr'><strong>Quicunque</strong></span> <span class='ocrx_word' id='word_1_673' title='bbox 3581 4731 3716 4770; x_wconf 86' lang='lat' dir='ltr'><strong>vero</strong></span> <span class='ocrx_word' id='word_1_674' title='bbox 3768 4716 3840 4770; x_wconf 88' lang='lat' dir='ltr'><strong>illi</strong></span> 
     </span>
    </p>
   </div>
   <div class='ocr_carea' id='block_1_97' title="bbox 2257 4808 3840 4880">
    <p class='ocr_par' dir='ltr' id='par_1_97' title="bbox 2257 4808 3840 4880">
     <span class='ocr_line' id='line_1_97' title="bbox 2257 4808 3840 4880; baseline 0.001 -17"><span class='ocrx_word' id='word_1_675' title='bbox 2257 4809 2437 4880; x_wconf 82' lang='lat' dir='ltr'><strong>aliqua</strong></span> <span class='ocrx_word' id='word_1_676' title='bbox 2467 4809 2520 4863; x_wconf 93' lang='lat' dir='ltr'><strong>in</strong></span> <span class='ocrx_word' id='word_1_677' title='bbox 2552 4824 2612 4863; x_wconf 88' lang='lat' dir='ltr'><strong>re</strong></span> <span class='ocrx_word' id='word_1_678' title='bbox 2635 4808 3116 4864; x_wconf 83' lang='lat' dir='ltr'><strong>communicaverit</strong></span> <span class='ocrx_word' id='word_1_679' title='bbox 3139 4810 3393 4872; x_wconf 88' lang='lat' dir='ltr'><strong>scienter,</strong></span> <span class='ocrx_word' id='word_1_680' title='bbox 3427 4820 3524 4864; x_wconf 88' lang='lat' dir='ltr'><strong>aut</strong></span> <span class='ocrx_word' id='word_1_681' title='bbox 3550 4813 3840 4870; x_wconf 80' lang='lat' dir='ltr'><strong>consilium</strong></span> 
     </span>
    </p>
   </div>
   <div class='ocr_carea' id='block_1_98' title="bbox 2253 4901 3837 4972">
    <p class='ocr_par' dir='ltr' id='par_1_98' title="bbox 2253 4901 3837 4972">
     <span class='ocr_line' id='line_1_98' title="bbox 2253 4901 3837 4972; baseline 0.003 -19"><span class='ocrx_word' id='word_1_682' title='bbox 2253 4902 2369 4956; x_wconf 85' lang='lat' dir='ltr'><strong>sive</strong></span> <span class='ocrx_word' id='word_1_683' title='bbox 2395 4901 2721 4971; x_wconf 89' lang='lat' dir='ltr'><strong>adjutorium</strong></span> <span class='ocrx_word' id='word_1_684' title='bbox 2751 4901 3106 4964; x_wconf 42' lang='lat' dir='ltr'><strong>dederityaut</strong></span> <span class='ocrx_word' id='word_1_685' title='bbox 3141 4901 3306 4955; x_wconf 90' lang='lat' dir='ltr'><strong>ullum</strong></span> <span class='ocrx_word' id='word_1_686' title='bbox 3340 4902 3706 4972; x_wconf 82' lang='lat' dir='ltr'><strong>colloquium,</strong></span> <span class='ocrx_word' id='word_1_687' title='bbox 3738 4905 3837 4958; x_wconf 86' lang='lat' dir='ltr'><strong>nisi</strong></span> 
     </span>
    </p>
   </div>
   <div class='ocr_carea' id='block_1_99' title="bbox 2250 4991 3838 5060">
    <p class='ocr_par' dir='ltr' id='par_1_99' title="bbox 2250 4991 3838 5060">
     <span class='ocr_line' id='line_1_99' title="bbox 2250 4991 3838 5060; baseline 0.003 -15"><span class='ocrx_word' id='word_1_688' title='bbox 2250 5000 2310 5045; x_wconf 91' lang='lat' dir='ltr'><strong>ut</strong></span> <span class='ocrx_word' id='word_1_689' title='bbox 2340 4993 2406 5046; x_wconf 89' lang='lat' dir='ltr'><strong>ad</strong></span> <span class='ocrx_word' id='word_1_690' title='bbox 2437 4991 2808 5060; x_wconf 71' lang='lat' dir='ltr'><strong>ptenitentiam</strong></span> <span class='ocrx_word' id='word_1_691' title='bbox 2841 4991 3042 5057; x_wconf 85' lang='lat' dir='ltr'><strong>veniat,</strong></span> <span class='ocrx_word' id='word_1_692' title='bbox 3064 5000 3144 5058; x_wconf 91' lang='lat' dir='ltr'><strong>et,</strong></span> <span class='ocrx_word' id='word_1_693' title='bbox 3173 5000 3231 5045; x_wconf 88' lang='lat' dir='ltr'><strong>ut</strong></span> <span class='ocrx_word' id='word_1_694' title='bbox 3254 4991 3468 5046; x_wconf 86' lang='lat' dir='ltr'><strong>dictum</strong></span> <span class='ocrx_word' id='word_1_695' title='bbox 3496 5003 3611 5059; x_wconf 90' lang='lat' dir='ltr'><strong>est,</strong></span> <span class='ocrx_word' id='word_1_696' title='bbox 3648 4997 3721 5049; x_wconf 86' lang='lat' dir='ltr'><strong>ab</strong></span> <span class='ocrx_word' id='word_1_697' title='bbox 3741 4995 3838 5049; x_wconf 87' lang='lat' dir='ltr'><strong>hoc</strong></span> 
     </span>
    </p>
   </div>
   <div class='ocr_carea' id='block_1_100' title="bbox 2249 5082 3834 5152">
    <p class='ocr_par' dir='ltr' id='par_1_100' title="bbox 2249 5082 3834 5152">
     <span class='ocr_line' id='line_1_100' title="bbox 2249 5082 3834 5152; baseline 0.001 -16"><span class='ocrx_word' id='word_1_698' title='bbox 2249 5082 2412 5152; x_wconf 88' lang='lat' dir='ltr'><strong>episc.</strong></span> <span class='ocrx_word' id='word_1_699' title='bbox 2429 5090 2610 5147; x_wconf 79' lang='lat' dir='ltr'><strong>exeat,</strong></span> <span class='ocrx_word' id='word_1_700' title='bbox 2627 5082 2900 5146; x_wconf 88' lang='lat' dir='ltr'><strong>habuerit,</strong></span> <span class='ocrx_word' id='word_1_701' title='bbox 2937 5082 3192 5137; x_wconf 86' lang='lat' dir='ltr'><strong>similiter</strong></span> <span class='ocrx_word' id='word_1_702' title='bbox 3211 5083 3281 5138; x_wconf 87' lang='lat' dir='ltr'><strong>sit</strong></span> <span class='ocrx_word' id='word_1_703' title='bbox 3301 5086 3834 5146; x_wconf 82' lang='lat' dir='ltr'><strong>excommunicatus,</strong></span> 
     </span>
    </p>
   </div>
   <div class='ocr_carea' id='block_1_101' title="bbox 2247 5174 3838 5239">
    <p class='ocr_par' dir='ltr' id='par_1_101' title="bbox 2247 5174 3838 5239">
     <span class='ocr_line' id='line_1_101' title="bbox 2247 5174 3838 5239; baseline -0.001 -9"><span class='ocrx_word' id='word_1_704' title='bbox 2247 5175 2419 5230; x_wconf 91' lang='lat' dir='ltr'><strong>donec</strong></span> <span class='ocrx_word' id='word_1_705' title='bbox 2445 5175 2510 5229; x_wconf 91' lang='lat' dir='ltr'><strong>ad</strong></span> <span class='ocrx_word' id='word_1_706' title='bbox 2541 5175 2974 5229; x_wconf 89' lang='lat' dir='ltr'><strong>emendationem</strong></span> <span class='ocrx_word' id='word_1_707' title='bbox 2999 5175 3230 5230; x_wconf 83' lang='lat' dir='ltr'><strong>venerit.</strong></span> <span class='ocrx_word' id='word_1_708' title='bbox 3256 5174 3409 5239; x_wconf 84' lang='lat' dir='ltr'><strong>Quod</strong></span> <span class='ocrx_word' id='word_1_709' title='bbox 3441 5175 3488 5228; x_wconf 91' lang='lat' dir='ltr'><strong>si</strong></span> <span class='ocrx_word' id='word_1_710' title='bbox 3516 5175 3608 5230; x_wconf 88' lang='lat' dir='ltr'><strong>ille</strong></span> <span class='ocrx_word' id='word_1_711' title='bbox 3636 5186 3838 5230; x_wconf 74' lang='lat' dir='ltr'><strong>sancta:</strong></span> 
     </span>
    </p>
   </div>
   <div class='ocr_carea' id='block_1_102' title="bbox 2247 5266 3832 5314">
    <p class='ocr_par' dir='ltr' id='par_1_102' title="bbox 2247 5266 3832 5314">
     <span class='ocr_line' id='line_1_102' title="bbox 2247 5266 3832 5314; baseline 0 0"><span class='ocrx_word' id='word_1_712' title='bbox 2247 5269 2397 5314; x_wconf 73' lang='lat' dir='ltr'><strong>nanis</strong></span> <span class='ocrx_word' id='word_1_713' title='bbox 2429 5267 2653 5314; x_wconf 78' lang='lat' dir='ltr'><strong>violator</strong></span> <span class='ocrx_word' id='word_1_714' title='bbox 2675 5266 3035 5314; x_wconf 78' lang='lat' dir='ltr'><strong>miserrimus.</strong></span> <span class='ocrx_word' id='word_1_715' title='bbox 3068 5276 3350 5314; x_wconf 81' lang='lat' dir='ltr'><strong>nostmmm</strong></span> <span class='ocrx_word' id='word_1_716' title='bbox 3391 5275 3622 5314; x_wconf 69' lang='lat' dir='ltr'><strong>accentu</strong></span> <span class='ocrx_word' id='word_1_717' title='bbox 3659 5267 3832 5314; x_wconf 71' lang='lat' dir='ltr'><strong>omni-</strong></span> 
     </span>
    </p>
   </div>
  </div>
