4040 5314
183 322 322 376 1329

1677 320 1807 376 LEG
1817 318 1914 374 ES.

3322 311 3460 366 {330

182 437 325 489 hanc
356 451 544 505 pacem
591 446 643 491 et
678 446 902 492 trev.am
935 436 1029 491 Dei
1060 437 1125 490 de
1163 435 1325 489 terris
1349 443 1438 488 aut
1464 435 1529 489 de
1557 435 1767 499 bestiis,
1802 436 1844 495 Α
1875 430 2043 500 episc.
2091 427 2224 482 nihil
2266 423 2548 499 plusquam
2578 426 2680 479 sibi
2730 440 2794 480 ac
2829 425 2940 481 suis
2975 425 3128 495 equis
3158 425 3462 480 necessaria

183 526 406 594 insuper
459 529 525 582 de
591 528 750 583 rebus
807 528 1059 582 omnibus
1115 542 1234 596 qua:
1291 527 1489 581 habere
1543 534 1768 595 possunt

184 618 461 674 tenebitis.
513 618 668 685 Quod
727 619 771 674 si
823 619 946 689 quis
980 625 1071 673 aut
1109 618 1347 689 aliquam
1391 618 1640 680 bestiam.
1675 626 1770 672 aut

179 705 349 761 etiam
389 709 607 764 obuium
640 709 758 765 sive
793 710 1177 765 vestimentum
1207 709 1261 764 in
1296 710 1397 764 ista
1424 723 1557 778 pace
1585 708 1771 764 tulerit

183 797 371 860 alieni,
395 799 1009 861 sitexcommunicatus,
1040 799 1212 854 donec
1239 800 1306 854 ad
1333 798 1768 855 emendationem

182 887 388 941 veniat.
420 887 573 955 Quod
609 889 657 944 si
703 889 770 944 ad
818 889 1257 945 emendationem
1285 888 1521 944 voluerit
1561 889 1767 953 venire,

182 977 420 1046 primum
473 977 665 1033 reddat
715 980 858 1050 quod
908 979 1124 1051 rapuit,
1180 989 1274 1034 aut
1325 987 1532 1034 tantum
1582 982 1769 1051 quanti

185 1073 307 1120 erat
354 1067 513 1138 pretii
543 1068 688 1137 quod
725 1069 924 1140 rapuit.
957 1068 1166 1124 Dehinc
1194 1084 1266 1123 vn
1313 1070 1473 1124 annis
1512 1071 1773 1141 paeniteat

187 1153 329 1209 infra
375 1156 616 1228 episcop.
655 1156 712 1212 Si
749 1167 931 1214 autem
962 1158 1225 1213 moriatur
1251 1159 1566 1230 priusquam
1613 1162 1771 1216 satis-

187 1247 352 1305 faciat
399 1259 454 1305 et
504 1249 879 1322 pmnitentiam
939 1260 1142 1318 sumat,
1175 1268 1280 1308 non
1322 1253 1639 1323 sepeliatur,
1671 1269 1771 1310 nec

187 1362 218 1400 a
266 1345 386 1401 loco
427 1361 534 1416 quo
582 1346 719 1402 obiit
767 1360 1071 1412 moveatur,
1107 1346 1210 1402 nisi
1246 1362 1345 1418 pro
1396 1348 1488 1402 illo
1518 1359 1773 1418 parentes

186 1439 306 1512 ejus
349 1440 723 1496 satisfecerint
751 1440 801 1496 ei
834 1441 920 1496 cui
962 1440 1213 1512 injuriam
1251 1439 1400 1496 fecit.
1433 1440 1684 1494 Ceterum
1718 1441 1772 1495 in

188 1535 293 1588 hac
333 1548 466 1603 pace
508 1531 686 1590 nullus
733 1534 837 1589 nisi
887 1550 976 1589 rex
1021 1545 1116 1590 aut
1163 1548 1347 1591 comes
1379 1533 1538 1603 hujus
1584 1536 1774 1604 pati-ire

186 1622 633 1677 caballicationes
663 1633 755 1678 aut
787 1622 1143 1679 hostil-itatem
1178 1620 1362 1689 faciat,
1389 1634 1443 1679 et
1466 1625 1774 1694 quicunque

187 1713 241 1766 in
275 1712 688 1768 caballicatione
719 1725 809 1768 aut
842 1714 1140 1770 hostilitate
1190 1715 1333 1786 regis
1372 1713 1558 1782 fuerit,
1587 1715 1638 1770 in
1671 1716 1772 1771 hoc

1869 523 1936 578 ad
1983 523 2181 577 victum
2233 521 2530 592 accipiant;
2591 528 2921 576 mercatores
2969 526 3147 574 autem
3178 527 3232 574 et
3268 532 3462 574 omnes

1873 614 2132 670 homines
2154 614 2246 686 qui
2280 615 2348 668 ab
2378 613 2500 668 aliis
2519 611 2830 684 regionibus
2858 624 2956 681 per
2981 623 3080 666 vos
3113 599 3460 676 transierint,

1877 721 2069 778 pacem
2123 707 2357 761 habeant
2407 721 2437 760 a
2486 705 2657 759 vobis.
2707 705 2859 760 llanc
2905 704 3068 760 etiam
3103 703 3200 759 Dei
3237 704 3466 758 treviam

1871 801 1939 855 ab
1971 800 2126 857 initio
2153 800 2415 856 adventus
2446 797 2657 854 Domini
2684 813 2856 869 usque
2879 799 2946 852 ad
2971 804 3195 852 octavas
3224 795 3463 868 Epipha-

1873 892 1975 947 nia:
2023 902 2079 947 et
2123 909 2153 948 a
2201 892 2381 963 capite
2413 889 2606 961 jejunii
2639 901 2819 961 usque
2872 891 2938 944 ad
2975 898 3197 945 octavas
3225 887 3468 959 paschae,

1873 997 1930 1042 et
1974 1003 2004 1041 a
2061 986 2253 1042 diebus
2287 985 2651 1056 Rogationum
2708 983 3092 1039 inchoantibus
3152 996 3327 1050 usque
3399 979 3469 1034 ad

1873 1094 2095 1139 octavas
2123 1083 2472 1140 Pentecostes
2511 1098 2608 1152 per
2645 1097 2836 1137 omnes
2875 1079 2991 1134 dies
3038 1077 3313 1134 tenebitis.
3357 1074 3464 1144 Qui

1874 1180 2016 1234 hanc
2048 1192 2236 1247 pacem
2285 1177 2718 1241 observaverint,
2759 1189 2858 1245 pro
2891 1173 2995 1228 illis
3022 1183 3214 1244 preces
3259 1170 3469 1241 agendo

1874 1270 2240 1334 benedicanl,
2292 1269 2411 1324 illos
2465 1284 2597 1324 vero
2649 1269 2742 1338 qui
2809 1266 3129 1338 infregerint
3209 1273 3303 1318 aut
3379 1261 3471 1333 qui

1874 1358 2259 1415 infractoribus
2281 1358 2655 1414 concesserint
2688 1354 3035 1412 maledicant.
3066 1351 3121 1407 Si
3145 1352 3267 1422 quis
3289 1360 3470 1404 autem

1875 1464 1933 1504 se
1958 1463 2148 1519 pacem
2189 1449 2499 1504 nescienter
2517 1447 2724 1502 dixerit
2748 1444 3056 1514 infregisse,
3092 1443 3244 1512 prius
3274 1452 3461 1495 sacra-

1877 1550 2119 1598 mentum
2167 1540 2354 1598 faciat.
2395 1539 2738 1610 calidumque
2775 1537 2965 1612 iudicii
3020 1536 3223 1592 ferrum
3265 1541 3467 1605 portet,

1876 1643 2084 1706 septem
2112 1633 2269 1690 annis
2299 1634 2580 1706 poeniteat.

1726 2007 1934 2120 IIl.

186 2219 707 2280 Normannorum
745 2215 1030 2294 antiquae
1065 2214 1588 2357 consuetudinlei
1615 2213 2002 2356 ettjust‘iti‘te,
2037 2214 2119 2354 inl
2139 2212 2417 2276 concilio
2452 2214 2620 2292 apud
2654 2213 3086 2284 Lillebonam,
3119 2227 3287 2274 anno
3326 2206 3481 2271 1080

1410 2313 1479 2357 cc
1512 2314 1545 2357 e
1599 2313 1663 2357 ra
1693 2311 1756 2357 0.
1792 2311 1909 2357 con
1937 2311 2094 2355 mna
2125 2311 2197 2354 ac.

1410 2311 1756 2370 celebrato,
1792 2311 2197 2357 connrmatte.

658 2455 932 2525 (Manum.
963 2456 1211 2511 Anecdol.
1247 2465 1378 2512 tom.
1407 2455 1498 2522 lV,
1525 2457 1627 2512 col.
1663 2457 1784 2520 H7,
1809 2472 1872 2510 ea:
1907 2473 2005 2510 ms.
2039 2455 2099 2511 S.
2139 2454 2412 2510 Michaelis
2443 2455 2496 2510 in
2535 2455 2775 2510 Pericula
2813 2455 3022 2525 maris.)

968 2741 1006 2794 ῐ.

269 2834 394 2889 Haec
417 2833 732 2902 estjustitia
757 2848 918 2903 quam
952 2847 1048 2887 rex
1077 2831 1404 2897 Willelmus,
1435 2835 1527 2905 qui
1561 2851 1788 2907 regnum

196 2922 413 2994 Anglice
469 2922 788 2992 acquisivit,
849 2921 1040 2976 habuit
1093 2921 1144 2976 in
1199 2920 1562 2991 Normannia,
1605 2933 1661 2979 et
1703 2925 1793 2981 hic

193 3014 405 3083 scripta
455 3021 570 3076 est,
617 3013 757 3071 sicut
803 3011 1072 3067 Robertus
1118 3027 1301 3068 comes
1343 3012 1690 3070 Normannia:
1737 3023 1794 3070 et

199 3109 509 3166 Willelmus
538 3123 632 3164 rex
661 3107 888 3178 Anglize,
922 3107 1012 3162 lilii
1038 3107 1155 3178 ejus
1184 3116 1240 3163 et
1275 3106 1517 3164 hmredes
1549 3107 1794 3179 praedicti

195 3203 348 3274 regis
378 3201 622 3258 fecerunt
649 3201 923 3258 recordari
972 3209 1028 3256 et
1064 3200 1229 3256 scribi
1263 3216 1359 3272 per
1399 3203 1681 3272 episcopos
1741 3213 1812 3257 et.

194 3296 439 3352 barones
464 3310 593 3350 suos
611 3295 800 3351 eadem
824 3294 911 3349 die
927 3309 995 3348 xv
1022 3293 1290 3348 Kalendas
1317 3293 1566 3364 Augusti.
1594 3295 1658 3350 Et
1682 3295 1799 3350 hcec

191 3395 288 3442 est
308 3385 522 3454 justitia
547 3384 748 3440 domini
773 3384 1141 3446 Normanniac,
1164 3385 1306 3454 quod
1332 3384 1382 3438 in
1401 3385 1551 3440 curia
1575 3401 1694 3451 sua,
1711 3385 1798 3440 vel

193 3477 384 3532 eundo
408 3477 474 3530 ad
495 3475 728 3540 curiam,
755 3473 838 3530 vel
862 3473 1140 3529 redeundo
1162 3475 1228 3528 de
1252 3474 1401 3528 curia
1435 3473 1612 3530 nullus
1633 3476 1802 3531 homo.

195 3569 430 3641 gardam
453 3567 642 3623 habuit
662 3567 728 3622 de
750 3567 974 3621 inimico
996 3581 1094 3621 suo
1113 3572 1195 3621 :et
1213 3565 1258 3621 si
1282 3566 1480 3637 aliquis
1495 3567 1560 3623 de
1575 3566 1795 3625 inimico

194 3675 304 3716 suo
334 3661 386 3714 in
416 3661 501 3713 via
529 3658 694 3714 curiae
744 3657 825 3713 vel
854 3658 908 3712 in
935 3658 1087 3713 curia
1133 3657 1486 3724 forisfecerit;
1528 3659 1600 3713 ita
1639 3660 1784 3730 quod

198 3753 322 3820 ipse
345 3750 514 3805 scirat
547 3749 690 3819 quod
725 3748 812 3804 ille
839 3748 924 3802 cui
957 3747 1156 3803 malum
1181 3749 1309 3804 fecit
1340 3750 1406 3804 ad
1447 3750 1655 3805 curiam
1692 3752 1796 3807 iret

194 3841 287 3897 vel
324 3841 450 3896 inde
477 3841 778 3905 rediretzsi
806 3840 1062 3909 probatus
1112 3841 1236 3896 inde
1277 3841 1470 3907 fuerit,
1519 3850 1574 3898 et
1621 3843 1798 3899 domi-

197 3955 308 3993 nus
349 3937 696 3993 Normanniae
739 3934 930 3990 habuit
981 3949 1134 3990 suam
1178 3937 1466 4006 pecuniam
1509 3944 1565 3991 et
1599 3949 1797 4008 corpus
1891 3963 1894 3966 ~

195 4030 320 4099 ejus
351 4030 419 4085 ad
451 4044 604 4084 suam
648 4027 917 4098 justitiam
950 4027 1270 4090 faciendam,
1305 4034 1360 4082 et
1399 4037 1597 4084 terram
1639 4045 1793 4084 suam

197 4123 476 4196 perdidit;
519 4122 590 4175 ita
631 4121 774 4190 quod
818 4133 921 4174 nec
951 4118 1066 4188 ipse
1097 4133 1195 4174 nec
1226 4117 1420 4187 aliquis
1457 4120 1522 4175 de
1561 4121 1796 4189 parenti-

198 4215 306 4268 bus
327 4213 443 4268 suis
466 4225 585 4265 eam
619 4209 854 4264 clamare
881 4207 1082 4276 potuit;
1115 4215 1170 4261 et
1196 4205 1242 4261 si
1270 4206 1558 4263 defendere
1606 4218 1795 4279 potue-

200 4305 278 4358 rit
314 4303 457 4372 quod
501 4301 737 4357 scienter
779 4300 883 4354 hoc
925 4313 1031 4354 non
1091 4297 1333 4362 fecisset,
1375 4314 1472 4369 per
1510 4302 1796 4370 pecuniam

199 4393 392 4449 fuitin
428 4391 800 4448 misericordia
839 4389 1043 4446 domini
1079 4388 1424 4445 Normannize
1459 4391 1576 4445 sine
1617 4393 1797 4462 perdi-

203 4488 357 4543 tione
389 4493 568 4541 terrai.

968 4570 1030 4626 ll:

278 4669 349 4724 Et
377 4668 429 4723 in
462 4667 546 4721 via
577 4666 874 4730 exercitus,
901 4674 958 4718 et
986 4665 1040 4718 in
1073 4663 1344 4730 exercitu,
1364 4672 1420 4718 et
1457 4674 1579 4721 octo
1606 4666 1812 4723 diebus.

203 4770 338 4818 ante
381 4771 588 4815 motum
637 4756 984 4814 determinati
1021 4755 1321 4822 exercitus,
1351 4764 1409 4811 et
1449 4767 1571 4812 octo
1607 4758 1798 4816 diebus

201 4865 331 4929 post
361 4855 686 4918 exercitum,
717 4853 760 4908 si
794 4851 992 4923 aliquis
1031 4849 1167 4906 foris
1193 4850 1425 4908 fecerit:
1453 4853 1646 4909 habuit
1675 4854 1800 4910 inde

196 4947 459 5003 dominus
510 4943 860 5002 Nurmannia:
903 4943 1148 4999 eamdem
1183 4939 1460 5012 justitiam
1515 4945 1660 5014 quo.l
1731 4946 1800 5002 de

192 5037 490 5096 forisfacto
520 5037 692 5093 curia:
735 5049 880 5100 suae;
920 5048 1018 5089 nec
1049 5032 1187 5088 infra
1218 5035 1571 5106 pmscriptos
1606 5037 1796 5092 ιεηηί-

193 5145 309 5164 cuu-
357 5131 629 5164 Ατηι-ηἷοηο
681 5127 839 5164 αὶίηιιῖ
887 5127 1033 5164 Ιίιιιιῖι
1075 5140 1345 5164 uammum
1381 5144 1582 5164 nono-us
1615 5149 1627 5162 ο
1668 5141 1718 5164 ιιι
1751 5135 1793 5164 οξ

1969 2853 2109 2909 Nulli
2145 2853 2298 2908 licuit
2328 2852 2379 2907 in
2405 2851 2739 2907 Normannia
2774 2850 3036 2908 fossatum
3073 2849 3252 2907 facere
3287 2851 3340 2906 in
3376 2851 3492 2921 pla.-

1906 2961 2031 3001 nam
2067 2954 2290 3010 terram,
2321 2944 2425 3000 nisi
2451 2943 2557 3000 tale
2587 2942 2730 3013 quod
2775 2943 2842 2998 de
2879 2941 3049 2997 fundo
3083 2942 3349 3011 potuisset
3383 2950 3491 2995 ter-

1902 3051 2018 3091 ram
2041 3037 2252 3106 jactare
2277 3036 2526 3106 superius
2562 3036 2679 3090 sine
2707 3033 2964 3090 scabello.
2993 3033 3060 3088 Et
3087 3033 3158 3088 ibi
3184 3032 3493 3088 nullilieuit

1898 3125 2081 3181 facere
2107 3125 2389 3196 palieium,
2419 3125 2522 3180 nisi
2552 3124 2604 3179 in
2647 3140 2751 3179 una
2794 3123 2978 3195 regula
3011 3139 3026 3177 :
3058 3133 3113 3178 et
3141 3123 3193 3177 id
3221 3123 3338 3177 sine
3363 3137 3494 3190 pr0«

1897 3218 2220 3290 pugnaculis
2248 3228 2302 3272 et
2331 3217 2598 3273 alatoriis.
2635 3217 2703 3271 Et
2733 3217 2787 3271 in
2819 3232 2951 3286 rupe
2977 3226 3032 3271 et
3072 3215 3125 3268 in
3156 3215 3330 3270 insula
3362 3213 3494 3268 nulli

1901 3310 2052 3366 licuit
2079 3309 2259 3367 facere
2286 3310 2682 3377 fortitudinem,
2704 3318 2762 3365 et
2791 3308 2924 3364 nulli
2958 3308 3111 3363 licuit
3145 3308 3196 3362 in
3225 3307 3492 3362 Norman-

1901 3404 1987 3459 nia
2019 3403 2304 3460 castellum
2336 3402 2536 3459 facere.

2645 3492 2732 3548 IV.

1971 3588 2038 3643 Et
2074 3587 2202 3642 nulli
2236 3587 2388 3642 licuit
2421 3585 2472 3640 in
2503 3585 2835 3642 Normannia
2877 3601 2978 3656 pro
3022 3583 3296 3639 calumnia
3338 3590 3496 3637 terra:

1900 3679 2120 3734 domum
2152 3676 2236 3732 vel
2265 3675 2634 3731 molendinum
2668 3677 2890 3742 ardere,
2923 3675 3010 3730 vel
3041 3671 3288 3745 aliquam
3312 3683 3496 3729 vasta-

1903 3768 2104 3826 tionem
2133 3765 2337 3832 facere,
2363 3767 2447 3822 vel
2477 3766 2713 3837 praedam
2745 3781 2964 3836 capere.

2660 3872 2727 3928 ν.

1973 3967 2113 4024 Nulli
2161 3967 2317 4022 licuit
2361 3966 2413 4021 in
2463 3965 2794 4021 Normannia
2851 3963 3232 4022 fortitudinem
3283 3964 3495 4020 castelli

1822 4095 1868 4156 ο
1899 4063 1983 4118 sui
2021 4072 2207 4117 vetare
2252 4061 2473 4116 domino
2503 4059 2882 4123 Normanniae;
2931 4066 2984 4113 et
3031 4059 3075 4112 si
3116 4058 3231 4127 ipse
3269 4071 3389 4110 eam
3439 4055 3494 4107 in

1901 4173 2121 4215 manum
2159 4173 2313 4212 suam
2363 4153 2597 4209 voluerit
2643 4152 2875 4216 habere;
2904 4157 2960 4204 et
2995 4149 3040 4204 si
3072 4149 3324 4203 dominus
3352 4145 3492 4200 Nor-

1901 4251 2135 4304 mannia’.
2183 4248 2382 4310 lilium,
2430 4245 2514 4301 vel
2559 4244 2807 4307 fratrem,
2847 4241 2933 4297 vel
2983 4249 3232 4310 nepotem
3269 4236 3494 4292 baronis

1901 4343 2008 4409 sui,
2039 4343 2130 4412 qui
2163 4356 2269 4396 non
2300 4346 2442 4395 esset
2474 4337 2657 4402 miles,
2705 4335 2878 4390 voluit
2907 4333 3110 4389 habere
3141 4330 3385 4388 obsidem
3428 4328 3496 4383 de

1901 4432 2164 4503 portanda
2198 4431 2301 4485 lide
2331 4447 2343 4483 :
2376 4428 2556 4484 nullus
2583 4427 2685 4484 sibi
2713 4425 3088 4484 contradicere
3117 4421 3314 4493 potuit.

1974 4636 2116 4692 Nulli
2154 4634 2305 4690 licuit
2342 4634 2398 4690 in
2441 4631 2781 4690 Normannia
2828 4632 2880 4686 in
2931 4628 3151 4685 forestis
3192 4626 3366 4698 ipsius
3405 4629 3502 4683 do-

1902 4730 2034 4783 mini
2065 4727 2341 4784 hominem
2377 4723 2627 4792 assalire,
2657 4723 2742 4780 vel
2774 4719 3005 4776 insidias
3033 4732 3258 4788 ponere.

2645 4839 2759 4896 VII.

1973 4933 2115 4991 Nulli
2171 4934 2325 4990 licuit
2377 4931 2661 4990 inimicum
2718 4925 3044 5002 quaerendo,
3094 4926 3186 4986 vel
3236 4935 3520 4995 vammum

1903 5029 2188 5100 capiendo,
2229 5027 2486 5083 vexillum
2522 5027 2607 5081 vel
2649 5026 2879 5083 loricam
2926 5026 3178 5092 portare,
3209 5015 3295 5072 vel
3340 5029 3529 5076 cornu

1903 5134 2099 5164 snnam
2146 5133 2320 5164 nomne
2357 5116 2682 5164 enmimllnm
2724 5116 2952 5164 minari:
2983 5119 3282 5164 sesumam
3310 5105 3535 5164 insidia:
