4040 5314
553 393 568 408 ν
589 375 718 430 1331

1321 482 1452 538 Vili.

1752 358 2098 419 WIILELMI.
2133 349 2661 424 CONQ‘UESTOBIS

2201 481 2244 536 Α
2274 479 2357 525 cel
2403 483 2506 522 vm
2543 465 2836 520 solidorum
2889 460 2942 513 in
2993 455 3254 512 helmarc.
3297 451 3356 506 Et
3401 449 3444 502 si
3485 437 3698 515 aliquis
3739 435 3862 488 alibi

3729 319 3862 376 £533

559 621 564 627 .
665 577 806 632 Nulli
863 578 1024 632 liccat
1071 579 1124 631 in
1169 573 1501 630 Normanuia
1559 569 1781 624 haufare
1827 567 2034 630 facere,
2085 564 2169 618 vel
2271 561 2460 616 fecerit
2503 562 2796 618 monetam,
2819 551 2902 607 vel
2959 547 3031 603 ibi
3061 543 3253 602 fecerit
3303 546 3580 595 monetam
3627 531 3859 588 falsam;

599 671 932 734 incendium,
973 669 1056 724 vel
1103 679 1312 739 raptum
1352 665 1609 728 mulieris,
1641 662 1726 718 vel
1769 675 2040 716 vammum
2075 673 2170 714 ca-

559 807 564 810 .
597 777 748 833 pere,
775 762 905 830 quin
937 761 1092 816 ﬁeret
1122 761 1244 815 inde
1271 759 1476 814 clamor
1505 755 1644 826 apud
1677 769 1800 808 eum
1839 752 1932 822 qui
1971 750 2172 804 clamo-

603 869 716 908 rem
763 853 886 908 inde
925 853 1126 907 habere
1165 852 1372 908 debuit.
1423 850 1488 904 Et
1530 849 1574 902 si
1615 848 1737 902 htec-
1764 844 1902 898 facta
1941 841 2171 906 fuerint,

602 943 851 1000 dominus
882 944 1228 1000 Normannia:
1262 943 1452 1000 habuit
1496 941 1618 995 inde
1659 937 1801 1010 quod
1845 937 2044 992 habere
2077 933 2172 988 de-

563 1037 720 1090 -buit
745 1036 799 1090 in
841 1035 946 1093 illis
978 1037 1109 1092 locis
1155 1037 1210 1092 in
1244 1036 1440 1106 quibus
1479 1033 1682 1090 habere
1723 1029 1939 1092 debuit;
1979 1035 2034 1081 et
2077 1026 2176 1080 ha-

571 1159 576 1162 -
603 1143 764 1184 mnes
795 1130 918 1184 inde
947 1129 1254 1186 habuerunt
1293 1127 1436 1200 quod
1469 1115 1658 1180 ad'eos
1697 1120 1956 1194 pertinuit
1985 1121 2039 1173 in
2073 1118 2180 1174 illis

567 1273 572 1278 .
605 1220 736 1276 locis
768 1221 820 1276 in
851 1221 1044 1291 quibus
1075 1222 1276 1276 habere
1306 1221 1626 1276 debuerant.

1355 1311 1448 1366 IX.

571 1451 574 1456 .
673 1402 813 1458 Nulli
845 1405 1000 1461 licuit
1032 1406 1086 1459 in
1117 1404 1447 1460 Normannia
1476 1409 1836 1458 mercatorem
1870 1397 2183 1456 disturbare

603 1512 704 1567 pro
749 1496 930 1568 aliquo
971 1498 1232 1554 anteriori
1279 1495 1584 1552 furisl‘aeto.
1627 1494 1695 1548 Et
1725 1493 1770 1549 si
1807 1491 2002 1562 aliquis
2033 1489 2184 1554 fecit,

608 1588 676 1642 de
725 1604 952 1659 corpore
993 1605 1090 1646 suo
1141 1589 1250 1646 fuit
1283 1590 1336 1644 in
1391 1586 1765 1644 misericordia
1807 1584 2007 1641 domini
2048 1581 2188 1638 Nor-

610 1680 868 1735 mannizc.

1353 1772 1396 1825 Χ

681 1862 820 1918 Nulli
869 1863 1021 1918 licuit
1053 1863 1106 1918 in
1139 1862 1469 1919 Normannia
1513 1869 1783 1918 monetam
1829 1859 2004 1914 facere
2032 1864 2186 1912 extra

610 1955 944 2011 monclarias
969 1956 1157 2011 domos
1176 1955 1642 2027 Rothomagenses
1671 1963 1722 2008 et
1745 1951 1786 2008 Β
1818 1953 2064 2023 joccnses
2092 1965 2110 2006 τ
2135 1957 2189 2006 et

611 2045 756 2100 illam
797 2045 1034 2100 mediam.
1059 2047 1266 2118 argenti
1309 2057 1364 2101 et
1399 2046 1465 2100 ad
1509 2044 1711 2114 justum
1755 2058 2004 2114 pensum,
2037 2041 2191 2096 scili-

2215 1823 2262 1883 Β

2273 655 2339 709 de
2385 665 2614 722 corpore
2665 662 2764 703 suo
2814 645 2916 700 fuit
2951 643 3010 698 in
3049 635 3422 696 misericordia
3471 627 3682 687 domini
3727 624 3864 680 Eor-

2275 717 2528 800 manniai.
2556 741 2626 798 Et
2654 742 2698 796 si
2731 738 2925 810 aliquis
2953 743 3106 792 extra
3137 730 3422 804 praedictas
3451 725 3647 779 domos
3679 717 3862 772 facere

2275 847 2576 900 monetam,
2627 834 2710 890 vel
2763 833 2818 889 in
2873 828 3140 902 praedictis
3187 820 3438 879 domibus
3491 815 3630 871 fecit
3679 811 3862 865 facere

2277 930 2487 996 falsam,
2517 937 2714 982 terram
2745 938 2897 980 suam
2925 929 2980 977 et
3007 915 3294 990 pecuniam
3327 906 3616 966 forisfec'tt.

2350 1152 2476 1207 llaec
2505 1159 2681 1205 autem
2717 1162 2836 1217 quae
2881 1143 3126 1214 superius
3171 1137 3371 1207 scripta
3401 1139 3552 1196 sunt,
3579 1129 3714 1198 quia
3747 1139 3866 1179 ma-

2284 1243 2364 1313 gis
2403 1239 2706 1296 necessaria
2737 1243 2892 1300 sunt;
2931 1239 3172 1288 remanet
3215 1237 3394 1282 autem
3433 1221 3664 1277 multum
3711 1225 3864 1270 extra

2285 1333 2385 1389 hoc
2417 1331 2675 1400 scriptum
2704 1328 2768 1383 de
2793 1325 3002 1396 justitia
3034 1328 3266 1378 moneta:
3294 1326 3349 1372 et
3381 1313 3604 1383 reliquis
3635 1307 3864 1377 justitiis

2285 1419 2660 1484 Norinannim;
2690 1417 2783 1470 scd
2816 1422 3034 1484 propter
3059 1413 3164 1466 hoc
3189 1405 3329 1478 quod
3363 1418 3467 1458 non
3496 1398 3782 1456 scribitur,
3809 1401 3865 1447 ut

2289 1511 2580 1585 praedictus
2609 1523 2792 1566 comes
2817 1507 3083 1562 Robertus
3108 1511 3162 1556 et
3195 1496 3504 1554 Willclmus
3555 1493 3624 1547 de
3647 1487 3862 1559 justiti:

2291 1620 2452 1678 quam
2487 1611 2641 1674 pater
2682 1615 2869 1656 eorum
2917 1595 3123 1661 habuit,
3155 1605 3328 1662 neque
3375 1590 3610 1644 barones
3654 1584 3724 1638 de
3767 1581 3864 1634 hoc

2294 1671 2442 1770 quod
2463 1671 2770 1751 habuerunt
2798 1701 3035 1761 tempore
3067 1685 3209 1757 regis
3237 1679 3518 1742 Willclmi,
3549 1675 3684 1731 nulli
3721 1671 3868 1727 licuit

2295 1802 2392 1858 pro
2427 1799 2620 1856 guerra
2657 1760 2932 1838 hominem
2983 1791 3175 1848 capere
3217 1771 3299 1828 vel
3345 1769 3636 1830 redimere,
3669 1777 3770 1818 nec
3805 1760 3868 1816 de

2293 1878 2432 1934 bello
2465 1876 2544 1932 vel
2571 1873 2824 1930 conﬂictu
2859 1847 3141 1940 pecuniam
3187 1871 3425 1933 portare,
3453 1856 3543 1913 vel
3575 1869 3754 1918 arma,
3785 1847 3870 1904 vel

2293 1985 2490 2042 equum
2522 1969 2737 2026 ducem.

2109 2199 3870 2248 Μ

2119 2379 2325 2497 1V.

617 2611 944 2690 Incipiunt
993 2609 1168 2690 leges
1204 2607 1409 2672 sancti
1439 2605 1726 2668 Edwardi
1761 2603 1948 2690 regis
1983 2617 2142 2680 quas
2183 2599 2250 2660 in
2299 2593 2525 2690 Anglia
2559 2590 2791 2690 tenuit,
2833 2604 2992 2668 quas
3029 2575 3538 2648 WILLELMUS,
3573 2572 3780 2634 haeres
3815 2573 3876 2628 et

1731 2671 2036 2762 cogitatus
2073 2695 2258 2752 suus,
2296 2671 2690 2739 conﬁrmavit

2030 2847 2410 2866 Μ

801 3043 1028 3099 TITULI
1067 3041 1303 3098 LEGUM
1341 3033 2040 3095 ECCLESlASTlCARUM.

619 3194 664 3250 ι.
703 3193 782 3248 De
801 3192 1002 3248 clericis
1023 3200 1072 3246 et
1096 3189 1506 3260 possessionibus
1533 3202 1734 3241 eorum.

591 3285 684 3340 τΙΙ.
725 3283 802 3338 De
823 3281 1138 3353 temporibus
1158 3291 1204 3334 et
1231 3279 1412 3333 diebus
1443 3278 1588 3348 pacis
1617 3277 1768 3345 regis.

620 3375 707 3430 Ill.
748 3375 826 3430 De
845 3375 1057 3445 justitia
1086 3382 1282 3428 sancire
1315 3368 1586 3424 Ecclesiw.

623 3467 711 3523 IV.
749 3469 826 3522 De
860 3467 1116 3522 universis
1147 3464 1437 3520 tenentibus
1469 3463 1532 3515 de
1562 3459 1826 3512 Ecclesia.

625 3557 694 3612 ν.
739 3558 810 3611 De
839 3558 938 3611 reis
976 3558 1044 3610 ad
1073 3555 1341 3610 ecclesiam
1372 3550 1710 3622 fugientibus.

626 3651 714 3706 Vl.
755 3650 840 3704 De
869 3649 1121 3718 {ractione
1153 3647 1296 3717 pacis
1325 3644 1593 3698 Ecclesiaz.

631 3742 741 3796 Vl].
777 3741 856 3795 De
899 3740 1114 3794 decimis
1155 3736 1406 3792 Ecclesia:
1457 3732 1734 3788 reddendis
1819 3727 1882 3782 de
1941 3729 2116 3780 ovibus
2161 3731 2208 3777 et

701 3832 958 3902 porcellis.

633 3923 766 3977 Vill.
805 3922 882 3976 De
909 3922 1112 3990 apibus,
1139 3931 1185 3974 et
1212 3921 1330 3974 aliis
1361 3917 1538 3973 multis
1570 3915 1781 3969 minutis
1807 3912 2042 3966 decimis.

633 4017 727 4072 1X.
767 4017 844 4071 De
872 4019 950 4072 his
982 4019 1070 4088 qui
1116 4019 1183 4070 ad
1221 4016 1480 4086 judicium
1527 4011 1653 4081 ferri
1688 4009 1764 4063 uel
1808 4023 1955 4077 aqua:
1985 4002 2211 4075 juzlirati

707 4123 825 4166 sunt
853 4129 944 4182 per
964 4111 1228 4180 justitiam
1255 4109 1411 4176 regis.

635 4202 702 4257 Χ..
739 4203 820 4258 De
869 4203 1086 4258 denario
1139 4203 1312 4256 sancti.
1347 4199 1524 4262 Petri,
1571 4195 1708 4266 quod
1759 4193 1974 4262 Anglice
2021 4189 2214 4242 dicitur

710 4294 1006 4349 Romescot.

619 4383 732 4440 .XI.
770 4385 909 4450 Quid
936 4385 998 4438 sit
1027 4381 1393 4454 danegeldum,
1417 4389 1462 4434 et
1485 4395 1590 4449 qua
1619 4374 1892 4431 occasione
1921 4375 1986 4426 sit
2015 4377 2212 4424 constt-

709 4489 899 4532 tutum.

634 4568 750 4622 XlL
791 4568 868 4622 De
895 4567 1206 4622 multimoda
1236 4582 1362 4637 pace
1394 4567 1544 4634 regis,
1575 4575 1680 4618 etc.
1707 4561 1840 4615 Item
1869 4560 1933 4611 de
1973 4554 2216 4610 nmnbota

617 4735 620 4738 ἠ
708 4657 1100 4727 archiepiscopi,
1131 4657 1378 4725 episcopi,
1406 4663 1510 4708 etc.

639 4749 775 4804 Xlll.
819 4749 894 4803 De
919 4749 1186 4802 thesauris.
1203 4748 1257 4802 in
1283 4755 1426 4800 terra
1453 4742 1770 4797 absconditis
1798 4751 1842 4794 et
1873 4737 2110 4792 inventis.

642 4839 782 4896 XIV.
823 4839 971 4905 Quid
992 4841 1060 4894 sit
1097 4841 1232 4908 regis
1263 4837 1504 4907 ofﬁcium,
1538 4845 1584 4888 et
1615 4835 1676 4886 de
1707 4830 1896 4886 Carolo
1925 4841 1968 4884 et
2000 4826 2218 4894 Pippin

713 4935 877 5002 fratre
901 4931 1028 5002 [leg.
1059 4927 1193 5000 [ilio]
1223 4930 1340 4999 ejus
1368 4927 1677 4996 exenzplum.

2223 2955 2278 3016 (1

2895 2969 3286 3034 PRAEFATIO.

2373 3117 2500 3176 Post
2539 3115 2952 3186 acquisitionem
2981 3109 3183 3180 Anglize
3215 3101 3526 3159 Willelmus
3561 3111 3660 3154 res
3691 3103 3880 3168 quarto

2306 3229 2448 3269 anno
2499 3210 2648 3281 regni
2695 3208 2810 3271 sui,
2855 3203 3083 3260 consilio
3136 3201 3400 3254 haronum
3455 3207 3717 3256 suorum,
3765 3189 3883 3243 fecit

2305 3304 2614 3364 submoneri
2647 3317 2740 3373 per
2773 3299 3056 3354 universos
3077 3293 3282 3364 Anglia:
3313 3288 3658 3352 consulatus,
3689 3283 3884 3354 Anglos

2306 3398 2534 3460 nobiles,
2582 3394 2872 3463 sapientes,
2911 3399 2966 3443 et
3003 3402 3100 3442 sua
3151 3384 3265 3454 lege
3305 3380 3572 3440 eruditos,
3605 3385 3668 3430 ut
3703 3388 3884 3430 eorum

2307 3493 2476 3563 leges,
2511 3497 2564 3544 et
2597 3488 2742 3558 jura,
2773 3493 2828 3540 et
2873 3479 3292 3538 consuetudines
3340 3476 3410 3530 ab
3467 3472 3600 3542 ipsis
3655 3469 3884 3524 audiret.

2309 3560 2478 3640 Electi
2521 3581 2685 3652 igitur
2731 3577 2796 3633 de
2842 3573 3066 3644 singulis
3105 3571 3270 3624 totius
3309 3567 3502 3638 patriae
3537 3560 3888 3618 comitatibus

2311 3679 2412 3734 viri
2467 3673 2782 3738 duodecim,
2827 3664 3182 3738 jurejurando
3237 3661 3474 3731 primum
3525 3670 3714 3712 coram
3769 3667 3890 3720 rege

2310 3767 2769 3826 confirmaverunt
2829 3767 2888 3812 ut
2939 3755 3115 3827 quoad
3174 3758 3394 3824 possent
3449 3755 3604 3802 recto
3677 3743 3890 3796 tramite

2315 3860 2645 3918 incedentes,
2674 3869 2776 3909 nec
2805 3851 2872 3906 ad
2897 3851 3144 3906 dextram
3169 3859 3268 3900 nec.
3295 3843 3362 3898 ad
3393 3839 3676 3895 sinistram
3715 3834 3888 3889 diver-

2316 3962 2521 4014 tentes,
2573 3947 2748 4017 legum
2805 3955 3024 3998 suarum
3071 3945 3126 3992 et
3176 3931 3630 3990 consuetudinum
3685 3921 3890 3979 sancit:

2316 4015 2709 4113 patefacerent,
2745 4033 2878 4088 nihil
2919 4026 3418 4102 prmtermittentes,
3445 4019 3583 4074 nihil
3615 4015 3892 4070 addentes,

2321 4108 2454 4189 nihil
2475 4124 2882 4202 praevaricando
2905 4115 3249 4176 mutantes.A
3275 4112 3484 4184 legibus
3507 4108 3676 4178 igitur
3699 4111 3896 4160 sancte

2319 4226 2509 4282 matris
2553 4220 2808 4277 Ecclesia:
2853 4220 3130 4280 sumentes
3167 4206 3472 4267 exordium,
3506 4201 3770 4271 quoniam
3807 4210 3896 4264 per

2247 4321 2290 4376 D
2318 4331 2436 4370 eam
2484 4328 2580 4368 rex
2628 4318 2684 4365 et
2733 4319 2992 4378 regnum,
3041 4301 3269 4356 solidum
3319 4289 3650 4350 subsistendi
3703 4287 3898 4342 habent

2320 4406 2761 4464 fundamentum,
2802 4375 2982 4466 leges,
3039 4391 3350 4451 libertates,
3395 4393 3452 4439 et
3493 4395 3686 4455 pacem
3737 4375 3900 4447 ipsius

2321 4496 2627 4556 concionati
2659 4505 2807 4559 sunt,
2833 4491 3076 4546 dicentes
3101 4500 3116 4540 :

2393 4711 2578 4768 Omnis
2624 4706 2875 4766 clericus,
2905 4709 2960 4757 et
2991 4699 3153 4753 etiam
3192 4691 3481 4754 schol-aris,
3505 4697 3564 4743 et
3595 4698 3794 4741 omnes
3819 4697 3904 4737 eo-

2323 4819 2442 4860 rum
2487 4816 2576 4856 res
2607 4809 2660 4854 et
2685 4793 3073 4868 possessiones,
3115 4787 3420 4852 ubicunque
3465 4778 3698 4842 fuerint,
3727 4787 3900 4848 pacein

2323 4895 2424 4952 Dei
2452 4901 2506 4948 et
2539 4897 2738 4946 saneta:
2761 4882 3022 4939 Ecclesize
3046 4877 3300 4933 habeant.
