4040 5314
200 189 330 246 1335

1685 179 1812 240 LEG
1823 179 1927 238 ES.

3297 165 3462 242 ’1534

195 305 558 376 apostolorum
587 306 852 373 omnium,
883 313 938 362 et
967 313 1282 362 sanctorum
1309 315 1540 372 quorum
1573 299 1772 355 solem-
1803 300 1852 358 Α
1882 301 1956 348 tet
2010 306 2134 348 eum
2193 307 2292 364 per
2344 291 2748 356 vadimonium,
2797 301 2851 346 et
2893 291 3126 363 plegios,
3177 293 3222 348 si
3265 295 3466 354 habere

197 397 391 454 uitales
430 413 460 453 a
497 397 874 454 sacerdotibus
901 395 1200 452 Dominicis
1239 393 1632 450 aununtiantur
1663 393 1776 447 die-

195 489 315 558 bus,
345 497 400 544 et
425 491 666 544 omnium
698 499 1012 544 sanctorum
1040 489 1094 544 in
1127 486 1382 543 Kalendis
1409 483 1730 540 Novembris
1757 497 1772 536 :

196 597 412 652 semper
449 581 518 638 ab
559 583 692 638 hora
733 597 874 636 noua
918 580 1228 652 vigiliarum
1253 619 1270 644 ,
1313 587 1368 634 et
1414 575 1778 646 subsequente

196 671 558 730 solemnitate.
585 672 716 728 Item
739 673 794 728 in
817 672 1092 742 parochiis
1119 671 1170 725 in
1201 669 1398 742 quibus
1421 667 1778 724 dedicationis

197 761 310 818 dies
342 764 684 820 observatur.
717 761 850 818 Item
895 762 948 818 in
991 760 1264 832 parochiis
1299 759 1648 816 ecclesiarum
1685 756 1779 812 ubi

120 869 127 876 '
197 856 412 926 propria
453 853 722 912 festivitas
767 855 944 912 sancti
995 853 1324 910 celebratur.
1359 853 1426 908 Et
1454 852 1499 907 si
1529 851 1652 922 quis
1687 853 1780 906 de-

195 955 320 1002 vote
365 947 434 1002 ad
475 946 898 1004 eeiebrationem
937 947 1110 1002 sancti
1153 946 1424 1011 adveniat,
1463 961 1650 1017 pacem
1683 947 1784 1000 ha-

194 1037 318 1092 beat
348 1037 550 1104 eundo,
583 1046 640 1092 et
679 1036 1048 1102 subsistendo,
1077 1047 1132 1090 et
1175 1035 1470 1092 redeundo.
1501 1037 1632 1092 Item
1657 1051 1780 1091 om-

197 1127 354 1182 nibus
381 1127 711 1184 Christianis
741 1130 808 1184 ad
843 1127 1132 1186 ecclesiam
1161 1143 1326 1184 causa
1355 1129 1620 1184 orationis
1647 1143 1778 1184 eun-

197 1217 340 1272 tibus
362 1233 468 1286 pax
513 1219 568 1274 in
597 1219 776 1276 eundo
810 1229 864 1275 et
889 1219 1170 1276 redeundo
1197 1220 1266 1274 sit
1287 1220 1388 1276 eis.
1421 1219 1682 1276 Similiter
1713 1219 1781 1274 ad

195 1308 584 1376 dedicationes,
625 1309 692 1364 ad
737 1309 996 1382 synodos,
1035 1308 1102 1364 ad
1145 1309 1380 1381 capitula
1416 1309 1780 1374 venientibus,

193 1399 307 1452 sive
335 1398 632 1454 submonili
665 1399 796 1463 sint.
828 1401 944 1456 sive
983 1415 1080 1471 per
1125 1414 1186 1456 se
1225 1399 1354 1470 quid
1387 1399 1656 1470 agendum
1688 1399 1784 1454 ha-

197 1487 450 1554 buerint,
491 1491 564 1545 sit
597 1505 806 1546 summa
845 1506 970 1562 pax.
1003 1489 1176 1546 Etiam
1211 1491 1256 1546 si
1287 1491 1784 1546 exeommunicatus

196 1579 392 1650 aliquis
435 1581 752 1638 absolvendi
794 1597 958 1636 causa
1001 1582 1070 1638 ad
1111 1581 1424 1652 episcopum
1455 1581 1782 1654 confugerit,

198 1669 510 1734 absolutus,
556 1672 734 1726 eundo
772 1679 827 1726 et
861 1671 1136 1726 redeundo
1165 1685 1356 1740 pacem
1385 1669 1478 1726 Dei
1505 1679 1560 1726 et
1581 1680 1784 1728 saneta:

197 1762 454 1820 Ecclesia:
507 1763 732 1820 trahent.
777 1763 932 1832 Quod
985 1764 1028 1818 si
1082 1763 1280 1834 aliquis
1329 1763 1380 1819 ei
1435 1763 1782 1832 forisfecerit,

193 1853 482 1924 episcopus
518 1852 643 1908 inde
663 1853 932 1924 justitiam
963 1853 1152 1908 faciat.
1181 1851 1566 1910 Verumtamen
1593 1855 1638 1910 si
1659 1856 1788 1925 quis

193 1959 466 2016 arrogans
507 1959 608 2014 pro
654 1945 892 2018 episcopi
934 1944 1146 2014 justitia
1191 1945 1484 2002 emendare
1531 1946 1786 2014 uoluerit,

193 2038 486 2107 cpiscopus
518 2038 630 2110 regi
663 2047 850 2094 uotum
883 2037 1066 2094 faciat.
1097 2038 1210 2093 [lex
1241 2045 1424 2094 autem
1451 2041 1790 2112 constringat

197 2127 626 2194 malefactorem,
667 2138 726 2184 ut
769 2130 1022 2186 emendet
1065 2131 1152 2186 cui
1199 2121 1548 2197 foiisfecerit,
1581 2125 1789 2188 scilicet

194 2219 435 2290 primum
477 2221 766 2291 episc0po,
815 2221 1014 2276 deinde
1060 2221 1163 2276 sibi
1199 2237 1213 2274 :
1243 2228 1300 2276 et
1349 2221 1428 2276 sic
1473 2231 1634 2278 erunt
1681 2222 1788 2281 duo

194 2309 388 2380 gladii,
411 2317 462 2366 et
495 2309 704 2378 gladius
738 2309 974 2382 gladium
1001 2307 1234 2381 juvabit.

945 2404 1035 2460 Ill.

269 2497 598 2568 Ubicunque
642 2497 788 2570 regis
831 2497 1040 2568 justitia
1067 2537 1082 2565 ,
1107 2505 1216 2553 .vel
1267 2498 1640 2572 cujuscunque
1683 2509 1786 2565 sit,

193 2589 402 2660 placita
455 2591 816 2654 tenuerit,.si
866 2589 1066 2646 missus
1109 2589 1350 2660 episcopi
1395 2592 1621 2648 veniens
1665 2591 1792 2648 illuc

195 2679 516 2749 apparuerit
555 2693 774 2734 causam
825 2689 1028 2735 sanctis
1053 2679 1344 2746 Ecclesia},
1381 2681 1498 2750 ipsa
1541 2682 1794 2752 primitus

197 2770 544 2824 terminetur.
583 2769 796 2826 Justum
841 2781 926 2829 est
959 2772 1104 2830 enim
1152 2781 1214 2828 ut
1253 2773 1454 2845 ubique
1497 2774 1640 2832 Deus
1681 2791 1794 2832 ora:

196 2859 416 2914 czeteris
448 2860 788 2918 houoretur..

957 2951 1046 3009 ινι

269 3041 598 3109 Quicunque
647 3041 714 3097 de
761 3041 992 3098 ecclesia
1049 3042 1264 3116 aliquid
1306 3045 1565 3112 tenuerit,
1605 3047 1690 3102 vel
1739 3047 1792 3103 in

203 3131 378 3188 fundo
419 3133 662 3188 ecclesia:
701 3135 1038 3190 mansionem
1077 3135 1351 3202 habuerit,
1382 3147 1538 3192 extra
1583 3139 1792 3192 curiam

197 3225 636 3280 ecclesiasticam
662 3234 888 3282 coactus
909 3241 1016 3282 non
1040 3226 1344 3298 placitahit,
1369 3229 1618 3300 quamvis
1641 3228 1796 3286 foris-

199 3313 438 3370 fccerit:
469 3315 610 3382 nisi,
663 3317 808 3386 quod
860 3317 1038 3373 absit!
1099 3318 1152 3373 in
1213 3325 1366 3374 curia
1419 3319 1799 3377 ecclesiastica

197 3417 418 3465 rectum
451 3407 732 3466 defecerit.

963 3503 1027 3556 ν.

275 3594 604 3666 Ubicunque
633 3613 758 3654 reus
789 3598 872 3655 vel
902 3600 1094 3655 noxius
1126 3603 1193 3656 ad
1222 3602 1524 3667 ecclesiam,
1562 3602 1796 3672 przesidii

196 3705 374 3746 causa
405 3691 709 3764 confugerit
741 3711 756 3748 :
789 3709 856 3750 ex
897 3709 1008 3765 quo
1036 3696 1234 3750 atrium
1265 3697 1509 3754 ecclesia:
1541 3699 1794 3760 terruerit,

195 3797 230 3838 ιι
263 3782 490 3838 nemine
517 3785 837 3854 insequente
869 3787 1174 3844 nullatenus
1200 3789 1658 3858 apprehendatur,
1693 3789 1796 3845 nisi

195 3885 302 3944 ρει·
333 3875 647 3945 pontificem
677 3877 759 3932 vel
789 3878 1066 3934 ministros
1095 3881 1232 3948 ejus.
1264 3879 1415 3948 Quod
1445 3883 1488 3937 si
1520 3881 1797 3952 fugiendo,

195 3969 436 4024 domum
490 3970 808 4035 sacerdotis,
843 3971 922 4026 vel
961 3973 1165 4028 curiam
1209 3971 1327 4041 ejus
1374 3974 1619 4041 intravit,
1654 3991 1800 4031 earu-

195 4061 330 4116 dem
371 4063 724 4120 securitatem
775 4073 830 4118 et
878 4079 1064 4133 pacem
1115 4065 1329 4130 habeat,
1363 4081 1527 4137 quam
1564 4075 1618 4122 et
1658 4069 1800 4138 apud

195 4155 502 4210 ecclesiam
537 4173 554 4210 :
585 4153 712 4210 dum
759 4165 941 4212 tamen
987 4157 1182 4211 domus
1223 4159 1530 4214 sacerdotis
1557 4167 1614 4212 et
1647 4166 1797 4214 curta

194 4259 348 4314 ejus,
380 4246 434 4300 in
479 4245 646 4302 fundo
692 4248 936 4303 ecclesiae
967 4248 1289 4304 consistant.
1323 4249 1422 4304 llic
1462 4249 1504 4304 si
1544 4249 1686 4305 latro
1715 4251 1798 4307 vel

1851 383 2101 456 poterit,
2131 399 2304 454 usque
2339 385 2467 439 dum
2511 383 2624 440 Deo
2659 384 2940 456 primitus,
2981 385 3096 458 regi
3135 393 3190 443 et
3223 387 3468 447 ecclesiae

1877 490 2066 551 postea
2114 479 2441 535 satisfaciat.
2487 477 2591 547 Qui
2649 479 2694 534 si
2741 478 2877 533 infra
2929 479 3150 552 triginta
3197 490 3252 536 et
3297 496 3468 536 unum

1877 572 2016 636 dies,
2049 570 2164 626 sive
2197 585 2296 640 per
2334 569 2541 626 amicus
2585 579 2678 624 aut
2717 579 2892 634 notos,
2926 571 3038 626 sive
3070 587 3166 642 per
3195 568 3468 640 justitiam

1879 663 2022 736 regis
2059 663 2288 718 inveniri
2331 677 2436 718 non
2478 664 2698 733 poterit,
2727 661 2988 735 ullagabit
3022 679 3144 719 eum
3176 680 3269 720 rex
3302 663 3470 720 verbo

1879 757 1991 812 oris
2020 757 2124 812 sui.
2159 755 2216 811 Si
2261 771 2392 812 vero
2431 765 2618 826 postea
2659 745 2906 827 repertus
2947 755 3129 822 fuerit,
3161 766 3215 812 et
3247 757 3468 812 retineri

1881 849 2074 920 possit,
2107 849 2262 904 vivus
2299 848 2580 914 reddetur,
2609 848 2694 904 vel
2725 859 2886 919 caput
2919 847 3054 918 ejus,
3095 850 3140 906 si
3183 865 3242 905 se
3285 848 3470 906 defen-

1879 940 2020 997 derit
2049 959 2062 996 :
2095 941 2339 1012 lupinum
2375 941 2518 997 enim
2556 941 2697 1012 gerit
2737 951 2899 1012 caput
2934 959 2964 998 a
3001 942 3086 998 die
3117 941 3468 1012 utlagationis

1881 1049 2020 1098 sum,
2064 1033 2208 1106 quod
2257 1033 2479 1106 Anglice
2517 1033 2918 1104 Wulfesheofod
2965 1035 3180 1091 dicitur.
3240 1033 3305 1088 Et
3353 1035 3472 1088 hac

1880 1135 1968 1182 est
2015 1125 2102 1182 lex
2149 1125 2451 1183 communis
2495 1133 2550 1182 et
2599 1127 2867 1200 generalis
2923 1127 2990 1183 de
3035 1125 3288 1182 omnibus
3327 1127 3470 1180 ulla-

1881 1219 2040 1291 gatis.

2621 1331 2729 1388 Vll.

1958 1445 2035 1501 De
2073 1446 2220 1502 omni
2255 1461 2492 1512 annona,
2523 1447 2736 1502 decima
2785 1447 2952 1518 gat-ba
2985 1446 3096 1500 Deo
3135 1445 3314 1501 debita
3367 1455 3474 1509 est,

1887 1547 1944 1594 et
1981 1539 2100 1594 ideo
2129 1537 2424 1593 reddenda.
2468 1538 2536 1593 Et
2573 1537 2618 1593 si
2664 1539 2788 1608 quis
2827 1553 3044 1610 gregem
3086 1552 3347 1608 equarum
3378 1536 3476 1592 ha—

1817 1646 1858 1705 Β
1890 1630 2090 1708 bucril,
2123 1629 2325 1700 pullum
2372 1629 2564 1686 reddat
2603 1629 2906 1692 decimum;
2940 1633 3030 1700 qui
3069 1644 3230 1684 unam
3267 1637 3476 1684 tantum

1888 1721 1972 1776 vel
2007 1722 2142 1778 duas
2183 1722 2460 1794 habuerit,
2493 1723 2559 1777 de
2587 1721 2813 1793 singulis
2841 1721 3002 1791 pullis
3035 1721 3274 1792 singulos
3305 1723 3476 1777 dena—

1889 1814 2020 1870 rios.
2054 1813 2318 1870 Similiter
2347 1815 2438 1884 qni
2483 1829 2674 1870 vaccas
2696 1815 2878 1884 plures
2909 1812 3179 1878 habuerit,
3209 1816 3478 1871 decimum

1889 1905 2116 1962 vitulum
2137 1924 2164 1972 ;.
2210 1907 2300 1977 qui
2345 1923 2510 1963 unam
2563 1907 2648 1963 vel
2697 1907 2984 1973 duas,.de
3026 1907 3209 1962 vitulis
3253 1907 3482 1978 singulis

1889 1998 2080 2056 obolos
2132 1999 2396 2070 singulos.
2451 1999 2517 2054 Et
2567 2001 2658 2068 qui
2713 2013 2930 2054 caseum
2982 1997 3192 2062 fecerit,
3233 1998 3322 2052 det
3369 1998 3482 2053 Deo

1891 2091 2200 2158 decimum;
2259 2093 2306 2148 si
2357 2107 2486 2148 vero
2541 2107 2648 2146 non
2707 2089 2928 2156 fecerit,
2977 2093 3061 2146 lac
3108 2091 3320 2145 decimo
3371 2090 3480 2146 die.

1891 2183 2158 2241 Similiter
2182 2199 2380 2256 agnum
2409 2183 2702 2250 decimum,
2734 2181 2905 2238 vellus
2935 2182 3230 2246 decimum,
3257 2195 3476 2237 caseum

1891 2276 2184 2343 decimum,
2217 2278 2470 2348 butyrum
2517 2277 2812 2342 decimum,
2847 2271 3144 2346 porcellum
3181 2273 3478 2330 decimum.

2675 2391 2808 2449 Vlll.

1965 2486 2042 2543 De
2081 2487 2273 2557 apibus
2317 2501 2446 2542 vero
2484 2487 2736 2542 similiter
2763 2487 2986 2556 ,decrma
3027 2483 3321 2548 commodi,
3352 2481 3482 2554 quin

1893 2579 2060 2634 etiam
2099 2581 2166 2636 de
2203 2581 2391 2646 bosco,
2425 2580 2492 2636 de
2525 2587 2703 2652 prato,
2734 2580 2800 2634 de
2835 2579 3014 2649 aquis,
3046 2585 3100 2632 et
3135 2575 3482 2640 molendinis,

1893 2673 2138 2742 parcitis,
2173 2673 2421 2738 vivariis,
2451 2672 2722 2743 piscariis,
2749 2670 3018 2743 virgultis,
3057 2669 3256 2736 hortis,
3290 2677 3345 2726 et
3391 2685 3486 2724 ne-

1895 2765 2304 2835 getiationihus,
2345 2773 2400 2820 et
2452 2765 2706 2820 omnibus
2753 2763 2912 2818 rebus
2959 2777 3096 2834 quas
3136 2761 3347 2818 dederit
3391 2761 3488 2815 do-

1897 2858 2098 2922 minus,
2141 2859 2350 2914 decima
2401 2873 2527 2928 pars
2576 2858 2624 2912 ei
2681 2857 2951 2912 reddenda
3005 2863 3110 2922 est,
3153 2853 3244 2924 qui
3291 2867 3485 2909 novem

1903 2958 2086 3022 partes
2133 2949 2292 3004 simul
2339 2967 2460 3005 cum
2502 2951 2707 3005 decima
2749 2949 2997 3019 largitur.
3035 2946 3136 3015 Qui
3183 2961 3305 3001 eam
3353 2943 3490 3000 deti-

1903 3041 2100 3102 nuerit,
2135 3055 2230 3110 per
2263 3040 2534 3110 justitiam
2573 3039 2812 3108 episcopi
2861 3049 2914 3092 et
2957 3037 3131 3108 regis,
3175 3037 3218 3092 si
3263 3049 3489 3090 necesse

1901 3135 2086 3198 fuerit,
2119 3135 2186 3188 ad
2224 3133 2580 3188 redditionem
2622 3141 2902 3203 arguatur.
2933 3127 3056 3183 [Lee
3104 3129 3250 3183 enim
3297 3127 3490 3182 beatus

1899 3223 2238 3292 Augustinus
2284 3219 2596 3290 prtedieavit
2633 3230 2686 3274 et
2725 3221 2908 3274 docuit
2941 3235 2954 3272 :
2986 3227 3040 3273 et
3077 3219 3192 3272 hinc
3228 3229 3488 3271 concessa

1899 3321 2026 3367 sunt
2063 3327 2114 3365 a.
2142 3326 2296 3381 rege.
2338 3320 2394 3364 et
2439 3309 2764 3374 barouihus,
2807 3317 2862 3364 et
2907 3308 3126 3379 populo.
3164 3305 3270 3363 Sed
3300 3315 3488 3376 postea

1901 3403 2162 3458 instinctu
2195 3401 2396 3456 diaboli
2431 3400 2600 3454 .rnulti
2641 3415 2760 3454 eam
2806 3399 3178 3462 detinuerunt,
3216 3405 3273 3452 et
3307 3409 3490 3452 sacer-

1899 3493 2054 3548 dotes
2093 3491 2390 3562 locupletes
2431 3491 2768 3560 negligentes
2802 3503 2908 3544 nen
2951 3490 3214 3544 curabant
3241 3486 3382 3542 inire
3411 3485 3489 3540 la-

1901 3584 2090 3640 borem
2137 3585 2202 3640 ad
2249 3585 2656 3654 persequendas
2695 3595 2818 3646 eas,
2861 3596 2928 3638 eo
2957 3580 3117 3650 quod
3161 3578 3491 3635 suilicienter

1903 3681 2180 3735 habebant
2209 3693 2320 3733 suae
2356 3676 2664 3732 necessaria
2696 3676 2841 3730 vitae.
2874 3673 3054 3728 Multis
3083 3673 3228 3728 enim
3261 3674 3314 3726 in
3355 3671 3492 3727 locis

1903 3772 2064 3828 modo
2093 3780 2222 3826 sunt
2249 3779 2359 3825 tres
2387 3769 2468 3824 vel
2501 3775 2736 3840 quatuor
2759 3767 3022 3832 ecelesim,
3055 3765 3144 3822 ubi
3185 3775 3316 3822 tunc
3349 3773 3492 3821 tem-

1902 3864 2050 3934 poris
2079 3879 2184 3918 una
2213 3871 2418 3918 tantum
2449 3870 2590 3926 erat,
2618 3869 2673 3916 et
2703 3861 2782 3916 sic
2810 3867 3092 3932 cmperunt
3125 3859 3314 3912 minui.

2659 3969 2749 4026 IX.

1977 4065 2069 4122 Die
2121 4066 2214 4121 illo
2263 4080 2371 4137 quo
2421 4065 2684 4136 judicium
2743 4061 2863 4117 fieri
2903 4060 3082 4126 debet,
3129 4062 3312 4115 veniat
3363 4059 3490 4116 illuc

1905 4155 2155 4210 minister
2201 4154 2440 4224 episcopi
2491 4169 2614 4209 eum
2664 4151 2884 4206 clericis
2933 4149 3078 4214 suis,
3132 4157 3186 4204 et
3241 4147 3494 4204 similiter

1899 4245 2109 4315 justitia
2163 4247 2305 4316 regis
2349 4261 2471 4301 eum
2521 4245 2784 4316 legalibus
2833 4243 3145 4300 hominibus
3197 4241 3493 4313 provinciae

195 4347 400 4408 raptor
425 4349 528 4401 est,
562 4341 706 4408 quod
738 4341 876 4395 male
907 4341 1070 4410 cepit,
1111 4341 1155 4396 si
1185 4341 1251 4396 ad
1290 4357 1507 4396 manum
1537 4351 1640 4408 est,
1673 4345 1796 4400 red-
1833 4349 1876 4404 9
1904 4337 2064 4399 illius,
2097 4335 2190 4406 qui
2217 4337 2438 4390 videant
2466 4345 2520 4390 et
2551 4335 2792 4400 audiant,
2823 4342 2880 4388 ut
2910 4349 3066 4405 teque.
3094 4333 3274 4386 omnia
3308 4329 3441 4386 fiant
3475 4351 3488 4386 :

195 4431 294 4484 dat
329 4448 342 4482 :
377 4437 434 4482 et
460 4429 506 4484 si
537 4430 664 4484 illud
693 4431 908 4500 penitus
935 4431 1344 4501 exstirpaverit,
1367 4439 1422 4485 et
1453 4433 1518 4487 de
1541 4449 1639 4485 suo
1669 4449 1795 4503 pro-

195 4521 326 4592 prio
355 4521 504 4574 unde
533 4522 722 4575 reddat
755 4521 1030 4585 habuerit,
1057 4520 1130 4574 in-
1151 4522 1422 4593 integrum
1455 4523 1508 4576 ei
1534 4523 1618 4579 eui
1650 4526 1798 4578 dant-

197 4627 336 4666 num
395 4613 577 4667 intulit
629 4615 900 4668 restituat.
949 4613 1102 4681 Quod
1157 4615 1202 4670 si
1251 4627 1402 4669 more
1452 4617 1613 4669 soiito
1661 4617 1800 4671 latro

199 4704 396 4759 taliter
420 4706 614 4775 egerit.
655 4715 710 4759 et
739 4704 878 4759 forte
911 4705 1246 4766 fortuitoad
1289 4704 1574 4761 ecclesiam
1615 4715 1674 4761 et
1709 4723 1796 4762 sa-

199 4794 494 4850 cerdotum
563 4796 755 4849 domos
812 4794 1121 4864 frequenter
1179 4795 1480 4858 evaserit:
1528 4797 1800 4853 ablatione

198 4887 498 4952 restituta,
563 4889 894 4958 provinciam
958 4887 1262 4962 forisjuret,
1313 4901 1430 4966 ,nec
1481 4889 1670 4944 redeat
1703 4907 1716 4942 :
1749 4906 1804 4946 et

201 4981 248 5036 si
283 4979 432 5035 forte
472 4981 708 5036 reditum
751 4978 957 5044 fecerit,
988 4979 1152 5040 nullus
1193 4999 1328 5053 eum
1365 4979 1628 5049 hospitari
1658 4997 1800 5051 prae-

203 5087 413 5143 sumat,
445 5080 544 5135 nisi
577 5093 608 5132 a
643 5089 768 5146 rege
797 5076 914 5130 data
946 5077 1164 5154 licentia.

943 5163 1012 5218 Vl.

271 5259 332 5314 Si
387 5259 504 5314 quis
553 5267 684 5311 vero
727 5261 912 5308 sancta:
955 5267 1128 5314 pacem
1200 5255 1492 5314 πείσειε-εἰῶ
1541 5259 1805 5312 violenter

1901 4435 1958 4483 et
1993 4439 2132 4495 quos
2161 4424 2414 4480 dominus
2453 4439 2550 4494 per
2579 4423 3014 4479 misericordiam
3047 4435 3220 4487 suam,
3255 4435 3360 4476 non
3395 4436 3496 4491 per

1903 4517 2092 4571 merita
2133 4514 2631 4578 salvziresvoluerit,
2667 4515 2838 4585 quieti
2883 4515 2988 4568 sint
3038 4522 3093 4568 et
3137 4513 3305 4568 libere
3345 4527 3497 4568 rece-

1903 4607 2036 4660 dant
2071 4625 2083 4660 :
2115 4615 2170 4661 et
2201 4621 2338 4675 quos
2364 4605 2623 4673 iniquitas
2669 4605 2862 4674 culpae,
2907 4619 3013 4658 non
3061 4603 3312 4660 dominus
3343 4605 3499 4658 daul-

1903 4699 2138 4764 naverit,
2167 4699 2376 4770 justitia
2411 4697 2558 4769 regis
2600 4699 2667 4754 de
2709 4697 2841 4767 ipsis
2873 4695 3144 4766 justitiam
3173 4694 3356 4750 faciat.
3389 4693 3499 4750 Ba-

1905 4811 2068 4852 rones
2108 4811 2238 4852 vero
2270 4793 2360 4863 qui
2393 4807 2547 4850 suam
2587 4793 2792 4848 habent
2831 4792 3040 4846 curiam
3075 4793 3142 4848 de
3177 4790 3289 4846 suis
3329 4790 3510 4846 homi-

1905 4892 2088 4957 nibus,
2125 4890 2342 4946 videant
2389 4894 2448 4940 ut
2490 4883 2572 4938 sic
2613 4887 2681 4941 de
2721 4885 2801 4938 eis
2841 4893 3024 4952 agant,
3059 4892 3331 4956 quatenus
3373 4895 3513 4954 erga

1907 4979 2078 5036 Deum
2118 4989 2326 5038 reatum
2367 4992 2473 5032 non
2514 4975 2822 5044 incurrant,
2855 4985 2909 5030 et
2957 4990 3143 5046 regem
3191 4990 3296 5030 non
3336 4971 3518 5029 offen-

1907 5071 2063 5128 dmit.
2091 5073 2152 5128 Et
2179 5074 2224 5127 si
2258 5069 2515 5140 placitum
2542 5069 2610 5124 de
2639 5069 2954 5124 hominibus
2981 5067 3216 5126 aliorum
3247 5067 3520 5123 barouum

1907 5167 2084 5222 orirnr
2111 5167 2164 5220 in
2190 5163 2359 5220 curiis
2386 5161 2522 5226 suis,
2558 5161 2702 5218 adsit
2726 5163 2792 5217 ad
2823 5160 3087 5234 placitum
3118 5158 3522 5233 rcgisjnstitia,

1909 5258 2164 5314 utnmiam
2197 5255 2402 5314 absque
2429 5265 2492 5304 ea
2523 5251 2788 5314 placitum
2821 5251 2966 5308 finiri
2997 5269 3112 5312 non
3145 5255 3289 5309 licet.
3321 5247 3378 5302 Si
3419 5252 3528 5314 qui
