4040 5314
531 117 666 172 1555

1301 230 1366 284 Χ.

604 319 794 376 Omnis
834 323 926 391 qui
969 321 1216 378 habuerit
1256 323 1476 396 triginta
1507 325 1824 380 dena-riatus
1860 326 1992 380 viva:
2028 340 2118 396 pe-

541 412 716 467 cunia:
746 413 798 468 in
833 413 994 468 domo
1019 428 1135 479 sua,
1164 415 1230 470 de
1259 431 1358 472 suo
1387 417 1625 486 preprio,
1655 418 1950 489 Anglorum
1981 418 2117 488 lege,

538 503 690 557 dabit
719 499 1000 558 den-arium
1043 505 1216 560 sancti
1250 505 1432 574 Petri;
1482 515 1536 562 et
1574 507 1690 578 lege
1720 510 2016 575 Danorum,
2043 511 2122 565 dio

539 595 761 649 midiam
810 611 1069 652 marcam.
1104 597 1210 654 Iste
1247 613 1386 656 vero.
1417 599 1680 657 denarius
1707 601 1867 658 debet
1899 603 2120 658 submo-

541 686 658 741 neri
692 687 743 740 in
772 687 1118 746 solemnitate
1165 693 1532 762 apostolorum
1581 693 1725 750 Petri
1768 705 1826 750 et
1864 695 2034 759 Pauli,
2070 704 2126 752 et

540 779 718 850 rolligi
757 781 824 836 ad
867 781 1214 840 festivitatem
1247 801 1367 857 qua:
1398 786 1618 853 dicitur,
1664 788 1748 844 Ad
1785 788 2020 854 vincula,
2049 789 2124 844 ita

539 879 599 924 ut
641 869 782 926 ultra
843 871 990 927 illum
1042 875 1184 930 diem
1213 891 1318 932 non
1367 878 1702 934 detineatur.
1749 877 1806 934 Si
1857 879 2124 949 quispiam

539 962 868 1028 detinuerit,
921 965 988 1019 ad
1029 963 1300 1035 justitiam
1361 969 1504 1040 regis
1573 969 1781 1026 clamor
1831 970 2124 1037 deferatur,

539 1057 797 1126 quoniam
829 1060 1088 1116 denarius
1113 1062 1204 1117 hic
1234 1062 1576 1138 eleemosyna
1606 1064 1748 1135 regis
1775 1073 1856 1120 est
1883 1083 1895 1118 :
1919 1063 2126 1132 justitia

538 1163 671 1203 vero
733 1149 901 1206 faciat
953 1151 1237 1208 denarium
1295 1155 1562 1222 reddere,
1617 1165 1671 1210 et
1726 1154 2128 1210 forisfacturam

540 1237 778 1310 episcopi
811 1249 866 1296 et
890 1241 1054 1312 regis.
1083 1241 1238 1310 Quod
1269 1245 1314 1300 si
1347 1245 1468 1314 quis
1497 1246 1679 1316 plures
1709 1246 1898 1302 domos
1927 1247 2129 1303 habue-

541 1327 634 1392 rit,
667 1328 732 1382 de
758 1328 848 1382 illa
879 1328 970 1384 ubi
1012 1331 1256 1388 residens
1303 1331 1466 1388 fuerit
1500 1334 1551 1389 in
1586 1333 1723 1390 festo
1762 1335 2128 1405 a-po.~tolorum

547 1417 692 1474 Petri
717 1427 772 1474 et
799 1418 948 1474 Pauli
979 1421 1262 1478 denarium
1293 1423 1501 1478 reddat.

1287 1515 1379 1570 XI.

1705 121 2048 178 WILLEIMI
2085 118 2628 186 CONQUESTOBIS-

2147 235 2202 294 Α
2225 233 2468 288 ecclesias
2489 235 2580 290 ubi
2599 236 2880 316 inventum
2907 215 3087 308 fuerit,
3113 257 3448 315 quaecunque
3473 245 3594 317 ipsa
3624 245 3803 314 fuerit,

3665 130 3812 190 {336'

2221 327 2304 382 vel
2329 327 2502 394 dives,
2531 329 2615 384 vel
2647 343 2867 400 pauper.

2941 425 3077 482 XIV.

2297 517 2408 572 Rex
2457 525 2636 572 autem
2669 519 2758 588 qui
2793 519 3253 576 vicarius‘summi
3284 523 3430 594 regis
3453 501 3565 591 est,
3595 527 3666 581 ad
3707 526 3810 584 hoc

2223 620 2306 665 est
2353 609 2684 666 constitutus
2729 619 2784 666 ut
2833 627 3054 683 regnum
3111 623 3406 681 terrenum,
3437 627 3492 670 et
3551 618 3810 688 populum

2225 703 2458 768 Domini,
2473 711 2528 758 et
2547 717 2710 773 super
2723 705 2900 758 omnia
2925 711 3168 760 sanctam
3191 715 3480 762 veneretur
3499 705 3812 764 Ecclesium

2227 793 2367 864 ejus,
2399 803 2456 852 et
2487 805 2660 866 regat,
2689 803 2745 850 et
2775 796 2844 850 ab
2871 795 3148 865 injuriosis
3185 797 3464 864 defendat,
3497 809 3553 855 et
3599 800 3814 855 maleﬁ-

2227 903 2322 943 cos
2367 887 2436 942 ab
2476 903 2540 944 ea
2581 886 2776 943 evellat
2800 896 2855 942 et
2879 887 3145 953 destruat,
3178 899 3232 944 et
3261 891 3476 959 penitus
3507 890 3814 960 disperdat.

2228 979 2382 1047 Quod
2413 977 2516 1034 nisi
2547 977 2756 1045 fecerit,
2785 991 2886 1034 nec
2913 993 3109 1034 nomen
3147 980 3289 1052 regis
3315 979 3368 1034 in
3399 995 3467 1035 eo
3495 981 3810 1035 constabit:

2230 1088 2441 1139 verum,
2486 1081 2720 1128 testante
2766 1087 2905 1143 papa
2948 1071 3176 1136 Joanne,
3207 1087 3404 1128 nomen
3433 1073 3579 1144 regis
3611 1073 3814 1142 perdit.

2229 1163 2327 1218 Cui
2357 1163 2616 1233 Pippinus
2645 1173 2701 1218 et
2729 1161 2955 1218 Carolus
2999 1161 3143 1218 ﬁlius
3186 1161 3304 1233 ejus
3346 1163 3581 1218 necdum
3635 1177 3816 1232 reges,

2231 1253 2326 1310 sed
2367 1253 2662 1324 principes,
2707 1253 2809 1308 sub
2851 1267 2977 1324 rege
3019 1251 3352 1308 Francorum
3384 1251 3554 1308 stulto
3582 1253 3816 1322 scripse-

2232 1354 2380 1412 runt,
2431 1353 2740 1416 qumrentes
2769 1344 2813 1400 sl
2851 1345 2923 1400 ita
2959 1359 3286 1416 permanere
3329 1344 3598 1400 deberent
3645 1341 3820 1396 Frau-

2235 1449 2423 1490 corum
2477 1449 2634 1505 reges
2661 1433 2776 1490 solo
2823 1435 2972 1506 regio
3021 1435 3240 1489 nomine
3295 1433 3561 1488 contenti.
3613 1433 3660 1486 Α
3713 1447 3820 1501 quo

2236 1541 2551 1596 responsum
2582 1537 2665 1582 est
2694 1543 2706 1578 :
2739 1526 2860 1582 illos
2903 1525 3056 1581 decet
3101 1526 3284 1580 vocari
3338 1539 3516 1596 reges,
3563 1523 3660 1594 qui
3691 1523 3822 1594 vigi-

619 1603 698 1674 (9)
735 1603 1028 1676 Danegeldi
1077 1606 1309 1662 redditio
1353 1617 1576 1676 propter
1633 1607 1835 1679 piratas
1885 1607 2135 1679 primitus
2167 1605 2212 1660 Β
2239 1617 2414 1672 Ianter
2445 1617 2740 1673 defendunt
2785 1624 2840 1671 et
2883 1623 3078 1686 regunt
3109 1613 3409 1670 Ecclesium
3457 1614 3578 1677 Dei,
3621 1623 3682 1666 et
3721 1627 3820 1682 po-

547 1703 749 1749 statuta
782 1696 1146 1766 estzpatriam
1161 1695 1308 1753 enim
1337 1696 1982 1764 infestantes,vastationi
2012 1699 2129 1769 ejus

553 1803 654 1858 pro
683 1803 840 1858 posse
887 1804 986 1844 suo
1025 1789 1368 1846 insistebant.
1397 1791 1474 1845 Ad
1501 1807 1688 1846 eorum
1721 1790 1942 1861 quidem
1976 1790 2128 1844 inse-

549 1880 772 1936 lentiam
829 1881 1246 1951 reprimendam,
1305 1891 1568 1937 statutum
1639 1891 1726 1938 est
1777 1881 2130 1953 danegeldum

553 1972 834 2028 annuatim
868 1973 1042 2036 reddi,
1075 1974 1284 2030 scilicet
1311 1974 1596 2030 duodecim
1628 1975 1877 2030 denarios
1909 1975 1973 2028 de
1999 1988 2128 2028 una-

553 2079 770 2134 quaque
814 2065 938 2120 hida
991 2065 1158 2120 totius
1204 2067 1432 2135 patriae,
1484 2067 1552 2120 ad
1597 2065 1976 2121 conducendos
2037 2079 2130 2120 eos

559 2156 652 2225 qui
685 2156 988 2228 piratarum
1027 2158 1316 2228 irruptioni
1364 2159 1668 2214 resistendo
1715 2159 2015 2214 obviarent.
2059 2157 2135 2213 De

555 2251 662 2306 hoc
707 2263 924 2321 quoque
969 2249 1266 2320 danegeldo
1297 2250 1466 2304 libera
1496 2259 1547 2304 et
1581 2251 1760 2320 quieta
1798 2259 1917 2306 erat
1957 2251 2136 2304 omnis

557 2341 811 2408 ecclesia,
855 2351 910 2397 et
949 2343 1112 2397 etiam
1165 2343 1344 2398 omnis
1375 2351 1516 2396 terra
1553 2358 1671 2412 quae
1701 2343 1754 2396 in
1787 2342 2007 2412 proprio
2043 2342 2138 2396 do-

553 2435 724 2490 minio
743 2435 990 2492 ecclesiae
1003 2445 1136 2500 erat,
1166 2435 1472 2505 ubicunque
1489 2433 1729 2503 jacebat,
1753 2435 1888 2490 nihii
1917 2449 2139 2504 prorsus

554 2530 606 2584 in
641 2529 742 2584 hac
785 2528 878 2586 tali
932 2527 1232 2582 redditione
1288 2527 1628 2598 persolvens,
1684 2527 1809 2598 quia
1863 2528 2038 2597 magis
2083 2527 2136 2581 in

554 2619 800 2674 ecclesiae
843 2617 1192 2674 confidebant
1237 2620 1596 2685 orationibus,
1653 2633 1816 2690 quam
1859 2619 1912 2674 in
1961 2633 2138 2674 armo-

557 2725 676 2763 rum
721 2709 1146 2765 defensionibus.
1195 2709 1346 2766 llanc
1399 2711 1578 2780 itaque
1627 2711 1800 2766 tenuit.
1843 2708 2139 2779 Anglorum

561 2800 802 2856 Ecclesia
857 2801 1165 2856 libertatem
1232 2816 1406 2870 usque
1460 2801 1526 2856 ad
1587 2809 1829 2870 tempora
1882 2799 2138 2854 Willelmi

561 2893 705 2964 regis
749 2893 1008 2963 junioris,
1043 2894 1134 2966 qui
1171 2891 1344 2948 Rufus
1384 2894 1700 2958 vocabatur,
1739 2893 1910 2948 donec
1944 2893 2135 2948 eodem

561 3003 589 3036 a
621 2983 918 3040 baronibus
955 2983 1166 3055 Anglia:
1211 2984 1470 3040 atixilium
1518 2984 1853 3054 requirente,
1885 2984 1950 3038 ad
1981 2983 2138 3038 Nort-

563 3077 840 3132 manniam
869 3077 1208 3132 retinendam
1231 3078 1300 3133 de
1329 3075 1568 3132 Roberto
1595 3076 1762 3132 fratre
1787 3091 1908 3142 suo,
1943 3091 2148 3147 cogito-—

561 3184 743 3232 mento
781 3175 1134 3242 Curtechosc,
1184 3174 1482 3232 Jerusalem
1529 3173 1948 3243 proficiscente,
2012 3187 2144 3228 con-

555 3283 774 3322 cessum
823 3278 907 3323 est
955 3269 1028 3332 ei,
1084 3282 1190 3324 non
1248 3266 1366 3338 lege
1415 3273 1680 3320 statutum
1731 3275 1930 3330 tamen,
1971 3278 2144 3334 neque

561 3362 864 3426 ﬁrmatum,
889 3361 982 3416 sed
1013 3359 1114 3415 hac
1139 3359 1486 3416 neressitatis
1513 3373 1700 3422 causa,
1728 3371 1794 3411 ex
1821 3369 2145 3426 unaquaque

567 3451 691 3506 bida
718 3451 821 3508 sibi
851 3451 968 3506 dari
995 3461 1228 3521 quatuor
1256 3450 1478 3516 solidos,
1504 3448 1733 3506 ecclesia
1763 3463 1868 3502 non
1896 3453 2142 3516 excepta.

567 3545 700 3598 Dum
763 3559 894 3598 vero
959 3543 1212 3599 collectio
1259 3557 1458 3598 census
1510 3541 1704 3606 ﬁeret,
1773 3538 2148 3609 proclamabat

559 3643 748 3688 sancta
772 3633 1035 3699 Ecclesia,
1065 3649 1218 3690 suam
1247 3647 1540 3706 reposcens
1569 3631 1876 3686 libertatem
1903 3648 1914 3683 :
1947 3630 2040 3684 sed
2067 3627 2157 3682 ni-

562 3727 634 3782 hil
662 3725 912 3797 profecit.

1301 3815 1415 3872 XII.

637 3908 752 3962 Pax
781 3907 926 3978 regis
957 3906 1232 3978 multiplex
1261 3915 1366 3962 est.
1387 3905 1480 3962 llla
1508 3905 1653 3960 enim
1685 3905 1808 3960 data
1837 3919 1996 3958 manu
2030 3919 2154 3970 sua,

567 4015 730 4070 quam
754 3999 912 4072 Angli
935 4007 1127 4056 vocant
1149 3999 1433 4070 cynniuger
1453 3997 1624 4052 fronde
1645 3996 1818 4052 sealde
1835 3997 1971 4067 grith
1987 4009 2005 4048 :
2023 3995 2149 4062 alia,

575 4093 662 4148 die
685 4109 793 4163 quo
821 4093 1054 4164 primum
1084 4098 1378 4146 coronatus
1404 4099 1508 4156 est,
1536 4103 1656 4162 qua:
1680 4089 1796 4144 dies
1823 4095 1970 4143 tenet
1993 4095 2148 4154 octo:

569 4185 626 4239 iu
657 4185 830 4240 Natali
858 4186 1095 4250 Domini,
1125 4185 1239 4241 dies
1262 4193 1420 4250 octo;
1453 4183 1506 4238 in
1539 4181 1827 4246 Paschate,
1855 4179 1972 4235 dies
1993 4188 2149 4245 octo;

571 4277 625 4330 iu
657 4275 1000 4342 Pentecoste,
1031 4277 1146 4332 dies
1180 4285 1326 4342 octo,
1365 4285 1471 4330 etc.
1514 4273 1678 4344 infra.
1720 4272 1992 4328 Mambotc
2023 4283 2153 4324 vero
2180 4293 2234 4355 Β

567 4373 754 4446 (idest
807 4372 1179 4442 compensatio
1229 4371 1452 4428 domino
1501 4367 1856 4440 persolvenda
1902 4382 2001 4437 pro
2057 4366 2154 4422 ho-

581 4467 727 4522 mine
757 4481 866 4522 suo.
886 4465 1088 4534 occiso)
1129 4463 1426 4536 Anglorum
1463 4463 1602 4532 lege,
1636 4461 1774 4531 regi,
1806 4469 1862 4516 et
1889 4458 2156 4529 archiepi-

576 4573 762 4628 scopo,
797 4568 908 4614 tres
937 4572 1154 4613 marcas
1203 4556 1270 4610 de
1319 4552 1636 4610 hominibus
1659 4566 1848 4606 eorum
1878 4549 2152 4620 propriis:

575 4652 674 4704 sed
705 4651 957 4720 episcopo
991 4647 1232 4720 ejusdem
1280 4645 1594 4710 comitatus,
1627 4651 1683 4698 et
1707 4642 1940 4708 consuli,
1983 4651 2039 4697 et
2063 4642 2158 4696 da-

580 4741 756 4814 pifero
785 4743 944 4812 regis,
978 4741 1166 4814 viginti
1198 4739 1418 4804 solidos,
1447 4735 1752 4793 baronibus
1783 4743 1964 4794 autem
2011 4734 2156 4798 aliis,

581 4835 770 4890 decem
798 4833 1026 4898 solidos,
1061 4843 1160 4887 etc.

1285 4922 1402 4978 XIII

655 5014 922 5072 Thesauri
956 5013 1021 5068 de
1053 5022 1198 5066 terra
1227 5015 1366 5083 regis
1407 5021 1559 5078 sunt,
1593 5011 1697 5068 nisi
1735 5010 1786 5066 in
1819 5009 2048 5067 ecclesia
2075 5009 2158 5064 vel

583 5111 636 5166 in
685 5104 1002 5162 cocmeterio
1053 5103 1415 5159 inveniantur.
1457 5106 1523 5160 Et
1556 5105 1682 5160 licet
1719 5103 1794 5160 ibi
1833 5103 2160 5168 inveniatur,

583 5216 778 5278 aurum
809 5197 956 5268 regis
980 5205 1088 5260 est,
1128 5203 1182 5250 et
1213 5197 1473 5252 medietas
1502 5205 1709 5268 argenti
1743 5214 1756 5249 :
1792 5203 1846 5252 et
1876 5194 2158 5262 medietas,

2229 1711 2415 1781 pulum
2453 1713 2592 1780 ejus,
2639 1708 2838 1763 imitati
2887 1719 3069 1778 regem
3105 1705 3594 1776 Psalmographum
3631 1703 3824 1757 dicen-

2235 1811 2380 1857 tem:
2411 1799 2534 1856 Nan
2577 1797 2828 1853 habitabit
2861 1797 2917 1851 in
2963 1795 3134 1850 medio
3169 1796 3355 1849 domus
3397 1807 3526 1848 mea:
3575 1793 3671 1864 qui
3695 1791 3826 1860 facit

2233 1893 2555 1966 superbiant,
2579 1899 2686 1948 etc.
2715 1888 2888 1962 (Paul.
2917 1888 2992 1958 ε).

2963 1977 3078 2034 XV.

2307 2077 2418 2150 (10)
2451 2073 2878 2145 Archiepiscopi,
2919 2071 3181 2143 episcopi,
3245 2068 3505 2132 comites,
3562 2073 3822 2128 barones,

2235 2181 2292 2227 et
2317 2183 2508 2226 omnes
2539 2167 2628 2237 qui
2667 2165 2866 2220 habent
2897 2163 3134 2226 sacham,
3169 2171 3223 2217 et
3251 2173 3457 2226 socam,
3501 2157 3632 2230 thol,
3673 2167 3814 2211 team

2237 2271 2294 2318 et
2335 2257 2668 2331 inl‘angthefe
2695 2275 2707 2311 :
2735 2257 2898 2311 etiam
2937 2254 3136 2310 milites
3171 2267 3300 2308 suos
3327 2261 3380 2306 et
3409 2249 3668 2322 proprios
3704 2261 3824 2302 ser-

2238 2354 2472 2418 vientes,
2524 2349 2730 2405 scilicet
2777 2343 3071 2416 dapifcros,
3109 2343 3417 2414 pincernas,
3455 2338 3822 2400 camerarios,

2239 2458 2466 2514 coquos,
2526 2441 2792 2512 pistores,
2845 2437 2945 2492 sub
2995 2449 3094 2492 suo
3145 2433 3386 2504 friborgo
3441 2431 3704 2486 habeant.
3759 2428 3824 2482 Et

2242 2539 2370 2594 item
2409 2536 2498 2592 isti
2527 2545 2655 2590 suos
2679 2531 3001 2602 armigeros,
3055 2527 3144 2582 vel
3183 2527 3320 2582 alios
3361 2525 3464 2581 sibi
3519 2515 3826 2579 servientes

2241 2629 2344 2685 sub
2369 2643 2468 2684 suo
2501 2625 2760 2694 friborgo.
2801 2621 2954 2689 Quod
2993 2623 3037 2677 si
3069 2619 3156 2675 cui
3193 2615 3605 2680 forisfacerent,
3635 2622 3692 2669 et
3717 2613 3828 2668 cla-

2245 2737 2366 2777 mor
2417 2717 2718 2774 vicinorum
2769 2715 2836 2770 de
2888 2713 2967 2770 eis
3020 2717 3358 2780 assurgeret,
3421 2707 3528 2778 ipsi
3583 2712 3832 2761 tenerent

2245 2827 2340 2868 eos
2369 2807 2684 2866 rectitudini
2727 2807 2780 2861 in
2830 2805 2981 2860 curia
3022 2819 3117 2859 sua
3146 2822 3157 2856 :
3191 2801 3264 2856 illi
3290 2800 3411 2854 dico
3439 2798 3531 2869 qui
3563 2797 3832 2852 haberent

2246 2905 2503 2966 sacham,
2566 2908 2624 2955 et
2675 2913 2898 2962 socam,
2959 2895 3100 2961 thol,
3151 2902 3206 2949 et
3247 2893 3460 2956 theam,
3517 2900 3575 2944 et
3617 2888 3828 2956 infang—

2245 2999 2408 3054 thefe.

2965 3079 3102 3136 XVI.

2241 3211 2246 3214 -
2317 3181 2494 3236 Sueba
2541 3183 2649 3241 est,
2695 3173 2840 3245 quod
2869 3173 2914 3228 si
2955 3169 3181 3241 quilibet
3221 3165 3458 3236 aliquem
3505 3159 3836 3217 nominatius

2245 3277 2314 3332 de
2339 3274 2518 3343 aliquo
2541 3269 2903 3327 calumniatus
2929 3263 3111 3328 fuerit,
3135 3272 3189 3318 et
3211 3259 3300 3316 ille
3325 3257 3636 3330 negaverit,
3675 3253 3836 3308 foris-

2249 3368 2455 3423 factura
2489 3361 2820 3436 probationis
2855 3357 2938 3413 vel
2965 3353 3296 3426 negationis,
3345 3349 3390 3406 si
3428 3347 3702 3412 evenerit,
3741 3356 3834 3398 sua

2247 3460 2371 3516 erit.

2946 3538 3106 3595 XVII.

2321 3641 2502 3698 Socha
2529 3601 2630 3704 est,
2665 3637 2807 3708 quod
2831 3635 2876 3689 si
2907 3631 3110 3703 aliquis
3125 3627 3322 3701 quierit
3345 3623 3560 3694 aliquid
3595 3621 3646 3676 in
3691 3629 3834 3675 terra

2251 3752 2368 3804 sua,
2393 3733 2558 3790 etiam
2591 3730 2813 3794 furtum,
2844 3741 2939 3782 sua
2963 3734 3042 3781 est
3062 3721 3292 3793 iustitia,
3325 3717 3374 3773 si
3401 3717 3688 3772 inventum
3713 3709 3836 3764 fue-

2253 3832 2348 3896 r-it,
2387 3843 2454 3884 an
2483 3841 2610 3882 non.

2948 3907 3128 3968 XVIII.
3599 3907 3632 3928 "

2329 4013 2465 4070 Thol
2521 4009 2684 4084 (quod
2729 4023 2828 4063 nos
2871 4004 3100 4083 dicimus
3147 3993 3424 4066 Ieiunium)
3476 4002 3586 4084 est,
3617 3989 3839 4084 scilicet

2257 4107 2402 4179 quod
2434 4083 2634 4162 habeat
2657 4099 2966 4155 libertatem
2991 4091 3259 4158 vendendi
3283 4097 3336 4143 et
3361 4083 3580 4142 emendi
3615 4083 3666 4136 in
3697 4089 3838 4134 terra

2258 4214 2354 4254 sua
2364 4235 2378 4252 ο
2915 4209 2920 4212 ’

2605 4329 2610 4332 ι
2967 4255 3112 4312 mx.

2332 4359 2556 4422 Theam,
2591 4353 2733 4426 quod
2764 4353 2808 4408 si
2839 4349 3109 4420 quispiam
3140 4341 3342 4412 aliquid
3383 4336 3646 4394 interciet
3679 4344 3844 4402 super

2259 4455 2516 4524 aliquem,
2542 4459 2598 4506 et
2621 4444 2938 4504 interciatus
2965 4455 3070 4496 non
3096 4435 3300 4524 poterit
3317 4438 3662 4524 war-rutilum
3683 4437 3842 4524 suum

2260 4515 2484 4607 habere,
2504 4515 2621 4596 erit
2647 4534 2990 4592 forisfactura
3019 4543 3136 4594 sua,
3170 4535 3226 4582 et
3249 4521 3460 4594 iustitia
3491 4517 3752 4574 similiter
3777 4515 3844 4568 de

2259 4633 2676 4694 calumniatore,
2703 4627 2750 4682 si
2777 4623 3054 4686 defecerit.

2993 4710 3116 4768 XX.

2331 4815 2522 4876 Omnis
2565 4812 2714 4869 enim
2757 4810 2850 4881 qui
2901 4805 3066 4864 habet
3109 4802 3274 4860 sacha
3303 4806 3364 4854 et
3391 4793 3584 4857 socba,
3631 4789 3750 4846 thol
3791 4795 3850 4842 et

2265 4911 2519 4974 them,,et
2547 4899 2941 4973 infangdthefe,
2989 4894 3278 4968 praedictas
3317 4887 3577 4944 videlicet
3611 4891 3844 4974 consue-

2266 4969 2483 5056 tudines
2518 5015 2530 5051 :
2557 4969 2770 5066 justitia
2809 4987 3188 5062 cognoscentis
3231 4980 3462 5044 latronis
3500 4990 3596 5031 sua
3627 4981 3738 5036 est.

2263 5094 2484 5150 homine
2511 5063 2632 5154 suo,
2665 5089 2711 5143 si
2736 5096 2926 5157 captus
2948 5081 3110 5138 fuerit
3137 5091 3300 5148 super
3329 5083 3534 5130 terram
3561 5081 3740 5124 suam.
3769 5063 3846 5157 Illi

2263 5202 2394 5243 vero
2417 5185 2508 5256 qui
2533 5197 2640 5238 non
2667 5154 2868 5236 habent
2893 5177 2992 5234 has
3011 5167 3451 5232 consuetudines,
3473 5175 3664 5218 coram
3687 5154 3846 5227 justi-
