4040 5314
329 261 464 316 i357

329 464 541 531 tacbiis,
573 464 654 520 vel
682 463 735 520 in
759 463 955 534 scyria.
1046 532 1186 590 XXL

396 628 685 684 Sciendum
709 643 924 698 quoque
965 628 1107 698 quod
1133 642 1323 682 omnes
1349 626 1543 693 Judaei,
1592 627 1902 697 ubicunque

329 721 382 772 in
435 733 602 788 regno
643 727 790 783 sunt,
822 720 924 774 sub
954 719 1120 775 tutela
1152 729 1208 774 et
1241 719 1555 774 defensione
1593 720 1734 790 regis
1764 719 1900 790 ligea

325 809 525 864 debent
571 823 692 864 esse
721 827 734 864 :
762 825 862 867 nec
911 811 1136 880 quilibet
1183 826 1369 867 eorum
1419 811 1580 867 alicui
1634 811 1788 867 diviti
1843 827 1902 868 se

324 907 506 968 pitest
549 900 780 958 subdere
825 901 942 958 sine
984 902 1128 972 regis
1174 902 1412 958 licentia.
1445 901 1615 958 Judzei
1647 903 1816 968 enim,
1847 910 1902 958 et

322 989 503 1046 omnia
544 1005 662 1059 sua,
696 993 838 1065 regis
865 1002 1011 1048 sum.
1047 992 1199 1060 Quod
1227 994 1273 1050 si
1299 994 1571 1064 quispiam
1601 994 1900 1050 detinuerit

321 1095 434 1142 eos,
462 1081 544 1136 vel
568 1084 855 1152 pecuniam
902 1100 1116 1150 eorum,
1169 1086 1449 1156 perquirat
1500 1103 1617 1153 rex,
1665 1086 1712 1142 si
1759 1085 1897 1152 vult,

322 1177 581 1238 tanquam
612 1187 768 1227 suum
798 1176 1102 1245 proprium.

336 1266 650 1289 *-

1843 256 1973 313 LEG
1983 255 2082 313 ES.

330 377 404 429 tia
435 373 578 444 regia
612 381 819 429 rectum
841 372 1044 428 iaciant
1071 374 1124 428 in
1145 372 1462 437 bundredis,
1490 370 1574 426 vel
1605 371 1657 426 in
1689 386 1902 440 wapen-
1930 376 1979 433 Α

3447 260 3584 318 1558

2717 396 2876 452 XXII.

2085 533 2376 590 Usurarios
2413 547 2627 602 quoque
2662 532 2904 587 defendit
2932 547 3024 586 rex
3054 529 3375 594 Edwardus,
3408 545 3475 585 ne
3503 545 3586 585 re-

2006 634 2254 680 maneret
2295 625 2491 691 aliquis
2534 624 2586 677 in
2633 633 2743 678 toto
2785 637 2948 690 regno
2979 637 3096 675 suo.
3138 620 3207 674 Et
3234 621 3276 674 si
3309 620 3430 689 quis
3460 619 3584 674 inde

2008 719 2291 773 convictus
2329 725 2475 772 esset
2501 716 2643 786 quod
2671 714 2828 791 fenus
2853 715 3120 783 exigeret,
3151 712 3296 766 omni
3327 713 3584 765 substan-

2013 809 2085 864 tia
2117 809 2335 881 propria
2358 816 2595 870 careret,
2620 817 2675 861 et
2705 816 2891 875 postea
2920 820 3018 874 pro
3048 803 3236 871 exlege
3268 803 3580 857 haberetur.

2008 901 2124 957 Hoc
2154 909 2335 956 autem
2364 899 2646 956 asserebat
2688 899 2775 953 ille
2808 913 2903 953 rex
2932 938 2947 962 ,
2993 912 3052 952 se
3096 896 3314 950 audisse
3349 891 3582 948 incuria

2007 996 2152 1067 regis
2197 994 2554 1056 Francorum.
2609 994 2736 1047 dum
2798 992 2996 1048 ibidem
3051 999 3374 1054 moraretur,
3434 984 3578 1058 quod

2002 1103 2169 1144 usura
2196 1089 2409 1142 summa
2440 1086 2593 1141 radix
2626 1085 2868 1140 omnium
2897 1084 3151 1139 vitiorum
3177 1090 3281 1138 est.

662 1266 3575 1294 _—_—__——_—_——-—.—____——__—

499 1341 754 1404 LEGES
792 1346 1003 1406 ALUE
1040 1347 1432 1410 EDWARDI
1484 1349 1720 1410 REGIS
1774 1344 2368 1410 NORTMANNICO
2419 1345 2824 1406 lDlOMATE
2858 1343 3403 1406 CONSCRIPT/E.

477 1512 706 1570 TITULI
747 1513 985 1571 LFGUM
1020 1513 1732 1572 ECCLESIASTICARUM.

316 1604 358 1659 1.
401 1603 477 1660 De
503 1623 632 1676 pace
669 1615 865 1662 sancta:
895 1605 1166 1674 Ecclesite,
1195 1618 1242 1662 et
1265 1609 1398 1680 asyli
1425 1609 1550 1680 jure
1577 1611 1742 1664 eidem
1767 1625 1894 1665 con-

389 1713 553 1750 (€880.

315 1787 378 1841 ll.
419 1787 496 1840 De
533 1805 593 1841 eo
631 1789 722 1858 qui
761 1790 1160 1854 monasterium,
1209 1807 1300 1845 seu
1353 1788 1649 1856 ecclesiam,
1694 1790 1771 1846 vel
1808 1790 1898 1846 do-

384 1896 525 1933 mum
557 1858 790 1952 fregerit.

2005 1515 2090 1572 ΙΙΙ.
2134 1515 2209 1569 De
2263 1514 2482 1569 denario
2534 1514 2702 1567 sancti
2758 1510 2902 1567 Petri
2942 1513 3052 1583 (seu
3095 1509 3406 1584 Romesc'ot)
3446 1523 3612 1583 νειμ·

2076 1605 2268 1659 dendo.

2005 1697 2092 1755 IV.
2134 1697 2210 1752 De
2240 1696 2574 1751 renuentibus
2599 1696 2767 1750 sancti
2794 1693 2938 1750 Petri
2967 1695 3242 1749 denarium
3267 1695 3506 1764 pendere,

2005 1795 2069 1849 V.
2113 1792 2191 1847 De
2217 1793 2581 1847 intestatorum
2613 1790 2780 1844 bonis.

1769 1972 2158 2033 PREFATIO.

384 2081 489 2139 Ces
533 2067 656 2139 Sont
709 2083 788 2141 les
829 2085 926 2141 leis
968 2094 1024 2141 et
1069 2084 1150 2141 les
1195 2094 1473 2141 custumes
1519 2098 1626 2155 que
1678 2084 1728 2139 le
1785 2085 1894 2140 reis
1926 2089 1970 2144 B
2071 2081 2172 2137 Ha:
2211 2091 2332 2137 sunt
2380 2082 2514 2152 leges
2563 2092 2611 2136 et
2657 2083 3057 2136 consuetudines
3097 2100 3227 2154 quas
3269 2082 3568 2137 Wilielmus

315 2171 553 2228 William
581 2184 837 2245 grauatat
863 2175 892 2230 ὲ
923 2184 1002 2230 tut
1031 2176 1080 2232 le
1101 2178 1259 2248 puple
1285 2178 1350 2233 de
1371 2177 1708 2248 Engleterre,
1735 2193 1891 2248 apres

314 2264 364 2318 le
394 2274 659 2336 conquest
688 2267 753 2323 de
793 2267 841 2322 la
878 2276 1022 2324 terre
1051 2287 1063 2323 :
1104 2269 1266 2324 iceles
1293 2269 1546 2325 meismes
1575 2283 1679 2340 que
1707 2269 1756 2326 le
1785 2269 1894 2326 rcis

313 2354 577 2412 Edoward
608 2371 704 2413 son
735 2358 887 2414 cosin
921 2358 1024 2415 tint
1049 2358 1248 2416 devant
1273 2360 1367 2415 lui.

1998 2189 2090 2228 rex
2117 2172 2366 2227 concessit
2397 2176 2634 2228 universo
2661 2173 2852 2244 populo
2882 2173 3106 2244 Anglice,
3154 2185 3268 2243 post
3304 2184 3457 2229 terra?
3486 2192 3579 2228 ac-

1995 2265 2327 2336 quisitionem
2353 2279 2370 2316 :
2395 2267 2520 2333 ipsa:
2545 2265 2740 2318 scilicet
2771 2267 2963 2319 eaedem
2989 2282 3119 2333 quas
3150 2283 3239 2320 rex
3273 2265 3566 2320 Edwardus

2002 2366 2422 2432 consanguineus
2450 2377 2565 2432 ejus
2597 2371 2716 2416 ante
2741 2368 2911 2432 ipsum
2939 2361 3216 2416 custodiuit

1433 2516 1582 2579 LEG
1593 2517 1685 2580 ES
1752 2515 2419 2580 ECCLESIASTICIE.

381 2681 489 2738 Ceo
507 2691 589 2739 est
605 2697 636 2738 a
654 2684 830 2739 saveir
854 2699 868 2738 :
893 2683 1018 2740 Pais
1035 2683 1065 2740 a
1089 2685 1233 2740 saint
1251 2683 1449 2756 Yglise,
1470 2686 1537 2742 de
1557 2686 1682 2757 quel
1710 2686 1892 2742 lorfait

307 2791 412 2844 que
441 2776 598 2830 home
618 2783 714 2830 ont
741 2775 836 2830 fait
859 2791 928 2832 on
948 2776 1028 2831 cel
1049 2785 1197 2831 tems.
1231 2787 1286 2832 et
1309 2777 1343 2832 il
1366 2785 1497 2848 pout
1519 2778 1672 2833 venir
1704 2779 1734 2833 ξι
1752 2779 1899 2834 saint

311 2868 494 2938 Yglise
507 2875 602 2923 out
615 2869 731 2939 pais
747 2868 814 2924 de
828 2869 916 2924 vie
934 2878 989 2924 et
1003 2869 1069 2925 de
1090 2870 1349 2925 membre.
1366 2869 1408 2924 E
1421 2887 1480 2926 se
1491 2871 1720 2942 alquons
1735 2872 1896 2928 meist

313 2960 454 3014 main
482 2975 549 3016 en
572 2960 708 3016 celui
747 2962 837 3031 qui
881 2960 932 3015 la
978 2977 1128 3018 mere
1173 2962 1352 3033 Yglise
1379 2964 1660 3034 requireit,
1691 2980 1750 3020 se
1795 2979 1894 3020 eeo

311 3049 418 3104 l‘ust
445 3067 477 3104 u
503 3064 790 3121 evesques,
818 3068 849 3106 u
875 3052 1082 3117 abbeie,
1112 3069 1146 3108 u
1170 3052 1355 3123 Yglise
1385 3055 1452 3110 de
1475 3055 1722 3124 religion,
1767 3071 1891 3111 ren-

325 3140 431 3194 dist
501 3155 599 3196 eeo
645 3156 752 3212 que
801 3142 838 3196 il
887 3143 1112 3198 iavereit
1162 3145 1314 3214 pris,
1373 3159 1405 3200 e
1463 3154 1590 3200 cent
1657 3145 1766 3201 sols
1829 3148 1896 3202 de

310 3230 514 3295 forfait,
571 3246 602 3286 e
650 3233 716 3288 de
739 3247 857 3288 mer
891 3232 1074 3302 Yglise
1104 3234 1171 3289 de
1198 3235 1442 3305 paroisse
1471 3252 1563 3290 xx.
1596 3236 1729 3290 solz.
1764 3253 1795 3290 e
1828 3238 1912 3291 de.

308 3321 566 3392 chappele
609 3337 643 3376 ι
685 3322 823 3388 solz;
861 3339 892 3378 e
919 3339 1026 3393 que
1075 3324 1346 3380 enfraiant
1391 3325 1442 3380 la
1474 3327 1589 3395 pais
1619 3327 1668 3382 le
1716 3328 1795 3382 rei
1823 3344 1889 3383 en

2072 2689 2478 2761 Intelligendum
2518 2701 2636 2745 est:
2681 2688 2798 2744 Pax
2835 2699 3033 2744 sanctw
3073 2689 3303 2743 ecclesiis
3344 2689 3410 2743 de
3453 2706 3583 2760 quo-

1999 2776 2200 2854 cunque
2238 2793 2384 2836 reatu
2431 2783 2548 2852 quis
2586 2784 2684 2836 hoc
2725 2793 2954 2851 tempore
2978 2783 3042 2836 sit
3071 2780 3366 2852 culpabilis,
3407 2792 3454 2836 et
3490 2798 3584 2836 ve-

2000 2877 2114 2929 nire
2141 2884 2306 2945 potest
2335 2874 2403 2928 ad
2427 2885 2664 2929 sanctam
2711 2874 3005 2939 ecclesiam,
3047 2889 3227 2942 pacem
3252 2873 3438 2926 habeat
3467 2873 3585 2926 vita:

1997 2977 2047 3022 et
2069 2969 2306 3022 membri.
2339 2966 2407 3021 Et
2439 2973 2485 3021 st
2511 2969 2630 3038 quis
2653 2983 2867 3021 manum
2891 2967 2936 3021 ei
2964 2965 3220 3036 injecerit,
3244 2965 3333 3036 qui
3367 2975 3583 3018 matrem

1998 3058 2268 3112 ecclesiam
2297 3059 2588 3128 quaesierit,
2621 3059 2728 3112 sive
2752 3057 2983 3128 episcopi
3009 3057 3168 3126 fuerit
3199 3055 3438 3120 ecclesia,
3477 3054 3584 3109 sire

1999 3148 2241 3212 abbatiw,
2270 3150 2376 3204 sive
2407 3149 2625 3204 ecclesia
2656 3151 2948 3220 religionis,
2981 3150 3218 3204 restituat
3243 3149 3382 3218 quod
3407 3149 3580 3201 abstu-

1999 3237 2140 3302 lerit,
2173 3249 2220 3292 et
2247 3239 2456 3294 mulcta:
2484 3243 2692 3294 nomine
2716 3251 2920 3295 centum
2941 3240 3161 3305 solidos,
3193 3241 3399 3293 matrici
3423 3252 3581 3292 etiam

2000 3327 2230 3383 ecclesia:
2257 3329 2552 3398 parochiali
2579 3330 2762 3402 viginti
2784 3330 3011 3392 solidos,
3058 3339 3106 3383 et
3151 3329 3365 3399 capellae
3403 3329 3579 3384 decem

312 3411 684 3470 blercltenelae
707 3454 725 3482 ,
783 3423 909 3471 cent
963 3416 1074 3471 solz
1125 3415 1205 3473 les
1250 3418 1526 3484 amendes,
1587 3419 1772 3475 altresi
1825 3421 1891 3476 de
1919 3412 1965 3474 (Ζ
1994 3417 2212 3472 solidos.
2236 3417 2303 3471 Et
2324 3420 2412 3488 qui
2433 3435 2612 3487 pacem
2635 3422 2833 3490 regiam
2856 3419 3150 3483 violaverit,
3169 3429 3374 3473 centum
3396 3419 3578 3474 solidis

311 3507 589 3576 beinfare,
630 3525 662 3566 θ
695 3509 765 3566 de
802 3510 963 3566 πρῖε
999 3511 1331 3582 purpensed.

1069 3703 1134 3760 ll.

387 3817 518 3873 Etsi
545 3819 773 3888 alquons
813 3826 898 3874 est
933 3819 1114 3890 apelez
1153 3819 1218 3876 de
1251 3829 1458 3876 muster
1481 3819 1728 3887 fruisser,
1761 3837 1794 3875 ιι
1827 3823 1892 3876 de

311 3909 590 3974 cbambrc,
618 3924 648 3964 e
673 3911 706 3964 il
731 3910 845 3966 neit
865 3911 1017 3967 eSted
1040 3910 1254 3967 blamed
1280 3927 1490 3977 enarer,
1519 3928 1615 3968 sen
1642 3913 1892 3969 escondit

309 4015 408 4070 per
434 4001 506 4053 xii
538 4000 665 4056 leals
697 4002 884 4056 bomes
915 4015 1106 4057 nomez
1134 4002 1210 4058 sei
1247 4001 1497 4059 dudzime
1542 4004 1709 4068 mein,
1751 4019 1782 4058 e
1822 4003 1888 4058 sil

312 4103 395 4149 est
444 4093 557 4150 alre
606 4092 708 4150 liee
745 4096 895 4151 ested
943 4095 1176 4160 blamed,
1227 4111 1322 4151 seu
1372 4097 1664 4151 escoudied
1693 4114 1722 4152 a
1757 4097 1888 4152 trcis

314 4185 525 4252 dubles,
557 4199 652 4241 eeo
682 4184 711 4240 ὲ
741 4187 938 4251 saveir,
968 4202 1066 4258 per
1093 4185 1240 4257 xlviij
1275 4186 1486 4258 [χχχιιι]
1514 4187 1705 4242 bomes
1737 4188 1886 4252 Ieals,

315 4293 503 4332 nomes
551 4291 627 4334 set
681 4279 990 4334 trentesiste
1037 4279 1182 4334 mein
1220 4296 1233 4333 :
1271 4294 1302 4334 e
1353 4278 1416 4335 sil
1471 4295 1602 4335 aver
1647 4297 1745 4336 nes
1798 4291 1892 4350 pot.

315 4376 408 4422 aut
459 4367 490 4423 ὲ
535 4367 586 4423 la
629 4369 762 4425 ivise
810 4370 841 4424 ξι
889 4370 1019 4426 treis
1057 4369 1249 4428 dubles
1287 4373 1330 4427 si
1363 4372 1466 4428 coil
1498 4374 1658 4428 doust
1691 4373 1721 4426 ξι
1759 4374 1890 4429 treis

312 4459 380 4515 du
409 4459 550 4516 blcin
601 4460 664 4534 [l.
709 4461 951 4536 dublein]
1003 4473 1265 4532 serment,
1295 4481 1326 4522 e
1354 4466 1417 4521 sil
1463 4469 1676 4523 enarer’
1719 4469 1888 4523 larein

313 4553 575 4609 amended
624 4554 699 4608 alt
720 4555 769 4609 al
800 4571 904 4622 ew,
941 4555 976 4611 li
1027 4543 1354 4630 arCevesque
1405 4561 1605 4615 averad
1652 4561 1718 4617 de
1763 4561 1872 4617 for-

313 4644 507 4701 l'aiture
533 4663 600 4700 ιι.
625 4647 735 4702 solz
764 4663 830 4703 en
863 4634 1224 4718 Merclieulae,
1257 4667 1288 4706 e
1312 4651 1350 4706 li
1379 4666 1641 4723 evesques
1670 4671 1739 4708 xx
1765 4655 1878 4709 solz

316 4755 345 4794 c
368 4739 402 4794 li
433 4755 606 4810 quenz
643 4756 712 4794 xx
745 4740 878 4807 solz,
909 4756 940 4796 e
966 4741 1015 4797 le
1043 4741 1210 4798 baron
1245 4743 1446 4809 x‘sols,
1477 4759 1507 4798 e
1543 4746 1578 4799 li
1613 4745 1775 4801 vilain
1809 4746 1969 4822 xl.'D

312 4833 479 4888 tlenir.

386 5038 561 5076 Ψευδηο
595 5038 752 5076 Ιιηηὶο
782 5041 869 5076 mli
907 5039 972 5076 τιιῖ
1009 5055 1136 5076 quon
1167 5045 1512 5076 ιιιιηηιηοεινο
1537 5057 1642 5076 ννν
1677 5039 1893 5076 Anubim-

1993 3510 2224 3564 emendet
2254 3509 2363 3580 lege
2387 3509 2726 3576 Merciorum,
2765 3510 3009 3565 similiter
3037 3510 3100 3564 de
3133 3510 3387 3578 heia/are,
3420 3519 3467 3564 et
3508 3509 3572 3563 de

1991 3602 2196 3657 insidiis
2220 3604 2594 3674 praecogitatis.

2065 3786 2132 3842 Et
2155 3789 2200 3844 si
2224 3789 2341 3859 quis
2365 3787 2658 3858 appellatus
2685 3789 2844 3858 fuerit
2875 3790 2938 3842 de
2964 3789 3223 3858 [ractione
3247 3791 3594 3853 monasterii,

1992 3896 2085 3934 seu
2109 3880 2362 3946 ecclesite,
2387 3881 2462 3936 vel
2491 3881 2757 3947 cubiculi;
2787 3899 2880 3936 nec
2909 3882 3069 3951 fuerit
3095 3892 3230 3936 retro
3253 3880 3574 3948 defamatus,

1906 3991 1908 3994 ν
1992 3972 2102 4040 ipse
2145 3971 2358 4043 abneget
2378 3961 2525 4026 'cum
2557 3975 2653 4028 xii.
2686 3973 2941 4043 legalibus
2970 3973 3285 4040 hominibus,
3317 3987 3450 4044 quos
3489 3990 3577 4027 uo-

1992 4075 2134 4131 cant,
2178 4066 2488 4120 duodecima
2520 4083 2616 4120 sua
2644 4083 2828 4131 manu;
2851 4076 2897 4120 et
2919 4067 2964 4119 si
2987 4066 3096 4120 alia
3131 4067 3238 4120 vice
3278 4067 3582 4136 increpatus

1999 4157 2184 4226 fuerit,
2231 4167 2352 4212 tunc
2403 4158 2501 4212 hoc
2551 4170 2697 4228 neget
2752 4157 3018 4226 triplicata
3061 4173 3300 4222 numero,
3331 4157 3568 4212 videlicet

1990 4252 2165 4306 xxxvi.
2219 4250 2469 4322 legalibus
2513 4251 2808 4304 hominibus
2857 4265 2990 4320 quos
3037 4258 3261 4314 vocant,
3313 4249 3582 4303 tricesima

1991 4353 2138 4397 sexta
2175 4359 2270 4396 sua
2292 4357 2455 4396 manu
2479 4355 2497 4392 :
2524 4351 2572 4396 et
2595 4343 2640 4395 si
2678 4342 2773 4396 hos
2797 4341 2988 4395 habere
3024 4340 3300 4412 nequierit,
3355 4349 3437 4394 eat
3468 4339 3499 4392 ξι
3529 4338 3581 4393 la

1993 4435 2127 4489 ivise
2142 4434 2189 4503 (I
2205 4435 2255 4505 Ι)
2269 4433 2610 4503 tripticatum,
2629 4435 2762 4487 sicut
2780 4433 2958 4487 debuit
2977 4434 3045 4486 ad
3061 4433 3380 4504 triplicatum
3399 4425 3582 4486 sacra-

1905 4557 1907 4560 ‹
1991 4533 2223 4578 mentum
2247 4537 2266 4574 :
2295 4534 2343 4577 et
2371 4539 2414 4577 si
2438 4523 2575 4577 alias
2603 4524 2666 4576 de
2691 4522 2970 4576 latrocinio
2997 4522 3365 4593 composuerit,
3395 4532 3479 4576 eat
3510 4523 3583 4576 ad

1984 4613 2250 4684 judicium
2274 4629 2446 4684 aquae.
2461 4613 2894 4681 Arcltiepiscopus
2914 4612 3121 4667 habebit
3146 4612 3210 4665 de
3231 4611 3578 4680 [orisfactura

1992 4706 2068 4761 xl.
2101 4706 2319 4773 solidos,
2341 4706 2398 4760 in
2439 4703 2758 4760 Merciorum
2785 4705 2919 4774 lege,
2945 4715 2993 4758 et
3020 4705 3289 4776 episcopus
3316 4718 3410 4757 ax.
3456 4705 3584 4760 soli-

1996 4799 2115 4864 dos,
2137 4809 2185 4852 et
2211 4815 2382 4853 comes
2408 4814 2502 4852 xx.
2535 4798 2753 4864 solidos,
2802 4807 2849 4852 et
2901 4797 3027 4852 baro
3065 4814 3120 4852 ιε.
3161 4795 3378 4861 solidos,
3409 4809 3457 4853 et
3491 4797 3590 4855 uil-

1997 4890 2105 4948 lani
2134 4891 2210 4946 xl.
2241 4891 2507 4944 denarios.
2748 4960 2814 5016 ΙΙΙ

2543 5058 2554 5068 ο
2587 5055 2822 5076 ιν-ι---ηξ.
2863 5049 2933 5076 ἰη
2985 5053 3312 5076 J-.---.:.........
3366 5051 3614 5076 ....l-..-...
