4040 5314
457 261 618 319 1331)

1591 264 1933 323 WILLELMl
1976 269 2506 346 CONQUESTORIS

3576 272 3736 329 154οι

453 377 565 429 lunt
611 375 678 430 de
711 363 862 430 aveir
889 375 1254 447 champestre,
1297 375 1351 431 si
1383 376 1584 432 devra'd
1634 378 1804 434 doner
1847 381 1895 434 le
1935 383 2025 437 de-
2055 391 2103 449 Α
2135 383 2358 438 ιηαιὶὸω
2388 364 2556 438 calere
2586 383 2880 438 wstimatnr
2903 384 3176 439 dimidiam
3208 401 3442 440 marcent
3486 386 3712 456 argenti,

459 485 555 524 ner
606 468 749 523 seiut
800 468 934 523 Pere
964 487 978 522 :
1013 478 1066 522 et
1117 483 1215 537 par
1264 467 1312 522 le
1365 469 1532 524 dener
1580 471 1673 540 qui
1721 471 1754 526 li
1810 473 2033 546 seiguur

452 558 665 624 durrat,
715 559 761 615 si
809 567 962 615 erent
1010 558 1185 630 quitcs
1241 558 1387 615 ccals
1435 560 1526 631 qui
1574 562 1903 620 meinenten
1933 580 2030 621 son

457 649 728 704 demaine.

1181 739 1270 797 IV.

534 830 636 899 Qui
668 842 856 887 i‘encnt
900 832 950 888 le
988 831 1156 888 doner
1195 835 1334 889 seint
1371 835 1528 898 Pere,
1559 834 1610 891 le
1633 835 1802 891 dener
1832 838 2029 893 rcndra

458 939 556 993 pcr
591 924 637 976 la
664 908 862 992 justice
894 924 960 980 de
991 925 1132 981 seiiit
1163 925 1365 998 Yglise,
1389 942 1419 981 c
1444 943 1550 982 xxx
1602 927 1728 983 den.
1768 926 1971 985 forlait.
1999 945 2034 986 e

457 1016 504 1070 si
531 1015 566 1070 il
599 1030 665 1069 en
695 1024 776 1071 est
803 1015 981 1087 plaidé
1020 1019 1086 1073 dc
1135 1017 1184 1073 la
1227 1019 1423 1090 justice
1464 1019 1513 1075 le
1557 1021 1657 1089 rei,
1691 1019 1741 1076 le
1768 1021 1950 1078 iorl‘ait
1982 1021 2038 1078 al

455 1123 686 1179 evesque
709 1125 814 1163 xxx
840 1111 963 1165 den.
991 1125 1022 1166 c
1050 1110 1097 1165 al
1126 1113 1200 1167 rei
1230 1113 1283 1166 xl
1313 1112 1446 1167 solz.
1779 1091 1796 1105 ’

1214 1299 1277 1354 V.

528 1383 586 1441 Si
616 1385 775 1442 home
804 1396 946 1444 mort
975 1404 1102 1444 sans
1125 1387 1329 1456 devise,
1353 1390 1394 1446 si
1422 1389 1712 1463 departeut
1735 1390 1813 1449 les
1837 1391 2030 1449 euians

459 1474 635 1531 l’erite
663 1487 816 1534 entre
839 1480 915 1535 sei
943 1494 1042 1551 per
1067 1480 1230 1537 uwel.

2137 485 2344 531 tenetur
2369 478 2497 530 dare
2528 477 2698 531 sancti
2727 474 2871 531 Petri
2899 477 3172 532 denarium
3196 490 3214 530 :
3241 487 3288 532 et
3307 494 3401 547 per
3427 477 3716 531 denarium

2134 581 2285 634 quem
2310 567 2553 621 dominus
2582 566 2806 634 dederit,
2826 567 2985 637 quieti
3014 576 3165 622 erunt
3193 568 3282 640 qui
3311 568 3368 622 in
3393 583 3492 623 suo
3521 565 3720 640 degunt

2142 657 2428 714 dominico.
3668 637 3684 667 ”

2879 747 2967 805 IV.

2213 840 2329 906 Qui”
2361 841 2634 911 negaverit
2658 840 2936 896 denarium
2973 839 3141 896 sancti
3164 838 3331 906 Petri,
3372 855 3492 895 eum
3529 838 3720 894 reddat

2137 949 2230 1003 per
2273 933 2538 1004 justitiam
2586 942 2784 988 sancite
2835 934 3085 998 ecclesia',
3131 943 3178 990 et
3230 933 3446 989 mul‘cta:
3507 932 3721 987 nomine

2135 1042 2228 1080 xx.
2285 1025 2406 1080 den.
2464 1037 2511 1080 et
2558 1026 2607 1081 si
2653 1027 2706 1082 in
2749 1027 2845 1098 jus
2900 1038 3110 1084 vocatus
3177 1027 3334 1097 fuerit
3396 1045 3429 1082 a
3489 1027 3716 1098 justitia

2141 1120 2296 1189 regis,
2331 1120 2566 1191 episcopo
2612 1119 2724 1176 luat
2774 1137 2896 1177 xxx
2935 1121 3186 1186 denariis,
3253 1129 3315 1175 et
3362 1120 3473 1191 regi
3529 1118 3723 1174 also-

2140 1210 2283 1266 lidis.

2898 1301 2964 1358 V.

2213 1393 2274 1451 Si
2301 1396 2416 1466 quis
2445 1395 2723 1449 intestatus
2761 1395 2964 1458 abierit,
3019 1393 3168 1449 liberi
3214 1393 3329 1465 ej‘us
3377 1390 3736 1447 hereditatem

2142 1485 2414 1556 (equaliter
2433 1486 2690 1540 dividant.

473 1599 3717 1633 mm

1980 1757 2128 1873 V.

895 1978 1145 2041 Statuta
1165 1979 1426 2060 antiqua
1461 1978 1526 2042 in
1555 1979 1778 2060 quibus
1807 1977 2048 2059 Anglia!
2083 1980 2281 2040 totius
2307 1979 2486 2058 regni
2529 1978 2782 2040 comitia
2809 1933 3208 2042 ordinentur.

1389 2144 1546 2218 Apud
1580 2145 1860 2202 Acusmuu
1889 2142 2174 2217 Spicilegii,
2202 2151 2331 2200 tom.
2363 2143 2475 2211 Xll,
2508 2159 2628 2216 pag.
2663 2143 2811 2216 551.)

606 2406 859 2464 MODUS
899 2406 1239 2463 TENENDI
1283 2405 1908 2463 PARLIAMENTUM.

541 2499 639 2556 llic
664 2501 990 2556 describitur
1013 2501 1204 2557 modus
1233 2500 1503 2572 quomodo
1527 2499 1942 2571 parliamentum
1966 2514 2046 2555 re-

465 2593 548 2663 gis
569 2592 770 2660 Anglia:
814 2600 869 2646 et
921 2591 1270 2661 Anglicorum
1321 2607 1543 2649 suorum
1581 2592 1868 2646 tenebatur
1913 2600 2045 2646 tem-

464 2699 596 2752 pore
630 2684 768 2753 regis
800 2682 1171 2757 Eduardi[|ll]
1220 2685 1313 2740 ﬁlii
1363 2685 1506 2756 regis
1554 2681 1901 2750 Etheldredi;
1953 2682 2044 2753 qui

465 2775 683 2845 quidem
715 2775 906 2831 modus
935 2777 1193 2831 rccitalus
1237 2775 1337 2830 fuit
1365 2792 1462 2847 per
1503 2775 1852 2832 discretiores
1895 2774 2044 2844 regni

467 2881 650 2920 coram
680 2867 982 2923 \VILLuLuo
1013 2869 1147 2924 duce
1184 2866 1527 2924 Normannize
1561 2877 1613 2922 et
1652 2869 2044 2938 Conquestorc,

469 2964 522 3010 ct
559 2972 684 3026 rege
715 2959 915 3026 Anglia:
951 2960 1066 3030 ipso
1094 2960 1464 3030 Conquestore
1513 2963 1628 3015 haec
1673 2961 2043 3032 prmcipiente,

466 3056 519 3101 et
551 3064 645 3116 per
721 3050 892 3120 ipsum
953 3053 1280 3122 approbatus
1325 3061 1378 3106 et
1432 3053 1546 3108 suis
1594 3054 1947 3123 temporibus.
1983 3068 2047 3109 ac

465 3147 626 3201 etiam
659 3145 988 3215 temporibus
1019 3162 1394 3203 successorum
1445 3163 1666 3202 suorum
1711 3163 1898 3219 regum
1928 3146 2045 3202 An-

467 3233 588 3305 glia:
617 3236 868 3290 usitatus.

466 3349 592 3423 Car.
633 3351 672 3406 l.
707 3350 1053 3407 Summouitio
1079 3353 1432 3423 parliamenti.
1464 3344 1896 3423 -—Summonitio
1919 3367 2044 3423 par:

537 3421 772 3475 liamenti
802 3421 1089 3490 pru'cedere
1108 3425 1254 3479 debet
1281 3425 1507 3492 primum
1535 3423 1671 3477 diem
1710 3421 2046 3492 parliamenti

536 3508 624 3560 per
649 3494 996 3563 quadraginta
1019 3494 1151 3548 dies.

537 3605 615 3658 Ad
649 3607 1061 3676 parliamentum
1112 3609 1438 3664 summoueri
1496 3617 1553 3663 et
1602 3608 1789 3663 venire
1847 3607 2046 3662 debent

468 3697 678 3752 ratione
707 3708 909 3754 tonitru:
939 3715 1048 3754 sua:
1074 3715 1263 3754 omnes
1297 3708 1352 3752 et
1397 3699 1592 3769 singuli
1630 3698 2042 3768 archiepiscopi,

2082 2413 2126 2469 Β
2157 2420 2307 2461 sonu:
2335 2404 2571 2474 ipsorum
2625 2403 2981 2458 decanatuum
3034 2409 3088 2457 et
3123 2401 3642 2471 archidiaconatum,
3679 2402 3744 2460 si

2147 2499 2346 2556 ibidem
2379 2495 2737 2567 personaliter
2761 2496 3098 2552 interessent.

2217 2590 2285 2645 Et
2321 2587 2464 2658 quod
2523 2585 2829 2655 hujusmodi
2886 2595 3264 2656 procuratores
3309 2587 3533 2642 veniant
3596 2602 3728 2643 cum

2145 2681 2412 2737 warantis
2431 2679 2568 2744 suis,
2595 2678 2883 2748 duplicatis
2909 2677 3099 2748 sigillis
3127 2677 3464 2748 superiorum
3495 2694 3726 2734 suorum

2149 2771 2422 2842 signatis,
2471 2771 2615 2840 quod
2662 2769 2761 2839 ipsi
2817 2769 2884 2823 ad
2934 2767 3236 2836 huiusmodi
3289 2769 3738 2840 procurationem

2147 2860 2328 2918 clerici
2356 2860 2505 2917 missi
2533 2867 2694 2923 sunt;
2727 2873 2955 2928 quarum
2998 2857 3301 2913 litterarum
3329 2874 3434 2912 una
3467 2857 3734 2914 liberaui-

2147 2961 2237 3006 tur
2255 2951 2472 3008 clericis
2498 2951 2565 3005 dc
2596 2949 2950 3021 parliamento
2975 2949 3044 3003 ad
3079 2948 3496 3014 irrotulandum,
3527 2957 3584 3004 et
3610 2947 3719 3004 alia

2149 3040 2405 3096 rcsidchit
2429 3054 2592 3110 penes
2611 3039 2756 3107 ipsos
2785 3038 3211 3108 procuratores?
3246 3046 3302 3092 et
3330 3038 3409 3093 sic
3457 3038 3558 3109 sub
3607 3036 3757 3092 istis~

2148 3133 2355 3188 duobus
2382 3131 2668 3203 generibus
2696 3130 3024 3196 summoueri
3069 3129 3228 3185 debet
3257 3137 3402 3185 totus
3447 3129 3629 3185 clerus
3658 3129 3747 3183 ad-

2148 3223 2590 3303 parliamentum.

2665 3335 2794 3390 CAP.
2835 3335 2898 3390 ll.
2927 3333 3006 3390 De
3034 3333 3200 3388 laicis.

2216 3427 2348 3483 item
2375 3427 2706 3483 summoueri
2729 3435 2786 3482 et
2815 3425 2998 3481 venire
3019 3425 3218 3480 debent
3241 3439 3428 3480 omnes
3454 3432 3508 3478 et
3530 3422 3755 3494 singuli--

2147 3519 2377 3574 comites
2414 3526 2470 3571 et
2499 3517 2752 3581 barones,
2785 3525 2840 3571 et
2863 3531 3051 3572 eorum
3081 3529 3261 3584 pares.
3285 3513 3493 3570 scilicet
3523 3513 3596 3568 illi
3625 3515 3724 3582 qui

2147 3610 2345 3666 habent
2398 3619 2569 3664 terras
2609 3616 2666 3664 et
2715 3608 2918 3663 reditus
2966 3606 3032 3661 ad
3080 3606 3371 3662 valentiam
3436 3606 3732 3660 comitatus

2149 3701 2234 3757 vel
2269 3700 2505 3755 baronia:
2559 3699 2802 3768 integrae,
2830 3698 3079 3754 videlicet
3131 3698 3323 3769 viginti
3361 3697 3519 3752 feoda
3571 3697 3730 3750 unius

469 3788 720 3851 abhatcs,
753 3789 962 3858 priores
983 3800 1038 3844 et
1066 3791 1155 3845 alii
1189 3790 1422 3858 majores
1471 3760 1676 3854 clerici,
1725 3760 1830 3860 qui
1861 3760 2044 3846 tenent
2071 3760 2118 3822 C
2158 3793 2366 3858 militis,
2393 3791 2632 3860 quolibet
2658 3760 2816 3846 [ἑοιιο
2839 3798 3150 3860 computato
3175 3760 3240 3844 ςῖιι
3271 3789 3457 3860 viginti
3488 3788 3728 3852 libratos,

471 3893 568 3948 per
599 3878 912 3932 comitatum
944 3879 1028 3933 vel
1061 3881 1342 3935 baroniam
1375 3881 1585 3936 ratione
1630 3881 1937 3950 hujusmodi
1970 3890 2048 3938 te-

473 3985 644 4030 nurte.
667 3979 722 4025 et
745 3970 873 4025 nulli
901 3971 1154 4037 mitteres,
1180 3973 1280 4027 nisi
1301 3989 1488 4028 eorum
1513 3965 1796 4043 praesentia
1817 3984 1871 4029 et
1886 3990 2050 4030 even-

472 4071 558 4115 tus
587 4061 800 4118 aliunde
823 4078 985 4133 quam
1010 4081 1104 4134 pro
1123 4066 1328 4120 tenuris
1368 4066 1481 4122 suis
1510 4067 1840 4137 requiratur,
1860 4076 1918 4122 ut
1939 4067 2050 4122 sint

475 4154 540 4208 de
574 4155 802 4209 consilio
841 4157 1004 4227 regis,
1040 4157 1123 4211 vel
1170 4173 1358 4213 eorum
1401 4159 1692 4227 praisentia
1741 4157 2048 4215 necessaria

472 4246 557 4302 vel
580 4246 724 4302 utilis
750 4257 1031 4317 reputetur
1056 4251 1122 4304 ad
1155 4251 1568 4320 parliamentum
1601 4268 1616 4308 :
1648 4261 1704 4308 et
1759 4253 1865 4308 illis
1896 4262 2048 4308 tene-

475 4348 562 4392 tur
598 4354 692 4394 rex
733 4340 1041 4396 ministrare
1069 4352 1314 4415 sumptus
1338 4354 1392 4399 et
1420 4360 1688 4414 expensas
1715 4361 1842 4401 suas
1866 4346 1934 4400 de
1958 4358 2047 4399 ve-

473 4431 670 4486 niendo
715 4441 771 4487 et
810 4434 1070 4489 morando
1110 4436 1176 4489 ad
1229 4437 1664 4505 parliamentum.
1695 4435 1807 4494 Nec
1852 4437 2050 4492 debent

473 4523 734 4591 ejusmodi
763 4527 946 4580 clerici
995 4528 1232 4583 minores
1261 4530 1593 4584 summoueri
1621 4529 1686 4582 ad
1715 4524 2046 4599 parliamen-

477 4620 609 4677 tum,
652 4616 744 4669 sed
777 4632 869 4671 rex
905 4618 1103 4673 talibus
1131 4620 1320 4689 peritis
1362 4621 1582 4676 mittere
1614 4619 1798 4675 brevia
1829 4636 1926 4675 sua
1954 4634 2044 4674 ro-

475 4708 649 4774 gando
669 4711 811 4775 quod
837 4709 902 4762 ad
931 4710 1347 4778 parliamentum
1380 4727 1536 4767 suum
1563 4712 1906 4777 interessent.
1977 4721 1981 4724 '

493 4829 497 4832 -
547 4797 676 4850 Item
716 4813 812 4853 rex
838 4799 1018 4854 facere
1059 4800 1268 4856 solebat
1322 4803 1772 4858 summonitioucs
1807 4816 1936 4856 suas
1957 4816 2052 4855 ar-

475 4889 855 4960 chiepiscOpis,
894 4893 1162 4962 episcopis
1197 4904 1253 4949 et
1288 4893 1408 4950 aliis
1458 4896 1724 4963 exemptis
1777 4895 2048 4964 personis,

477 4989 535 5035 ut
561 4981 865 5048 abbatibus,
898 4984 1192 5053 prioribus,
1231 4985 1453 5040 decauis
1481 4995 1535 5040 et
1563 4985 1684 5039 aliis
1715 4986 2050 5042 ecclesias”-

2151 3899 2270 3954 quu:
2323 3881 2525 3935 faciunt
2573 3880 2996 3949 quadringentas
3032 3880 3260 3935 libralas
3294 3879 3347 3933 in
3394 3887 3505 3934 toto
3559 3876 3638 3932 vel
3664 3877 3732 3931 ad

2151 3971 2438 4027 valentium
2461 3971 2620 4025 unius
2646 3971 2884 4026 haronia:
2915 3980 3155 4040 integris,
3186 3969 3394 4026 scilicet
3421 3983 3522 4022 xm
3551 3967 3734 4033 leoda,

2150 4075 2206 4120 et
2236 4063 2448 4120 tertiam
2479 4071 2690 4132 partem
2717 4063 2874 4117 unius
2907 4060 3046 4117 leoli
3084 4060 3548 4131 militis,quolihet
3571 4060 3733 4116 feodo

2152 4163 2467 4228 computata
2489 4155 2555 4209 ad
2581 4155 2769 4222 viginti
2801 4155 3043 4219 libratus,
3067 4171 3186 4227 quae
3212 4153 3418 4209 faciunt
3441 4169 3566 4209 cccc
3592 4169 3737 4208 mar-

2152 4262 2246 4301 cas
2277 4264 2288 4299 :
2322 4255 2378 4301 et
2403 4245 2532 4299 nulli
2577 4246 2814 4300 minores
2845 4244 2965 4300 laici
3006 4245 3338 4300 summoueri
3395 4259 3494 4300 nec
3544 4245 3734 4299 venire

2153 4336 2350 4392 debent
2391 4335 2457 4389 ad
2507 4335 2923 4406 parliamentum
2969 4336 3176 4392 ratione
3214 4346 3420 4392 teuurte
3468 4350 3600 4400 suae,
3629 4337 3740 4391 nisi

2153 4444 2340 4484 eorum
2368 4429 2652 4497 praisentia
2682 4428 2803 4483 aliis
2831 4429 2896 4484 de
2927 4430 3106 4485 causis
3147 4428 3311 4484 fuerit
3345 4427 3490 4483 utilis
3517 4428 3600 4482 vel
3646 4444 3740 4484 ne-

2153 4525 2391 4582 cessaria
2424 4524 2491 4579 ad
2528 4525 2968 4594 parliamentum,
3006 4537 3061 4581 et
3089 4536 3214 4582 tunc
3244 4526 3310 4582 de
3337 4525 3443 4581 illis
3490 4523 3607 4578 ﬁeri
3639 4522 3736 4577 de-

2153 4620 2287 4685 bet,
2327 4619 2468 4674 sicut
2505 4618 2707 4673 dictum
2754 4627 2836 4673 est
2882 4619 2949 4673 de
3005 4619 3304 4676 minoribus
3350 4619 3600 4682 clericis,
3641 4616 3752 4687 qui.

2154 4711 2362 4765 ratione
2387 4720 2592 4765 teuura:
2620 4725 2730 4766 sure
2759 4710 2825 4764 ad
2855 4709 3271 4780 parliamentum
3300 4711 3488 4767 venire
3513 4710 3738 4765 minime

2154 4813 2428 4858 tenentur.

2458 4917 2587 4974 CAP.
2628 4916 2714 4972 111.
2752 4917 2826 4972 De
2849 4918 3130 4975 baronibus
3154 4929 3420 4990 portuum.

2224 5009 2357 5058 Item
2389 5024 2482 5058 rex
2516 5017 2728 5058 tenetur
2747 5010 2958 5058 mittere
2991 5012 3171 5058 brevia
3203 5025 3298 5058 sua
3330 5010 3541 5058 custodi
3573 5011 3737 5058 anin-
