4040 5314
343 271 469 328 1541

1782 259 2020 317 LEGES.

3479 253 3611 312 £542

338 385 473 441 catis
497 383 684 454 sigillis
708 381 1087 440 communibus
1115 387 1370 451 portuum
1408 393 1630 434 suorum
1661 377 1921 448 signatis,
1953 393 2000 450 Α
2098 375 2226 432 Car.
2269 374 2378 431 VII.
2417 374 2496 430 De
2517 363 2914 447 principalibus
2937 369 3540 442 clericis-parliamenti.

339 477 479 546 quod
504 475 602 545 ipsi
631 475 734 529 rite
756 473 822 528 ad
848 474 950 528 hoc
976 471 1129 528 electi
1162 481 1216 527 et
1244 470 1506 526 attornati
1531 478 1658 523 sunt
1683 477 1740 522 et
1766 467 1917 522 missi

338 581 436 635 pro
465 566 705 620 baroniis
734 565 839 619 illis
871 579 884 616 :
916 578 1146 632 quarum
1167 577 1273 616 una
1330 559 1650 616 liberabitur
1698 557 1912 613 clericis

338 659 403 713 de
447 659 831 728 parliamento.
862 665 918 712 et
946 656 1054 709 alia
1104 653 1362 710 residebit
1385 666 1552 723 penes
1576 649 1721 721 ipsos
1748 648 1911 704 baro-

337 759 542 814 ncs;et
594 764 719 804 cum
774 746 1083 816 huiusmodi
1126 748 1359 800 barones
1398 754 1650 815 portuum
1705 739 1922 796 licentia

335 841 555 896 obtenta
614 841 680 896 de
729 839 1090 910 parliamento
1139 851 1414 893 recessum
1459 833 1742 896 fecerant,
1785 841 1913 886 tunc

336 932 582 989 solebant
610 933 810 988 habere
826 931 987 987 breve
1005 931 1071 987 de
1092 944 1289 1000 magno
1303 927 1480 1000 sigillo
1497 925 1734 982 custodis
1755 923 1916 994 quin-

335 1039 440 1095 que
491 1032 744 1095 portuum
777 1065 790 1090 ,
822 1024 966 1092 quod
1025 1023 1139 1092 ipse
1186 1019 1538 1076 rationabiles
1576 1027 1822 1086 sumptus
1867 1023 1922 1071 ct

333 1131 603 1185 expensas
631 1131 760 1171 suas
783 1114 1089 1184 huiusmodi
1130 1114 1431 1170 baronibus
1467 1111 1668 1166 habere
1714 1108 1922 1164 faceret

333 1209 400 1264 de
421 1209 814 1263 communitate
859 1215 1050 1276 portus
1081 1205 1246 1269 illius,
1273 1220 1302 1257 a
1335 1203 1512 1274 primo
1551 1201 1638 1256 die
1655 1214 1762 1270 quo
1791 1213 1919 1253 ver-

332 1319 425 1359 sus
448 1303 872 1375 parliamentum
919 1301 1166 1357 venerint
1197 1313 1368 1369 usque
1422 1297 1488 1352 ad
1524 1294 1668 1351 diem
1701 1308 1810 1364 quo
1851 1291 1920 1346 ad

332 1395 553 1464 propria
588 1395 892 1450 redierunt.

404 1483 569 1539 Facta
593 1485 758 1540 etiam
798 1497 1057 1554 expressa
1085 1479 1364 1537 mentione
1419 1478 1472 1533 in
1521 1474 1677 1531 brevi
1719 1474 1812 1530 illo
1851 1473 1919 1528 de

333 1589 486 1629 mora
523 1589 686 1644 quam
711 1573 941 1630 fecerint
986 1573 1054 1627 ad
1103 1570 1538 1643 parliamentum,
1565 1568 1633 1622 de
1683 1566 1771 1621 die
1811 1576 1920 1635 quo

331 1667 610 1733 venerint,
638 1674 692 1722 et
725 1667 993 1723 licentiati
1050 1665 1253 1720 fuerint
1287 1661 1585 1726 redeundi;
1612 1667 1668 1715 et
1710 1657 1917 1714 solebat

2096 465 2227 520 Item
2259 465 2366 521 duo
2394 465 2577 521 clerici
2627 464 2952 537 principales
2978 461 3328 535 parliamenti
3348 461 3609 516 sedebant

2025 556 2080 611 in
2111 555 2718 626 mediojustitiariorum
2737 556 3089 612 irrotulantes
3113 553 3295 610 omnia
3323 551 3523 623 placita
3550 559 3608 605 et

2024 649 2240 718 negotia
2265 649 2628 719 parliamenti,
2651 661 2704 705 et
2727 650 3006 705 sciendum
3031 646 3266 717 quodilli
3291 645 3397 700 duo
3423 642 3608 699 clerici

2024 756 2132 797 non
2164 751 2290 797 sunt
2316 742 2544 812 subjecti
2571 742 2985 813 quibuscunque
3029 738 3365 808 iustitiariis,
3400 751 3501 792 nec
3525 744 3610 790 est

2023 831 2219 901 aliquis
2243 829 2576 900 justitiarius
2607 831 2813 902 Anglia‘.
2859 831 2912 884 in
2952 828 3340 901 parliamento,
3384 840 3484 880 nec
3511 823 3610 879 ba—

2024 923 2154 980 bent
2177 939 2273 994 per
2320 940 2380 981 se
2431 923 2657 980 recorda
2682 924 2734 977 in
2764 921 3147 992 parliamento.
3177 918 3284 974 nisi
3334 923 3606 988 quatenus

2023 1018 2294 1088 assignata
2319 1017 2408 1073 vel
2442 1019 2565 1074 data
2608 1018 2708 1072 fuit
2737 1018 2817 1073 eis
2847 1031 2982 1072 nova
3013 1024 3255 1087 potestas
3298 1014 3352 1068 in
3402 1009 3609 1083 parlia-

2023 1121 2206 1168 mento
2245 1126 2340 1182 per
2368 1127 2548 1183 regem
2605 1120 2661 1167 et
2703 1126 2862 1176 pares
2914 1107 3278 1182 parliamenti,
3303 1113 3361 1160 ut
3394 1103 3608 1174 quando

2021 1203 2280 1274 assignati
2305 1211 2432 1257 sunt
2455 1217 2577 1258 cum
2599 1202 2723 1258 aliis
2760 1201 3122 1258 sectatoribus
3153 1194 3494 1270 parliamenti
3536 1194 3606 1248 ad

2020 1296 2346 1352 audiendum
2373 1304 2428 1352 et
2470 1295 2873 1352 terminandum
2921 1294 3164 1350 diversas
3213 1288 3509 1362 petitiones
3554 1295 3609 1340 et

2021 1387 2274 1459 querelas
2314 1387 2367 1442 in
2389 1388 2749 1457 parliamento
2779 1394 3054 1443 correctas
3077 1384 3170 1457 Π..
3199 1377 3525 1455 porrectas],
3554 1385 3610 1431 et

2021 1489 2148 1536 sunt
2173 1478 2248 1535 illi
2275 1479 2381 1534 duo
2403 1478 2589 1535 clerici
2622 1479 2939 1536 immediate
2976 1475 3206 1545 subjecti
3248 1474 3358 1537 regi
3391 1481 3446 1527 et
3483 1486 3608 1542 par-

2019 1574 2276 1629 Iiamento
2303 1586 2401 1637 suo
2421 1572 2474 1628 in
2497 1572 2794 1636 communi,
2817 1571 2922 1628 nisi
2948 1570 3088 1629 forte
3116 1583 3256 1624 unus
3272 1567 3607 1638 iustitiartus

2017 1664 2104 1720 vel
2131 1663 2238 1720 duo
2266 1665 2610 1734 assignentur
2629 1664 2709 1720 eis
2726 1663 2793 1718 ad
2817 1662 3177 1719 examinanda
3193 1671 3246 1718 et
3267 1656 3604 1714 emendanda

331 1756 539 1812 mentio
563 1756 676 1814 lieri
707 1757 998 1827 aliquando
1025 1756 1079 1810 iu
1108 1756 1282 1818 brevi,
1311 1761 1577 1823 quantum
1602 1748 1909 1819 huiusmodi

2018 1772 2201 1814 corum
2226 1755 2508 1812 irrotulata
2532 1771 2547 1812 :
2576 1764 2635 1813 et
2657 1771 2782 1812 cum
2804 1771 2965 1828 pares
2977 1751 3322 1826 parliamenti
3345 1748 3604 1820 assignati

331 1845 570 1901 barones
598 1860 794 1916 capere
823 1845 1022 1900 debent
1050 1845 1118 1898 dc
1157 1841 1647 1900 communitatibus
1677 1837 1784 1894 illis
1820 1851 1919 1908 per

333 1937 496 2004 diem,
528 1935 737 1992 scilicet
790 1935 955 2006 aliqui
999 1935 1119 2003 plus
1143 1976 1159 2000 ,
1188 1932 1354 2004 aliqui
1401 1933 1583 1989 minus
1618 1929 1916 1986 secundum

330 2044 692 2100 personarum
740 2026 1081 2092 habilitates,
1126 2026 1467 2086 honestates,
1517 2032 1572 2077 et
1618 2029 1912 2093 respectus,

330 2136 432 2177 nec
455 2119 666 2176 solebat
697 2120 821 2192 poni
846 2134 944 2190 per
978 2118 1114 2174 duos
1134 2117 1369 2174 barones
1417 2131 1514 2186 per
1568 2113 1712 2169 diem
1771 2112 1912 2166 ultra

331 2214 520 2285 viginti
549 2212 772 2281 solidos,
800 2211 987 2268 habito
1034 2220 1285 2282 respectu
1335 2210 1400 2264 ad
1457 2207 1670 2262 illorum
1707 2215 1911 2269 moras,

329 2305 543 2362 labores
573 2314 629 2361 et
659 2319 930 2375 expensas
957 2321 971 2358 :
998 2318 1099 2359 nec
1123 2302 1300 2358 solent
1323 2299 1635 2369 huiusmodi
1664 2312 1914 2370 expensa:

329 2398 386 2452 in
424 2407 573 2454 certo
609 2399 794 2469 reponi
820 2413 920 2469 per
955 2397 1166 2453 curiam
1200 2410 1297 2466 pro
1323 2393 1758 2466 quibuscumque
1786 2405 1911 2461 per-

328 2487 478 2544 sonis
505 2489 586 2544 sic
605 2488 796 2545 electis
817 2499 874 2544 et
901 2487 1086 2544 missis
1122 2502 1222 2558 pro
1268 2483 1776 2546 communitatibus,
1810 2481 1912 2537 nisi

329 2595 577 2648 personae
605 2581 735 2650 ipsa:
759 2579 963 2636 fuerint
989 2581 1231 2636 honestae
1249 2587 1304 2633 et
1330 2577 1466 2632 bene
1491 2589 1550 2632 se
1569 2573 1832 2630 habentes
1860 2574 1913 2629 in

328 2670 710 2742 parliamento.

787 2760 917 2817 Car.
956 2759 1046 2816 IV.
1080 2759 1158 2815 De
1190 2759 1466 2815 militibus.

401 2855 532 2910 Item
557 2867 650 2909 rex
681 2853 888 2910 solebat
917 2853 1134 2909 mittere
1173 2853 1354 2909 brevia
1382 2867 1478 2907 sua
1534 2849 1783 2906 omnibus
1830 2847 1910 2902 vi—

331 2947 688 3004 cecomitibus
718 2947 945 3019 Anglia},
974 2947 1120 3018 quod
1149 2945 1274 3016 eligi
1308 2945 1551 3001 facerent
1593 2942 1819 3013 quilibet
1845 2941 1912 2994 de

331 3055 432 3098 suo
453 3040 710 3096 comitatu
742 3055 836 3110 per
865 3041 1042 3110 ipsum
1073 3039 1389 3095 comitatum
1420 3038 1553 3092 duos
1575 3035 1772 3090 milites
1798 3034 1910 3088 ido-

2020 1862 2147 1911 sunt
2179 1854 2247 1909 ad
2273 1854 2601 1910 audiendum
2632 1863 2688 1912 et
2733 1854 3156 1910 examinandum
3210 1850 3422 1920 aliquas
3461 1846 3604 1917 pctiw

2022 1944 2198 2000 tiones
2224 1943 2538 2014 specialiter
2560 1961 2658 2015 per
2686 1960 2767 2012 se,
2801 1931 2931 2002 tunc
2954 1959 3076 2000 cum
3109 1942 3210 2014 ipsi
3238 1938 3444 1996 iuerint
3467 1951 3604 1992 una-

2018 2037 2191 2093 nimes
2217 2045 2272 2093 et
2322 2037 2621 2094 concordes
2644 2037 2697 2092 in
2716 2035 2938 2107 iudiciis
2968 2035 3083 2090 suis
3121 2031 3410 2089 reddendis
3440 2043 3606 2100 super

2017 2128 2280 2198 eiusmodi
2311 2127 2685 2199 petitionibus,
2717 2136 2845 2183 tunc
2871 2125 3204 2188 recitabunt,
3242 2130 3299 2177 ct
3345 2133 3605 2193 processu

2017 2234 2183 2289 super
2221 2218 2421 2275 eisdem
2470 2219 2679 2284 habito,
2709 2225 2765 2272 et
2812 2216 3043 2272 reddant
3082 2213 3286 2284 judicia
3327 2213 3381 2266 in
3433 2209 3594 2280 pleno

2015 2312 2396 2382 parliamento.
2438 2313 2516 2368 ita
2559 2312 2704 2380 quod
2737 2309 2811 2365 illi
2853 2311 2959 2364 duo
3009 2306 3191 2363 clerici
3232 2302 3610 2374 principaliter

2018 2405 2308 2463 irrotulcnt
2337 2403 2519 2460 omnia
2550 2404 2771 2474 placita,
2803 2410 2858 2456 et
2881 2399 3064 2456 omnia
3091 2396 3296 2468 iudicia
3349 2395 3404 2448 in
3455 2393 3605 2464 prin-

2015 2495 2174 2568 cipali
2209 2493 2386 2551 rotulo
2413 2493 2840 2564 parliamenti,ct
2865 2490 3086 2547 eosdem
3117 2486 3325 2544 rotulos
3352 2485 3594 2540 libereut

2016 2587 2082 2640 ad
2105 2585 2506 2642 thesaurarium
2540 2585 2684 2656 regis
2729 2592 3020 2654 antequam
3062 2579 3483 2650 parliamentum
3534 2573 3602 2628 Ii-

2016 2681 2301 2736 centietur.
2327 2678 2402 2733 Ita
2429 2677 2574 2749 quod
2604 2677 2751 2734 omni
2779 2677 2936 2732 modo
2964 2675 3073 2732 sint
3102 2672 3177 2728 illi
3205 2669 3367 2726 rotuli
3395 2669 3446 2723 in
3473 2667 3594 2721 the-

2015 2772 2264 2826 saurario
2291 2781 2418 2826 ante
2448 2784 2719 2826 recessum
2766 2765 3112 2840 parliamenti
3133 2807 3148 2832 ,
3175 2763 3327 2821 salvo
3379 2759 3599 2816 tandem

2015 2859 2459 2917 eisdem’clericis
2487 2860 2610 2916 inde
2637 2859 2961 2930 tt‘anscripto
2987 2857 3102 2914 sive
3147 2848 3520 2912 contrarotulo
3549 2847 3597 2903 si

2014 2954 2067 3010 id
2092 2954 2290 3010 habere
2320 2953 2508 3008 velint.

2085 3044 2176 3101 Isti
2206 3044 2312 3100 duo
2341 3041 2527 3099 clerici
2549 3041 2652 3100 nisi
2675 3041 2783 3098 s'nt
2808 3040 2864 3097 in
2887 3040 2996 3098 alio
3024 3038 3200 3097 olIlcio
3231 3051 3353 3093 cum
3384 3045 3532 3102 rege,
3551 3037 3618 3086 ει·

330 3147 486 3198 neos,
509 3140 566 3188 et
586 3132 845 3187 honestos
875 3141 928 3186 et
963 3132 1188 3203 peritos,
1213 3131 1279 3184 ad
1304 3129 1624 3185 veniendum
1663 3127 1728 3180 ad
1772 3141 1896 3196 par-

2018 3135 2169 3192 feoda
2197 3135 2414 3206 capiant
2442 3135 2508 3190 de
2533 3151 2621 3200 eo,
2650 3135 2724 3189 ita
2779 3133 2924 3204 quod
2975 3132 3100 3187 inde
3146 3131 3372 3186 honeste
3415 3124 3604 3178 vivere

330 3220 646 3276 liamentum
691 3235 849 3276 suum
893 3221 1084 3276 eodem
1116 3220 1276 3274 modo
1303 3235 1411 3289 quo
1467 3219 1670 3272 dictum
1713 3227 1796 3270 est
1845 3215 1912 3270 de

330 3313 627 3370 baronibus
693 3324 970 3384 portuum,
1024 3320 1081 3366 et
1125 3312 1192 3366 de
1243 3311 1508 3365 warantis
1564 3309 1677 3364 suis
1721 3308 1909 3362 eodem

332 3407 514 3474 modo,
550 3407 644 3461 sed
672 3421 772 3477 pro
816 3404 1070 3476 expensis
1126 3405 1356 3460 duorum
1399 3403 1632 3458 militum
1681 3401 1748 3456 de
1805 3414 1912 3453 uno

330 3485 590 3554 comitatu
636 3514 744 3555 non
801 3497 936 3554 solet
985 3498 1117 3569 poni
1157 3497 1297 3552 ultra
1339 3511 1503 3552 unam
1541 3509 1779 3550 marcam
1816 3509 1911 3564 per

329 3588 492 3644 diem.

826 3679 957 3735 CAP.
998 3677 1064 3734 ν.
1099 3678 1177 3734 De
1193 3679 1413 3735 civibus.

399 3771 603 3828 Eodem
634 3773 796 3828 modo
823 3773 1031 3828 solebat
1051 3772 1297 3827 mandari
1323 3772 1514 3841 maiori
1548 3781 1602 3826 ct
1623 3771 1910 3826 vicccomi-

328 3865 470 3921 tibus
493 3865 916 3933 Londoniarum,
949 3876 1005 3921 et
1028 3864 1222 3935 majori
1250 3874 1306 3921 et
1333 3865 1572 3921 baillivis
1598 3865 1678 3920 vel
1718 3865 1908 3936 maiori

328 3965 384 4012 et
402 3957 611 4014 civibus
641 3958 876 4014 Eborum
901 3958 977 4031 [id
1001 3969 1074 4014 est
1105 3958 1381 4032 Eboraci],
1409 3966 1464 4015 et
1494 3959 1724 4014 aliarum
1771 3957 1910 4014 civi-

330 4057 519 4116 talum,
544 4050 687 4121 quod
714 4050 814 4121 ipsi
839 4065 937 4120 pro
961 4050 1220 4105 comitatu
1252 4051 1490 4107 civitatis
1521 4067 1630 4106 suae
1648 4051 1910 4119 eligerent

327 4143 463 4198 duos
486 4145 728 4212 idoneos,
752 4146 1008 4201 honestos
1025 4153 1078 4200 et
1093 4147 1298 4214 peritos
1319 4147 1466 4200 cives
1489 4147 1558 4200 ad
1585 4147 1908 4202 veniendum

327 4245 381 4292 et
434 4236 867 4292 interessendum
911 4237 980 4292 ad
1015 4237 1470 4308 parliamentum,
1503 4239 1693 4293 eodem
1748 4237 1907 4291 modo

327 4341 433 4395 quo
461 4325 666 4382 dictum
695 4325 875 4382 estde
921 4326 1214 4382 baronibus
1255 4327 1494 4398 quinque
1536 4337 1810 4397 portuum,
1853 4338 1907 4384 et

2014 3225 2273 3297 poterint,
2305 3224 2370 3280 de
2404 3240 2532 3295 rege
2575 3225 2792 3295 capiant
2833 3237 2929 3294 per
2959 3223 3103 3277 diem
3135 3234 3299 3274 unam
3357 3227 3600 3270 marcam

2014 3333 2136 3374 cum
2164 3317 2416 3386 expensis
2443 3316 2555 3372 suis
2589 3332 2686 3386 per
2710 3314 2947 3387 aequales
2994 3313 3296 3384 portiones,
3339 3307 3446 3362 nisi
3490 3304 3603 3360 sint

2014 3409 2080 3464 ad
2102 3423 2341 3463 mensam
2373 3407 2575 3464 domini
2601 3407 2764 3478 regis,
2799 3415 2929 3462 tunc
2955 3404 3175 3475 capiant
3217 3408 3417 3474 praeter
3443 3410 3597 3451 men-

2013 3515 2128 3556 sam
2161 3514 2316 3555 suam
2344 3515 2442 3570 per
2469 3500 2636 3568 diem,
2659 3498 2940 3554 dimidiam
2970 3510 3213 3552 marcam
3241 3508 3340 3566 per
3365 3487 3602 3561 aquales

2013 3596 2290 3667 portiones
2319 3611 2417 3668 per
2438 3604 2607 3652 totum
2640 3595 3085 3668 parliamentum.

2340 3689 2473 3746 Car.
2512 3688 2644 3745 VIII.
2668 3688 2747 3744 De
2774 3688 3000 3761 quinque
3023 3685 3247 3742 clericis.

2082 3783 2214 3839 Item
2253 3799 2347 3838 rex
2374 3783 2672 3852 assignabit
2716 3781 2958 3852 quinque
3012 3779 3244 3836 clericos
3295 3775 3503 3848 peritos
3531 3780 3587 3827 et

2012 3877 2366 3948 approbatos,
2395 3890 2629 3946 quorum
2664 3875 2875 3946 primus
2922 3871 3258 3929 ministrabit
3294 3876 3350 3925 et
3395 3866 3602 3924 serviet

2011 3968 2314 4041 episcopis,
2373 3966 2644 4023 secundus
2688 3966 3138 4036 procuratoribus
3188 3963 3354 4030 cleri,
3403 3960 3600 4016 tertius

2012 4061 2302 4116 comitibus
2327 4067 2383 4116 et
2418 4059 2737 4124 baronibus,
2785 4069 3017 4129 quartus
3056 4057 3322 4112 militibus
3369 4053 3598 4110 comita-

2014 4160 2186 4218 tunm,
2216 4153 2438 4221 quintus
2485 4150 2696 4206 civibus
2737 4159 2794 4206 et
2841 4149 3234 4220 burgensibus;
3267 4154 3321 4201 et
3372 4143 3601 4213 quilibet

2010 4256 2197 4296 eorum
2221 4243 2322 4297 nisi
2347 4243 2421 4296 sit
2456 4257 2580 4297 cum
2610 4255 2756 4309 rege,
2785 4249 2842 4295 et
2881 4241 3061 4310 capiat
3093 4239 3162 4294 de
3187 4252 3254 4293 eo
3293 4236 3418 4292 talia
3439 4235 3599 4291 feoda

2011 4344 2066 4388 et
2089 4334 2243 4388 vadia
2275 4335 2416 4403 quod
2450 4333 2572 4388 inde
2598 4333 2827 4388 honeste
2872 4332 3045 4402 possit
3084 4332 3286 4397 vivere,
3318 4328 3498 4398 capiet
3527 4328 3596 4382 de

326 4417 586 4473 militibus
633 4419 1007 4486 comitatuum,
1038 4430 1092 4474 et
1120 4419 1363 4475 solebant
1390 4419 1539 4474 cives
1585 4435 1704 4476 csse
1750 4436 1908 4491 pares
1939 4453 1988 4512 Β
2017 4440 2142 4496 rege
2162 4440 2262 4495 per
2289 4425 2431 4480 diem
2471 4425 2606 4480 duos
2653 4424 2874 4489 solidos,
2907 4424 3009 4480 nisi
3066 4424 3178 4480 sint
3233 4421 3300 4477 ad
3343 4433 3587 4474 mensam

326 4517 382 4563 et
417 4509 652 4580 aequales
690 4525 813 4566 cum
869 4510 1130 4566 militibus
1186 4511 1478 4567 comitatus
1519 4512 1572 4567 in
1627 4513 1902 4583 expensis,

325 4601 612 4668 veniendo,
642 4605 906 4659 morando
945 4612 999 4659 et
1029 4603 1325 4660 redeundo.

727 4695 858 4752 Car.
899 4696 986 4753 Vl.
1025 4696 1102 4750 De
1130 4697 1491 4767 burgemibus.

393 4784 526 4842 Item
557 4802 624 4844 co
660 4787 820 4843 modo
862 4788 1088 4855 solebat,
1120 4797 1174 4844 et
1205 4787 1363 4843 debet
1395 4788 1641 4844 mandari
1691 4788 1904 4846 ballivis

327 4886 377 4933 et
403 4878 590 4948 probis
612 4879 923 4938 hominibus
961 4879 1277 4952 burgorum,
1311 4879 1454 4950 quod
1485 4878 1585 4949 ipsi
1618 4895 1684 4936 ex
1735 4896 1795 4936 se
1850 4890 1906 4938 et

325 4984 421 5039 pro
469 4985 529 5026 se
579 4969 785 5040 eligant
835 4973 970 5028 duos
1006 4971 1248 5038 idoneos,
1289 4972 1549 5028 honestos
1591 4981 1645 5027 et
1693 4971 1907 5044 peritos

325 5059 624 5133 burgenses
638 5062 705 5117 ad
731 5063 1051 5120 veniendum
1075 5075 1127 5119 et
1156 5063 1589 5120 interessendum
1614 5066 1678 5120 ad
1707 5064 1912 5136 parlia-

327 5165 566 5184 ηιιι-ιιηηιι
592 5155 777 5184 AnAn-vn
807 5156 964 5184 vnn-'1‘
990 5171 1095 5184 ηιιΑ
1123 5158 1323 5184 ..τηε-ιω
1357 5165 1436 5184 Abl
1460 5155 1524 5184 1'.s
1552 5157 1761 5184 n:..:l..-n
1813 5163 1910 5184 θη-.

2017 4518 2225 4573 domiui
2258 4519 2423 4590 regis,
2451 4530 2580 4577 tunc
2615 4521 2836 4590 capiant
2859 4533 2958 4588 per
2993 4518 3136 4574 diem
3181 4516 3470 4571 duodecim
3513 4515 3606 4570 dc-

2013 4613 2215 4668 uarios.
2244 4612 2344 4679 Qui
2383 4613 2570 4670 clerici
2613 4614 2855 4669 scribent
2896 4627 3088 4670 eorum
3125 4609 3512 4673 dubitationes,
3547 4617 3604 4662 et

2014 4704 2396 4774 responsiones
2442 4720 2582 4776 quas
2632 4703 2837 4759 faciunt
2873 4707 2991 4775 regi
3039 4714 3097 4764 et
3124 4700 3519 4773 parliamento;
3553 4707 3612 4753 et

2013 4797 2318 4852 intererunt
2371 4796 2437 4852 ad
2496 4813 2594 4855 sua
2626 4797 2854 4853 consilia
2901 4799 3223 4865 ubicunque
3265 4807 3358 4847 eos
3401 4793 3610 4858 habere

2013 4887 2313 4955 voluerint;
2346 4897 2399 4945 et
2440 4904 2564 4945 cum
2608 4890 2710 4960 ipsi
2755 4899 3106 4958 vacaver‘mt
3190 4884 3429 4938 uvabunt
3467 4881 3628 4942 cleri-

2015 4999 2108 5041 cos
2136 4981 2460 5052 principales
2491 4985 2558 5041 ad
2583 4981 3047 5053 irrotulaudum~

2159 5069 2288 5126 Car.
2328 5069 2418 5125 IX.
2453 5073 2532 5129 De
2552 5073 2762 5130 casibus
2782 5082 2829 5128 et
2856 5071 3024 5140 ludi
3038 5083 3151 5152 cm
3173 5061 3512 5152 parliamenti.

2089 5164 2215 5184 μη...
2251 5164 2396 5184 Ι-Ὶμ,
2476 5166 2492 5184 1
2534 5167 2666 5184 1³...

3157 5157 3191 5184 ιξ
3203 5150 3355 5184 mante
3379 5149 3416 5184 εἴ
3425 5165 3490 5184 vn
3520 5142 3667 5184 καί·ἶέ
