4040 5314
409 263 557 320 1343

1555 257 1893 316 WILLELMI
1919 254 2197 322 CONQUE
2216 253 2449 314 STORIS

3543 266 3687 322 13-ίᾶ

413 387 498 431 ιιιι·
527 391 687 432 casus
714 376 804 432 ille
839 362 1040 432 clerico
1069 391 1168 431 suo
1199 374 1250 428 in
1284 365 1505 442 scripto,
1537 378 1591 426 et
1615 372 1666 425 in
1704 378 1854 426 certo
1889 369 2007 423 loco
2035 373 2081 431 Α
2113 369 2254 440 regis
2277 379 2333 427 et
2359 370 2558 443 reginae
2592 380 2648 426 et
2681 387 2908 428 suorum
2956 375 3247 435 liberorum
3301 381 3682 450 tangentibus;

407 469 644 525 recitare
673 469 894 541 iaciant
927 483 1111 524 coram
1150 466 1232 522 eis
1286 480 1472 521 casum
1517 464 1690 528 illum,
1732 464 1803 518 ita
1859 461 2003 532 quod

411 562 510 632 ipsi
547 562 802 617 ordinent
851 569 905 615 et
944 559 1292 615 considerent
1313 572 1495 613 coram
1525 571 1584 611 se
1615 555 1847 626 qualiter
1892 567 2004 608 me-

411 651 516 707 lius
552 660 607 706 et
629 653 831 722 justius
855 650 1071 722 procedi
1103 651 1302 720 poterit
1329 649 1380 704 in
1409 665 1571 704 causa
1599 647 1686 702 illa
1711 648 1850 703 sicut
1878 645 1998 716 ipsi.

410 745 516 802 Pro
551 760 783 815 persona
818 744 980 814 regis,
1024 751 1294 798 eteorum
1345 742 1579 814 propriis
1620 741 1891 821 personis,
1931 754 1996 794 ac

411 838 576 892 etiam
619 853 718 908 pro
769 835 1014 907 personis
1065 851 1252 892 eorum
1303 850 1532 907 quorum
1583 821 1846 903 personas
1899 832 2001 903 ipsi

418 938 840 1000 reprtesentant;
873 937 926 984 et
959 929 1130 984 velint
1183 944 1366 986 coram
1420 928 1531 984 Deo
1561 927 1906 997 respondere,
1949 932 2003 981 et

414 1037 541 1078 suas
571 1023 953 1092 responsiones
981 1031 1036 1077 et
1065 1021 1400 1078 avisamenta
1437 1029 1707 1091 reportent
1757 1035 1812 1073 tn
1867 1033 2002 1074 scrt-

417 1115 552 1185 ptis;
585 1125 642 1168 ut
666 1116 917 1171 omnibus
945 1126 1134 1171 eorum
1161 1113 1608 1186 responsionibus
1628 1122 1678 1167 et
1705 1113 2003 1167 avisamen-

417 1207 508 1274 tis,
537 1209 776 1263 consiliis
791 1216 845 1263 et
876 1208 1228 1264 avisamentis
1251 1208 1378 1263 hinc
1401 1206 1526 1262 inde
1554 1205 1775 1271 auditis,
1807 1219 2002 1261 secun-

416 1301 542 1353 dum
573 1299 763 1353 melius
793 1307 848 1354 et
879 1297 1064 1354 sanius
1092 1298 1376 1354 consilium
1422 1295 1787 1366 procedatur:
1827 1303 1884 1350 et
1911 1294 2000 1350 ubi

419 1390 610 1445 saltem
658 1390 834 1461 major
857 1406 985 1462 pars
1013 1389 1359 1460 parliamenti
1390 1388 1706 1455 concordat,
1739 1394 1798 1441 ut
1820 1401 1864 1443 sn
1904 1400 2006 1457 per

420 1488 746 1542 discordiam
793 1488 935 1542 inter
960 1502 1055 1543 eos
1074 1495 1128 1542 et
1158 1501 1338 1558 regem
1368 1492 1422 1541 et
1446 1485 1656 1556 aliquos
1696 1487 1999 1552 magnetes,

414 1580 496 1635 vel
527 1578 665 1635 forte
700 1580 1002 1650 interipsos
1032 1590 1331 1651 magnates,
1354 1594 1458 1650 pax
1491 1577 1640 1643 regni
1673 1575 2000 1639 inﬁrmetur,

415 1671 496 1725 vel
525 1671 766 1742 populos,
793 1671 875 1725 vel
922 1671 1178 1744 patriam,
1222 1672 1294 1726 ita
1329 1669 1471 1740 quod
1516 1669 1732 1724 videtur
1777 1665 1889 1738 regi
1946 1671 2010 1722 et'

417 1761 534 1830 ejus
562 1761 790 1818 consilio
812 1764 952 1833 quod
984 1762 1276 1833 expediens
1295 1762 1385 1827 sit,
1406 1761 1548 1831 quod
1576 1759 1844 1832 negotium
1869 1757 1998 1812 illud

417 1863 682 1909 tractetur
703 1864 757 1909 et
778 1855 1097 1910 emendetur
1117 1870 1212 1924 per
1234 1853 1722 1909 considerationem
1757 1851 1998 1907 omnium

417 1940 628 2013 parium
653 1945 799 2015 regni
833 1946 937 2009 sui,
977 1944 1056 2000 vel
1085 1944 1129 1998 si
1164 1945 1259 2014 per
1283 1955 1531 2013 guerram
1554 1957 1650 1997 rex
1684 1951 1738 1997 et
1774 1955 1999 2012 regnum

423 2035 770 2104 tribulentur,
795 2037 878 2091 vel
910 2038 953 2092 si
991 2052 1152 2092 casus
1181 2034 1412 2091 diliicilis
1446 2047 1628 2090 coram
1675 2032 2000 2089 cancellario

418 2125 635 2197 Anglia:
664 2135 922 2196 emergat,
949 2142 1043 2182 seu
1067 2125 1282 2181 diliicile
1309 2140 1493 2180 coram
1513 2122 1810 2196 justitiario
1838 2121 2002 2179 fuerit

419 2218 771 2284 reddendum,
805 2227 857 2274 et
894 2218 1219 2288 huiusmodi.

490 2313 619 2368 Etsi
653 2311 792 2367 forte
835 2313 886 2366 iu
937 2312 1243 2383 liujusmodi
1289 2310 1770 2367 deliberationibus
1813 2323 2003 2365 omnes

419 2405 503 2460 vel
532 2405 723 2461 saltem
755 2404 927 2475 major
946 2419 1073 2475 pars
1103 2403 1435 2460 concordare
1459 2419 1564 2459 non
1598 2401 1832 2468 valeant,
1875 2410 2012 2456 tunc

419 2513 602 2554 comes
630 2497 984 2563 seuescallus,
1016 2512 1198 2553 comes
1240 2494 1694 2557 constabularius,
1744 2501 1798 2550 et
1821 2507 2003 2550 comes

421 2591 796 2656 tnarescallus,
827 2591 911 2645 vel
943 2588 1048 2646 duo
1077 2605 1267 2647 eorum
1297 2590 1498 2661 eligent
1529 2588 1718 2660 viginti
1765 2588 2002 2658 quinque

418 2697 681 2752 personas
729 2683 796 2738 de
840 2682 1092 2738 omnibus
1121 2683 1340 2752 paribus
1372 2683 1567 2753 regni,
1608 2681 1813 2738 scilicet
1869 2682 2004 2737 duos

419 2775 724 2844 episcopos,
758 2783 868 2830 tres
913 2782 1298 2846 procuratores
1336 2789 1434 2844 pro
1492 2782 1607 2829 toto
1649 2774 1816 2837 clero,
1867 2773 2004 2830 duos

420 2867 672 2932 comites,
702 2877 758 2921 et
805 2877 915 2922 tres
941 2867 1198 2932 barones,
1229 2866 1470 2935 quinque
1521 2866 1725 2920 milites
1777 2866 2003 2921 comita-

422 2969 593 3022 tuum,
631 2959 870 3028 quinque
893 2959 1040 3014 cives
1087 2969 1141 3013 et
1168 2960 1496 3027 burgenses,
1534 2957 1624 3028 qui
1664 2957 1869 3012 faciunt
1923 2957 2004 3011 vi-

2104 459 2158 515 2.
2197 463 2263 516 de
2289 462 2519 544 negotiis
2557 463 2936 520 communibus
2972 469 3123 538 regni
3155 470 3296 525 etde
3330 470 3540 542 legibus
3567 479 3684 525 sta-

2109 554 2322 609 tuendis
2344 564 2529 610 contra
2563 555 2804 612 defectus
2828 557 3006 629 legum
3035 560 3380 632 originalium
3400 603 3414 628 ,
3439 563 3679 630 judicia-

2105 646 2256 713 linm,
2293 657 2350 703 et
2377 651 2864 718 exsecutoriarum;
2903 662 3025 723 post
3055 651 3259 722 judicia
3283 656 3513 721 reddita,
3563 671 3687 726 qua:

2104 749 2228 795 sunt
2252 741 2485 796 maxime
2504 743 2807 798 communia
2826 745 3040 814 negotia
3063 762 3076 812 ;
3114 752 3275 803 tertio
3295 747 3493 804 debent
3508 762 3688 803 reme-

2105 833 2305 887 morari
2332 834 2545 904 negotia
2572 835 2889 904 singularia,
2930 846 2986 894 et
3037 839 3140 894 hoc
3191 841 3490 896 secundum
3535 840 3689 896 ordi-

2106 939 2231 982 nem
2263 925 2580 983 oetitionum
2612 926 2880 984 illatarum
2931 937 2990 984 ut
3010 931 3330 986 praedictum
3363 939 3466 986 est.

2225 1057 2351 1114 Car.
2382 1057 2471 1114 XI.
2503 1057 2579 1114 De
2598 1059 2776 1115 diebus
2807 1070 2853 1115 et
2887 1060 3028 1116 horis
3054 1061 3122 1115 ad
3145 1059 3567 1132 parliamentum.

2175 1171 2594 1228 Parliamentum
2623 1189 2730 1228 non
2757 1173 2922 1229 debet
2947 1175 3118 1229 teneri
3139 1174 3326 1230 diebus
3349 1173 3704 1240 Dominicis;

2103 1263 2198 1318 sed
2224 1263 2344 1318 aliis
2366 1264 2579 1319 cunctis
2610 1263 2820 1328 diebus,
2858 1263 2951 1319 illo
2978 1263 3065 1320 die
3094 1279 3308 1335 semper
3325 1273 3555 1334 excepto
3583 1305 3601 1329 ,
3631 1271 3690 1320 et

2103 1355 2225 1410 aliis
2254 1355 2446 1420 tribus,
2483 1356 2710 1422 scilicet,
2734 1357 2988 1413 Omnium
3014 1356 3357 1422 Sanctorum,
3380 1367 3439 1413 et
3461 1357 3689 1412 Anima-

2102 1463 2244 1512 rum,
2275 1457 2330 1502 et
2361 1447 2670 1503 Nalivitatis
2711 1448 2887 1504 sancti
2916 1447 3140 1504 Joannis
3173 1448 3457 1520 Baptistae,
3507 1456 3692 1520 potest

2107 1541 2282 1596 teneri
2317 1556 2333 1594 :
2361 1549 2416 1595 et
2436 1541 2594 1596 debet
2622 1540 2847 1611 singulis
2873 1541 3062 1597 diebus
3088 1542 3330 1599 inchoari
3361 1542 3494 1597 hora
3511 1541 3689 1596 media

2104 1633 2301 1702 prima,
2327 1649 2430 1702 qua
2461 1634 2595 1688 liora
2640 1649 2730 1690 rex
2763 1632 2981 1689 tenetur
3005 1634 3363 1704 parliatnento
3393 1635 3682 1696 interesse,

2030 1717 2075 1778 Β
2103 1730 2158 1778 et
2189 1737 2380 1778 omnes
2407 1739 2567 1794 pares
2616 1723 2959 1794 parliamenti
3009 1726 3207 1781 debent
3251 1727 3422 1781 teneri
3468 1724 3689 1782 occulto

2102 1812 2239 1870 loco.
2264 1813 2320 1868 in
2351 1814 2540 1870 diebus
2578 1814 2784 1870 festivis
2814 1815 3231 1886 parliamcntum
3255 1817 3412 1872 debet
3450 1817 3692 1873 inchoa~~

2103 1906 2149 1960 ri
2181 1907 2308 1962 hora
2332 1906 2502 1977 prima
2531 1919 2751 1979 propter
2778 1909 3018 1964 divinum
3054 1908 3355 1964 servitium.

2455 2019 2585 2076 CAP.
2613 2020 2726 2076 Xll.
2753 2021 2828 2076 De
2848 2022 3097 2092 gradibus
3122 2022 3350 2091 parium.

2173 2140 2294 2196 Rex
2321 2147 2404 2195 est
2426 2145 2609 2208 caput,
2639 2135 2961 2206 principium
2989 2143 3045 2191 et
3073 2133 3196 2190 linis
3230 2132 3606 2206 parliamenti,
3632 2141 3704 2186 ctf'

2105 2232 2180 2288 ita
2219 2246 2326 2286 non
2376 2228 2540 2285 habet
2583 2240 2767 2297 parem
2816 2225 2870 2281 in
2912 2241 3011 2282 suo
3054 2225 3323 2297 gradu,et
3352 2226 3422 2279 ita
3449 2239 3514 2279 ex
3549 2238 3686 2293 rege

2107 2324 2225 2382 solo
2254 2331 2337 2379 est
2358 2320 2566 2392 primus
2590 2318 2817 2391 gradus;
2867 2319 3134 2373 secundus
3160 2316 3356 2389 gradus
3384 2324 3467 2370 est
3503 2331 3572 2368 ex
3599 2329 3693 2367 ar-

2106 2413 2482 2487 chiepiscopis,
2538 2409 2838 2482 episcopis,
2904 2409 3209 2474 abbatibus,
3255 2407 3531 2478 prioribus
3581 2419 3694 2474 per

2106 2505 2389 2563 baroniam
2417 2503 2762 2568 tenentibus;
2792 2499 2989 2557 tertius
3019 2501 3219 2573 gradus
3263 2509 3345 2555 est
3375 2497 3443 2553 de
3484 2511 3687 2568 procu-

2108 2599 2377 2656 ratoribus
2402 2597 2559 2663 cleri;
2590 2604 2817 2666 quartus
2854 2594 2918 2650 de
2943 2593 3245 2654 comitibus,
3294 2591 3588 2646 baroaibus
3613 2598 3670 2644 et

2106 2691 2196 2746 alii
2237 2688 2576 2760 magnatibus
2620 2695 2674 2742 et
2725 2683 3049 2755 proceribusl
3085 2683 3390 2738 tenentibus
3461 2681 3528 2734 ad
3579 2693 3672 2734 va-

2106 2783 2331 2840 lentiam
2361 2780 2649 2837 comitatus
2671 2787 2725 2834 et
2757 2775 3020 2843 baroniae,
3053 2777 3191 2830 sicut
3229 2775 3545 2843 praedictum
3591 2782 3677 2828 est

2109 2876 2161 2930 in
2207 2874 2365 2930 titulo
2420 2872 2488 2927 de
2533 2870 2715 2936 laicis;
2749 2871 2970 2940 quintus
3006 2876 3088 2924 est
3129 2869 3193 2923 de
3237 2866 3494 2921 militibus
3543 2881 3687 2920 com.

2110 2960 2478 3036 [comitibus];
2520 2968 2705 3015 sextus
2728 2959 2794 3013 de
2819 2955 3028 3013 civibus
3051 2966 3104 3011 et
3126 2955 3498 3025 burgensibus.
3528 2953 3593 3007 Et
3615 2954 3689 3008 ita

422 3050 555 3119 ginti
584 3050 845 3120 quinque,
878 3049 1026 3104 etilli
1054 3049 1245 3118 viginti
1273 3048 1514 3119 quinque
1551 3057 1777 3119 possunt
1800 3049 2004 3119 eligere
2036 3063 2080 3125 ρ
2115 3064 2199 3109 est
2226 3053 2640 3124 parliamentum
2691 3065 2757 3104 ex
2793 3063 2889 3105 sex
2945 3048 3219 3119 gradibus.
3271 3041 3376 3101 Sed
3407 3046 3693 3100 sciendum

421 3159 486 3196 ex
523 3158 580 3197 se
603 3142 732 3214 ipsis
765 3141 1067 3209 duodecim,
1118 3147 1174 3196 et
1225 3140 1666 3197 condescendere
1707 3141 1760 3194 in
1813 3141 1921 3206 eis,
1951 3148 2006 3195 et

424 3235 526 3303 ipsi
559 3234 842 3290 duodecim
871 3249 985 3295 sex,
1021 3243 1076 3289 et
1109 3233 1551 3289 condescendere
1600 3232 1653 3286 in
1687 3232 1787 3297 eis,
1812 3239 1863 3287 et
1902 3231 2005 3302 ipsi

423 3339 519 3378 sex
557 3325 732 3380 adhuc
766 3333 875 3380 tres
917 3333 971 3380 et
1006 3325 1440 3381 condescendere
1487 3325 1543 3379 in
1573 3325 1671 3390 eis,
1695 3334 1752 3379 et
1781 3323 1855 3378 illi
1891 3334 2000 3380 tres

424 3413 477 3468 in
507 3414 854 3484 paucioribus
891 3415 1328 3471 condescendere
1361 3431 1464 3469 non
1499 3425 1749 3486 possunt,
1780 3416 1882 3472 nisi
1910 3417 2008 3471 ob-

427 3515 573 3562 tenta
601 3504 816 3563 licentia
869 3522 899 3561 a
947 3508 1166 3564 domino
1197 3523 1358 3577 rege;
1405 3515 1463 3562 et
1492 3507 1535 3562 si
1576 3520 1669 3560 rex
1702 3506 2009 3561 consentiat

425 3597 478 3652 in
507 3605 616 3653 tres
644 3608 894 3668 possunt,
921 3599 972 3653 in
999 3599 1158 3665 duos,
1195 3605 1249 3653 et
1275 3599 1343 3654 de
1379 3598 1485 3653 illis
1520 3598 1727 3654 duobus
1754 3597 1890 3653 alter
1915 3612 2010 3668 po-

427 3697 533 3743 test
575 3690 627 3744 in
678 3690 839 3744 alium
866 3690 1194 3746 descendere
1221 3690 1284 3763 [f.
1313 3689 1794 3761 condescendere],
1821 3699 1878 3745 et
1934 3691 2006 3744 ita

424 3779 639 3833 demum
665 3779 830 3833 stabit
864 3795 959 3834 sua
991 3780 1260 3835 ordinatio
1286 3796 1448 3851 supra
1484 3790 1656 3836 totum
1681 3782 2009 3852 parliameu-

429 3876 568 3933 tum,
599 3877 650 3922 et
692 3868 767 3922 ita
800 3869 1288 3926 condescendendo
1316 3885 1344 3923 a
1367 3871 1556 3941 viginti
1602 3871 1844 3942 quinque
1888 3886 2010 3941 pcr-

427 3956 575 4027 souis
600 3970 771 4026 usque
797 3965 864 4013 ad
893 3973 1054 4012 unam
1087 3965 1378 4027 personam
1405 3957 1598 4024 solam,
1627 3958 1730 4012 nisi
1753 3973 2011 4013 numerus

432 4049 611 4119 major
637 4050 972 4106 concordare
1006 4050 1190 4105 valeat
1215 4058 1272 4106 et
1297 4050 1578 4114 ordinare;
1626 4050 1844 4104 tandem
1895 4048 2009 4104 sola

429 4155 681 4214 persona,
710 4150 769 4197 ut
794 4151 878 4198 est
904 4141 1131 4208 dictum,
1163 4155 1262 4213 pro
1293 4140 1550 4197 omnibus
1575 4139 1866 4204 ordinabit,
1890 4153 2014 4208 qum

429 4248 552 4287 cum
581 4247 640 4288 se
667 4231 781 4303 ipsa
839 4233 1157 4288 discordare
1189 4247 1296 4287 non
1345 4241 1544 4301 potest,
1591 4229 1741 4285 salvo
1791 4227 2012 4284 domino

433 4337 579 4394 rege,
608 4332 664 4377 et
683 4322 800 4390 ejus
831 4323 1082 4388 consilio,
1115 4323 1258 4392 quod
1294 4322 1393 4393 ipsi
1446 4320 1750 4390 huiusmodi
1795 4319 2016 4374 ordina-

431 4379 608 4466 tiones
655 4379 944 4482 postquam
971 4379 1188 4482 script-te
1219 4379 1442 4476 fuerint,
1491 4379 1546 4466 εἰ
1578 4409 1918 4473 examinare,
1962 4416 2017 4464 el
2041 4407 2094 4467 ι)
2120 4380 2451 4482 S?°}_'"d‘"“:
2481 4379 2548 4435 de
2575 4379 2666 4450 ίίυί

428 4502 724 4557 emendare
758 4501 994 4567 valeant,
1019 4503 1062 4556 si
1092 4503 1195 4556 hoc
1223 4501 1406 4574 facere
1435 4500 1912 4566 sciant,etvelint;
1939 4498 2016 4555 ita

432 4595 576 4662 quod
605 4593 708 4648 boc
743 4593 941 4648 ibidem
981 4601 1108 4648 tunc
1136 4594 1190 4648 in
1236 4593 1396 4664 pleno
1447 4592 1838 4663 parliamento,
1865 4601 1920 4646 et
1952 4593 2019 4646 de

432 4697 697 4739 consensu
723 4684 1071 4754 parliamenti
1111 4692 1167 4740 et
1220 4699 1327 4740 non
1380 4691 1530 4740 retro
1585 4684 2017 4754 parliamentum

432 4773 545 4839 ﬁ“.
722 4845 850 4901 CAP.
878 4847 949 4900 Χ.
979 4847 1055 4902 De
1094 4847 1310 4918 negotiis
1347 4846 1704 4916 partiamenti.

506 4933 726 5006 Negotia
759 4953 856 5007 pro
875 4938 1072 5007 quibus
1104 4938 1522 5008 parliamentutn
1556 4949 1658 5002 est,
1690 4939 1892 4993 debent
1927 4938 2018 4993 de-

439 5025 658 5087 liberari
690 5029 983 5084 secundum
1016 5030 1286 5084 Kalcndar
1313 5031 1689 5100 ;;arliamenti,
1734 5039 1788 5086 et
1827 5047 2019 5087 secun-

2113 3154 2194 3200 est
2219 3143 2361 3215 quod
2388 3144 2515 3199 licet
2540 3142 2738 3212 aliquis
2766 3141 3030 3197 dictorum
3053 3139 3316 3211 graduum
3356 3147 3477 3209 post
3505 3152 3696 3207 regem

2110 3239 2378 3301 absentet,
2408 3235 2532 3289 dum
2559 3244 2738 3288 tamen
2769 3247 2958 3288 omnes
2993 3229 3296 3302 prtemoniti
3339 3228 3540 3283 fuerint
3591 3241 3700 3298 per

2112 3327 2486 3385 rationabilem
2520 3321 2992 3380 summonitionem
3019 3320 3382 3391 parliamenti,
3413 3317 3691 3372 nihilomi-

2113 3435 2214 3476 nus
2240 3425 2497 3474 censetur
2525 3431 2645 3471 esse
2676 3413 2912 3486 plenum.

2391 3529 2520 3587 CAP.
2545 3527 2677 3584 Xlll.
2720 3525 2794 3582 De
2832 3526 2986 3582 modo
3015 3525 3367 3596 parliamenti.

2181 3644 2411 3702 Ostensa
2432 3643 2608 3714 primo
2639 3641 2812 3697 forma
2843 3640 3074 3712 qualiter
3094 3640 3316 3712 cuilibet
3349 3649 3401 3693 et
3426 3656 3454 3692 a
3486 3648 3708 3708 quanto-

2115 3747 2362 3808 tempore
2397 3734 2749 3791 summonitio
2796 3731 3133 3805 parliamenti
3159 3730 3272 3785 ﬁeri
3297 3731 3476 3792 debet,
3511 3741 3568 3783 et
3596 3729 3689 3798 qui

2114 3832 2304 3888 venire
2329 3829 2528 3885 debent
2553 3841 2647 3899 per
2671 3825 3172 3888 summonitionem,
3209 3831 3263 3878 et
3293 3821 3383 3891 qui
3420 3836 3562 3884 non;
3598 3837 3689 3875 se-

2113 3924 2289 3980 cundo
2317 3921 2610 3978 dicendum
2650 3926 2735 3975 est
2761 3918 2853 3988 qui
2885 3927 3014 3974 sunt
3043 3916 3135 3987 qui
3167 3915 3377 3970 ratione
3398 3912 3698 3968 oliiciorum

2112 4026 2333 4068 suorum
2367 4011 2552 4066 venire
2578 4009 2776 4065 debent
2803 4017 2858 4062 et
2886 4009 3150 4062 interesse
3180 4014 3434 4060 tenentur
3468 4019 3564 4072 per
3610 4013 3697 4056 to-

2114 4113 2226 4160 tum
2257 4103 2671 4174 pan-liameulum
2699 4101 2815 4156 siue
2841 4099 3282 4156 suinmonitione.
3316 4095 3469 4152 Unde
3501 4097 3698 4150 adver-

2115 4199 2334 4252 tendum
2359 4206 2444 4252 est
2471 4195 2614 4266 quod
2640 4195 2745 4250 duo
2775 4192 2956 4248 clerici
2981 4190 3306 4262 principales
3324 4189 3695 4259 parliamenti,

2116 4289 2298 4344 clerici
2328 4303 2426 4359 per
2455 4301 2636 4358 regem
2668 4293 2725 4341 et
2755 4284 2871 4354 ejus
2896 4284 3201 4346 consilium,
3252 4293 3305 4338 et
3361 4282 3451 4335 alii
3509 4280 3699 4335 clerici

2671 4379 2771 4434 bus
2794 4386 2850 4436 et
2871 4393 3101 4448 quorum
3133 4375 3323 4430 ciliciis
3345 4375 3555 4429 dicetur
3575 4388 3698 4442 spc-

2120 4471 2308 4526 cialius
2339 4481 2487 4541 post;
2548 4481 2601 4524 et
2636 4469 2955 4541 principalis
3007 4467 3270 4524 clamator
3313 4466 3518 4536 Anglia:
3571 4480 3700 4520 cum

2121 4565 2614 4621 subclamatoribus
2641 4565 2774 4629 suis,
2831 4572 2886 4618 et
2913 4562 3230 4634 principalis
3283 4562 3541 4618 ostiarius
3588 4562 3703 4615 An-

2123 4658 2273 4731 glice;
2307 4671 2427 4727 qua:
2451 4656 2556 4711 duo
2587 4655 2783 4722 oﬂicia,
2808 4654 3019 4710 scilicet
3072 4653 3308 4708 oilicium
3364 4651 3701 4706 clamatoria:

2120 4760 2174 4806 et
2201 4749 2466 4814 ostiarize,
2495 4747 2741 4803 solebant
2791 4745 2857 4800 ad
2900 4760 3066 4800 unum
3102 4754 3159 4800 et
3209 4744 3351 4799 idem
3400 4742 3696 4812 pertinere.

2120 4841 2210 4896 Isti
2241 4839 2483 4896 oliieiarii
2517 4847 2770 4894 tenentur
2797 4837 3063 4893 interesse
3089 4835 3265 4905 primo
3317 4832 3421 4890 die.
3461 4831 3697 4886 Cancel-

2121 4935 2288 4990 larius
2301 4933 2532 5006 Angliac,
2563 4931 2954 4994 tliesaurarius,
2985 4928 3350 4991 eamerarius,
3379 4935 3437 4980 et
3463 4926 3702 4979 barones

2123 5027 2188 5082 de
2212 5024 2523 5089 Scaecario,
2561 5021 2870 5094 justitiarii,
2921 5035 3115 5077 omnes
3166 5007 3347 5075 clerici
3400 5026 3455 5072 et
3498 5015 3702 5071 milites
