4040 5314
295 315 434 373 1335

1820 309 1951 368 LEG
1961 313 2062 368 ES.

3426 333 3558 393 1346

297 441 512 486 tenetur
561 429 822 484 interesse
863 427 1038 498 primo
1071 436 1229 482 sexto
1279 426 1367 480 die
1396 423 1761 495 parliamenti,
1819 436 1874 482 et
1903 432 1950 491 Α
1987 429 2154 493 dicat,
2184 427 2266 483 vel
2295 428 2370 483 ita
2397 429 2554 485 hasse
2581 429 2838 501 loquitur,
2869 433 3012 491 dicat
3043 436 3256 505 iterato,
3283 449 3340 495 et
3369 440 3553 518 loqua-

295 521 543 576 solehant
586 519 963 582 cancellarius,
1003 517 1373 572 thesaurarins
1423 524 1476 570 et
1527 516 1756 571 barones
1805 515 1873 570 de

294 611 587 666 Seaccario
605 609 884 680 justitiarii
916 608 1198 664 recordare
1216 605 1412 662 defalta
1433 605 1603 679 [Gal.,
1617 607 1872 678 défautsj,

220 693 224 695 Α
305 701 450 758 facta
482 703 534 756 in
563 702 919 772 parliamento
948 700 1050 755 sub
1073 699 1262 755 ordine
1285 699 1660 769 quisequitur.
1689 698 1873 756 Primo

293 791 381 846 die
405 791 738 848 vocabuntur
763 791 1065 860 burgenses
1112 797 1168 846 et
1220 789 1368 844 cives
1415 790 1582 844 totius
1619 787 1862 858 Angliaa;

296 894 407 949 quo
447 881 532 936 die
564 881 610 936 si
645 895 750 936 non
778 880 1017 944 veniant,
1057 877 1443 934 amerciabitur
1504 875 1584 948 [id
1618 885 1692 930 est
1729 876 1869 931 mul-

296 970 518 1043 tabitur]
551 970 832 1041 burgensis
863 969 929 1023 ad
959 977 1177 1025 centum
1209 982 1442 1034 marcas,
1476 975 1530 1021 et
1559 967 1758 1022 civitas
1802 967 1870 1020 ad

291 1068 509 1115 centum
534 1060 721 1118 libras.
752 1043 1006 1114 Secundo
1034 1058 1121 1114 die
1154 1058 1493 1112 vocabunt-ur
1522 1057 1724 1112 milites
1775 1072 1869 1113 co-

293 1150 596 1205 rnitatuum~
624 1150 788 1206 totius
835 1148 1076 1219 Anglice;
1127 1163 1234 1218 quo
1279 1147 1365 1202 die
1395 1147 1440 1202 si
1476 1162 1583 1201 non
1631 1147 1867 1214 veniant,

291 1241 681 1297 amerciabitur
702 1242 992 1296 comitatus
1032 1239 1173 1294 unde
1201 1248 1328 1294 sunt
1353 1238 1418 1292 ad
1445 1247 1660 1293 centum
1685 1238 1868 1292 libras.

293 1330 478 1386 Tertio
506 1331 594 1388 die
621 1332 966 1402 parliamenti
1009 1329 1349 1386 vocabuntur
1380 1331 1612 1386 barones
1632 1331 1870 1400 quinque

292 1430 574 1491 portuum;
625 1432 681 1478 et
731 1432 918 1493 postea
977 1422 1228 1484 barones,
1265 1431 1320 1476 et
1363 1429 1549 1491 postea
1602 1420 1864 1486 comites;

291 1513 432 1569 unde
481 1514 526 1568 si
585 1513 818 1569 barones
859 1512 1102 1583 quinque
1163 1521 1414 1580 portuum
1470 1525 1575 1564 non
1627 1511 1864 1575 veniant,

296 1605 687 1661 amerciabitur
716 1604 940 1660 baronia
977 1604 1065 1658 illa
1093 1604 1160 1658 ad
1188 1614 1403 1659 centum
1435 1618 1665 1665 marcas,
1691 1612 1741 1658 et
1770 1619 1865 1658 co-

300 1711 420 1752 mes
456 1696 523 1751 ad
550 1703 767 1751 centum
800 1695 994 1761 libras;
1031 1694 1218 1750 eodem
1240 1694 1400 1751 modo
1425 1695 1516 1748 liet
1537 1694 1602 1748 de
1633 1693 1740 1748 illis
1770 1695 1862 1764 qui

289 1795 415 1841 sunt
463 1802 621 1857 pares
655 1786 943 1842 comitibus
970 1794 1024 1842 et
1051 1785 1344 1840 baronibus
1393 1785 1602 1840 scilicet
1632 1785 1722 1855 qui
1773 1787 1866 1840 ha-
1894 1772 1941 1834 Β

287 1879 416 1934 bent
449 1890 621 1939 terras
647 1889 702 1936 et
728 1881 933 1937 reditus
959 1881 1024 1935 ad
1064 1880 1300 1935 valerem
1347 1879 1508 1934 unius
1557 1880 1863 1945 comitatus,

293 1970 377 2025 vel
397 1971 553 2026 unius
585 1972 846 2036 baronize,
872 1982 932 2026 ut
964 1971 1285 2042 prmdictum
1313 1979 1395 2025 est
1421 1970 1474 2024 in
1513 1969 1594 2024 tit.
1620 1970 1686 2024 de
1723 1985 1870 2024 sum-

281 2059 615 2115 monitione.
671 2060 877 2130 Quarto
933 2062 1019 2117 die
1082 2061 1422 2117 vocabuntur
1484 2069 1868 2131 procuratores

288 2151 445 2217 cleri,
476 2167 583 2223 quo
611 2152 697 2208 die
732 2153 776 2207 si
825 2169 932 2208 non
970 2153 1212 2218 veniant,
1256 2152 1698 2208 amerciabuntnr
1754 2154 1869 2223 epi-

288 2245 440 2317 scopi
473 2247 556 2300 sui
583 2261 680 2317 pro
723 2245 964 2316 quolibet
1013 2246 1458 2302 archidiaconatu
1486 2246 1575 2317 qui
1610 2243 1866 2301 defaltum

283 2329 572 2392 ’feceritad
600 2347 814 2394 centum
850 2353 1082 2394 marcas.
1136 2337 1337 2406 Quinto
1391 2338 1478 2393 die
1530 2340 1867 2393 vocabuntur

291 2428 502 2497 decani,
526 2429 756 2499 priores,
799 2429 1042 2494 abbates,
1089 2428 1356 2499 episcopi,
1405 2427 1620 2482 demum
1683 2427 1863 2482 archi—

287 2521 562 2590 episcopi;
593 2520 684 2591 qui
733 2520 776 2573 si
822 2536 924 2574 non
956 2521 1197 2586 veniant,
1225 2515 1616 2573 amerciabitur
1640 2518 1868 2588 quilibet

289 2611 730 2681 archiepiscopus
761 2610 825 2664 ad
857 2620 1075 2666 centum
1108 2610 1298 2676 libras,
1347 2609 1635 2679 episcopus
1675 2617 1866 2664 tenens

293 2700 558 2770 integram
591 2700 873 2756 baroniam
914 2702 980 2755 ad
1035 2709 1252 2754 centum
1304 2715 1536 2765 marcas,
1574 2708 1627 2753 et
1676 2699 1862 2753 eodem

290 2795 449 2849 modo
475 2796 539 2848 de
564 2792 874 2857 abbatibus,
902 2792 1194 2862 prioribus,
1225 2801 1329 2846 etc.
1372 2790 1556 2846 Primo
1596 2789 1681 2846 die
1705 2791 1864 2846 debet

289 2884 406 2938 ﬁeri
459 2883 833 2955 proclamatio,
867 2883 1041 2954 primo
1083 2883 1136 2937 in
1181 2884 1330 2948 aula,
1361 2883 1475 2939 sive
1511 2886 1862 2950 monasterio,

287 2992 382 3031 seu
415 2976 596 3047 aliquo
623 2973 741 3030 loco
773 2975 988 3046 publico
1031 2975 1119 3029 ubi
1162 2977 1575 3046 parliamentum
1629 2986 1861 3042 tenetur,

1993 526 2079 572 tur
2097 519 2278 586 altius,
2307 520 2392 574 vel
2419 520 2672 590 loquatur
2697 521 2947 593 aliuspro
2975 541 3060 582 eo.

2044 619 2170 675 CAP.
2209 619 2368 675 XVII.
2409 621 2638 693 Loquela
2678 625 2810 694 regis
2845 635 2958 694 post
2987 632 3482 695 pronuntia'iouent.

2047 709 2159 765 Rex
2193 722 2316 780 post
2344 713 2840 781 pronuntiationem
2867 731 2964 783 pro
2993 715 3060 788 [Ῑ.
3085 717 3160 790 in]
3187 718 3545 792 parliamento

1974 815 2170 870 rogare
2221 802 2382 858 debet
2429 803 2658 859 clericos
2707 815 2760 861 et
2803 806 2970 862 laicos
3007 810 3333 866 nominando
3361 827 3551 866 omnes

1973 905 2162 945 eorum
2213 893 2431 962 gradus,
2473 895 2683 949 scilicet
2721 897 3180 966 archiepiscopos,
3240 900 3545 970 episcopos,

1974 981 2224 1047 abbates,
2276 983 2508 1052 priores,
2558 986 3004 1054 archidiaconus,
3051 1000 3450 1059 procuratores,
3493 1003 3548 1048 ct

1973 1071 2108 1127 alios
2140 1073 2206 1127 de
2241 1074 2410 1139 clero,
2451 1077 2698 1139 comites,
2733 1079 2986 1145 barones,
3030 1082 3199 1147 cives,
3229 1083 3544 1154 burgenses,

1971 1171 2027 1216 et
2069 1161 2205 1219 alios
2254 1163 2424 1220 laicos
2474 1175 2532 1220 ut
2577 1167 2677 1236 ipsi
2727 1169 3033 1238 diligenter,
3070 1172 3312 1227 studiose
3337 1182 3394 1227 et
3418 1189 3545 1228 con-

1971 1255 2212 1312 corditer
2255 1256 2502 1313 laborent
2544 1261 2612 1313 ad
2654 1263 3098 1330 pertractandum
3151 1273 3206 1320 et
3243 1264 3548 1320 deliberan-

1968 1346 2098 1404 dum
2139 1349 2352 1420 negotia
2385 1351 2748 1418 parliamenti,
2783 1361 2944 1422 prout
2970 1352 3147 1422 majus
3181 1363 3238 1409 et
3267 1355 3542 1424 principa-

1968 1433 2072 1490 Iius
2098 1437 2200 1491 hoc
2226 1437 2294 1492 ad
2324 1435 2418 1492 Dei
2445 1437 2777 1494 voluntatem
2803 1439 2998 1508 primo,
3025 1449 3078 1494 et
3099 1450 3286 1511 postea
3315 1443 3381 1496 ad
3425 1442 3544 1512 ejus

1968 1534 2022 1579 et
2057 1540 2246 1581 eorum
2276 1526 2514 1584 honores
2562 1536 2619 1582 et
2663 1529 2946 1584 commoda
2981 1528 3097 1586 fore
3143 1531 3444 1601 intelligent
3490 1540 3545 1585 et

1969 1618 2222 1673 sentient.

2072 1730 2200 1786 CAP.
2232 1731 2416 1787 XVIII.
2456 1732 2534 1788 De
2562 1733 2793 1788 absentia
2825 1736 2957 1806 regis
2985 1736 3040 1790 in
3067 1736 3430 1806 parliamento.

2041 1824 2155 1880 Rex
2225 1835 2442 1882 tenetur
2496 1828 2807 1884 omnimodo
2866 1831 3224 1898 personaliter
3281 1834 3544 1888 interesse

1974 1923 2360 1993 parliamento,
2392 1925 2496 1980 nisi
2527 1940 2624 1995 per
2652 1927 2984 1998 corporalem
3030 1929 3400 1998 aegritudinem
3446 1933 3542 1984 de-

1972 2016 2231 2083 tineatur,
2262 2027 2318 2073 et
2351 2027 2477 2074 tunc
2515 2028 2695 2089 potest
2734 2030 2918 2076 tenere
2948 2036 3219 2077 cameram
3253 2037 3427 2085 suam,
3467 2024 3539 2078 ita

1968 2106 2109 2175 quod
2142 2121 2245 2160 non
2271 2106 2452 2174 jaceat
2478 2116 2628 2162 extra
2661 2109 2964 2164 manerium
3001 2110 3086 2166 vel
3129 2111 3321 2167 saltem
3354 2112 3534 2166 villain

1968 2197 2057 2252 ubi
2086 2196 2500 2268 parliamentum
2525 2209 2767 2268 tenetur,
2796 2209 2850 2256 et
2873 2210 3000 2258 tunc
3021 2203 3180 2259 debet
3202 2203 3415 2259 mittere
3445 2219 3542 2274 pro

1967 2308 2042 2349 xu
2068 2295 2313 2363 personis
2341 2296 2405 2349 de
2440 2296 2738 2365 majoribus
2759 2307 2812 2350 et
2844 2296 3156 2352 melioribus
3177 2297 3269 2367 qui
3297 2313 3537 2352 summo~

1967 2383 2065 2437 niti
2092 2393 2215 2437 sunt
2239 2385 2304 2436 ad
2329 2382 2763 2452 parliameutum,
2781 2385 2986 2440 scilicet
3017 2387 3227 2439 duobus
3252 2387 3541 2455 cpia-epis,

1967 2470 2172 2525 duobus
2182 2472 2487 2537 comitibus,
2505 2474 2711 2528 duobus
2729 2476 3040 2536 baronibus,
3055 2476 3262 2530 duobus
3283 2477 3542 2532 militibus

1967 2563 2341 2629 comitatuum,
2363 2565 2569 2621 duobus
2601 2566 2829 2630 civibus,
2861 2576 2916 2621 et
2946 2568 3152 2622 duobus
3183 2569 3541 2634 burgensibus

1966 2653 2033 2708 ad
2063 2653 2351 2709 videndum
2392 2670 2677 2723 personam
2709 2671 2860 2710 suam
2893 2658 2960 2710 ad
2999 2658 3539 2726 testiﬁcandumsta-

1969 2751 2079 2796 tum
2110 2758 2285 2808 suum,
2322 2752 2371 2799 et
2408 2745 2458 2799 in
2488 2760 2677 2799 eorum
2702 2747 2991 2815 prtescntia
3015 2749 3360 2805 committere
3383 2751 3543 2805 debet

1969 2834 2383 2904 archiepiscopo
2415 2836 2538 2897 loci,
2582 2837 2881 2892 senescallo
2923 2846 2978 2892 et
3008 2840 3222 2909 capitali
3246 2839 3542 2909 justitiario

1966 2939 2088 2989 suo,
2127 2925 2271 2994 quod
2307 2926 2407 2995 ipsi
2452 2928 2781 2997 conjunctim
2832 2939 2890 2984 et
2933 2929 3148 2984 divisim
3193 2931 3447 2986 inchoent
3488 2941 3541 2993 et
3595 2961 3604 2967 κ

1967 3018 2282 3090 continuent
2315 3018 2729 3088 parliamentum
2760 3022 2980 3078 nomine
3009 3037 3108 3078 suo
3140 3022 3280 3079 facta
3315 3024 3368 3078 in
3393 3039 3540 3078 com-

285 3076 342 3122 et
398 3068 736 3139 postmodum
789 3066 1003 3138 publice
1061 3067 1113 3122 in
1163 3068 1384 3123 civitate
1438 3069 1522 3122 vel
1570 3069 1696 3123 villa
1749 3068 1860 3135 illa.
1889 3109 1936 3172 ε

294 3161 428 3181 ---ΑνΙ
461 3174 641 3181 -..ΑηΑΑ
675 3159 745 3181 ειη
800 3160 883 3181 -.-ε
919 3159 1203 3181 --.ε.ε,----
1246 3168 1290 3181 ,ι
1329 3159 1574 3181 ..-_-.._I---
1629 3159 1857 3181 I!l_-_-_-
3410 3155 3421 3170 ⁸
3481 3159 3498 3172 ⁸

285 3161 429 3230 quod
456 3174 644 3218 omnes
675 3159 748 3214 illi
794 3160 884 3231 qui
919 3159 1206 3231 petitiones
1241 3168 1296 3214 et
1323 3159 1576 3229 querelas
1629 3159 1862 3218 liberare

287 3251 451 3307 velint
499 3253 563 3306 ad
592 3253 1026 3331 parliamentum,
1060 3251 1203 3322 quod
1261 3251 1366 3306 illis
1413 3252 1781 3308 deliberentur
1830 3269 1860 3308 a

283 3342 461 3410 primo
484 3343 568 3398 die
587 3342 931 3415 parliamenti
963 3344 1016 3397 in
1054 3342 1294 3414 quinque
1327 3343 1442 3397 dies
1480 3344 1725 3413 proxime
1770 3359 1858 3401 se-

286 3444 533 3503 quentes.
1371 3445 1381 3455 ‘

393 3547 522 3606 Car.
564 3547 681 3603 XV.
723 3548 796 3603 De
824 3549 1197 3618 prwdt'catione
1227 3551 1296 3603 ad
1325 3549 1748 3620 parliamentum.

285 3695 288 3700 -
359 3662 511 3720 linus
535 3663 997 3733 archiepiscopus,
1019 3663 1104 3719 vel
1133 3678 1364 3735 magnus
1385 3663 1641 3729 clericus,
1658 3665 1861 3722 discre-

285 3763 372 3810 tus
416 3764 472 3810 et
525 3755 790 3810 facundus
843 3755 1078 3811 clericus
1138 3771 1235 3825 per
1284 3756 1748 3826 archiepiscopum
1804 3757 1858 3811 in

285 3844 439 3914 cujus
485 3845 760 3914 provincia
810 3845 1227 3914 parliamentum
1281 3852 1514 3910 tenetur,
1564 3845 1860 3916 praedicare

285 3934 446 3989 debet
480 3950 590 3988 uno
617 3935 845 3990 istorum
877 3935 1172 4004 primorum
1216 3935 1457 4007 quinque
1486 3937 1698 3992 dierum
1733 3953 1860 4007 par-

287 4025 533 4079 liamenti
570 4025 623 4079 in
669 4024 828 4094 pleno
867 4026 1250 4095 parliamento,
1280 4036 1338 4082 et
1368 4027 1421 4081 in
1452 4027 1740 4098 praesentia
1774 4043 1860 4083 re-

287 4118 402 4187 gis;
431 4127 488 4172 et
535 4119 637 4173 hoc
666 4119 884 4187 quando
913 4117 1330 4188 parliamentum
1361 4134 1458 4188 pro
1490 4117 1679 4187 majori
1707 4130 1858 4189 parte

283 4207 452 4261 fuerit
481 4208 795 4278 adjunctum
821 4216 877 4263 et
903 4218 1315 4279 congregatum,
1338 4219 1392 4264 et
1421 4209 1474 4264 in
1505 4211 1730 4264 servitio
1759 4225 1858 4267 suo

230 4292 234 4296 ’
285 4311 680 4372 consequenter
732 4299 1054 4370 subiungere
1114 4301 1210 4358 toti
1264 4301 1660 4369 parliamento,
1714 4302 1856 4371 quod

283 4391 384 4460 ipsi
421 4407 545 4446 cum
571 4406 636 4447 eo
663 4390 943 4447 humiliter
978 4391 1090 4446 Deo
1128 4390 1434 4458 supplicent
1459 4400 1515 4444 et
1541 4391 1713 4461 ipsum
1761 4391 1856 4445 ad-

284 4493 437 4541 orent
463 4499 561 4558 pro
585 4498 718 4557 pace
747 4494 803 4540 et
830 4483 1223 4554 tranquillitate
1255 4481 1399 4552 regis
1427 4492 1483 4537 et
1513 4485 1860 4554 regni,prottt

285 4576 496 4631 dicetur
533 4574 822 4647 specialius
873 4573 924 4626 in
963 4572 1210 4642 sequenti
1247 4573 1401 4627 titulo
1438 4573 1503 4628 de
1530 4573 1856 4642 pronuntia-

284 4668 428 4723 tione
457 4665 524 4722 ad
561 4666 994 4738 parliame’ntum.

371 4761 499 4837 Ctp.
538 4778 680 4835 XVI.
721 4777 800 4832 De
833 4777 1258 4848 pronuntiatione
1299 4777 1356 4830 in
1393 4775 1758 4843 parliamento.

351 4890 480 4949 Post
523 4891 964 4964 praedicationem
1017 4890 1178 4945 debet
1224 4889 1578 4945 cancellarius
1623 4887 1853 4960 Angliae,

279 4984 364 5040 vel
392 4983 644 5053 capitalis
664 4981 992 5052 justitiarius
1027 4980 1254 5050 Anglite,
1290 4981 1378 5035 ille
1415 4980 1621 5034 scilicet
1648 4981 1738 5054 qui
1779 4989 1858 5032 te-

1254 5088 1274 5096 α
1310 5072 1529 5096 ζ.¹Α-1Α.ιιη
1598 5071 1624 5096 ιι

635 5086 812 5096 --.ημνι
849 5087 968 5096 ..-ι-ρ.
1026 5071 1106 5096 ..ΑΙ
1141 5087 1163 5096 Α

1965 3201 2223 3258 absentiae
2259 3217 2392 3266 suae,
2426 3218 2547 3274 qum
2595 3203 2841 3260 suliicere
2875 3204 3055 3270 debet,
3093 3215 3149 3261 et
3179 3221 3403 3262 monere
3432 3223 3536 3262 ca:-

1967 3303 2115 3349 teros
2139 3294 2351 3350 nobiles
2380 3302 2434 3349 et
2462 3304 2745 3362 magnates
2778 3296 2844 3351 de
2872 3297 3248 3367 parliamento,
3279 3313 3383 3352 una
3415 3313 3538 3352 cum

1963 3384 2179 3453 negotio
2217 3394 2274 3439 et
2321 3384 2636 3442 testimonio
2685 3386 2953 3442 dictorum
2996 3389 3278 3444 duodecim
3325 3390 3540 3459 parium

1959 3492 2206 3534 suorum.
2237 3476 2413 3533 Causa
2445 3486 2530 3533 est
2553 3478 2693 3548 quod
2721 3478 2930 3534 solebat
2970 3479 3178 3534 clamor
3206 3488 3263 3534 et
3294 3493 3540 3534 murmur

1958 3584 2080 3627 esse
2118 3570 2172 3625 in
2211 3569 2570 3641 parliamento
2622 3586 2720 3641 pro
2767 3571 3012 3626 absentia
3060 3571 3223 3642 regis,
3275 3571 3400 3641 quia
3453 3587 3540 3626 res

1960 3663 2219 3717 damnosa
2245 3670 2298 3717 et
2324 3661 2625 3732 periculosa
2661 3671 2744 3717 est
2775 3662 2869 3717 toti
2907 3661 3283 3716 communitati
3328 3662 3530 3732 parlia-

1959 3754 2150 3818 menti,
2181 3763 2238 3808 et
2274 3754 2438 3808 etiam
2471 3755 2642 3824 regni,
2673 3768 2796 3808 cum
2831 3769 2925 3808 rex
2973 3767 3001 3807 a
3051 3752 3409 3821 parliamento
3443 3754 3538 3806 ab-

1958 3859 2084 3899 sens
2111 3843 2304 3910 fuerit;
2337 3860 2436 3899 nec
2466 3861 2524 3899 se
2555 3845 2843 3900 absentare
2865 3847 3043 3909 debet,
3071 3859 3169 3900 nec
3199 3855 3372 3914 potest
3397 3842 3534 3901 dun-

1961 3943 2111 3991 taxat
2138 3935 2239 3991 nisi
2275 3935 2328 3990 in
2359 3950 2490 3991 casu
2520 3936 2850 4006 supradicto.

1993 4047 2121 4101 CAP.
2162 4045 2306 4100 XIX.
2347 4046 2426 4099 De
2456 4045 2569 4100 loco
2598 4057 2644 4100 et
2676 4048 2992 4101 sessioni-bns
3023 4048 3078 4100 in
3127 4047 3476 4116 parliamento

2026 4137 2230 4201 Primo,
2264 4145 2322 4190 ut
2369 4137 2681 4206 prmalictum
2725 4146 2829 4194 est.
2861 4152 2958 4190 rex
3007 4136 3217 4190 sedebit
3258 4137 3310 4188 in
3356 4138 3533 4190 medio

1957 4225 2074 4281 loco
2122 4225 2350 4293 majoris
2389 4225 2579 4286 banci;
2629 4239 2695 4277 ex
2729 4233 2883 4291 parte
2926 4221 3044 4288 ejus
3091 4222 3280 4276 dextra
3323 4224 3535 4277 sedebit

1957 4319 2394 4387 archiepiscopus
2431 4314 2860 4378 Cantuariensis,
2893 4323 2949 4367 et
2991 4328 3055 4367 ex
3102 4322 3255 4383 parte
3301 4313 3420 4382 ejus
3457 4315 3534 4368 si-

1960 4409 2131 4463 nistra
2175 4409 2618 4478 archiepiscopus
2661 4405 2912 4469 Ebornm,
2955 4415 3010 4459 et
3048 4415 3168 4475 post
3198 4406 3318 4461 illos
3347 4408 3530 4461 statim

1957 4500 2212 4568 episcopi,
2247 4500 2455 4568 priores
2501 4496 2770 4552 liuealiter
2801 4507 3017 4565 semper
3055 4497 3146 4551 tali
3189 4498 3368 4559 modo
3392 4497 3532 4551 inter

1958 4591 2246 4662 praedictos
2271 4589 2469 4659 gradus
2495 4599 2550 4644 et
2578 4603 2767 4642 eorum
2793 4586 2934 4650 loca,
2968 4588 3116 4654 quod
3147 4584 3326 4639 nullus
3353 4585 3537 4639 sedeat

1958 4683 2058 4736 nisi
2093 4681 2235 4736 inter
2260 4693 2386 4736 suos
2415 4693 2606 4748 pares;
2638 4686 2690 4733 et
2715 4677 2786 4731 ad
2824 4677 2926 4731 hoc
2958 4687 3182 4738 tenetur
3210 4672 3541 4729 senescallus

1958 4772 2160 4841 Anglia;
2192 4771 2528 4842 prospicere,
2571 4769 2673 4824 nisi
2716 4783 2807 4821 rex
2841 4768 3017 4824 alium
3056 4763 3436 4835 assignaverit.
3465 4763 3546 4818 Ad

1956 4863 2147 4934 pedem
2187 4860 2306 4929 ejus
2333 4863 2582 4916 dextrum
2617 4859 2880 4916 sedebant
2906 4857 3302 4932 canceuar'ms
3336 4853 3560 4919 Anglice,

1956 4966 2009 5012 et
2031 4955 2278 5026 capitalis
2297 4952 2628 5022 justitiarius
2657 4952 2882 5021 Angliaz,
2915 4961 2977 5009 et
3033 4958 3204 5027 socii
3241 4943 3350 5001 5‘13.
3381 4950 3436 4996 (τι
3466 4955 3572 4996 ’εο-

1957 5065 2076 5096 rum
2107 5047 2290 5096 clerici
2328 5045 2420 5096 nui
2456 5055 2584 5096 sunt
2631 5045 2697 5096 de
2730 5044 3154 5096 parliamen...
3219 5045 3283 5094 et
3301 5030 3367 5082 ad
3401 5029 3592 5095 νωεω
