4040 5314
527 325 664 380 1347

524 440 598 494 ita
646 441 794 511 quod
830 439 1009 496 nullus
1039 446 1204 494 intret
1243 435 1665 508 parliamcntum
1707 438 1812 492 nisr
1845 451 1934 506 qm
1977 476 1992 491 .

526 573 540 587 .
589 572 602 588 .
649 573 665 588 .
711 534 873 591 debet
921 533 988 588 ad
1033 532 1493 602 parliamcntum,
1544 531 1628 588 vel
1681 539 1902 585 vocatus
1949 530 2112 585 fuerit

523 637 753 697 propter
779 625 1054 696 negotium
1080 623 1224 695 quod
1251 622 1600 694 prosequitur
1635 621 1686 677 in
1717 621 2106 691 parliameuto;

523 728 579 775 et
625 727 840 789 oportet
885 717 1035 789 quod
1069 716 1328 772 ostiarius
1371 715 1460 770 ille
1502 715 1701 770 habeat
1729 714 2108 784 cognitionem

522 825 878 882 personarum
915 825 1035 880 quze
1079 809 1285 880 ingredi
1334 808 1554 863 debent.
1583 807 1626 863 si
1659 821 1883 863 necesse
1909 808 1980 862 sit
2014 807 2111 861 ha-

520 902 651 955 bere
681 899 884 969 plures.

916 990 1044 1045 CAP.
1088 989 1232 1043 XXI.
1279 988 1350 1041 De
1392 987 1700 1041 clamatore.

588 1083 867 1139 Clamator
896 1081 1241 1152 parliatnenti
1288 1079 1453 1136 stabit
1479 1090 1634 1133 extra
1670 1079 1868 1134 ostium
1912 1077 2108 1149 parlia-

521 1175 710 1238 meuti,
763 1183 818 1229 et
866 1175 1125 1228 ostiarius
1177 1173 1521 1228 denuntiabit
1585 1173 1689 1227 sibi
1751 1171 2106 1227 clamatioues

520 1282 670 1323 suas.
703 1266 817 1321 Rex
856 1267 1065 1322 soiebat
1099 1267 1316 1321 mittere
1346 1265 1652 1320 servientes
1679 1279 1805 1319 suos
1837 1265 1902 1318 ad
1928 1278 2102 1328 arma,

515 1359 582 1413 ad
613 1360 866 1412 standum
893 1373 992 1428 per
1021 1374 1275 1429 maguum
1305 1359 1541 1428 spatium
1567 1368 1724 1412 extra
1752 1358 1950 1412 ostium
1982 1372 2107 1426 par-

514 1451 757 1506 liamenli
808 1453 873 1507 ad
919 1453 1336 1508 custodiendum
1387 1452 1608 1518 ostium,
1661 1453 1732 1506 ita
1776 1453 1920 1522 quod
1973 1451 2102 1506 nulli

522 1545 908 1613 impressiones
966 1561 1064 1600 nec
1113 1544 1372 1600 tumultus
1419 1544 1662 1599 facerent
1703 1545 1849 1599 circa
1902 1545 2102 1599 ostium

519 1651 618 1706 per
652 1636 796 1705 quod
842 1635 1260 1706 parliamcntum
1293 1635 1618 1704 ingreditur,
1663 1635 1764 1690 sub
1810 1649 1968 1704 paena
2008 1634 2110 1689 ea?

511 1727 716 1797 ptionis
742 1743 1030 1797 corporum
1061 1743 1318 1792 suorum;
1351 1727 1476 1797 qttia
1503 1729 1570 1782 de
1603 1725 1727 1795 jure
1755 1729 1951 1782 ostium
1981 1743 2103 1799 par-

1662 319 2007 377 WILLELMI
2036 317 2563 389 CONQUESTORIS

2036 474 2052 490 .
2096 477 2109 489 .
2143 443 2190 501 Α
2221 437 2502 492 tenderent
2550 438 2692 508 quod
2739 436 2917 494 dictus
2967 452 3060 494 rex
3107 453 3213 494 non
3260 449 3470 510 regeret
3512 453 3610 497 eos
3657 442 3802 497 sicut

3661 325 3803 383 1318

2213 529 2457 592 deberet,
2507 536 2564 584 et
2612 529 2958 600 assignarent
3005 529 3318 598 specialiter
3364 531 3420 586 in
3454 531 3658 597 quibus
3701 544 3801 584 eos

2213 632 2318 672 non
2352 629 2588 685 rexerat,
2625 629 2750 675 tunc
2781 620 3198 692 parliamcntum
3224 637 3330 677 non
3375 632 3522 678 esset
3547 623 3796 686 omnino,

2213 708 2336 764 licet
2365 712 2793 782 archiepiscopi,
2829 714 3093 786 episcopi,
3127 714 3354 770 comites
3382 725 3438 770 et
3474 715 3711 771 barones
3741 725 3794 770 et

2210 817 2400 857 omnes
2443 819 2630 859 eorum
2661 821 2818 876 pares
2849 822 2972 861 cum
3025 823 3150 879 rege
3197 808 3542 863 interessent.
3576 807 3644 862 Et
3672 809 3792 865 ideo

2210 905 2428 964 oportet
2454 898 2636 952 omnia
2674 913 2794 968 qua:
2827 899 3084 955 allirmari
3123 899 3204 955 vel
3237 899 3517 964 infirmari,
3552 901 3777 956 concedi

2211 987 2295 1042 vel
2324 990 2534 1060 negari,
2577 991 2658 1046 vel
2703 993 2821 1048 ﬁeri
2867 992 3064 1048 debent
3097 1009 3194 1064 per
3222 992 3665 1064 parliamcntum,
3696 1008 3793 1063 per

2209 1081 2654 1138 communitatem
2705 1083 3048 1155 parliameuti
3103 1085 3371 1150 concedi,
3430 1099 3553 1154 qua:
3596 1093 3686 1138 est
3726 1099 3793 1138 ex

2209 1169 2384 1225 tribus
2424 1173 2681 1243 gradibus
2711 1174 2826 1228 sive
2855 1175 3146 1246 generibus
3173 1174 3543 1244 parliamemi,
3577 1174 3794 1231 scilicet

2208 1281 2272 1322 ex
2313 1267 2758 1334 procuratoribus
2787 1266 2942 1332 cieri,
2981 1266 3248 1322 militibus
3281 1267 3672 1333 comitatuum,
3718 1268 3796 1321 ci-

2205 1359 2363 1413 vibus
2385 1366 2439 1412 et
2469 1359 2851 1430 burgensibus,
2880 1358 2974 1428 qui
3017 1366 3412 1429 repraesentant
3440 1368 3610 1412 totam
3649 1373 3798 1413 com-

2209 1453 2528 1507 munitatem
2582 1451 2821 1522 Anglia},
2870 1460 2926 1506 ct
2969 1466 3075 1506 non
3135 1451 3193 1505 1e
3238 1451 3617 1520 magnatibus;
3668 1451 3793 1520 quia

2205 1545 2430 1615 quilibet
2462 1557 2648 1598 eorum
2680 1552 2762 1597 est
2792 1558 2890 1614 pro
2919 1557 3015 1598 sua
3048 1542 3264 1614 propria
3299 1535 3532 1614 persona
3565 1541 3635 1596 ad
3674 1538 3808 1613 par?

2206 1637 2546 1700 liamentum,
2581 1644 2634 1690 ct
2665 1649 2762 1706 pro
2791 1634 2934 1688 nulla
2965 1634 3092 1689 alia.

2432 1750 2563 1805 (In.
2595 1747 2779 1804 XXIV.
2809 1749 2883 1802 De
2911 1749 3190 1819 partitione
3217 1748 3575 1818 parliamcnti.

511 1793 756 1877 liamenti
790 1793 896 1877 non
945 1823 1107 1878 debet
1162 1793 1381 1888 claudi,‘
1415 1825 1511 1877 sed
1560 1793 1658 1893 per
1704 1793 2014 1886 ostiariuni,
2049 1830 2097 1877 el

2436 1793 2529 1805 νη.
2551 1793 2563 1802 .
2595 1793 2712 1804 .-.-.
2736 1793 2779 1803 ..
2809 1793 2880 1802 --
2911 1793 3189 1819 rem“..-
3217 1793 3575 1818 νη........-..,..

2279 1840 2700 1895 Parliamcntum
2731 1839 3006 1910 dispartiri
3039 1855 3144 1894 non
3174 1840 3352 1903 debet,
3375 1839 3674 1893 dummodo
3696 1837 3796 1890 ali-

511 1917 817 1976 servientes
842 1916 983 1985 regis
1013 1915 1079 1970 ad
1105 1932 1252 1970 arma
1285 1915 1568 1970 custodiri.

706 2007 836 2064 CAP.
877 2007 1042 2063 XXII.
1087 2007 1159 2061 De
1205 2009 1520 2061 stationibus
1563 2008 1905 2078 loquenttum.

588 2098 798 2156 Omnes
821 2115 982 2170 pares
1003 2099 1351 2170 parliamcuti
1378 2099 1665 2161 sedebunt,
1695 2108 1750 2152 et
1778 2095 1958 2151 nullus
1987 2104 2099 2151 sta-

509 2191 591 2246 bit
639 2192 743 2262 (hic
793 2193 934 2248 deest
983 2192 1271 2264 atiquid)..
1302 2231 1317 2246 .
1364 2192 1460 2248 sed
1499 2192 1714 2261 quando
1745 2191 1989 2261 loquitur
2041 2198 2099 2246 et

508 2285 793 2356 loquetur,
850 2287 925 2339 ita
970 2285 1115 2355 quod
1169 2283 1398 2354 quiltbet
1447 2285 1514 2340 de
1557 2284 1919 2354 parliantcnto
1976 2297 2100 2337 eunt

508 2375 700 2430 audire
748 2375 948 2431 valeat.
992 2375 1183 2431 Nullus
1235 2374 1461 2431 intrabit
1509 2375 1951 2446 parliamcntum,
2002 2389 2100 2429 nec

507 2465 657 2520 exiet
703 2465 772 2522 de
822 2466 1204 2535 parliameulo,
1253 2466 1355 2521 nisi
1405 2481 1503 2537 per
1553 2481 1720 2520 unum
1773 2464 1998 2529 ostium,
2046 2473 2101 2519 et

507 2559 947 2628 quandocunque
975 2559 1218 2629 loquitur
1247 2575 1361 2614 rem
1391 2559 1630 2629 aliquam
1661 2573 1782 2628 qua:
1808 2557 2097 2612 deliberari

507 2650 669 2705 debet
695 2665 788 2720 per
819 2650 1260 2722 parliamcntum,
1294 2649 1515 2705 stabunt
1546 2663 1738 2705 omnes
1774 2647 2094 2718 loquentes:

507 2755 672 2798 causa
701 2753 805 2807 est,
837 2751 896 2797 ut
923 2743 1183 2797 audiatur
1210 2757 1240 2796 a
1273 2742 1519 2812 paribus,
1551 2742 1678 2810 quia
1708 2753 1902 2795 omnes
1938 2755 2097 2810 pares

505 2841 634 2887 sunt
654 2832 869 2904 judices
899 2843 953 2888 et
973 2831 1213 2902 justitiat
1229 2833 1290 2887 ii.

847 2924 976 2979 CAP.
1019 2923 1209 2978 XXIII.
1253 2923 1329 2977 De
1359 2924 1561 2978 auxilio
1599 2927 1753 2995 regis.

578 3014 692 3069 lle:
748 3029 856 3069 non
906 3013 1116 3069 solebat
1149 3024 1334 3084 petere
1384 3015 1647 3070 auxilium
1702 3016 1768 3070 de
1803 3031 1968 3088 regno
1997 3031 2095 3073 suo

2207 1949 2312 2003 qua
2345 1933 2534 2003 petitio
2566 1933 2799 2003 pendeat
2823 1932 3129 1987 indiscussa
3153 1973 3166 1997 ,
3195 1931 3278 1987 vel
3311 1933 3376 1986 ad
3424 1931 3607 1986 minus
3633 1939 3793 1985 ante-

2206 2042 2366 2096 quam
2409 2043 2515 2080 non
2545 2027 2617 2081 sit
2646 2026 3009 2081 determinata
3044 2026 3346 2096 responsio,
3373 2034 3430 2080 et
3456 2025 3502 2080 si
3530 2040 3617 2080 rex
3663 2041 3793 2080 cou-

2208 2118 2434 2174 trarium
2483 2117 2790 2187 permittat,
2841 2116 3092 2186 perjurus
3138 2125 3240 2172 est.
3290 2115 3480 2170 Nullus
3525 2116 3677 2171 solLs
3728 2115 3794 2170 de

2203 2210 2428 2281 paribus
2475 2209 2814 2280 parliamcnti
2861 2210 3113 2265 recedere
3160 2217 3368 2280 potest,
3402 2222 3502 2262 nec
3536 2207 3700 2263 debet
3729 2208 3792 2263 de

2203 2300 2562 2371 parliameuto
2592 2302 2873 2365 recedere,
2905 2300 3009 2356 nisi
3051 2301 3272 2356 obtenta
3315 2300 3438 2355 inde
3462 2299 3689 2355 licentia
3726 2300 3792 2355 de

2205 2407 2333 2462 rege
2363 2401 2417 2446 et
2441 2391 2691 2445 onmibus
2720 2392 2832 2446 suis
2859 2391 3104 2461 paribus,
3129 2399 3185 2445 et
3226 2391 3328 2445 hoc
3375 2391 3430 2445 in
3478 2391 3642 2462 pleno
3667 2407 3790 2460 par-

2203 2483 2458 2538 liamcnto
2479 2523 2492 2545 ,
2528 2491 2582 2536 et
2612 2482 2754 2551 quod
2795 2481 2859 2537 de
2891 2480 3197 2552 hujusmodi
3240 2480 3457 2536 licentia
3491 2480 3588 2534 Iiat
3619 2497 3790 2536 reme-

2203 2572 2434 2627 tnoratio
2481 2571 2533 2625 in
2568 2571 2743 2625 rotulo
2774 2571 3137 2640 parliantenti.
3168 2570 3281 2624 Etsi
3313 2570 3510 2640 aliquis
3540 2569 3609 2625 de
3640 2571 3785 2638 pari-

2201 2663 2303 2717 bus
2332 2662 2560 2716 durante
2608 2659 2969 2730 parliamento
3021 2658 3396 2725 inlirmaverit,
3429 2659 3503 2714 ita
3548 2660 3692 2729 quod
3721 2659 3786 2712 ad

2198 2754 2616 2824 parliamcntum
2661 2753 2847 2808 venire
2895 2767 3001 2806 non
3028 2752 3234 2816 valeat,
3264 2759 3388 2806 tunc
3415 2767 3512 2823 per
3549 2753 3784 2807 triduum

2198 2849 2366 2904 tnittit
2395 2856 2746 2904 excusatores
2771 2847 2836 2901 ad
2869 2847 3315 2917 parliamcntum;
3343 2860 3450 2915 qua
3483 2845 3573 2900 die
3602 2845 3649 2900 si
3681 2860 3784 2898 non

2197 2941 2428 3006 vcncrit,
2458 2941 2748 2995 mittuntur
2777 2939 2824 2994 ei
2856 2939 2962 2995 duo
2988 2941 3052 2994 de
3083 2939 3308 3008 paribus
3339 2938 3454 2992 suis
3483 2938 3554 2990 ad
3589 2937 3784 2991 viden-

2197 3031 2320 3086 dam
2347 3039 2400 3086 el
2443 3030 2838 3085 testilicandam
2874 3029 3179 3101 huiusmodi
3212 3027 3622 3094 infirmitatem;
3658 3037 3713 3083 et
3740 3029 3788 3084 si

507 3103 614 3158 nisi
660 3117 761 3174 pro
794 3119 992 3175 guerra
1028 3103 1286 3169 instante,
1323 3105 1410 3159 vel
1445 3105 1512 3159 ad
1547 3105 1688 3161 ﬁlios
1724 3121 1854 3161 suos
1894 3108 2094 3164 milites

2201 3125 2269 3179 sit
2299 3125 2540 3195 suspicio
2568 3163 2582 3189 ,
2617 3122 2805 3192 jurent
2846 3121 2921 3177 illi
2954 3123 3060 3178 duo
3097 3136 3256 3192 pares
3301 3122 3447 3191 quod
3496 3121 3784 3177 veritatem

503 3193 784 3251 faciendos
816 3195 896 3250 vel
929 3195 1070 3252 ltlias
1103 3212 1230 3252 suas
1259 3198 1615 3264 maritaudas,
1646 3209 1700 3254 et
1725 3209 1855 3256 tunc
1889 3200 2092 3256 debent

510 3285 822 3355 bujusmodi
854 3287 1057 3342 auxilia
1102 3288 1210 3359 peti
1242 3288 1293 3344 in
1325 3288 1487 3359 pleno
1526 3290 1909 3359 parliameulo,
1951 3301 2006 3348 et
2038 3293 2089 3347 in

513 3381 736 3453 scriptis
763 3381 983 3439 cuilibet
1005 3383 1195 3454 gradui
1227 3383 1438 3454 parium
1467 3384 1814 3455 parliameuti
1843 3385 2089 3453 liberari,

504 3482 562 3528 et
617 3473 669 3527 in
733 3473 953 3543 scriptis
1023 3474 1359 3545 responderi.
1417 3474 1485 3528 Et
1533 3475 1814 3530 sciendum
1856 3479 1999 3544 quod
2045 3475 2095 3532 si

507 3565 821 3636 bujusmodi
875 3567 1081 3621 auxilia
1144 3567 1492 3623 concedenda
1549 3577 1708 3632 sunt,
1765 3577 1980 3637 oportet
2032 3579 2094 3622 ut

507 3673 698 3714 omnes
751 3673 913 3728 pares
961 3658 1307 3728 parliarucnti
1351 3657 1719 3716 consentiant.
1778 3659 1847 3714 Et
1895 3657 2094 3714 intelli-

504 3751 740 3821 gendum
766 3759 848 3804 est
878 3750 1023 3820 quod
1063 3750 1170 3806 duo
1198 3751 1400 3807 milites
1420 3752 1513 3822 qui
1541 3753 1765 3807 veniunt
1794 3753 1861 3806 ad
1892 3752 2091 3823 parlia-

504 3851 748 3894 mcntum
784 3855 883 3909 pro
924 3843 1209 3906 comitatu,
1259 3843 1520 3912 majorem
1564 3859 1754 3899 vocent
1795 3843 1996 3899 habent
2036 3843 2094 3898 iu

503 3929 862 3998 parliameuto
903 3929 955 3983 in
993 3933 1342 3986 concedendo
1371 3942 1424 3988 et
1460 3934 1887 3988 contradicendo
1925 3950 2087 4004 quam

503 4017 678 4088 major
717 4032 901 4073 comes
928 4018 1166 4088 Anglize;
1208 4029 1262 4074 et
1294 4021 1486 4077 eodem
1516 4023 1677 4078 modo
1705 4033 2090 4092 procuratores

505 4111 637 4167 tleri
671 4111 829 4167 unius
875 4111 1216 4183 episcopatus
1261 4111 1522 4182 majorem
1563 4128 1750 4168 vocem
1801 4113 2003 4167 habent
2035 4114 2085 4167 in

504 4206 884 4278 parliameuto,
915 4207 961 4263 si
1005 4224 1196 4265 omnes
1239 4209 1714 4276 sintconcordes,
1761 4225 1924 4280 quam
1974 4210 2087 4280 epi-

512 4319 713 4374 scopus
749 4305 862 4375 ipse
885 4305 1070 4362 ethoc
1096 4307 1150 4360 iu
1185 4307 1437 4362 omnibus
1471 4322 1593 4378 qua:
1628 4321 1727 4378 per
1758 4306 2088 4377 parliamcn-

505 4402 618 4450 tum
649 4396 898 4462 concedi,
929 4396 1114 4468 negari
1148 4397 1231 4453 vel
1275 4397 1392 4453 ﬁeri
1430 4399 1649 4455 debent.
1679 4399 1748 4455 Et
1782 4400 1883 4454 hoc
1913 4407 2082 4468 patet,

503 4488 647 4558 quod
680 4504 775 4544 rex
810 4496 990 4560 potest
1016 4498 1200 4546 tenere
1227 4492 1645 4562 parliamcntum
1684 4507 1807 4548 cum
1840 4507 2083 4548 commu-
2113 4495 2160 4554 ο

503 4579 676 4633 nitate
705 4579 858 4651 regni
891 4579 976 4635 sui
1005 4582 1212 4651 absque
1241 4583 1544 4653 episcopis,
1579 4583 1868 4638 comitibus
1897 4592 1954 4637 et
1991 4583 2084 4636 ba-

503 4671 751 4738 vouibus,
780 4673 1076 4728 dummodo
1108 4683 1286 4729 tamen
1327 4675 1642 4730 summoniti
1689 4674 1800 4730 sint
1845 4675 1912 4730 ad
1961 4689 2083 4744 pars

503 4759 819 4818 llameutum
839 4805 854 4830 ,
905 4765 1032 4821 licet
1064 4765 1244 4821 nullus
1273 4767 1579 4838 episcopus,
1611 4782 1799 4822 comes
1827 4766 1914 4822 vel
1951 4767 2084 4822 baro

505 4853 572 4907 ad
597 4856 1046 4913 summonitiones
1071 4871 1200 4913 suas
1224 4857 1440 4924 veniat;
1466 4859 1594 4928 quia
1617 4857 1747 4914 olim
1777 4872 1878 4913 nec
1907 4857 2086 4914 fuerat

502 4945 809 5017 episcopus,
861 4963 962 5004 nec
1012 4964 1216 5013 comes,
1269 4965 1371 5006 nec
1420 4951 1574 5016 baro,
1627 4958 1684 5006 et
1727 4950 1905 5005 adhuc
1957 4959 2086 5005 tunc

503 5049 658 5098 teges
701 5045 998 5093 tenuerunt
1025 5039 1378 5098 uarliamenta
1427 5056 1546 5098 sim,
1597 5041 1692 5096 sed
1736 5039 1896 5094 aliter
1923 5049 2008 5094 est
2051 5053 2084 5093 e

2197 3218 2322 3272 inde
2351 3217 2572 3282 dicent;
2621 3228 2676 3271 et
2724 3216 2770 3270 si
2815 3215 3184 3286 comperiatur
3227 3213 3372 3284 quod
3422 3213 3660 3268 tinxerat
3695 3229 3783 3278 se,

2195 3308 2583 3364 amerciabitur
2613 3321 2871 3378 tanquam
2898 3321 2997 3377 pro
3026 3305 3318 3372 defalta,et
3344 3305 3389 3360 si
3421 3318 3529 3359 non
3550 3304 3786 3359 tinxerat

2194 3417 2273 3467 se,
2301 3409 2540 3457 attornet
2563 3400 2796 3469 aliquem
2825 3397 3178 3454 sufﬁcientem
3203 3413 3387 3454 coram
3409 3397 3491 3453 eis
3519 3398 3590 3452 ad
3615 3399 3786 3451 inter-

2193 3494 2482 3550 esseudum
2516 3494 2582 3548 ad
2615 3493 3031 3564 parliamcntum
3074 3506 3172 3562 pro
3204 3505 3294 3556 se,
3333 3504 3434 3546 nec
3472 3504 3643 3546 sanus
3686 3505 3784 3544 ex-

2191 3587 2372 3642 cusari
2406 3594 2606 3656 potest,
2640 3584 2684 3639 si
2713 3585 2784 3639 sit
2810 3599 2958 3638 sanae
2988 3581 3282 3638 memorite.

2201 3702 2208 3706 -
2265 3677 2566 3747 Departitio
2601 3675 2944 3746 parliamenti
2983 3675 3054 3730 ita
3086 3674 3274 3728 usitari
3323 3673 3517 3729 debet:
3546 3680 3782 3743 punctus

2190 3770 2302 3841 peti
2330 3769 2494 3824 debet
2523 3778 2578 3822 et
2608 3766 2822 3838 publice
2855 3766 3181 3836 proclamari
3222 3765 3272 3818 in
3303 3764 3701 3834 parliamcnto,
3726 3771 3782 3816 et

2191 3863 2332 3919 infra
2365 3862 2624 3932 palatiqu
2649 3859 3027 3929 parliantenti;
3080 3859 3124 3913 si
3156 3857 3228 3914 sit
3260 3857 3456 3926 aliquis
3496 3857 3590 3926 qui
3641 3855 3778 3926 peti-

2192 3956 2394 4010 tionem
2425 3952 2736 4008 liberaverit
2759 3951 2826 4005 ad
2850 3951 3261 4020 parliamcntum
3279 3988 3294 4013 ,
3330 3949 3416 4003 cui
3443 3948 3688 4002 nondum
3710 3944 3778 4000 sit

2190 4061 2542 4116 responsum;
2572 4045 2716 4114 quod
2747 4041 3000 4103 si.nullus
3030 4041 3286 4097 reclamet
3311 4081 3326 4106 ,
3362 4039 3772 4110 supponendum

2189 4149 2272 4193 est
2299 4137 2440 4207 quod
2471 4136 2698 4190 cuilibet
2730 4132 2995 4198 medetur,
3023 4132 3107 4188 vel
3147 4132 3341 4186 saltem
3384 4139 3660 4200 quatenus
3682 4143 3777 4198 po-

2192 4239 2294 4285 test
2323 4230 2392 4284 de
2427 4228 2550 4299 jure
2579 4226 2964 4297 respondetur,
3001 4234 3055 4280 et
3104 4235 3230 4280 tunc
3272 4224 3482 4294 primo,
3529 4222 3775 4276 videlicet

2189 4335 2310 4375 cum
2343 4319 2525 4374 nullus
2550 4317 2641 4388 qui
2671 4316 2986 4387 petitionem
3017 4330 3170 4370 suam
3191 4329 3254 4369 ea
3285 4314 3402 4368 vice
3426 4312 3772 4374 exhibuerit,

2188 4413 2463 4476 reclamet,
2494 4411 2910 4482 parliamentum
2939 4417 3180 4464 vestrum
3208 4405 3636 4462 licentiabimus.

2187 4525 2314 4582 CAP.
2341 4525 2506 4581 XXV.
2539 4523 2959 4596 Detranscriptis
2976 4521 3306 4577 retardarunt
3323 4521 3378 4575 in
3401 4519 3773 4590 partiamento.

2258 4643 2454 4698 Clerici
2488 4640 2833 4712 parlianteuti
2862 4654 2968 4695 non
3010 4637 3284 4709 negabunt
3327 4635 3580 4706 cuiquam
3625 4645 3774 4689 tran-

2187 4737 2448 4805 scriptum
2481 4748 2770 4804 processus
2806 4733 2922 4800 sui,
2955 4732 3049 4788 sed
3076 4729 3381 4786 liberabant
3403 4729 3534 4783 illud
3553 4729 3772 4784 cuilibet

2187 4831 2276 4901 qui
2301 4831 2430 4885 illud
2456 4830 2700 4899 petierit;
2723 4840 2779 4884 et
2806 4828 3021 4897 capient
3045 4841 3259 4897 semper
3285 4840 3385 4897 pro
3407 4825 3593 4880 decem
3617 4823 3775 4879 lineis

2188 4940 2352 4978 unum
2380 4923 2680 4986 denarium,
2717 4922 2820 4977 nisi
2855 4921 2996 4975 forte
3017 4919 3156 4975 facta
3187 4919 3292 4974 (ide
3323 4919 3391 4974 de
3415 4918 3731 4987 impotentia
3754 4958 3771 4980 ,

2188 5016 2241 5073 in
2279 5032 2384 5086 quo
2431 5033 2560 5072 casu
2610 5015 2746 5070 nihil
2790 5015 3024 5083 capient.
3063 5001 3246 5067 Βοωιί
3297 5012 3364 5066 de
3412 5010 3773 5080 parliamcnto
