4040 5314
193 87 350 145 £319

1631 79 2042 139 DIOLOMATA.

3331 79 3468 136 1350

191 203 3450 241 Μ

741 351 1462 474 WILLELMI
1539 343 2430 462 NORMANNIIE
2515 342 2942 460 DUCIS

1345 565 1778 626 POSTMODUM
1813 565 2095 623 ANGLIIE
2129 564 2333 622 REGIS

398 744 844 844 CONCIO
911 744 1064 836 AD
1134 740 1840 834 EXERCITUM
1911 741 2234 832 SUUM
2305 739 2618 830 ANTE
2693 739 3311 832 PRIELIUM.
3383 767 3389 772 '

900 956 1142 1022 (llenric.
1175 954 1524 1019 llusrssnox,
1559 952 1652 1008 lib.
1688 969 1765 1018 vi,
1804 968 1926 1024 pag.
1959 951 2086 1018 210,
2118 953 2172 1008 in
2217 951 2340 1008 lter.
2369 952 2522 1023 Angl.
2556 951 2778 1025 Script.)

272 1273 387 1329 Vos
418 1269 692 1340 alloquor,
724 1265 1041 1330 Normanm,
1072 1263 1311 1335 gentium
1351 1259 1657 1323 fortissimi,
1692 1274 1798 1313 non
1830 1246 1874 1304 Α
1903 1260 2083 1316 bolum
2105 1261 2456 1332 corporaliter
2472 1260 2788 1326 colluctans,
2814 1269 2867 1317 et
2891 1271 3259 1332 prosternens,
3289 1265 3484 1339 ligans-

193 1364 354 1436 quasi
407 1371 610 1418 vestrze
659 1357 946 1430 probitatis
979 1357 1249 1416 incertus.
1279 1369 1384 1408 non
1416 1352 1567 1422 quasi
1607 1353 1675 1406 de
1713 1351 1798 1405 vi-

1900 1367 2006 1422 que
2033 1367 2228 1407 manus
2253 1353 2370 1420 ejus
2397 1361 2518 1422 post
2551 1360 2700 1424 terga
2730 1353 3124 1425 confusumque
3155 1358 3330 1413 victor
3374 1361 3484 1415 An-

195 1454 375 1508 ctoria
415 1467 527 1506 non
575 1464 832 1514 securus;
877 1462 998 1518 qua:
1035 1461 1308 1515 nunquam
1336 1460 1462 1499 casu
1493 1443 1673 1511 aliquo
1714 1442 1799 1496 vel
1896 1443 2110 1512 glorum
2161 1443 2410 1514 reliquit?
2462 1444 2570 1501 Sed
2628 1447 2756 1516 quid
2813 1447 2987 1518 prisca
3021 1451 3244 1504 'narro?
3296 1451 3486 1509 Nonne

189 1540 607 1612 impedimento
637 1554 667 1592 a
703 1537 857 1593 vobis
890 1537 1121 1592 evadere
1147 1536 1338 1605 potuit.
1368 1534 1522 1601 Quod
1557 1535 1600 1588 si
1635 1532 1801 1588 semel

197 1650 304 1688 non
333 1637 563 1687 vincere
613 1629 944 1701 potuissetis,
979 1627 1298 1682 exhortandi
1326 1626 1547 1680 forsitan
1571 1627 1764 1680 essetis
1786 1667 1799 1690 ,

187 1735 258 1778 ~ut
281 1723 540 1794 probitas
565 1732 742 1775 vestra
775 1719 1142 1792 prxradiaret.
1175 1715 1328 1783 Quod
1353 1724 1533 1770 autem
1560 1717 1800 1769 nativum

195 1815 358 1869 vobis
384 1822 511 1877 est,
545 1821 599 1868 et
623 1812 774 1882 quasi
803 1809 1170 1866 necessarium
1191 1851 1205 1875 ,
1241 1823 1346 1878 qua
1383 1807 1583 1877 indiget
1607 1809 1804 1861 exhor-

192 1902 465 1960 Itatioue?
491 1900 536 1957 0
588 1901 896 1956 mortalium
935 1899 1283 1961 validissimi,
1329 1899 1456 1969 quid
1493 1898 1665 1968 potuit
1709 1913 1803 1952 rex

197 1992 560 2048 Francorum
579 1991 732 2046 bellis
753 1992 1014 2061 prolicere
1034 2005 1158 2046 cum
1184 1990 1329 2044 omni
1354 1999 1511 2059 gente
1532 2003 1652 2058 quae
1679 1997 1806 2043 sunt

200 2100 230 2137 a
250 2083 571 2153 Lolaringia
605 2096 774 2151 usque
801 2080 867 2135 ad
902 2080 1214 2150 Hispaniam
1238 2088 1426 2134 cont-ra
1457 2079 1682 2150 llasting
1705 2091 1802 2133 an-

194 2185 543 2232 tecessorem
578 2174 856 2229 nostrum?
883 2173 984 2240 Qui
1031 2183 1292 2243 quantum
1340 2172 1508 2226 voluit
1560 2171 1806 2226 Francia:

207 2266 311 2320 sibi
337 2265 667 2336 acquisivit;
701 2273 963 2334 quantum
994 2263 1160 2317 voluit
1206 2262 1320 2335 regi
1346 2262 1628 2330 permisit;
1677 2261 1805 2316 dum

195 2355 435 2425 .placuit,
472 2348 675 2419 t'enuit;
714 2355 841 2408 dum
877 2354 1107 2409 satiatus
1148 2362 1261 2418 est,
1291 2354 1358 2407 ad
1404 2351 1607 2420 majora
1635 2352 1807 2407 anhe-

204 2449 353 2512 lans,
381 2449 628 2519 reliquit.
663 2447 855 2503 Nonne
885 2446 1002 2501 Rou
1048 2454 1202 2516 pater
1239 2460 1414 2509 meus,
1445 2445 1551 2498 dux
1598 2443 1807 2514 primus

196 2552 263 2595 et
290 2551 492 2596 auctor
522 2553 722 2595 nostra:
745 2540 921 2609 gentis
949 2554 1070 2594 cum
1111 2537 1357 2608 patribus
1382 2535 1584 2592 nostris
1623 2549 1806 2606 regem

1900 1533 2054 1588 vobis
2095 1536 2573 1604 congredientibus
2622 1537 2772 1592 ineo
2820 1547 3059 1608 tempore
3108 1542 3248 1611 apud
3296 1543 3488 1598 Morte-

1903 1638 2039 1686 mer,
2076 1623 2270 1678 Franci
2319 1626 2626 1696 przccipites
2671 1642 3016 1696 prmpowere
3071 1630 3247 1701 fugam
3299 1631 3486 1697 bellis,

1904 1714 2141 1769 calcaria
2194 1715 2350 1771 telis?
2389 1714 2499 1771 Vos
2542 1727 2721 1770 autem
2750 1757 2766 1784 ,
2809 1717 3038 1772 Radull‘o
3085 1735 3299 1774 summo
3347 1723 3485 1777 duce

1902 1802 2235 1860 Francorum
2265 1805 2586 1872 interfecto,
2619 1806 2757 1860 fama
2789 1807 3083 1878 spoliisque
3113 1811 3265 1878 potiti
3285 1850 3302 1876 ,
3333 1819 3490 1865 natu-

1910 1894 2025 1950 rale
2053 1895 2251 1950 bonum
2280 1895 2436 1951 solita
2465 1897 2788 1952 necessitate
2813 1899 3084 1954 tenuistis.
3115 1901 3204 1953 Eia
3231 1903 3490 1970 procedat

1904 1985 2097 2054 aliquis
2128 1986 2454 2057 Anglorum,
2480 2002 2612 2056 quos
2645 1988 2849 2043 centies
2883 1997 3257 2046 antecessores
3293 1987 3487 2057 nostri,

1904 2086 1958 2132 ct
1982 2077 2109 2132 Daci
2137 2089 2190 2132 et
2220 2078 2612 2150 Norwagences
2641 2079 2792 2134 bellis
2816 2081 3061 2136 vicerunt
3091 2099 3104 2136 :
3131 2082 3492 2139 demonstret-

1907 2185 2012 2240 que
2039 2178 2254 2239 gentem
2285 2169 2401 2226 Rou
2429 2184 2493 2225 ex
2526 2171 2642 2239 ejus
2666 2181 2908 2242 tempore
2946 2189 3113 2243 usque
3152 2191 3291 2230 nunc
3321 2176 3490 2230 semi-l

1905 2261 2114 2315 militia:
2160 2262 2442 2331 naufragia
2504 2277 2822 2334 perpessum
2875 2279 3032 2331 esse,
3081 2274 3134 2320 et
3182 2281 3280 2336 ego
3319 2268 3492 2322 victus

1904 2353 2172 2409 abscedo?
2198 2353 2388 2409 Nonne
2412 2354 2573 2424 igitur
2594 2355 2783 2423 pudori
2810 2356 2964 2411 vobis
2992 2365 3074 2411 est
3101 2367 3314 2424 gentem
3345 2358 3489 2412 vinci

1905 2447 2152 2511 solitam,
2201 2457 2416 2518 gentem
2467 2447 2592 2502 belli
2635 2462 2875 2512 cassam,
2913 2457 3126 2518 gentem
3180 2463 3280 2503 nec
3325 2449 3492 2504 etiam

1908 2541 2129 2609 sagittas
2169 2540 2480 2606 habentem,
2502 2549 2689 2594 contra
2742 2556 2873 2606 vos,
2899 2555 2932 2595 ο
2964 2540 3239 2596 fortissimi
3268 2583 3282 2606 ,
3332 2540 3492 2612 quasi

205 2630 560 2687 Francorum
593 2631 833 2687 Parisios
870 2633 922 2685 in
966 2631 1146 2686 medio
1178 2630 1326 2700 regni
1369 2630 1450 2684 sui
1481 2628 1620 2684 bello
1649 2627 1810 2683 vicit?
1842 2614 1886 2676 Β
1913 2631 2052 2687 bello
2081 2633 2384 2687 ordinatam
2413 2633 2742 2703 procedere?
2791 2633 2979 2690 Nonne
3006 2635 3159 2689 vobis
3189 2635 3352 2706 pudet
3403 2637 3494 2687 rc:-

211 2736 311 2776 uec
344 2721 690 2778 Francorum
738 2737 833 2778 rex
865 2723 1036 2792 potuit
1075 2736 1295 2791 sperare
1339 2721 1595 2787 salutem,
1625 2721 1724 2774 nisi
1757 2729 1812 2775 et

207 2812 376 2867 liliam
429 2829 614 2880 suam,
663 2823 719 2868 et
773 2823 972 2869 terram
1014 2830 1134 2885 qua}
1171 2828 1236 2869 ex
1287 2814 1441 2868 vobis
1480 2811 1810 2868 Normaunia

203 2916 475 2969 vocatur,
520 2905 747 2975 supplex
792 2905 1114 2960 obtulisset?
1159 2905 1351 2962 Nonne
1408 2915 1593 2976 patres
1641 2904 1810 2960 vestri

212 3010 396 3065 rcgem
431 2996 772 3051 FranCorum
802 2997 852 3050 in
881 2995 1217 3066 Rothomago
1239 3005 1496 3066 ceperunt
1515 3037 1528 3058 ,
1555 3006 1609 3050 et
1627 3007 1812 3051 tcnue¢

211 3095 339 3140 ruut
379 3088 562 3143 donec
618 3087 890 3143 Ricbardo
934 3102 1101 3158 puero
1142 3088 1265 3143 duci
1318 3098 1500 3142 vestro
1541 3088 1810 3142 Norman-

215 3174 364 3230 niam
397 3177 672 3242 reddidit,
718 3191 782 3232 eo
805 3189 964 3248 pacto
991 3177 1133 3246 quod
1152 3218 1166 3244 ,
1196 3177 1250 3232 iu
1279 3177 1427 3232 onmi
1460 3176 1814 3232 collocutione

209 3269 356 3338 regis
387 3269 644 3324 Francia:
683 3279 737 3324 et
779 3269 932 3324 ducis
960 3268 1331 3336 Normauuitc,
1363 3270 1537 3340 gladio
1566 3269 1673 3340 dux
1725 3284 1814 3324 ac-

212 3360 561 3433 cingeretur,
633 3377 814 3433 regem
873 3378 1000 3416 vero
1055 3379 1156 3418 nec
1205 3363 1438 3433 gladiqu
1495 3377 1594 3416 nec
1648 3361 1810 3416 etiam

202 3451 503 3506 cultellum
533 3451 678 3507 ferre
717 3451 938 3508 liceret?
985 3452 1137 3507 llanc
1183 3463 1441 3507 mternam
1481 3451 1816 3506 sanctionem

213 3547 398 3606 patres
425 3540 596 3595 vestri
629 3541 737 3610 regi
770 3555 964 3610 magno
994 3551 1249 3611 cogentes
1271 3549 1597 3596 statuerunt.
1627 3539 1818 3596 Nonne

216 3627 361 3683 idem
397 3631 513 3685 dux
549 3639 732 3699 patres
753 3640 963 3694 vestros
991 3645 1160 3702 usque
1185 3632 1250 3686 ad
1286 3631 1643 3686 Mirmandam
1662 3631 1817 3702 juxta

221 3715 392 3790 Mpes
438 3722 704 3793 adduxit,
745 3733 802 3779 et
851 3724 1000 3780 urbis
1052 3726 1262 3787 ducem,
1306 3741 1560 3796 generum
1610 3726 1820 3782 scilicet

236 3822 429 3876 suum,
482 3827 696 3881 sponsae
737 3828 846 3867 sum
893 3811 1144 3881 proelians
1192 3829 1384 3883 parere
1409 3815 1617 3884 coegit?
1648 3815 1714 3870 Et
1753 3829 1822 3870 ne

211 3913 431 3968 parum
463 3903 541 3958 sit
584 3903 736 3958 vobis
776 3904 1025 3958 homines
1059 3904 1282 3970 vicisse,
1314 3904 1437 3960 vicit
1461 3913 1516 3958 et
1559 3906 1671 3974 ipse
1699 3906 1820 3960 dia-

229 4083 2964 4118 Ἢ

1913 2736 2032 2792 gem
2079 2720 2369 2776 l-leraldum
2403 2731 2593 2777 contra
2641 2738 2727 2777 me
2756 2723 2806 2776 in
2842 2724 3128 2793 pra'sentia
3171 2723 3335 2778 vestri
3368 2738 3494 2792 per-

1906 2817 2090 2886 jurum
2132 2814 2326 2869 faciem
2366 2830 2517 2869 suam
2551 2815 2702 2870 vobis
2749 2816 3040 2872 ostendere
3075 2831 3266 2871 ausum
3299 2814 3498 2870 fuisse?

1914 2903 2042 2960 Mihi
2061 2915 2240 2961 tamen
2265 2907 2472 2976 stupori
2503 2914 2587 2960 est
2614 2906 2755 2974 quod
2786 2921 2878 2961 eos
2902 2907 2991 2975 qui
3014 2917 3265 2976 parentes
3289 2916 3500 2962 vestros

1915 3011 2036 3050 cum
2062 2995 2281 3050 Alfredo
2309 3003 2545 3064 cognato
2575 3011 2694 3050 meo
2728 2997 3034 3066 proditione
3064 2997 3292 3050 nefanda
3339 3011 3499 3049 exca-

1913 3087 2223 3156 pitaverunt
2267 3086 2440 3142 oculis
2484 3086 2682 3139 vestris
2727 3085 2966 3148 vidistis,
2999 3091 3055 3139 et
3095 3098 3282 3137 corum
3321 3084 3500 3153 capita

1915 3180 2092 3234 adhuc
2137 3179 2381 3234 humeris
2431 3193 2618 3233 eorum
2658 3186 2971 3246 supersunt.
3025 3177 3228 3248 Erigite
3269 3177 3495 3241 vexilla,

1917 3270 2014 3323 viri
2047 3287 2060 3323 :
2089 3283 2189 3324 nec
2212 3269 2284 3324 sit
2310 3269 2404 3324 irte
2434 3273 2742 3339 promerita:
2773 3269 2963 3323 modus
2989 3268 3072 3323 vel
3103 3268 3389 3324 modeSIia.
3419 3267 3500 3321 Ab

1915 3356 2138 3416 Oriente
2197 3359 2265 3414 ad
2325 3360 2679 3416 Occidentem
2741 3357 2988 3413 videatur
3045 3357 3246 3413 fulmen
3318 3356 3502 3427 gloria:

1917 3460 2130 3517 vestrm,
2161 3451 2411 3508 audiatur
2430 3452 2725 3505 tonitruum
2755 3451 2986 3521 impetus
3015 3451 3212 3510 vestri.
3238 3448 3504 3505 vindicc3~

1918 3557 2023 3613 que
2054 3543 2462 3612 generosissimi
2489 3543 2791 3612 sanguinis.
3477 3539 3486 3558 "

1989 3630 2240 3685 Nundum
2291 3642 2642 3701 peroraverat
2682 3632 2787 3686 dux
2823 3630 3156 3697 Willelmus,
3199 3646 3386 3686 omnes
3421 3629 3499 3684 ira

1916 3721 2132 3778 accensi
2177 3721 2316 3776 ultra
2361 3739 2520 3791 quam
2556 3723 2705 3779 credi
2748 3732 2963 3794 potest,
3007 3724 3306 3778 secundum
3356 3737 3500 3776 acies

1922 3828 2048 3868 suas
2073 3812 2275 3883 impetu
2323 3813 2576 3870 inell’abili
2620 3816 2974 3887 provolabant
3027 3816 3080 3869 in
3119 3817 3366 3877 hostem,
3400 3815 3500 3867 du-

1923 3921 2153 3976 cemque
2190 3905 2301 3977 jam
2345 3908 2448 3964 sibi
2491 3907 2588 3963 soli
2631 3907 2937 3978 loquentem
2993 3908 3390 3977 relinquebant.

2997 4089 3392 4104 Ψ

3403 4087 3493 4120 =3

665 4235 1618 4352 WILLELMI
1711 4238 3075 4394 conquns'roms

1435 4472 2296 4589 DIPLOMATA.

545 4959 654 5015 Pro
677 4965 886 5022 ecclesia
906 4964 959 5021 S.
987 4964 1227 5032 Αηάνειε
1258 4963 1515 5033 Ilo/femi.

622 5051 957 5123 (Mauaslicon
985 5052 1208 5134 Angit}:-
1239 5057 1286 5121 Ιι
1314 5055 1453 5134 29ο)ὶ,

311 5141 628 5200 ννιιιεικυε
646 5160 736 5201 rex
773 5149 1045 5222 Anglorum
1075 5198 1096 5224 ι
1135 5151 1408 5216 Walterio
1443 5149 1747 5211 vicecomiti
1768 5151 1827 5203 et

235 5235 471 5290 omnibus
499 5237 784 5298 baronibus
823 5243 945 5304 suis,
989 5239 1380 5314 Francigenis
1411 5258 1468 5304 et
1511 5253 1700 5314 Anglis
1753 5247 1824 5304 de

1929 4881 2073 4948 quod
2103 4878 2377 4936 fuitGodae
2403 4882 2713 4953 comitissx,
2745 4891 2802 4940 et
2832 4882 3096 4961 quidquid
3133 4883 3202 4941 ad
3238 4880 3367 4936 illud
3425 4897 3618 4964 ρετ.-

1931 4968 2086 5037 tiuet,
2118 4971 2189 5026 ita
2235 4969 2464 5024 solidum
2495 4983 2553 5028 et
2584 4974 2815 5032 liberum
2858 4985 2913 5028 et
2950 4980 3198 5048 quietum
3235 4970 3384 5025 sicut
3433 4979 3610 5062 i954

1925 5061 2206 5116 comitissa
2245 5060 2432 5117 habuit
2467 5064 2600 5124 illud
2629 5081 2865 5139 unquam
2894 5071 3110 5134 melius,
3151 5072 3211 5120 et
3247 5061 3407 5118 sicut
3473 5060 3621 5152 ego

1929 5147 2051 5220 ipse
2077 5153 2236 5207 etiam
2269 5151 2396 5208 illud
2421 5151 2585 5214 habui
2632 5160 2686 5214 in
2713 5171 2834 5214 meo
2871 5155 3142 5225 dominio,
3192 5165 3316 5208 cum
3345 5147 3626 5229 οιιιιίιο

1924 5238 2032 5300 bus
2072 5245 2551 5308 consuetudinibus
2580 5269 2698 5314 qua:
2727 5249 2938 5314 anglice
2990 5251 3343 5310 nominamur
3405 5246 3638 5314 suo“
