4040 5314
496 145 630 202 1551

1660 139 1997 196 WILLELMI
2037 135 2564 205 CONQUESTORIS

3632 141 3650 192 l
3660 139 3770 194 33?.

507 251 734 326 niensis,
764 269 816 315 ct
848 259 1066 315 Roberti
1102 258 1338 328 episcopi
1364 255 1781 322 Lincoluieusis,
1813 253 2084 310 ctWillel-
2113 265 2157 322 Α
2191 262 2354 324 alque
2377 252 2703 308 sanctissimi
2732 251 2995 308 Aldhelmi
3019 255 3426 324 corpusibidem
3450 256 3768 328 requiescit,

503 350 578 403 mi
605 348 938 414 cancellarii,
956 358 1008 403 et
1031 342 1239 402 Ranulﬁ
1261 345 1546 416 capellani,
1574 354 1627 401 et
1647 344 1883 399 Eudonis
1931 342 2082 412 dapi-

501 439 627 508 feri,
662 449 714 496 et
745 440 960 511 Rogerii
993 439 1166 511 Bigot,
1198 449 1253 494 et
1284 437 1527 510 Hugonis
1551 437 1620 492 de
1651 435 1908 492 Evermu.

999 621 1110 678 Pro
1133 623 1313 678 eadem
1343 621 1580 678 ecclesia.

1189 714 1380 788 una.)

573 805 906 867 WILLsLnus
963 806 1058 864 Dei
1108 807 1284 878 gratia
1335 821 1429 863 rex
1478 805 1799 878 Anglorum,
1832 801 2084 860 ﬁdelibus

500 903 614 958 suis
635 901 986 972 Francigcuis
1015 913 1067 956 et
1098 902 1284 972 Anglis
1315 900 1563 956 salutem.

573 993 772 1048 Sciatis
821 1009 905 1048 me
955 994 1292 1048 concessisse
1347 1008 1465 1048 eam
1515 990 1860 1046 donationem
1920 1001 2083 1057 quam

503 1084 692 1139 llaimo
719 1085 934 1154 dapiier
957 1101 1110 1141 meus
1139 1084 1269 1140 fecit
1317 1085 1564 1139 ecclesiae
1613 1082 1798 1137 Sancti
1853 1078 2084 1135 Andrea:

498 1174 767 1230 lloﬁ'ensis
796 1175 1055 1240 civitatis,
1087 1175 1152 1229 de
1195 1174 1422 1229 ecclesia
1464 1189 1583 1242 quae
1613 1182 1694 1228 est
1731 1173 1784 1227 in
1825 1169 2082 1224 Tarente-

503 1265 621 1318 ford
649 1265 891 1320 mancrio
923 1280 1071 1329 meo;
1104 1277 1157 1322 et
1187 1265 1281 1320 ﬁlii
1313 1265 1484 1334 ipsius
1514 1263 1789 1320 Haimonis
1817 1261 2085 1316 Robertus

499 1366 553 1411 et
580 1356 792 1423 llaimo,
822 1373 906 1412 me
935 1368 1224 1428 praesente,
1267 1365 1660 1414 concesserunt
1700 1354 1944 1410 eamdem
1987 1368 2084 1422 pa-

501 1453 602 1506 tris
628 1452 708 1506 sui
737 1450 1106 1506 donationem.
1133 1449 1323 1505 Testes
1349 1450 1614 1504 Robertus
1637 1462 1818 1503 comes
1844 1445 2081 1510 uellent,

497 1541 766 1598 Robertus
795 1558 976 1596 comes
1011 1542 1078 1597 de
1110 1540 1469 1606 Meritolio,et
1501 1539 1590 1594 alii
1624 1538 1794 1593 multi.

1248 1633 1333 1689 lll.

996 1722 1104 1776 Pro
1132 1723 1311 1777 eadem
1345 1719 1581 1776 ecclesia.

1181 1814 1375 1884 (ιιιίιι.)

577 1906 908 1964 \V’tLLELuus
939 1923 1032 1964 rex
1069 1908 1398 1978 Anglorum,
1429 1906 1684 1978 episcopo
1712 1907 1776 1961 de
1809 1903 2088 1961 Sulhiolca

502 2010 558 2056 et
589 2001 888 2056 vicecomiti
913 2011 967 2057 et
999 2001 1120 2056 aliis
1150 2000 1446 2056 baronibus
1468 1998 1582 2054 suis
1637 1997 1995 2068 Francigenis
2031 2006 2088 2051 et

498 2092 694 2163 Anglis
723 2093 953 2148 salutent

581 2184 781 2240 Sciatis
806 2200 892 2241 me
916 2186 1256 2241 concessisse
1284 2195 1339 2239 et
1368 2184 1721 2240 confirmasse
1747 2182 1948 2238 donum
1975 2181 2088 2238 Ro-

500 2274 636 2343 gcrii
669 2275 822 2346 Bigot
846 2277 988 2346 quod
1014 2277 1160 2332 dedit
1187 2277 1431 2333 ecclesia:
1462 2275 1895 2330 SauctiAndreaa
1918 2274 2091 2331 Rove-

501 2377 700 2431 cestra,
725 2367 933 2422 scilicet
954 2368 1238 2424 ecclesiam
1261 2367 1443 2422 Sancti
1469 2367 1665 2421 Felicis
1696 2369 1764 2421 de
1783 2365 2088 2431 Waletuna,

504 2472 628 2512 cum
661 2458 887 2516 decimis
940 2469 996 2516 et
1044 2461 1297 2516 omnibus
1331 2461 1452 2516 aliis
1503 2461 1665 2515 rebus
1708 2475 1827 2530 quae
1853 2459 1918 2514 ad
1944 2459 2089 2514 illam

503 2550 797 2633 pertinent.
818 2554 1148 2610 Testimonio
1171 2554 1410 2610 Eudonis
1443 2552 1672 2625 dapiferi
1705 2554 1857 2623 Apud
1882 2552 2094 2608 Winte-

499 2656 670 2717 tuam.

1252 2733 1344 2788 ιν.

1000 2823 1109 2880 Pro
1149 2827 1330 2881 eadem
1357 2843 1594 2882 scaeua.

499 2987 504 2992 ρ
897 2917 1253 2990 (Monasticou
1286 2919 1490 2991 Anglic.
1521 2921 1561 2987 Ι,
1590 2920 1706 2992 29.)

581 3007 912 3066 \VILLELIUS
943 3026 1036 3065 rex
1064 3011 1361 3080 Anglorum
1415 3013 1670 3082 episcopo
1701 3013 1767 3068 de
1820 3011 2088 3070 Suthsexa

506 3113 562 3156 et
588 3099 890 3157 vicecomiti
916 3111 972 3157 et
997 3104 1207 3159 czeteris
1247 3105 1542 3160 baronibus
1576 3105 1692 3161 suis
1733 3103 2090 3176 Francigeuis

503 3203 559 3248 et
588 3194 774 3266 Anglis
798 3195 1048 3252 salutem.

580 3287 777 3342 Sciatis
837 3303 924 3343 me
985 3290 1323 3346 concessisse
1376 3298 1434 3345 et
1499 3289 1849 3346 conﬁrmasse
1891 3291 2088 3347 donum

507 3377 796 3433 Gisleberti
828 3381 894 3436 de
924 3381 1248 3452 Tonebrige,
1279 3383 1422 3450 quod
1464 3381 1611 3437 dedit
1633 3382 1874 3438 ecclesiae
1903 3381 2090 3439 Sancti

505 3471 733 3526 Audi-etc
795 3471 1169 3540 Rovecestrce;
1204 3474 1414 3529 scilicet
1453 3473 1743 3538 ecclesiam
1768 3473 1834 3530 de
1859 3473 2093 3530 Rethra-

505 3563 658 3619 velda
687 3573 743 3618 el.
772 3566 1030 3636 quidquid
1067 3567 1134 3620 ad
1168 3565 1310 3621 illam
1343 3567 1597 3636 pertinet,
1632 3567 1746 3622 sive
1772 3567 1828 3622 in
1865 3567 2093 3623 decimis

505 3658 620 3710 sive
646 3657 702 3710 iu
734 3659 1135 3722 venationibus,
1174 3659 1254 3711 vel
1302 3659 1353 3712 in
1380 3658 1500 3715 aliis
1536 3658 1866 3729 quibuslibet
1904 3661 2086 3716 rebus.

508 3745 846 3802 TestimOuio
889 3748 1084 3816 llogeri
1142 3751 1296 3820 Bigot
1324 3759 1380 3806 et
1428 3749 1707 3806 Haimonis
1736 3752 2087 3808 vieecomitis.

506 3839 667 3910 Apud
707 3837 1058 3894 Wintoniam.

1274 3931 1337 3985 ν.

777 4020 884 4077 Pro
913 4022 1150 4077 libertate
1199 4021 1556 4077 Melduncnsrs
1585 4025 1820 4079 cwuobii.

1057 4114 1244 4185 (Ibid.,
1277 4131 1399 4186 pag.
1431 4116 1546 4186 52.)

581 4206 862 4278 chnaute
890 4205 942 4259 in
973 4215 1290 4275 perpetuum
1325 4205 1550 4261 Domino
1579 4217 1765 4264 nostro
1787 4207 1913 4264 Jesu
1943 4209 2094 4265 Chri-

2186 355 2242 403 et
2281 346 2570 404 multorum
2597 355 2910 402 sanctorum
2954 347 3226 418 reliquias,
3274 348 3509 404 maxime
3551 352 3766 420 patroni

2187 437 2358 492 nostri
2386 445 2439 492 et
2470 438 2718 507 praesulis
2755 437 3246 510 Rotbomagensis;
3289 440 3430 496 dono
3454 448 3508 496 et
3529 443 3768 496 concedo

2189 529 2314 584 huic
2343 529 2588 585 ecclesire
2620 540 2934 602 perpetuam
2974 530 3278 586 libertatem
3306 540 3361 588 et
3391 533 3637 589 eamdem
3661 535 3770 589 sci-

2187 618 2314 675 licet
2342 635 2506 690 quam
2534 621 2753 675 donavit
2786 636 2879 675 rex
2918 621 3234 677 Edwardus.
3285 621 3412 678 llaec
3455 631 3559 689 est,
3601 636 3660 678 ut
3697 625 3766 680 sit

2188 711 2353 769 libera
2383 723 2439 769 et
2464 714 2644 784 quieta
2677 714 2742 770 de
2774 713 2982 772 Schiris
3020 724 3073 770 et
3120 714 3424 772 Hundredis
3453 727 3508 773 et
3553 716 3768 790 placitis

2185 814 2242 861 et
2278 804 2514 875 querelis
2542 814 2596 859 et
2625 806 2874 861 omnibus
2911 805 3095 862 Geldis
3147 814 3204 861 et
3258 808 3762 865 consuetudinibus.

2186 896 2434 953 Concedo
2462 898 2625 954 etiam
2645 898 2700 952 'ci
2737 897 2930 952 Sacam
2952 908 3007 953 et
3033 898 3228 954 Socam
3257 909 3310 955 et
3339 901 3436 956 Tol
3460 913 3512 957 et
3538 901 3685 957 Tmm
3710 913 3768 958 et

2185 987 2630 1058 Infaugenethel‘,
2680 989 3020 1056 Donbriche,
3077 989 3435 1058 Damlokeue,
3499 994 3765 1049 Forestal.

2189 1080 2244 1136 Si
2271 1082 2392 1150 quis
2433 1092 2634 1147 autem,
2667 1082 2809 1152 quod
2849 1083 3018 1137 absit!
3056 1098 3087 1137 a
3117 1083 3382 1142 diabolico
3411 1087 3629 1142 inﬂatus
3664 1090 3771 1158 Spi-

2188 1174 2318 1238 ritu,
2351 1175 2452 1228 hoc
2479 1188 2655 1228 meum
2687 1172 2866 1244 regale
2893 1174 3090 1229 donum
3126 1175 3418 1248 infringere
3452 1180 3766 1245 tentaverit,

2185 1265 2323 1320 sciat
2346 1280 2404 1320 se
2428 1264 2614 1336 procul
2645 1265 2808 1321 dubio
2840 1275 2967 1322 ante
3014 1266 3243 1322 districti
3288 1269 3519 1324 tribunal
3563 1269 3773 1327 Iudicis

2189 1355 2508 1410 titubantem
2547 1356 3074 1427 tremebundumque
3107 1357 3259 1412 turba
3297 1360 3612 1431 archangeli
3653 1379 3776 1432 per-

2185 1454 2483 1516 strepente,
2509 1447 3049 1514 anathematizatum,
3093 1449 3196 1504 nisi
3227 1449 3379 1519 prius
3406 1451 3568 1522 digna
3615 1453 3777 1508 satis—

2187 1535 2422 1592 factione
2450 1536 2741 1593 emendare
2785 1538 3037 1595 voluerit.
3089 1539 3409 1610 Quicunque
3449 1545 3774 1612 servaverit,

2117 1612 2163 1672 Β
2194 1640 2419 1696 regnare
2447 1641 2569 1680 cum
2594 1625 2820 1683 Domino
2837 1625 2966 1684 Jesu
2992 1627 3506 1700 Chri5to.mereatur
3528 1632 3581 1686 in
3607 1632 3778 1702 gloria

2191 1721 2643 1792 paradisi.Facta
2685 1731 2768 1778 est
2796 1721 2957 1791 hujus
2981 1722 3291 1780 donationis
3343 1724 3586 1780 chartula
3637 1742 3780 1782 anno

2192 1815 2258 1868 ab
2288 1813 2665 1870 lncarnatioue
2711 1814 2919 1871 Domini
2973 1817 3146 1872 nostri
3196 1815 3324 1873 Jesu
3367 1817 3572 1874 Christi
3617 1821 3776 1883 1081,

2192 1903 2487 1959 indictione
2518 1919 2594 1969 tv,
2637 1919 2778 1960 anno
2820 1905 2970 1976 regni
3019 1906 3273 1962 Willelmi
3312 1909 3454 1978 regis
3497 1907 3778 1965 fortissimi

2193 2013 2282 2051 xv.
2326 1995 2421 2051 liis
2467 1997 2693 2052 testibus
2720 1997 3036 2068 subscriptis
3077 2017 3090 2052 :
3143 1999 3256 2070 Ego
3318 1999 3622 2056 Willelmus
3677 2016 3770 2055 rex

2190 2089 2484 2159 Anglorum
2514 2089 2616 2143 hoc
2641 2089 2840 2144 donum
2864 2091 3202 2147 conﬁrmavi.
3245 2091 3357 2163 Ego
3383 2092 3664 2148 Malhildis
3694 2111 3778 2147 rc-

2191 2182 2317 2253 giua
2352 2183 2585 2253 signavi.
2636 2182 2748 2254 Ego
2779 2183 3112 2240 Lanl'rancus
3165 2187 3623 2258 archiepiscopus.
3668 2188 3778 2258 Ego

2193 2274 2308 2329 Odo
2335 2275 2619 2346 episcopus
2648 2274 2958 2344 Bajocensis
2987 2277 3306 2348 subscripsi.
3335 2279 3447 2352 Ego
3469 2280 3778 2335 Osuiundus

2195 2364 2586 2421 Sarisbirensis
2643 2368 2950 2438 episcopus.
3008 2368 3119 2440 Ego
3171 2367 3451 2440 Remigius
3487 2370 3776 2440 episcopus

2193 2453 2612 2513 Liucolniensis.
2646 2458 2758 2529 Ego
2788 2459 3083 2516 Gosfredus
3107 2459 3541 2516 Constantiensis
3568 2462 3774 2531 cpisco-

2194 2564 2312 2618 pus.
2346 2549 2458 2620 Ego
2494 2549 2854 2606 Waltbelmus
2883 2551 3282 2609 Wintoniensis
3324 2554 3632 2624 episcopus.
3667 2554 3777 2624 Ego

2197 2641 2474 2698 Walterus
2512 2643 2821 2704 Evesluunii
2870 2645 3055 2701 abbas.
3113 2646 3227 2716 Ego
3276 2646 3545 2702 Robertus
3597 2662 3782 2702 comes

2197 2735 2412 2792 subscr.
2449 2737 2563 2808 Ego
2620 2737 2883 2793 Henricus
2937 2739 3081 2807 regis
3133 2739 3295 2793 ﬁlius.
3343 2738 3456 2809 Ego
3502 2737 3781 2791 Halamius

2197 2844 2381 2884 comes
2410 2828 2621 2884 subscr.
2658 2829 2772 2898 Ego
2801 2829 3110 2885 Baldwinus
3144 2832 3465 2886 vicecomes.
3509 2830 3624 2899 Ego
3670 2828 3779 2882 Ro-

2198 2921 2384 2975 bertus
2409 2918 2714 2975 Danteseia.
2757 2920 2953 2978 Actum
2982 2921 3292 2978 Lundonias
3320 2921 3611 2976 assistente
3648 2919 3777 2973 Wa-

2195 3009 2317 3065 rino
2353 3009 2562 3064 abbate.

2951 3149 3035 3204 Vl.

2647 3243 2757 3299 Pro
2784 3244 2962 3298 eodem
2995 3244 3334 3298 monasterio.

2739 3335 2928 3409 (Ibid.,
2956 3353 3077 3406 pag.
3120 3335 3234 3406 55.)

2265 3452 2529 3510 Omnibus
2576 3452 2895 3507 orthodoxis
2940 3460 3126 3506 notum
3191 3465 3334 3513 esse,
3383 3458 3592 3504 remota
3635 3451 3780 3505 omni

2195 3545 2570 3618 ambiguitate,
2621 3560 2889 3615 cognosco
2937 3560 3072 3615 puro
3123 3545 3286 3602 corde
3333 3545 3477 3600 bona
3527 3544 3782 3599 iacientes

2194 3647 2395 3694 (eterna
2443 3638 2661 3708 praemia
2715 3647 3056 3708 recepturos.
3103 3637 3282 3704 Quare
3329 3652 3430 3706 ego
3476 3637 3749 3692 Mathildis

2196 3731 2290 3788 Dei
2320 3733 2493 3803 gratia
2528 3733 2712 3803 regina
2743 3740 2798 3788 et
2822 3731 3011 3802 legalis
3031 3730 3225 3798 conjux
3255 3730 3553 3796 Williehni,
3584 3732 3782 3803 Angloo

2198 3841 2316 3880 rum
2348 3825 2708 3880 strenuissimi
2739 3825 2902 3895 regis,
2931 3835 3359 3893 caeterarumque
3403 3825 3648 3892 gentium
3679 3823 3783 3877 cir-

2197 3933 2537 3988 cumquaque
2583 3918 2988 3988 persiStentium
3039 3918 3387 3988 praepotentis
3430 3926 3676 3972 rectoris.
3724 3930 3786 3970 ac

2198 4009 2689 4068 Northmannorum
2716 4010 3033 4066 nobilissimi
3071 4010 3243 4073 ducis,
3268 4009 3456 4064 eodem
3487 4007 3785 4071 praedm-is-

2196 4105 2336 4159 simo
2378 4104 2495 4159 viro
2546 4103 2760 4158 volente
2808 4111 2863 4157 et
2909 4103 3128 4158 sincero
3169 4103 3331 4157 corde
3388 4104 3784 4166 consentiente,

2197 4205 2359 4266 atque
2381 4196 2678 4252 revereudo
2702 4196 2926 4252 Warino
2950 4195 3143 4250 abbate
3171 4196 3271 4250 hoc
3301 4194 3630 4266 postulante,
3663 4195 3784 4248 dedi

507 4309 618 4365 sto,
657 4298 851 4368 illoque
875 4307 1095 4370 regente
1123 4312 1186 4353 ac
1225 4298 1539 4352 dominante
1577 4301 1826 4358 omnibus
1858 4302 2093 4358 elemen-
2123 4312 2174 4378 υ
2199 4302 2400 4347 5300111?
2454 4291 2548 4346 Dei
2595 4289 2845 4360 εθηίιτίεὶ
2899 4288 3082 4345 Mariae
3137 4288 3498 4360 integerrimas
3549 4289 3787 4358 virgini.

512 4392 603 4456 tis,
662 4391 753 4460 qui
818 4389 981 4444 etiam
1043 4388 1450 4458 incomparabili
1514 4394 1714 4462 pietate
1775 4403 1828 4449 et
1895 4411 2090 4467 magna

525 4479 808 4550 majestate
857 4481 1037 4536 omnia
1089 4491 1388 4547 sustentat,
1437 4494 1736 4555 cunctaque
1778 4497 1936 4558 prout
1982 4488 2093 4544 vult

515 4575 630 4628 sive
657 4573 912 4640 visibiles,
943 4575 1060 4629 sive
1103 4574 1422 4638 invisibiles,
1465 4578 1690 4646 pulchro
1717 4581 2095 4638 moderamine

513 4666 750 4736 disponit
775 4676 938 4736 atque
959 4668 1258 4738 dispensat.
1280 4669 1618 4742 Quapropter
1642 4687 1743 4744 ego
1771 4673 2094 4742 Willelmus,

517 4759 627 4813 Deo
655 4757 993 4828 disponente,
1020 4775 1113 4814 rex
1149 4761 1466 4831 Anglorum,
1503 4774 1932 4835 cmtcrarmnque
1970 4784 2098 4838 gen-

517 4853 650 4906 tium
692 4854 1114 4923 circumquaque
1166 4855 1595 4922 persistentium,
1652 4867 1832 4912 rector
1874 4875 1940 4914 ac
1989 4861 2096 4914 dux

511 4929 1033 5006 Northmaunorum,
1077 4953 1297 5013 rogatus
1327 4959 1354 4997 a
1382 4944 1692 5000 ﬁdelissima
1717 4946 1943 5019 conjuge
1979 4964 2097 5005 mea

517 5033 777 5088 Mathilde
818 5033 1002 5102 regina
1040 5042 1097 5088 et
1153 5033 1336 5088 multis
1388 5037 1654 5107 cpiscopis
1704 5049 1757 5091 et
1806 5040 2100 5096 baronibus

517 5128 675 5192 meis,
714 5126 956 5182 concessi
989 5124 1215 5180 Warino
1251 5125 1430 5180 abbati
1460 5126 1818 5184 Meldunensis
1841 5134 2098 5200 cmuobii,

517 5219 742 5290 ejusque
774 5217 1216 5294 successoribus,
1258 5219 1501 5272 eamdem
1544 5220 1887 5276 donationem
1933 5235 2101 5279 terra-

2197 4393 2492 4454 sanctoque
2511 4383 2790 4438 Aldhelmo
2808 4383 2860 4438 in
2879 4383 3207 4438 Meldunensi
3232 4382 3581 4447 monasterio,
3597 4397 3788 4450 quam-

2197 4477 2319 4532 dam
2358 4486 2558 4533 terram
2591 4475 2930 4532 Gersdunam
2978 4475 3215 4541 nomine,
3245 4476 3319 4529 uti
3369 4475 3633 4530 habebam
3665 4490 3790 4545 pro-

2197 4570 2393 4640 priaut,
2431 4583 2553 4624 cum
2588 4569 2840 4625 omnibus
2883 4570 2984 4624 sibi
3035 4569 3406 4624 accidentibus
3441 4568 3788 4623 haereditario

2191 4660 2315 4732 jure
2354 4661 2404 4715 in
2442 4670 2700 4732 perpetuo
2749 4662 3069 4725 habendam,
3105 4662 3170 4717 ad
3219 4661 3551 4716 voluntatem
3600 4675 3790 4715 mona-

2199 4757 2423 4810 chorum
2466 4755 2520 4808 in
2557 4769 2720 4824 opere
2760 4755 2853 4809 Dei
2897 4755 2965 4808 ibi
3011 4755 3403 4822 assistentium,
3451 4765 3614 4824 atque
3663 4766 3791 4812 ante

2200 4845 2395 4901 divina:
2448 4854 2792 4915 conspectum
2848 4844 3149 4900 clementia:
3194 4860 3381 4915 preces
3447 4845 3788 4899 fundentium

2201 4954 2299 5010 pro
2325 4953 2566 4993 meorum
2598 4939 2915 4993 remissione
2953 4947 3296 5009 peccatorum
3329 4947 3384 4992 et
3409 4937 3662 4992 ﬁliorum.
3692 4935 3786 4990 Illa

2201 5039 2382 5085 autem
2410 5040 2550 5086 terra
2599 5031 2758 5086 trium
2801 5031 3046 5087 hidarum
3097 5045 3401 5085 mensuram
3445 5030 3704 5092 continet,
3732 5041 3791 5084 et

2203 5123 2500 5192 supradicti
2531 5125 2854 5178 monasterii
2875 5125 3035 5178 terris
3063 5124 3296 5189 undique
3325 5121 3786 5182 circumvallatum

2205 5215 2356 5271 Hanc
2406 5231 2532 5272 vero
2581 5217 2926 5277 donationem
2957 5216 3291 5288 gratulanter
3318 5215 3444 5280 feci,
3483 5215 3791 5286 imperante
