4040 5314
232 271 368 328 1333

970 374 1074 436 γη.

228 493 571 562 Con/irritatio
626 487 906 616 privilegii!
948 493 1217 616 Ebtlwnrdi_
1254 495 1385 561 regis
1439 506 1532 558 pro
1590 488 1802 543 ecclesia

860 582 885 617 e
916 579 970 616 ro
1010 575 1237 632 urgetur.

860 579 1237 617 θιγοοιινηειιει.

526 653 875 726 (Ηοηαειίεοη
925 652 1124 723 Anglic.
1167 651 1209 716 Ι.
1245 656 1363 722 pag.
1395 645 1508 717 68.)

302 746 414 817 Ego
439 745 792 811 Wuusuus,
828 743 917 799 Dei
942 743 1202 798 beneﬁcio
1249 757 1344 797 rex
1368 742 1682 812 Anglorum,
1712 755 1806 810 pe-

232 846 379 892 tente
421 839 613 893 abbate
665 836 859 900 Brand,
895 835 1036 890 istud
1084 834 1418 904 privilegium
1463 834 1516 888 in
1561 833 1811 889 omnibus

234 931 392 986 laudo
429 938 482 985 et
521 931 783 985 conﬁrmo
822 929 963 984 sicut
994 927 1340 998 suprsacripti
1376 941 1529 996 reges
1554 935 1677 981 ante
1704 941 1811 991 me,

238 1022 490 1078 similiter
536 1014 698 1077 etiam
752 1029 926 1076 terras
977 1019 1203 1074 (ratium
1259 1018 1342 1073 vel
1389 1019 1810 1090 propinquorum

241 1128 462 1168 suorum
487 1126 620 1182 quas
649 1111 920 1167 habebant
941 1111 1041 1166 sub
1083 1125 1207 1181 rege
1235 1109 1497 1165 Edwardo
1525 1109 1812 1164 hmredita-

235 1206 343 1260 rias
365 1213 419 1259 et
460 1205 678 1270 liberas,
709 1205 811 1260 hoc
854 1213 956 1268 est,
1002 1204 1252 1268 Scotera,
1306 1201 1559 1264 Scotuna,
1591 1201 1813 1256 Malme«

217 1303 350 1360 tun,
377 1293 865 1367 Raganaldethorp,
904 1294 1280 1366 Melsingham,
1330 1293 1594 1354 Cletham,
1639 1293 1816 1347 Bibal-

234 1385 472 1455 destopa,
505 1385 781 1452 Thalcote,
809 1385 1096 1450 Mulcham,
1119 1401 1240 1440 cum
1272 1384 1524 1440 omnibus
1563 1383 1815 1453 adjaccnv

237 1477 402 1542 tibus,
445 1492 544 1548 ego
583 1478 820 1533 concedo
858 1477 1186 1533 monasterio
1223 1492 1320 1533 suo
1351 1486 1405 1532 et
1443 1477 1681 1548 ejusdem
1717 1477 1815 1533 loci

233 1579 464 1639 patrono
516 1571 671 1625 beato
695 1571 858 1626 Petro
896 1570 1138 1640 apostolo
1171 1571 1222 1624 iu
1251 1579 1592 1639 perpetuum,
1621 1567 1819 1623 liberas

233 1669 290 1714 et
313 1661 526 1730 quietas
551 1677 671 1716 cum
697 1661 947 1718 omnibus
984 1661 1462 1717 consuetudinibus
1489 1675 1606 1730 qua:
1633 1659 1818 1729 appel-

237 1751 416 1806 lantur
443 1752 663 1823 Anglice
690 1751 827 1808 Saca
859 1763 911 1810 et
945 1751 1140 1816 Socna,
1163 1761 1430 1822 quatenus
1469 1751 1670 1821 jugiter
1709 1750 1818 1805 sint
1854 1736 1896 1793 η

234 1841 465 1912 propriae
495 1851 549 1898 et
574 1842 856 1897 dominica:
883 1843 1124 1897 inﬁrmas
1151 1851 1204 1897 et
1227 1841 1495 1911 quaslibet
1521 1841 1819 1897 necessita-

238 1941 318 1988 tes
339 1933 538 1990 ibidem
561 1934 668 1990 Dco
684 1935 1050 1990 servientium.
1068 1932 1191 1988 llrec
1211 1947 1338 2002 ergo
1366 1943 1524 1988 nemo
1545 1932 1815 1987 btereduut

239 2027 321 2082 vel
355 2041 731 2083 successorum
760 2041 1001 2082 meorum
1046 2034 1312 2079 temerare
1357 2025 1568 2087 audeat,
1611 2039 1678 2077 ne
1720 2039 1815 2078 ex-

237 2119 742 2174 communicationis
776 2117 953 2188 gladio
1004 2116 1234 2171 intereat
1278 2124 1334 2171 et
1375 2131 1474 2185 pro
1506 2115 1820 2170 haereditate

241 2209 496 2265 Ecclesiae
547 2210 815 2265 infernum
873 2208 1167 2280 possideat.
1213 2204 1348 2262 lluic
1392 2215 1556 2262 testes
1601 2205 1824 2261 adfuere

241 2301 548 2367 Aldradus,
596 2303 951 2358 Eboracensis
994 2301 1468 2372 archiepiscopus;
1500 2297 1820 2362 Wilwimus,

247 2389 640 2449 Lincolnieusis
661 2395 972 2464 cpiscopus;
1001 2393 1337 2447 Mcrleisuein
1366 2392 1685 2451 vicecomes.
1717 2389 1823 2459 lill',

242 2483 384 2540 ﬁlius
411 2485 580 2555 Topi;
610 2484 911 2540 Willehnus
945 2500 1147 2550 comes,
1187 2483 1487 2540 Willelmus
1512 2483 1720 2548 Maleit,
1745 2481 1827 2536 lu-

246 2576 430 2646 gelvus
459 2576 759 2649 presbyter.

974 2663 1082 2722 Vill
1093 2707 1106 2721 .

327 2757 431 2812 Pro
461 2760 692 2814 cernobio
723 2757 1065 2814 Bathoniensi
1095 2758 1149 2814 in
1184 2774 1310 2828 agro
1344 2756 1745 2815 Sumersetensi.

777 2849 968 2920 (lbid.,
1003 2865 1125 2921 pag.
1159 2848 1303 2918 185.)

321 2938 677 3007 Ἢιιιειιυε,
707 2955 798 2996 rex
839 2941 1153 3008 Anglorum,
1181 2938 1271 3006 0.,
1297 2939 1548 3010 episcopo
1578 2937 1833 2994 Saresbe-

1603 265 1802 322 υἱιδιο
1810 265 1896 321 MA
1905 265 1989 320 TA
2001 306 2013 318 .

3341 273 3478 331 1553

1836 386 1880 437 Α
1908 379 2064 434 cham
2092 393 2154 433 ac
2179 373 2632 448 Wellcmapruta‘c
2660 395 2782 435 cum
2813 381 3141 450 appeuzliciis
3173 384 3301 437 suis.
3326 386 3475 442 Prac-

1908 478 2052 524 terea
2080 471 2312 525 concedo
2337 471 2604 538 prredicta:
2647 471 2912 538 ccclesim,
2957 472 3335 542 deprecatione
3373 477 3479 531 ne.

1907 559 2053 631 migii
2075 561 2332 632 episcopi,
2359 561 2844 632 Egneshameusem
2869 564 3152 620 ecclesiam
3182 583 3302 620 cum
3321 572 3483 623 terris

1907 665 2041 720 quas
2085 652 2242 708 modo
2288 654 2554 722 possidet,
2612 655 2702 708 tali
2755 663 2910 725 pacto
2955 664 3013 708 ut
3061 655 3131 710 ibi
3183 657 3348 712 abbas
3388 673 3483 727 per

1910 756 2087 796 meum
2149 743 2430 798 consilium
2475 744 2787 810 ordinetur,
2841 744 2931 814 qui
2988 760 3072 800 res
3129 745 3480 801 ecclesiarum

1908 843 2124 901 semper
2156 838 2368 897 tractet,
2402 832 2614 889 abbatia
2651 843 2828 888 autem
2859 835 2910 888 in
2945 851 3062 890 meo
3103 834 3340 890 dominio
3371 852 3484 889 ma-

1911 927 2037 973 neat
2079 918 2218 974 sicut
2268 930 2476 976 czcterze
2519 931 2616 990 per
2660 921 2927 993 Angliam.
2974 923 3040 977 Et
3090 938 3156 978 ne
3205 923 3325 992 quis
3379 923 3485 978 ulla

1910 1009 2194 1065 Occasione
2215 1011 2486 1079 querelam
2508 1009 2763 1068 adversus
2786 1015 2954 1082 ipsam
2976 1012 3243 1067 abbatiam
3264 1014 3485 1078 habeat,

1913 1099 2150 1156 Concedo
2183 1115 2281 1170 pro
2309 1103 2730 1158 commutatione
2760 1103 2944 1156 altaris
2974 1104 3040 1157 de
3083 1103 3232 1157 Stom
3272 1112 3325 1156 et
3358 1117 3490 1173 qua-

1918 1199 2039 1245 tuor
2063 1204 2381 1244 carucarum
2414 1201 2569 1245 terrae
2596 1207 2714 1260 qua:
2748 1193 3014 1260 pertinent
3053 1191 3120 1246 ad
3156 1192 3489 1262 episcopum,

1914 1280 2181 1352 episcopis
2205 1280 2513 1346 Lincolnius,
2558 1280 2834 1336 Slatfordc
2875 1282 3132 1352 prrcdium
3171 1284 3390 1336 bonum.
3425 1283 3491 1336 Et

1916 1372 2020 1427 hoc
2063 1371 2202 1427 facio
2240 1372 2464 1426 consilio
2509 1379 2558 1427 et
2614 1379 2938 1427 testamento
2981 1371 3044 1426 L.
3077 1371 3493 1443 archiepiscOpi.

1918 1461 2107 1517 Testes
2130 1462 2190 1516 E.
2219 1462 2521 1517 vicecomcs
2556 1470 2608 1517 et
2638 1462 2702 1516 Π.
2733 1464 2799 1516 de
2829 1461 2960 1517 Osli.

2227 1667 2305 1718 Ad
2334 1664 2564 1720 homines
2599 1665 2821 1718 αὺὸαξίιυ
2847 1668 2910 1721 de
2942 1665 2987 1720 la
3029 1665 3184 1721 Stou.

2451 1753 2637 1822 (Ibid.,
2669 1770 2790 1825 pag.
2825 1753 2972 1824 265.)

1993 1847 2337 1909 Wtuauus,
2365 1863 2459 1902 rex
2489 1847 2713 1918 Anglite,
2745 1849 3051 1904 hominibus
3085 1848 3314 1906 abbatia:
3346 1852 3410 1906 de
3448 1854 3503 1906 la

1921 1935 2050 1991 Slou
2073 1938 2324 1992 salutem.

1991 2027 2252 2097 l’r:ccipio
2299 2027 2452 2082 vobis
2498 2027 2749 2084 omnibus
2800 2037 2856 2084 ut
2910 2031 2979 2084 ita
3025 2031 3143 2086 sitis
3192 2024 3504 2088 obedientes

1923 2115 2142 2172 domino
2218 2126 2400 2172 vestro
2460 2115 2795 2173 Columbano
2854 2119 3075 2181 abbati.
3132 2119 3274 2176 sicut
3328 2119 3508 2176 fuistis

1926 2201 2172 2275 Retuigio
2199 2207 2453 2276 episcopo
2477 2207 2532 2261 in
2561 2207 2814 2262 omnibus
2846 2209 3023 2264 rebus.
3048 2206 3209 2265 Teste
3233 2209 3508 2264 Richardo

1926 2298 1990 2352 de
2021 2297 2199 2352 Curci.

2673 2387 2760 2443 XI.

2141 2475 2216 2532 De
2243 2475 2510 2531 excambio
2544 2475 2756 2532 Sancta:
2788 2473 2973 2531 Maria:
3003 2477 3065 2531 de
3094 2475 3291 2533 Stante.

2447 2567 2636 2637 (lbid.,
2666 2585 2792 2640 pag.
2831 2568 2982 2640 265.)

2003 2658 2056 2712 Ἃ
2078 2673 2357 2722 ιιιειιωδ,
2389 2673 2484 2712 rex
2526 2657 2840 2726 Anglorum,
2873 2656 2937 2712 ll.
2968 2657 3118 2714 Linc.
3149 2658 3400 2730 episcopo
3422 2674 3508 2713 sa-

1933 2759 2117 2804 intem.

2005 2837 2265 2909 Praecipio
2310 2847 2371 2894 ut
2415 2838 2808 2895 Columbanum
2859 2841 3109 2898 abbatem
3174 2841 3400 2911 paciﬁce
3452 2851 3513 2896 et

1935 2930 2232 2987 benoriﬁce
2263 2939 2448 2985 teneas
2491 2939 2546 2986 et
2571 2931 2730 3001 plene
2761 2929 2930 2987 facias
2969 2932 3018 2986 ei
3057 2931 3257 2986 habere
3293 2946 3515 2987 exeam-

250 3032 434 3098 riensi,
464 3043 523 3089 et
548 3032 636 3098 L.,
666 3032 846 3088 abbati
877 3030 1266 3096 Glastoniensi,
1295 3039 1350 3084 et
1395 3029 1460 3085 Α.
1500 3028 1831 3094 vicecomiti,
1863 3069 1908 3131 ϐ
1941 3024 2086 3131 bium
2119 3039 2275 3126 suum
2307 3039 2406 3094 pro
2428 3023 2679 3131 omnibus
2717 3024 2875 3080 terris
2918 3040 3053 3094 quas
3083 3026 3316 3080 habebat
3363 3026 3504 3096 apud

246 3123 605 3195 omnibusque
650 3122 946 3178 baronibus
1002 3121 1357 3192 Francigenis
1417 3133 1474 3177 et
1526 3120 1714 3192 Anglis
1769 3119 1836 3174 de

245 3213 560 3273 Sumerseta
588 3225 644 3273 et
671 3217 737 3272 de
763 3213 1118 3271 Wiltunscire
1145 3213 1393 3269 salutem.

317 3307 517 3364 Sciatis
542 3324 628 3364 me
651 3307 862 3364 dedisse
888 3308 997 3364 Deo
1017 3316 1073 3363 et
1094 3315 1284 3363 sancto
1305 3305 1466 3362 Petro
1493 3304 1546 3360 in
1574 3305 1838 3361 Ballionia

247 3408 300 3453 et
347 3397 543 3453 Joanni
603 3397 855 3471 episcopo
905 3407 1072 3454 totam
1123 3398 1400 3452 civitatem
1450 3394 1728 3450 Bathonire
1786 3395 1838 3448 in

249 3487 653 3561 eleemosynam
693 3498 750 3545 et
779 3491 845 3543 ad
868 3488 1359 3560 augmentationem
1385 3485 1708 3557 pontiﬁcalis
1750 3500 1840 3539 se-

268 3580 334 3634 tis
361 3594 471 3634 suae
497 3590 554 3636 et
579 3580 831 3636 omnibus
855 3577 1261 3635 successoribus
1303 3571 1437 3642 suis,
1478 3591 1574 3646 pro
1605 3573 1842 3630 remedio

255 3669 445 3724 attinue
478 3670 651 3741 patris
682 3669 788 3724 mel
822 3669 1119 3738 matrisque
1159 3682 1293 3723 meae
1338 3674 1394 3721 et
1439 3665 1543 3721 mei
1583 3665 1750 3735 ipsius
1787 3671 1843 3718 et

253 3767 664 3814 autecessorum
688 3769 744 3816 et
769 3749 1142 3814 successorum
1164 3772 1429 3822 meorum;
1444 3754 1839 3826 dedi,inquam.

260 3849 308 3904 ei
344 3851 414 3905 ita
448 3852 619 3907 libere
640 3860 697 3907 et
720 3851 1018 3907 honoriﬁce
1051 3866 1173 3907 cum
1202 3850 1451 3906 omnibus
1497 3845 1840 3921 appenditiis,

263 3941 520 4012 quidquid
548 3957 648 4012 ego
686 3941 756 3998 ibi
801 3940 984 4008 habui,
1015 3941 1098 3998 vel
1120 3948 1273 4011 pater
1299 3955 1470 4003 meus,
1496 3938 1622 3994 dum
1652 3935 1843 3992 melius

261 4028 565 4093 habuimus,
605 4044 727 4086 cum
770 4031 1020 4086 omnibus
1064 4016 1546 4086 consuetudinibus
1586 4037 1739 4082 extra
1789 4031 1845 4081 et

261 4117 423 4185 intra,
453 4128 514 4174 ut
543 4119 820 4175 liberalius
855 4121 1026 4176 habeo
1072 4121 1347 4176 civitatem
1389 4120 1441 4174 in
1470 4127 1582 4175 tota
1626 4116 1842 4190 Anglia,

263 4226 385 4266 cum
415 4223 656 4279 moneta,
684 4229 808 4268 cum
836 4213 1107 4275 theleneo,
1137 4220 1244 4266 tam
1273 4211 1328 4266 in
1358 4211 1563 4282 campis
1597 4225 1760 4282 quam
1789 4209 1843 4264 in

265 4301 429 4370 Silvis,
482 4313 592 4359 tam
640 4305 694 4360 in
728 4305 848 4359 [ιιι-ο
893 4319 1054 4374 quam
1092 4303 1144 4358 in
1182 4303 1352 4374 pratis
1383 4311 1438 4361 et
1475 4303 1528 4357 in
1566 4303 1744 4367 terris,
1784 4310 1845 4356 ut

1942 3113 1990 3169 le
2011 3112 2165 3178 Stou,
2194 3114 2267 3168 ita
2297 3123 2358 3168 ut
2384 3114 2518 3168 nihil
2559 3115 2682 3170 inde
2721 3115 2889 3182 desit;
2933 3117 3062 3184 quin
3103 3115 3293 3172 habeat
3337 3124 3510 3170 totum

1941 3205 2008 3257 ad
2042 3204 2227 3257 valens
2255 3203 2395 3257 sicut
2421 3203 2654 3258 habebat
2699 3203 2844 3260 illuc.
2877 3205 2942 3258 Et
2972 3207 3093 3260 vide
3129 3221 3197 3261 ne
3236 3205 3358 3260 inde
3400 3222 3518 3260 am-

1940 3292 2078 3362 plius
2103 3292 2315 3345 audiam
2346 3291 2662 3355 clamorem,
2697 3293 2822 3362 quia
2846 3292 3005 3349 aliter
3040 3309 3146 3349 non
3178 3294 3429 3349 consensi
3460 3303 3513 3347 te

1940 3383 2122 3441 facere
2167 3385 2518 3439 uuttationem
2565 3383 2690 3440 loci.
2743 3385 2806 3440 τ.
2859 3383 2947 3442 W.
2993 3385 3322 3442 cancellario
3372 3386 3516 3455 apud

1941 3472 2043 3530 Ou.

2670 3565 2784 3621 XII.

2251 3657 2447 3714 Charta
2483 3657 2628 3713 ιυοηὶ
2658 3657 2907 3730 Taleboys
2934 3676 3202 3716 concessa.

2485 3747 2671 3818 (Ibid.,
2703 3764 2823 3820 pag.
2847 3747 2996 3820 507.)

2014 3838 2376 3905 WILLELIUS,
2410 3854 2505 3894 rex
2532 3837 2850 3909 Anglorum,
2897 3839 2963 3893 Β.
3008 3837 3370 3896 Lincolnieusi
3405 3840 3522 3910 epi-

1945 3944 2108 4001 scopo
2129 3938 2185 3985 et
2229 3930 2484 3986 omnibus
2525 3929 2821 3986 baronibus
2869 3939 2924 3984 et
2978 3929 3227 3988 ﬁdelibus
3265 3931 3379 3987 suis
3433 3947 3522 3987 sa-

1945 4021 2135 4076 lutem.
2865 4074 2870 4080 .
2892 4090 2896 4094 ,
3339 4018 3341 4020 ’

2017 4111 2217 4166 Sciatis
2245 4125 2434 4167 omnes
2469 4109 2612 4181 quod
2659 4124 2760 4180 ego
2792 4111 3026 4166 concedo
3059 4111 3202 4181 quod
3238 4106 3329 4166 lvo
3369 4109 3528 4165 Tale-

1945 4201 2078 4272 boys
2124 4203 2450 4268 manerium,
2495 4200 2639 4270 quod
2691 4212 2916 4258 vocatur
2975 4202 3303 4274 Spaldings,
3359 4204 3526 4257 donet

1947 4299 2138 4347 sancto
2164 4291 2406 4356 Nicolao,
2437 4291 2503 4347 de
2531 4291 2750 4350 civitate
2782 4293 3177 4364 Audegavensi,
3212 4293 3284 4347 ita
3319 4293 3528 4348 scilicet

266 4405 386 4448 cum
412 4396 649 4451 maximo
677 4395 884 4452 honore
925 4395 997 4450 ibi
1047 4392 1408 4464 pontiﬁcalem
1450 4405 1602 4449 suam
1649 4392 1832 4448 habeat

1946 4381 2087 4451 quod
2119 4375 2358 4436 Ecclesia
2407 4397 2526 4451 quae
2561 4381 2614 4436 in
2651 4385 2838 4439 eodem
2879 4375 3122 4439 manerio
3150 4391 3235 4439 est
3271 4393 3323 4438 et
3353 4384 3525 4439 servi-

275 4485 476 4541 sedem.
519 4486 586 4540 Et
626 4488 692 4542 de
739 4487 842 4541 hoc
887 4485 1236 4556 propalantur
1277 4492 1464 4548 testes,
1488 4481 1842 4547 Walkelinus,

274 4571 666 4632 Wiutonieusis
682 4573 993 4649 episcopus;
1013 4576 1297 4640 Bobertus,
1313 4573 1704 4630 Lincolnieusis
1730 4573 1846 4644 epi-

274 4679 497 4736 scapus;
526 4667 819 4733 Robertus,
850 4682 1031 4723 comes
1076 4667 1142 4720 de
1171 4666 1416 4730 Melleut;
1446 4665 1728 4734 Henricus,
1757 4678 1851 4720 co-

276 4769 389 4812 mes
410 4758 476 4812 de
497 4756 757 4824 Warmie;
774 4757 1061 4823 Robertus,
1079 4755 1220 4816 ﬁlius
1233 4755 1508 4822 llamouis;
1529 4755 1677 4812 Eudo
1701 4753 1853 4824 dapi-

275 4845 376 4911 l'er,
421 4848 509 4903 lvo
536 4848 760 4918 dapit‘er,
805 4847 1094 4914 Robertus,
1126 4847 1268 4904 ﬁlius
1296 4845 1552 4914 Geraldi;
1583 4846 1854 4904 Robertus
1895 4910 1904 4916 ν

279 4936 636 5006 dispensator,
685 4937 884 4993 Willel.
917 4940 982 4994 de
1009 4937 1292 4996 Caroltela.

1019 5028 1110 5084 IX.

584 5119 684 5178 Pro
714 5121 927 5176 ecclesia
956 5121 1016 5178 S.
1053 5120 1246 5182 Maria
1282 5118 1556 5180 Stowettsi.

845 5211 1028 5281 (Ibid.,
1054 5208 1092 5275 l,
1125 5215 1284 5284 εδδ.)

1952 4479 2098 4526 tores
2122 4467 2608 4541 ejus,qmanerium
2659 4471 2935 4538 habeant,
2965 4489 3088 4528 cum
3138 4473 3390 4528 omnibus
3427 4488 3529 4543 ap-

1950 4559 2213 4630 pendiciis
2239 4561 2372 4626 suis,
2406 4575 2529 4616 cum
2566 4561 2702 4618 Saca
2727 4575 2780 4619 et
2809 4562 2948 4620 Soca
2973 4573 3028 4622 et
3051 4565 3146 4621 Tol
3169 4573 3223 4619 et
3245 4563 3448 4619 Theam
3473 4567 3532 4619 et

1951 4647 2262 4722 lniangthel'
2282 4659 2338 4707 et
2364 4651 2615 4707 omnibus
2661 4653 2784 4708 aliis
2829 4654 3342 4719 consuetudinibus,
3389 4654 3535 4710 sicut

1954 4741 2148 4812 aliquis
2178 4749 2583 4796 antecessorum
2615 4757 2836 4798 suorum
2868 4743 3058 4800 melius
3086 4745 3216 4799 illud
3248 4744 3529 4812 habuerit,

1955 4832 2029 4886 ita
2058 4839 2234 4886 tamen
2288 4838 2346 4884 ut
2397 4828 2656 4900 habeant,
2689 4841 2810 4902 post
2860 4834 3068 4890 obitum
3115 4834 3286 4906 ipsius
3331 4833 3539 4900 lvonis.

1954 4919 2040 4975 vel
2068 4929 2193 4978 ante
2223 4919 2428 4974 obitum
2459 4934 2616 4976 suum
2653 4923 2698 4977 si
2728 4924 2842 4994 ipse
2876 4921 2968 4978 lvo
2993 4922 3245 4979 voluerit.
3279 4921 3546 4987 Testibus

1953 5005 2047 5061 W.
2082 5008 2335 5078 episcopo
2374 5004 2719 5067 Dunelmensi
2745 5051 2760 5076 ,
2809 5009 3048 5070 Boberto
3096 5011 3204 5067 ﬁlio
3239 5010 3556 5084 llamonis,

1959 5086 2229 5152 Willelmo
2276 5095 2874 5165 cancellario,Eudone
2920 5101 3166 5174 dapit‘ero
3213 5111 3266 5154 et
3323 5099 3556 5173 Rege“,

1962 5186 2148 5258 Bigoto
2185 5187 2325 5259 apud
2357 5184 2515 5242 Hom.
3380 5193 3386 5200 ‘

2673 5282 2790 5314 VIII
