4040 5314
513 285 649 342 1355

1600 273 1937 330 νγιιιιεικι
1968 248 2493 343 coaouesroms

3621 274 3759 334 ιδσε

509 399 808 471 episcopis,
855 395 1140 453 abbatibus
1165 433 1178 458 ,
1226 389 1513 450 comitibus
1583 398 1640 446 et
1693 389 1903 446 caeteris
1969 389 2083 446 suis
2109 395 2158 452 Α
2185 397 2240 442 et
2256 383 3761 458 baeredes,praceptaqumjamsmpeuominatazecclesia

514 491 780 546 ﬁdelibus.

620 492 654 545 l'
697 507 780 547 us.

583 492 850 650 stigmam
897 593 997 633 nos
1042 574 1108 631 ad
1149 572 1299 646 regni
1345 571 1558 642 fastigia
1598 570 1693 626 Dei
1734 569 2085 626 miseratione

513 683 796 742 provectos
838 683 961 724 esse
1007 665 1311 729 credimus,
1341 671 1556 733 oportet
1603 669 1662 716 ut
1710 661 1778 717 de
1825 676 2084 732 prospera

511 761 806 817 stabilitate
835 756 1004 828 plebis
1048 752 1203 810 nobis
1233 750 1512 823 subjectae,
1545 760 1600 807 et
1630 750 1865 806 maxime
1894 765 2083 806 eorum

509 855 601 925 qui
631 855 684 908 in
727 850 937 907 Domini
984 848 1205 904 servitio
1235 846 1320 902 die
1360 860 1424 901 ac
1451 853 1610 900 nocte
1633 843 1919 907 desudant,
1949 842 2082 914 vigi-

512 947 624 1000 tare
647 957 919 999 curemus.
964 939 1344 1012 lgitur,notum
1377 935 1607 993 facimus
1651 933 1898 989 ﬁdelibus
1933 931 2084 1004 regni

511 1035 678 1090 nostri
711 1030 1066 1103 przesentibus
1095 1037 1148 1084 et
1179 1026 1395 1092 futuris,
1429 1025 1573 1096 quod
1596 1023 1846 1080 Arfastus
1871 1022 2083 1092 episeo-

510 1140 609 1194 pus
632 1121 916 1178 ecclesiam
949 1118 1090 1175 beati
1138 1115 1434 1182 Edmundi,
1469 1115 1521 1168 in
1553 1129 1658 1184 qua
1704 1113 1817 1184 ipse
1864 1127 2086 1168 venera-

511 1215 631 1269 bilis
654 1227 746 1267 rex
768 1220 824 1266 et
845 1221 1049 1280 martyr
1069 1208 1377 1276 incorrupto
1393 1219 1620 1274 corpore
1641 1203 1782 1258 diem
1808 1210 2085 1272 exspectat

507 1308 680 1362 beatae
710 1299 1143 1362 resurrectionis,
1175 1313 1326 1355 suam
1353 1294 1714 1368 episcopalem
1737 1293 1937 1350 debere
1965 1307 2085 1348 esse

507 1397 712 1460 sedem,
743 1394 896 1448 nobis
927 1400 981 1446 et
1012 1390 1195 1444 multis
1242 1387 1366 1442 aliis
1415 1385 1708 1442 referebat.
1741 1383 1894 1440 Unde
1941 1384 2086 1438 inter

508 1486 842 1542 Baldwinum
891 1481 1142 1538 abbatem
1195 1477 1468 1550 przedicta:
1512 1475 1759 1531 ecclesim
1803 1483 1873 1550 et.
1910 1474 2084 1544 ipsum

507 1577 818 1648 episcOpum
847 1588 942 1644 per
963 1571 1190 1626 multum
1216 1567 1475 1637 temporis
1500 1565 1639 1620 facta
1662 1579 1824 1636 quam
1850 1565 2082 1618 maxima

509 1664 878 1730 altercatione,
914 1661 1143 1719 concilio
1194 1657 1758 1727 archiepiscoporum,
1805 1654 2085 1725 episcopo-

2183 477 2568 544 contulerunt,
2606 486 2792 534 nostro
2827 479 3083 534 roborare
3112 487 3418 550 praecepto,
3458 495 3528 537 ex
3564 480 3667 535 hoc
3702 492 3759 535 ut

2183 567 2252 622 ab
2279 567 2480 624 Arfasti
2525 567 2797 639 episcopi,
2845 568 3194 639 omniumque
3231 568 3334 624 sibi
3381 584 3477 638 per
3516 578 3763 639 tempora

2183 660 2584 716 succedentium
2604 660 2977 732 episcoporum
2999 660 3369 717 dominatione
3385 662 3501 732 ipsa
3531 661 3765 717 ecclesia

2183 757 2238 804 et
2253 749 2376 804 villa
2403 750 2457 804 in
2483 764 2587 820 qua
2613 749 2718 806 sita
2742 762 2826 806 est
2845 751 3037 806 eadem
3057 751 3286 807 eccbsia
3309 753 3379 808 sit
3393 752 3582 807 libera.
3603 751 3672 806 Et
3705 761 3768 805 ut

2184 839 2300 894 haec
2320 839 2615 895 auctoritas
2635 839 2911 895 nostris-et
2934 839 3129 895 futuris
3157 841 3488 911 temporibus
3505 842 3664 896 circa
3686 842 3768 912 ip,

2185 947 2304 987 sum
2335 940 2581 988 sanctum
2601 931 2778 989 locum
2791 932 3098 1003 perenniter
3118 931 3271 986 ﬁrma
3291 939 3348 985 et
3367 931 3628 987 inviolata
3646 946 3770 1002 per-

2185 1034 2421 1091 maneat,
2439 1041 2629 1080 manus
2645 1034 2844 1081 nostra:
2866 1023 3264 1095 subscriptione
3291 1033 3498 1080 cartam
3521 1023 3771 1080 hancde—

2184 1117 2451 1170 crevimus
2465 1118 2655 1172 robora
2663 1132 2717 1172 re
2731 1125 2783 1172 et
2799 1117 2955 1188 sigilli
2971 1117 3140 1172 nostri
3154 1117 3509 1186 impressione
3524 1116 3767 1172 ﬁrmare.

2254 1207 2292 1276 1'
2319 1207 2430 1278 Ego
2459 1205 2763 1264 Willelmus
2806 1208 2902 1264 Dei
2952 1208 3127 1277 gratia
3176 1209 3473 1279 Anglorum
3521 1223 3616 1262 rex
3665 1211 3772 1263 hoc

2184 1305 2508 1366 praeceptum
2555 1297 2689 1365 jussi
2735 1298 2976 1353 scribere
3027 1305 3084 1352 et
3121 1298 3383 1368 scripturn
3433 1313 3557 1353 cum
3613 1299 3769 1369 signa

2188 1388 2476 1445 Dominieze
2527 1391 2704 1446 crucis
2779 1391 3151 1448 conﬁrmando
3216 1393 3489 1462 impressi.
3554 1394 3594 1463 1
3655 1393 3770 1460 Ego

2187 1479 2467 1536 Matbildis
2517 1482 2701 1553 regina
2751 1481 3119 1538 corroboravi.
3175 1483 3216 1551 1-
3270 1482 3380 1553 Ego
3424 1481 3771 1538 Lanfrancus

2185 1570 2596 1628 Cantuaricnsis
2649 1575 3090 1644 archiepiscopus
3149 1573 3487 1630 conﬁrmavi.
3553 1575 3594 1644 1-
3657 1573 3769 1645 Ego

2184 1664 2421 1720 Thomas
2449 1666 2885 1738 archiepiscopus
2914 1665 3272 1722 Eboracensis
3296 1664 3568 1721 roboravi.
3598 1664 3768 1735 11230

509 1774 626 1814 rum
657 1767 714 1813 et
755 1756 984 1811 aliorum
1030 1753 1321 1807 multorum
1363 1749 1518 1804 nobis
1548 1747 1814 1815 ﬁdelium,
1850 1757 1910 1802 ut
1938 1756 2084 1804 utro-
2116 1729 2161 1785 Β
2186 1755 2300 1811 Otto
2347 1729 2649 1825 iiajocensis
2695 1729 2980 1827 episcopus
3027 1770 3310 1811 assensum
3366 1755 3509 1810 dedi.
3568 1729 3627 1824 1--
3653 1729 3769 1826 Ego

510 1862 738 1917 rumque
774 1861 937 1916 super
965 1845 1048 1923 his
1079 1843 1220 1896 ratio
1251 1841 1303 1896 in
1333 1852 1515 1896 nostra
1547 1841 1910 1896 discuteretur
1935 1842 2083 1896 curia

509 1942 730 2006 dignum
787 1939 1114 1994 censuimus.
1175 1935 1276 2002 Qui
1327 1935 1453 1989 dum
1507 1935 1592 1990 die
1639 1943 1846 1990 statuto
1899 1950 2084 1990 coram

507 2033 782 2096 adessent,
809 2032 1092 2102 episcopus
1139 2043 1297 2084 suum
1352 2027 1487 2084 satis
1545 2026 1774 2081 facunde
1818 2026 1942 2082 fecit
1969 2027 2083 2082 cla-

507 2141 735 2191 morem,
767 2124 858 2179 sed
905 2122 1123 2192 scriptis
1171 2128 1226 2175 et
1253 2119 1580 2175 testimoniis
1630 2117 1941 2175 omnimodo
1988 2134 2083 2173 va-

509 2211 693 2272 cuum.
747 2215 930 2270 Abbas
959 2227 1087 2268 vero
1115 2228 1145 2267 e
1175 2219 1366 2266 contra
1409 2209 1678 2279 quomodo
1711 2209 1951 2263 Canntus
1989 2224 2083 2264 rex

505 2325 534 2361 a
567 2307 824 2378 przedicm
856 2303 1083 2360 ecclesia
1113 2318 1235 2356 cum
1259 2299 1532 2356 communi
1556 2299 1786 2354 consilio
1819 2299 2084 2369 archiepi-

506 2413 790 2468 scoporum
820 2437 836 2462 ,
883 2396 1258 2465 episc0porum
1313 2401 1368 2446 et
1430 2391 1752 2460 optimatum
1815 2404 2037 2444 suorum
2066 2430 2079 2453 ,

505 2490 854 2560 presbyteros
881 2486 972 2557 qui
1004 2484 1135 2539 inibi
1167 2482 1470 2538 inordinate
1499 2481 1752 2535 vivebant
1783 2478 2003 2549 ejecerit
2031 2488 2085 2534 et

508 2582 804 2636 monachos
859 2576 1123 2649 posuerit.
1191 2574 1452 2643 Quodque
1503 2571 1846 2642 postmodum
1912 2570 2119 2642 ipsam.

506 2673 791 2728 ecclesiam
859 2667 1120 2724 Ailnodus
1170 2666 1609 2736 archiepiscOpus
1679 2661 2084 2718 Cantuaricnsis

500 2765 653 2834 jussu
708 2761 973 2835 przelibati
1025 2759 1169 2830 regis
1228 2755 1593 2817 dedicaverit,
1641 2763 1804 2822 atque
1853 2751 2083 2823 primum

508 2855 757 2908 abbatem
799 2851 902 2905 loci
935 2850 1079 2904 illius
1115 2847 1402 2918 episcopus
1439 2841 1854 2906 Lundoniensis,
1888 2857 2083 2897 secun-

506 2945 630 2997 dum
661 2942 948 3011 episcoyus
974 2937 1393 3001 Witttuniensis,
1430 2937 1604 3006 ipsum
1653 2936 1818 2990 etiam
1850 2933 2082 2988 Baldwi-

2187 1845 2472 1900 Gosfridus
2545 1845 2975 1902 Constantiensis
3056 1844 3334 1916 episcopus
3425 1843 3766 1916 consignavi.

2186 1936 2224 2005 1-
2245 1935 2354 2006 Ego
2393 1935 2544 2007 llugo
2572 1935 2970 1992 Lundoniensis
2998 1936 3284 2006 episcopus
3307 1936 3579 1991 consensi.
3601 1936 3641 2004 1-
3657 1936 3768 2006 Ego

2187 2027 2556 2100 Walquclinus
2584 2029 2977 2085 Wintoniensis
2999 2030 3284 2100 episcopus
3304 2029 3569 2084 conclusi.
3592 2028 3634 2098 1
3657 2028 3768 2098 Ego

2185 2117 2463 2172 Wlstauus
2491 2117 2866 2189 Wigornensis
2898 2119 3182 2190 episcopus
3209 2134 3493 2174 assensum
3535 2120 3761 2189 praebui.

2185 2207 2224 2277 οἵ
2241 2207 2350 2278 Ego
2367 2206 2650 2278 Remigius
2672 2207 3135 2264 Lindisfarnensis
3153 2209 3440 2279 episcopus
3453 2223 3566 2264 n0n
3587 2208 3760 2262 renui.

2187 2296 2222 2365 ’ξε
2254 2295 2364 2366 Ego
2399 2295 2693 2366 Stigandus
2737 2296 3115 2351 Bathoniensis
3151 2297 3440 2367 episcOpus
3471 2294 3758 2350 afﬁrmavi.

2186 2385 2226 2456 1-
2264 2386 2374 2456 Ego
2447 2385 2707 2441 Osbertus
2763 2386 3082 2443 Exoniensis
3143 2387 3429 2458 cpiscopus
3467 2383 3762 2442 assensum

2187 2477 2328 2532 dedi.
2365 2477 2535 2549 1Ego
2583 2479 2771 2534 Petrus
2809 2478 3117 2534 Ccstrensis
3143 2479 3431 2549 episcopus
3480 2479 3757 2534 consensi.

2186 2567 2362 2638 1-1330
2408 2568 2656 2624 Arfastus
2723 2567 3178 2624 Theodfordensis
3225 2568 3510 2639 episcopus
3557 2567 3761 2623 collau-

2191 2657 2333 2712 dari.
2374 2658 2413 2728 1-
2437 2658 2548 2729 Ego
2597 2657 2900 2714 Gundulfus
2931 2658 3181 2714 Rofensis
3209 2661 3495 2730 episcopus
3525 2657 3764 2713 laudavi.

2188 2749 2228 2822 1-
2254 2749 2364 2822 Ego
2407 2749 2716 2806 Osmundus
2780 2749 3215 2806 Scaruberiensis
3259 2752 3546 2822 episcopus
3609 2750 3768 2805 robo-

2191 2845 2324 2898 ravi.
2345 2845 2384 2913 1-
2402 2844 2510 2911 Ego
2541 2843 2806 2898 liobertus
2863 2842 3275 2898 llerefordensis
3323 2845 3609 2914 episcopus
3635 2859 3768 2898 con-

2191 2935 2356 2990 sensi.
2394 2935 2568 3006 1-Ego
2624 2935 2890 2992 Robertus
2933 2935 3074 3006 regis
3120 2935 3259 2989 ﬁlius
3309 2951 3586 2990 assensum
3618 2935 3763 2991 dedi.

508 3031 751 3099 numqui
783 3029 977 3084 tertius
1011 3038 1095 3083 est
1137 3028 1339 3091 abbas,
1377 3025 1818 3095 archiepiscopus
1849 3024 2082 3078 Cantua-
2109 3065 2153 3127 C
2192 3027 2231 3095 1—
2262 3025 2375 3097 Ego
2441 3025 2742 3081 Willelmus
2805 3027 2947 3082 tilius
3013 3027 3154 3098 regis
3204 3025 3526 3082 collaudavi.
3577 3025 3619 3096 1-
3654 3025 3768 3096 Ego

510 3118 702 3176 riensis
731 3119 1044 3175 sacraverit.

576 3211 640 3264 Et
692 3210 817 3279 quia
866 3223 963 3278 per
1007 3207 1077 3261 53
1126 3221 1319 3269 annos,
1353 3205 1472 3259 sine
1521 3203 1748 3273 alicujus
1790 3205 1901 3275 jam
1951 3205 2077 3260 dicti

503 3303 701 3359 Arfasti
746 3300 1107 3356 antecessoris
1157 3297 1623 3362 contradictione,
1659 3297 1908 3353 monachi
1939 3312 2079 3368 pra:-

502 3395 630 3450 dicti
690 3393 789 3448 loci
844 3407 874 3446 a
939 3391 1134 3462 quibus
1208 3389 1476 3445 voluerint
1534 3389 1804 3460 episc0pis
1860 3389 2079 3445 ordines

502 3483 861 3554 susceperint,
892 3495 958 3536 ex
987 3480 1178 3536 ordine
1209 3478 1513 3534 luculenter
1547 3477 1842 3532 enarravit.
1878 3475 2076 3533 Osten-

501 3575 580 3628 dit
624 3573 857 3642 denique
905 3581 960 3626 et
1017 3578 1329 3641 prmcepta,
1381 3566 1635 3623 videlicet
1689 3566 1882 3622 Canuti
1940 3569 2078 3638 regis

502 3675 665 3736 atque
715 3661 1094 3734 gloriosissimi
1139 3660 1282 3727 regis
1337 3659 1586 3714 Edwardi
1613 3700 1627 3725 ,
1667 3659 1717 3718 in
1769 3659 1967 3728 quibus
2010 3661 2078 3714 ab

503 3757 648 3810 omni
689 3752 1057 3809 dominatione
1096 3750 1334 3805 omnium
1373 3749 1750 3819 episcOporum
1792 3749 2078 3804 comitatus

510 3847 655 3901 illius
683 3845 924 3899 funditus
968 3841 1311 3910 sazpedietam
1361 3838 1648 3893 ecclesiam
1702 3837 1924 3892 liberam
1956 3854 2076 3909 per-

507 3937 796 4010 petualiter
864 3934 966 4004 ipsi
1029 3945 1185 4003 reges
1254 3944 1374 3984 esse
1440 3938 1846 3985 concesserunt.
1923 3928 2076 3997 Quod

505 4024 910 4084 Cantuariensis
935 4020 1374 4091 archiepiscopus
1403 4017 1736 4072 Lanfraucus
1757 4027 1811 4072 et
1842 4017 2078 4074 Thomas

506 4113 865 4175 Eboracensis
906 4110 1343 4180 archiepiscopus
1365 4117 1418 4161 et
1448 4107 1564 4162 Odo
1610 4105 1922 4177 Bajocensis
1963 4109 2077 4178 epi.

504 4199 699 4279 Scopus
737 4206 906 4260 frater
948 4216 1101 4257 meus
1125 4208 1179 4254 et
1204 4213 1385 4254 comes
1407 4197 1614 4253 Cantia:
1641 4207 1697 4252 et
1724 4196 1964 4268 plerique
1987 4197 2075 4252 alii

505 4298 762 4372 episcopi,
797 4296 1174 4362 Robertusque
1201 4290 1340 4344 ﬁlius
1363 4293 1516 4344 meus
1538 4296 1700 4358 atque
1726 4289 1906 4344 caeteri
1934 4289 2078 4359 prin-

2189 3116 2452 3172 lienricus
2491 3115 2630 3172 ﬁlius
2681 3119 2825 3189 regis
2871 3117 3212 3173 conﬁrmavi.
3249 3118 3421 3188 -ι-Εεο
3467 3115 3763 3172 Mauricius

2179 3211 2324 3280 regis
2355 3209 2712 3265 cancellarius
2739 3209 2904 3281 relegi
2933 3220 2989 3265 et
3017 3209 3269 3281 sigillavi.
3311 3210 3351 3279 1°
3379 3210 3490 3280 Ego
3519 3209 3759 3263 Bernar-

2183 3300 2285 3357 dus
2343 3301 2649 3371 capellam:c
2706 3302 2866 3374 regis.
2926 3301 2968 3373 1-
3015 3301 3125 3371 Ego
3194 3301 3513 3357 Scollandus
3578 3299 3761 3356 sancti

2183 3392 2473 3462 Augustini
2531 3393 2718 3448 abbas.
2773 3395 2812 3464 1-
2876 3393 2989 3464 Ego
3037 3393 3358 3449 Wlfwoldus
3401 3393 3764 3448 Certesiensis

2181 3483 2366 3536 abbas.
2435 3482 2474 3551 1-
2509 3482 2621 3553 Ego
2668 3481 2858 3538 Vitalis
2913 3483 3080 3538 abbas
3127 3484 3192 3538 de
3246 3483 3758 3539 Westmonasterio.

2181 3572 2219 3640 1-
2268 3571 2378 3642 Ego
2429 3570 2784 3642 IEgelnotltus
2840 3571 3233 3628 Glastoniensis
3313 3573 3502 3628 abbas.
3565 3573 3606 3640 1-
3653 3571 3762 3640 Ego

2180 3661 2473 3733 ASgelwius
2507 3663 2970 3720 Eoweshamensis
2996 3665 3179 3720 abbas.
3219 3665 3260 3734 1-
3283 3663 3393 3734 Ego
3451 3663 3763 3733 Egelsiuus

2180 3751 2547 3808 Romcsiensis
2605 3753 2792 3809 abbas.
2847 3754 2888 3823 1-
2933 3754 3044 3825 Ego
3121 3753 3388 3809 Turoldus
3466 3753 3759 3823 Burgensis

2180 3843 2368 3898 abbas.
2411 3843 2450 3913 1-
2487 3843 2596 3912 Ego
2638 3843 2906 3916 Rogerius
2942 3859 3125 3900 comes
3168 3845 3231 3899 de
3283 3843 3754 3914 Montcgumerici.

2179 3933 2218 4002 1-
2243 3933 2354 4003 Ego
2381 3933 2530 4005 lingu
2556 3950 2738 3990 comes
2764 3935 3088 3991 Cestrensis.
3137 3937 3176 4006 1-
3201 3936 3311 4006 Ego
3340 3935 3546 3990 Alanus
3576 3951 3758 3990 comes

2177 4025 2521 4080 orientalium
2577 4026 2897 4098 Anglorum.
2973 4029 3013 4098 1-
3053 4029 3166 4099 Ego
3223 4028 3509 4083 Albericns
3572 4044 3759 4084 comes

2179 4112 2796 4187 Northanbymbrortnn.
2833 4119 2862 4189 1
2898 4119 3006 4188 Ego
3031 4118 3298 4174 Robertus
3330 4119 3395 4173 de
3422 4118 3758 4175 Belomoute.

2176 4203 2216 4275 1-
2244 4204 2354 4274 Ego
2384 4203 2536 4276 Hugo
2577 4207 2641 4261 de
2681 4205 3016 4263 Montel‘orti.
3049 4209 3088 4279 1-
3120 4209 3228 4279 Ego
3257 4209 3562 4264 Richardus
3586 4210 3761 4266 Gislc-

2178 4294 2316 4349 berti
2371 4297 2586 4351 comitis
2641 4297 2784 4352 ﬁlius
2833 4299 3171 4370 consignavi.
3221 4300 3398 4370 1-830
3449 4301 3762 4357 Daldwinns

505 4391 652 4461 cipes
675 4387 824 4460 regni
843 4385 1012 4441 nostri
1040 4382 1129 4453 qui
1165 4381 1389 4458 aderant
1417 4380 1720 4442 audientes,
1750 4388 2078 4435 censuerunt
2110 4406 2154 4465 ο
2181 4385 2345 4442 frater
2371 4388 2505 4458 ejus.
2543 4389 2583 4459 1-
2611 4388 2720 4460 Ego
2749 4389 3012 4447 llenricus
3045 4391 3112 4447 de
3139 4391 3422 4446 Ferrariis.
3450 4392 3562 4463 Ego
3603 4393 3759 4466 llugo

507 4481 640 4537 tanti
665 4479 768 4536 loci
793 4487 998 4533 tantam
1021 4475 1395 4530 auctoritatem
1424 4471 1733 4527 inviolatam
1755 4487 1921 4543 usque
1945 4472 1997 4526 in
2017 4472 2081 4525 ﬁ-

504 4589 626 4631 nem
647 4571 827 4630 saeculi
849 4569 1042 4626 debere
1063 4581 1394 4638 permanere.
1416 4564 1653 4632 Quortnn
1669 4562 2077 4632 irrefutabiliju-

505 4665 668 4730 dicio,
683 4661 1074 4735 proutdignum
1088 4658 1206 4723 fuit,
1223 4656 1426 4712 assensi
1440 4665 1493 4710 et
1505 4669 1826 4710 consensum
1839 4654 2074 4724 praebeo.

574 4756 783 4812 Placuit
826 4754 988 4810 etiam
1019 4753 1204 4815 nobis,
1233 4749 1461 4806 consilio
1499 4740 2028 4817 archiepiscoporum
2055 4788 2069 4813 ,

503 4845 874 4917 episcoporum
893 4883 910 4911 ,
936 4844 1212 4908 comitum,
1236 4842 1572 4911 aliorumque
1602 4839 1890 4894 multorum
1918 4840 2072 4896 nobis

504 4935 741 4991 ﬁdelium
764 4943 926 5004 atque
953 4934 1109 5004 digna
1137 4933 1393 5003 petitione
1427 4928 1685 4984 Ral-lwmi
1721 4929 1953 4996 abbatis,
1979 4929 2070 5000 qui
2133 4957 2136 4960 ~

2179 4479 2244 4533 de
2271 4480 2741 4536 Grentemaisnilo.
2782 4482 2822 4553 1-
2848 4483 2960 4554 Ego
2993 4483 3291 4538 Walterins
3318 4483 3613 4539 Giffardus.

2272 4571 2400 4627 Data
2451 4573 2624 4642 pridie
2650 4573 2920 4630 Kalendas
2976 4574 3120 4630 Junii
3175 4591 3315 4629 anno
3366 4591 3433 4629 xv
3492 4587 3760 4646 regnante

2180 4660 2454 4717 Willelmo
2482 4679 2608 4736 rege
2632 4664 3044 4735 gloriosissimo,
3071 4667 3138 4721 ab
3177 4665 3547 4722 incarnatione
3572 4678 3756 4721 autem

2176 4755 2386 4810 Domini
2420 4756 2578 4822 1081,
2615 4757 2907 4815 indictione
2930 4773 3005 4813 tv.
3029 4757 3224 4814 Actum
3249 4758 3391 4828 apud
3417 4759 3755 4812 Wintoniaxn

2177 4843 2228 4898 in
2252 4843 2451 4913 palatio
2475 4845 2624 4918 regio
2656 4846 2706 4901 in
2739 4845 2832 4900 Dei
2861 4846 3078 4903 nomine
3105 4847 3356 4904 feliciter.
3390 4848 3582 4902 Amen.

2884 4938 3022 4995 MV.
