4040 5314
251 191 398 256 {$7

1632 189 2044 250 DII‘LOMATA.

3369 159 3504 254 1338

245 308 508 365 omnibus
533 315 645 362 tam
659 307 900 378 posteris
915 319 1082 377 quam
1113 301 1496 375 prmsentlbus,
1555 301 1828 370 archiepi-
1855 307 1904 366 Α
1935 301 2376 374 inl'angcnetheol‘
2407 273 2461 360 et
2489 303 2746 378 Warpeni
2771 313 2824 362 et
2845 305 3110 376 Lestagiis
3139 315 3194 361 et
3222 305 3506 364 hamioene

255 399 442 470 scapis
459 441 474 462 ,
504 398 798 470 episcopis.
825 391 1446 460 ahbatibus,comitibus
1463 434 1478 458 ,
1505 393 1828 458 baronibns,

247 495 310 544 et
335 487 592 544 omnibus
621 485 868 541 ﬁdelibus
897 483 1126 538 Francis
1166 491 1222 538 ct
1263 481 1452 552 Anglis
1478 497 1490 534 :
1519 481 1664 550 quod
1705 495 1830 535 cum

247 577 310 634 in
359 577 610 648 Angliam
659 577 928 632 venissem
977 583 1033 630 et
1072 575 1126 629 in
1173 573 1372 630 linibus
1421 572 1664 643 llastingi
1703 587 1828 627 cum

245 667 500 723 elemitu
529 665 914 736 applieuissem
951 673 1140 720 contra
1167 663 1352 718 hostes
1387 677 1539 717 meos
1567 661 1658 731 qui
1698 661 1830 716 mihi

247 772 482 829 regnum
513 758 720 830 Anglia:
747 758 946 828 injuste
973 758 1311 812 conabantur
1337 755 1574 822 auferre,
1617 753 1672 810 i-n
1701 767 1828 824 pro-

247 849 440 905 cinctu
473 849 598 906 belli
619 851 732 922 jam
769 859 1016 905 armatus
1043 863 1230 904 coram
1261 837 1557 902 baronibus
1593 855 1648 902 et
1686 846 1830 902 mili-

247 938 400 994 tibus
449 939 592 996 meis
635 953 762 996 cum
814 939 1001 994 favore
1047 939 1312 1005 omnium,
1351 938 1418 994 ad
1451 953 1641 994 eorum
1669 937 1832 993 corda

245 1027 560 1084 roboranda
585 1037 773 1086 votum
825 1029 961 1096 feci,
997 1029 1284 1086 cedesiam
1319 1028 1610 1100 quamdam
1637 1029 1704 1084 ad
1731 1029 1832 1084 ho-

247 1135 442 1178 norem
471 1120 566 1176 Dei
587 1131 910 1178 construere
955 1137 1054 1193 pro
1093 1122 1373 1178 communi
1408 1121 1606 1187 salute,
1653 1120 1698 1176 si
1737 1133 1834 1191 per

251 1212 348 1270 Dei
381 1213 614 1282 gratiam
663 1213 914 1270 obtinere
965 1227 1252 1284 possumus
1301 1212 1604 1268 victoriam.
1658 1211 1832 1279 Quam

245 1316 378 1362 cum
405 1321 654 1364 essemus
687 1295 896 1378 adepti,
929 1317 1116 1363 votum
1159 1307 1268 1362 Deo
1303 1305 1544 1372 solvens,
1565 1305 1622 1361 in
1657 1306 1833 1362 hono-

249 1411 368 1452 rem
406 1409 612 1454 sancta:
637 1398 928 1454 Trinitatis
959 1407 1017 1454 et
1043 1397 1190 1454 beati
1239 1397 1454 1452 Martini
1501 1397 1834 1454 confessoris

245 1489 478 1557 Christi,
507 1489 803 1548 ecclesiam
847 1491 1130 1548 construxi
1161 1505 1262 1562 pro
1281 1490 1456 1546 salute
1483 1491 1680 1544 auium:
1699 1505 1834 1546 mete

245 1587 306 1634 et
333 1582 699 1636 antecesseris
727 1581 834 1636 mei
875 1581 1018 1653 regis
1070 1581 1322 1636 Edwardi
1366 1589 1422 1635 et
1459 1579 1650 1635 uxoris
1697 1595 1832 1636 metu

245 1670 524 1728 Mathildis
553 1675 752 1746 regina:
787 1683 842 1729 et
869 1688 1249 1730 successorum
1289 1687 1530 1728 meorum
1570 1672 1626 1726 in
1661 1687 1830 1744 regno
1862 1643 1908 1704 Β

245 1771 306 1818 et
353 1779 454 1834 pro
499 1765 674 1820 salute
727 1765 972 1820 omnium
1022 1779 1254 1836 quorum
1307 1764 1494 1820 labore
1537 1772 1592 1818 et
1633 1763 1834 1820 auxilio

246 1871 474 1926 regnum
504 1857 736 1922 obtinui,
760 1867 814 1912 et
851 1857 1068 1912 illorum
1101 1857 1336 1911 maxime
1361 1854 1450 1925 qui
1477 1856 1531 1909 in
1555 1855 1674 1924 ipso
1691 1855 1834 1912 bello

243 1948 640 2004 occubuerunt.
673 1947 738 2002 Et
761 1947 890 2019 quia
919 1948 972 2002 in
1005 1948 1107 2004 hoc
1153 1947 1270 2002 loco
1297 1946 1386 2002 ubi
1413 1947 1490 2002 sic
1517 1956 1832 2002 constructa

247 2048 336 2094 est
365 2039 596 2094 ecclesia
643 2040 788 2095 Deus
825 2040 954 2094 mihi
991 2039 1270 2096 victoriam
1297 2038 1552 2110 prtestitit
1586 2038 1640 2093 in
1671 2039 1832 2106 bello,

243 2131 318 2184 ob
340 2130 578 2186 victoria:
598 2132 918 2187 memoriam
941 2131 1114 2202 ipsum
1145 2130 1324 2186 locum
1349 2129 1553 2186 Bellum
1571 2129 1834 2201 appellari

247 2218 414 2273 volui.
1519 2225 1526 2229 ’

325 2309 460 2364 llnic
485 2310 650 2381 igitur
677 2310 920 2367 ecclesia:
956 2310 1140 2368 Sancti
1179 2309 1392 2366 Martini
1429 2311 1496 2367 de
1528 2310 1673 2366 Bello
1696 2311 1836 2366 hanc

251 2403 304 2458 in
341 2404 531 2472 primis
561 2405 876 2476 dignitatem
913 2405 1080 2474 regali
1125 2405 1450 2460 auctoritate
1482 2405 1746 2472 concedo,
1777 2411 1835 2458 ut

250 2492 451 2548 habeat
479 2495 690 2550 curiam
719 2511 874 2550 suam
921 2511 1019 2568 per
1057 2495 1242 2550 omnia
1283 2504 1338 2552 et
1369 2495 1574 2567 regiam
1605 2495 1832 2552 liberta-

251 2593 358 2639 tem
401 2595 458 2640 et
482 2589 934 2644 consuetudinem
989 2587 1258 2642 tractandi
1305 2587 1373 2642 de
1397 2588 1513 2642 suis
1543 2586 1706 2641 rebus
1749 2585 1834 2642 vel

247 2677 498 2750 negotiis,
529 2677 866 2749 etjustitiam
899 2694 998 2750 per
1021 2695 1082 2736 se
1105 2679 1414 2736 tenendam.
1447 2677 1636 2746 Sitque
1663 2677 1831 2732 libera

246 2779 303 2824 et
338 2771 520 2840 quieta
551 2772 601 2826 in
625 2781 946 2842 perpetuum
982 2771 1049 2826 ab
1079 2771 1226 2824 omni
1253 2768 1591 2839 subiectione
1623 2767 1835 2835 episco-

249 2877 440 2932 porum
501 2871 558 2918 et
595 2862 959 2933 quarumlibet
1019 2876 1378 2932 personarum
1425 2859 1827 2924 dominatione,

249 2954 392 3012 sicut
439 2955 668 3011 ecclesia
709 2953 912 3010 Christi
958 2952 1284 3030 Cagutnarize.
1317 2951 1386 3006 Et
1416 2951 1462 3006 si
1502 2950 1625 3022 quis
1667 2949 1829 3018 latro,
1861 2989 1902 3047 Ο

253 3048 336 3104 vel
369 3049 636 3104 boniicida
671 3048 755 3104 vel
785 3048 972 3117 aliquo
1002 3045 1234 3102 crimine
1263 3059 1407 3106 reus,
1444 3043 1638 3098 timore
1683 3058 1834 3098 mor-

253 3141 322 3196 tis
349 3139 593 3212 fugiens,
621 3145 688 3194 ad
719 3140 859 3196 hanc
905 3139 1192 3196 ecclesiam
1225 3136 1558 3207 pervenerit,
1595 3135 1648 3190 in
1685 3135 1834 3191 nullo

253 3231 500 3298 laedatur,
531 3234 624 3288 sed
656 3233 794 3289 liber
819 3231 1046 3288 omnino
1081 3231 1424 3296 dimittatur,
1467 3229 1650 3284 abbati
1705 3243 1835 3286 vero

254 3323 424 3393 ipsius
471 3325 714 3382 ecclesia:
743 3325 903 3382 liceat
927 3326 1130 3395 ubique
1159 3324 1427 3378 latronem
1461 3321 1542 3376 vel
1569 3321 1742 3378 furem
1769 3323 1834 3378 de

253 3419 546 3488 suspendio
573 3419 844 3484 liberare,
885 3417 935 3473 si
986 3418 1126 3473 lorte
1155 3415 1550 3487 supervenerit.
1583 3414 1835 3470 Concedo

252 3510 412 3564 etiam
442 3511 614 3566 eidem
664 3510 927 3567 ecclesiai'
955 3510 1166 3567 leucam
1210 3508 1638 3576 circumquaque
1680 3505 1833 3575 adja-

255 3611 468 3656 centem
496 3600 720 3656 liberam
751 3611 806 3656 et
826 3601 1064 3670 quietam
1096 3599 1166 3654 ab
1213 3597 1360 3652 omni
1390 3595 1560 3652 Gcldo
1587 3605 1638 3652 et
1671 3596 1836 3652 Scoto

253 3701 308 3748 et
343 3692 586 3765 llidagiis
629 3701 684 3748 et
733 3693 1056 3764 Denegeldis
1084 3699 1140 3747 et
1161 3705 1328 3761 opere
1355 3691 1604 3760 pontium
1645 3699 1700 3746 et
1743 3706 1836 3746 ca-

253 3787 532 3843 stellorum
558 3797 612 3843 et
638 3801 923 3858 parcorum
949 3795 1006 3842 et
1031 3784 1302 3841 elansuris
1335 3793 1388 3839 et
1414 3783 1750 3840 exercitibus
1779 3793 1836 3840 et

255 3878 505 3938 erunibus
547 3878 764 3933 auxiliis
806 3885 860 3933 et
888 3877 1106 3948 placitis
1135 3886 1190 3932 et
1211 3873 1448 3944 querelis
1477 3881 1534 3930 et
1557 3875 1732 3946 scyris
1777 3883 1836 3930 et

257 3969 572 4036 hundredis,
595 3985 720 4026 cum
741 3984 892 4034 saca,
922 3983 1048 4024 soca
1080 3976 1135 4022 et
1163 3967 1257 4022 toll
1286 3975 1340 4022 et
1367 3967 1549 4022 theam
1577 3975 1630 4022 et
1659 3965 1837 4021 iniam

259 4060 556 4133 genetheol
579 4069 634 4116 et
675 4059 922 4130 marpeni
973 4067 1029 4114 et
1056 4057 1296 4128 lestagiis
1330 4066 1388 4112 et
1426 4056 1736 4114 mamfocne
1782 4067 1838 4114 et

259 4153 501 4209 forestall
553 4161 608 4208 et
657 4151 952 4208 blovemite
979 4159 1036 4205 et
1058 4147 1354 4220 chyldmite
1383 4157 1438 4203 ct
1467 4149 1754 4204 latrocinio
1783 4158 1838 4204 et

259 4243 480 4298 liberam
514 4243 583 4297 ab
611 4241 757 4298 omni
787 4240 1182 4297 consuetudine
1215 4248 1446 4296 terrente
1471 4238 1752 4294 servitutis
1781 4249 1838 4294 ct

259 4335 328 4388 ab
355 4333 503 4389 omni
532 4333 818 4389 exactione
841 4325 1248 4401 episcoporum.

329 4426 466 4483 Huic
495 4428 690 4482 itermn
741 4425 986 4482 ecclesia:
1029 4425 1212 4480 Sancti
1250 4424 1462 4479 Martini
1501 4424 1568 4480 de
1596 4424 1743 4480 Bello
1769 4425 1836 4480 do

262 4517 440 4590 regale
475 4519 780 4572 manet-ium
830 4515 974 4587 quod
1025 4525 1252 4570 vocatur
1286 4513 1368 4569 Wi
1415 4531 1540 4570 cum
1585 4515 1838 4572 omnibus

261 4609 600 4681 appendiciis
649 4609 798 4673 suis,
851 4621 918 4662 ex
967 4621 1086 4662 mea
1133 4605 1406 4662 dominica
1463 4620 1660 4660 corona
1714 4619 1838 4660 eum

261 4703 512 4758 eninibus
544 4701 890 4757 libertatibus
931 4707 986 4754 et
1034 4697 1307 4769 regalibus
1333 4696 1838 4761 consuetudinibus,

261 4796 336 4849 ita
385 4793 616 4850 liberum
667 4800 722 4847 et
775 4791 1020 4862 quietum
1065 4789 1210 4846 sicut
1243 4789 1468 4844 liberius
1497 4795 1552 4844 et
1603 4787 1840 4858 quietius

265 4887 430 4953 tenui,
463 4885 546 4942 vel
579 4892 638 4938 ut
669 4899 764 4938 rex
799 4884 932 4938 dare
957 4881 1132 4952 potui,
1165 4880 1378 4940 scilicet
1403 4879 1472 4935 ab
1501 4879 1648 4935 onmi
1671 4877 1842 4934 Geldo

263 4989 316 5035 et
341 4978 503 5035 Seoto
530 4983 586 5031 et
617 4974 856 5045 llidagiis
881 4981 936 5029 et
960 4973 1280 5044 Denegeldis
1303 4980 1360 5028 et
1385 4986 1552 5043 opere
1575 4969 1840 5054 pontium

264 5070 694 5127 etcastellorum
723 5075 778 5122 et
807 5064 1074 5122 clausuris
1103 5079 1396 5137 parcorum
1427 5071 1484 5118 et
1509 5059 1844 5118 exercitibus

263 5171 317 5217 et
337 5161 594 5219 omnibus
617 5157 834 5212 auxiliis
858 5165 906 5210 et
953 5154 1170 5223 placitis
1213 5164 1272 5214 et
1313 5152 1550 5224 querelis
1588 5163 1641 5208 et
1671 5150 1846 5223 scyris

265 5262 316 5308 et
346 5247 672 5314 hundredis,
698 5262 820 5302 cum
857 5257 981 5300 saca
1020 5253 1076 5300 et
1099 5261 1232 5305 soca
1259 5251 1318 5300 et
1371 5242 1460 5299 toll
1487 5252 1542 5298 et
1571 5245 1752 5300 theam
1791 5249 1846 5296 et

1917 403 1986 454 ,et
2015 393 2225 449 forstall
2253 404 2309 452 et
2351 395 2644 454 blodemite
2695 407 2753 455 et
2797 399 3074 454 childmile
3115 407 3171 454 et
3221 397 3506 455 latrocinio

1931 487 1976 541 si
2003 487 2283 544 acciderit.
2311 487 2576 546 Similiter
2599 491 2668 548 do
2697 491 2833 546 duos
2859 491 3114 547 denarios
3141 490 3210 548 de
3247 491 3504 548 omnibus

1932 573 2292 634 forisl'acturis
2326 587 2382 634 et
2405 580 2620 651 placitis
2647 581 2888 637 omnium
2940 581 3346 640 hundredorum
3388 597 3510 654 quae

1931 667 2206 738 pertinent
2230 669 2296 724 ad
2327 671 2806 728 summonitionem
2837 671 2903 727 de
2927 671 3036 726 Wi.
3067 669 3122 725 ln
3155 655 3508 742 Dengemaris

1931 769 2092 822 vero,
2153 759 2294 828 quod
2337 767 2422 815 est
2465 777 2633 816 unum
2668 761 2970 817 membrum
3013 761 3080 818 de
3119 759 3241 827 Wi,
3271 761 3510 818 concedo

1933 849 2110 905 eidem
2183 851 2427 907 ecclesiae
2483 867 2675 908 omnes
2733 854 3036 909 maritimas
3091 853 3512 909 consuetudines

1934 955 2070 1011 quas
2097 940 2206 997 illic
2245 941 2410 998 habui
2456 961 2578 999 cum
2627 945 2772 1002 onmi
2803 943 3028 1012 Werec;
3057 955 3116 1002 et
3141 947 3186 1002 si
3210 947 3376 1018 piscis
3417 947 3510 1016 qui

1933 1031 2196 1101 craspeilc
2235 1043 2483 1099 vocatur,
2515 1035 2626 1091 illic
2653 1035 2955 1102 advenerit,
3003 1037 3214 1092 abbatis
3241 1045 3292 1093 et
3325 1053 3515 1092 mona-

1934 1121 2157 1177 chorum
2205 1121 2275 1178 sit
2322 1132 2480 1180 totus.
2535 1125 2592 1182 Si
2641 1141 2770 1182 vero
2799 1129 2942 1182 intra
2975 1129 3232 1184 terminos
3281 1129 3346 1182 de
3393 1127 3514 1184 Bla-

1934 1211 2182 1266 chemale
2205 1223 2258 1268 et
2281 1211 2608 1270 llorlemedc
2630 1225 2684 1270 et
2705 1217 2954 1273 Bradelle
2979 1233 3147 1289 usque
3169 1218 3515 1274 Withiburne

1935 1301 2234 1372 appulerit,
2265 1303 2400 1360 duas
2449 1315 2632 1376 partes
2683 1307 2925 1378 ejusdem
2973 1310 3138 1379 piscis
3181 1319 3238 1365 et
3277 1310 3514 1382 linguam

1935 1389 2136 1448 habeat
2174 1395 2429 1462 ecclesia,
2463 1397 2605 1452 sicut
2641 1413 2742 1468 ego
2769 1415 2986 1470 semper
3014 1401 3198 1456 habui.

2007 1489 2086 1546 Do
2112 1491 2276 1548 etiam
2299 1493 2477 1548 eidem
2509 1495 2752 1550 ecclesiae
2783 1497 2898 1552 lucc
2928 1499 3170 1552 maneria
3215 1497 3514 1562 Alsistone,

1935 1585 2343 1659 Lymenesl‘eld,
2407 1585 2573 1651 llum,
2625 1586 3024 1658 Grammarcis,
3087 1591 3514 1646 Briswaltintoua

1937 1693 2057 1732 cum
2087 1678 2339 1732 omnibus
2363 1679 2699 1748 appendiciis
2724 1681 2857 1748 suis,
2887 1681 3055 1736 libera
3082 1692 3136 1737 et
3161 1684 3367 1751 quieta,
3390 1697 3514 1737 cum

1935 1767 2263 1838 supradictis
2277 1766 2626 1824 libertatibus
2648 1779 2701 1824 et
2731 1771 2997 1841 regalibus
3015 1773 3516 1828 consuetmlinibus.

1937 1857 1994 1914 Si
2026 1858 2166 1914 infra
2219 1859 2424 1915 leueam
2484 1862 2567 1916 vel
2609 1865 2662 1916 in
2717 1865 2974 1920 maneriis
3013 1865 3256 1920 ecclesice
3301 1867 3520 1920 murdse

1935 1949 2204 2016 evenerit,
2230 1951 2316 2005 vel
2344 1950 2633 2006 thesaurus
2660 1952 2913 2008 inventus
2961 1951 3154 2020 fuerit,
3211 1951 3426 2022 abbatis
3465 1959 3522 2007 et

1937 2039 2328 2095 monachorum
2399 2041 2470 2096 sit
2511 2051 2832 2112 utrumque;
2877 2058 3192 2098 wareunam
3243 2043 3518 2113 propriam

1938 2131 1988 2184 in
2019 2131 2132 2200 ipsa
2159 2130 2312 2184 leuca
2336 2131 2536 2186 Imbuat
2583 2134 2808 2188 ecclesia
2839 2141 2891 2187 et
2923 2133 2975 2187 in
3006 2133 3254 2188 omnibus
3275 2135 3387 2188 suis
3409 2147 3521 2187 ma-
3575 2203 3578 2208 Ι

1937 2221 2126 2276 neriis.
2183 2221 2260 2278 Do
2307 2223 2472 2277 etiam
2535 2223 2710 2278 eidem
2772 2223 3018 2281 ecclesiae
3065 2225 3253 2280 Sancti
3301 2223 3518 2280 Martini

1935 2312 2222 2370 ecclesiam
2254 2314 2319 2369 de
2345 2312 2625 2387 lladingis.
2651 2327 2703 2372 et
2729 2318 3014 2373 ecclesiam
3043 2318 3108 2373 de
3132 2317 3443 2381 Culiutuna,
3467 2327 3521 2372 et

1935 2404 2224 2460 ecdcsiam
2253 2405 2424 2460 sancti
2451 2405 2602 2462 Οἰονὶ
2628 2407 2691 2462 de
2715 2408 2941 2476 Exonia,
2976 2423 3098 2462 cum
3122 2407 3280 2462 terris
3302 2417 3356 2462 et
3377 2409 3518 2463 deci-

1937 2497 2039 2552 mis
2085 2505 2138 2552 et
2180 2499 2432 2555 omnibus
2475 2501 2542 2554 ad
2591 2515 2685 2555 eas
2715 2499 3141 2572 pertinentibus;
3173 2509 3227 2554 et
3255 2500 3299 2554 si
3328 2499 3522 2570 aliquis

1935 2603 1999 2643 ex
2039 2589 2333 2645 baronibus
2379 2593 2546 2657 meis,
2591 2591 2672 2648 vel
2705 2591 3037 2660 hominibus,
3078 2591 3279 2663 aliquid
3318 2593 3384 2646 de
3424 2605 3523 2646 suo

1935 2679 2110 2734 eidem
2155 2680 2433 2744 ecclesiae,
2483 2683 2536 2737 in
2591 2682 2996 2756 eleemosynam
3029 2683 3259 2750 dederit,
3305 2683 3521 2738 easdem

1934 2770 2216 2827 libertates
2250 2789 2387 2842 quas
2413 2775 2659 2829 concessi
2691 2775 2852 2830 rebus
2873 2790 3010 2844 quas
3032 2790 3131 2846 ego
3153 2773 3326 2828 eidem
3351 2773 3500 2828 eccle

1935 2863 2031 2917 sim
2068 2863 2186 2918 dedi
2221 2863 2300 2918 eis
2347 2863 2584 2919 concedo
2632 2876 2686 2919 et
2721 2863 2972 2937 praesenti
3009 2863 3212 2935 scripto
3256 2873 3309 2918 ut
3358 2877 3524 2933 supra

1936 2953 2098 3018 dicta,
2139 2950 2304 3026 regali
2331 2954 2652 3010 auctoritate
2681 2955 2966 3011 conﬁrmo.

2012 3043 2188 3100 Willel
2212 3047 2250 3114 ἢ·
2272 3061 2392 3100 mus
2441 3061 2560 3100 rex.
2608 3045 3031 3116 Lanl’r-l-ancus
3078 3043 3526 3114 archiepiscOpus

1938 3134 2196 3188 Cantuar.
2231 3133 2346 3188 'l‘bo
2369 3137 2408 3203 οῖ·
2435 3150 2551 3188 mas
2583 3134 3022 3206 archiepisc0pus
3061 3135 3324 3188 Eborum.
3375 3131 3527 3184 Mau-

1937 3225 2106 3281 ricius
2132 3226 2170 3296 -ὶ-
2199 3225 2486 3296 episcopus
2505 3225 2751 3281 London.
2809 3225 3148 3282 Walltelinus
3169 3226 3207 3296 -ι-
3236 3224 3527 3292 cpiscopus

1935 3315 2186 3373 Winton.
2233 3314 2578 3390 Osbernus-i-
2613 3317 2902 3390 episcopus
2953 3317 3124 3372 Exou.
3171 3313 3528 3382 Gundulphus

1937 3411 1977 3482 -ί-
2009 3410 2298 3482 episcopus
2337 3409 2478 3466 Roﬁ‘.
2529 3410 2742 3482 llugo-l-
2770 3424 2953 3465 comes
2994 3407 3238 3464 Cestriar.
3283 3405 3528 3475 Rogerus

1936 3502 1976 3574 ’ί-
1998 3517 2180 3559 comes
2205 3502 2270 3558 de
2295 3503 2670 3588 qutgomeri.
2696 3501 2998 3558 Willelmus
3015 3503 3050 3572 -ι-
3077 3513 3259 3556 comes
3280 3499 3348 3554 de
3365 3497 3519 3588 ΨΜ.

1936 3591 2244 3648 Willeliuus
2265 3591 2307 3666 1-
2350 3587 2492 3650 [ilius
2541 3593 2790 3650 Osberni.
2842 3591 3149 3648 Willelmus
3182 3591 3220 3660 -Ῑι
3252 3589 3319 3646 de
3345 3587 3520 3644 .Bsai.

1939 3683 2248 3741 Bernartius
2270 3685 2310 3755 ’ξ-
2339 3685 2404 3740 de
2427 3683 2843 3741 Novomercalo.

2671 3797 2786 3854 XV.

2433 3912 2542 3967 Pro
2573 3913 2751 3968 eodem
2782 3915 3040 3968 cwnobio.

2216 4023 2569 4094 (.llonasticon
2611 4024 2816 4094 Angiic.
2861 4023 2908 4088 Ι,
2947 4039 3068 4093 pag.
3111 4023 3262 4090 517.)

2016 4138 2360 4205 Wtunuus,
2397 4141 2488 4194 Dei
2524 4139 2698 4210 gratia
2737 4153 2828 4193 rex
2857 4137 3181 4205 Anglorum,
3215 4135 3532 4190 Lanrmsco

1940 4231 2348 4302 archiepiscopo
2384 4231 2793 4296 Carituariensi,
2839 4230 3111 4286 STIGANDO
3155 4229 3410 4298 episcopo
3437 4225 3532 4281 Ci-

1863 4325 2202 4390 Dcestrcnsi
2256 4323 2616 4393 omnibusque
2674 4324 3084 4379 successoribus
3141 4321 3253 4376 suis
3309 4333 3531 4390 regnum

1940 4415 2148 4487 Anglice
2201 4415 2573 4472 obtinentibus
2623 4425 2678 4472 et
2731 4415 2944 4472 cunctis
2999 4413 3246 4468 ﬁdelibus
3274 4409 3526 4466 salutem.

2012 4507 2208 4564 Notum
2259 4508 2412 4566 vobis
2471 4507 2612 4566 facio
2660 4509 2805 4578 quod
2850 4509 3026 4562 locum
3077 4504 3319 4560 victoriae
3361 4515 3530 4567 mezc,

1941 4599 2082 4656 sicut
2124 4600 2234 4654 Deo
2277 4597 2500 4668 iuvante
2537 4599 2673 4656 mihi
2727 4595 3028 4670 conquisivi
3071 4611 3126 4650 et
3164 4610 3256 4649 rex
3303 4593 3532 4647 liberum

1939 4689 2185 4762 possedi,
2235 4690 2310 4744 ita
2369 4689 2520 4744 illum
2570 4691 2800 4747 liberum
2853 4689 3004 4743 etab
3056 4685 3202 4741 omni
3252 4683 3538 4738 exactione

1943 4783 2186 4840 omnium
2235 4782 2518 4839 hominum
2567 4783 2812 4856 quietum
2857 4765 3029 4836 obtuli
3057 4779 3190 4840 Deo,
3231 4775 3548 4846 ibidemque

1945 4872 2230 4930 ecclesiam
2295 4873 2350 4930 in
2411 4871 2680 4932 honorem
2751 4869 2926 4928 sancti
2979 4866 3198 4926 Martini
3257 4877 3418 4934 quam
3485 4866 3558 4921 de

1945 4963 2096 5018 Bello
2121 4961 2382 5032 appellari
2414 4961 2594 5031 volui,
2628 4977 2694 5020 eo
2721 4963 2868 5032 quod
2909 4959 3052 5018 mihi
3090 4961 3231 5016 Deus
3267 4953 3322 5006 in
3361 4953 3572 5012 eodem

1949 5054 2068 5110 loco
2113 5062 2322 5109 tantam
2375 5051 2668 5111 victoriam
2717 5049 3012 5117 attribuit,
3041 5063 3100 5109 ut
3128 5049 3196 5104 de
3233 5045 3584 5102 adversariis

1949 5145 2084 5202 meis
2127 5141 2258 5198 mihi
2307 5140 2512 5212 injuste
2559 5143 2950 5203 resistentibus
3006 5133 3432 5208 triumpharem.
3489 5148 3591 5190 re-

1949 5248 2223 5311 gnumque
2263 5233 2399 5292 mihi
2439 5233 2690 5294 debitum
2716 5245 2777 5292 et
2813 5233 3237 5294 successoribus
3277 5219 3410 5276 meis
3445 5218 3596 5289 jure
