4040 5314
3695 271 3850 330 1560

579 301 924 406 hereditario
957 308 1353 378 perpetualiter.
1373 313 1756 383 possidendum
1796 325 2154 394 acquirerem.
2187 341 2233 399 Α
2265 339 2677 416 thmannorum,
2710 354 2961 415 omnibus
3000 363 3114 420 suis
3145 365 3362 427 Christi
3407 372 3660 438 ﬁdelibus
3701 301 3844 454 Ζ

579 391 775 447 Votum
833 402 1014 454 Itaque
1070 399 1214 454 quod
1249 399 1367 454 .Deo
1407 411 1460 454 et
1510 417 1702 454 sanam
1739 411 1970 454 Μςιιιιιηη
2033 423 2154 454 mw:
2264 441 2439 454 --_.--
2724 443 2738 454 .
3006 453 3012 454 ,

577 479 803 550 implere
842 479 1136 553 festinans,
1188 487 1330 544 idem
1385 498 1776 554 monasterium
1807 509 2158 566 monacluacec

571 572 817 646 religioni
866 575 1142 646 dedicans,
1195 595 1261 636 ex
1311 585 1504 642 ordine
1548 597 1602 644 et
1634 591 1900 664 religione
1938 597 2156 671 Majoris

572 666 882 720 monasterii
917 665 1144 726 fundavi
1177 681 1228 727 et
1262 673 1386 731 inde
1410 678 1650 748 primum
1687 685 1938 742 abbatem
1971 665 2150 748 Gaus-

569 756 780 812 bertum
811 760 879 814 ad
926 760 1038 817 hoc
1091 770 1298 822 tantum
1351 778 1414 824 ut
1457 770 1732 844 religionis
1782 777 1854 834 ibi
1903 796 2149 840 normam

569 845 836 913 fundaret,
888 853 1178 920 constitui;
1224 855 1296 910 ita
1342 866 1520 916 tamen
1561 872 1618 919 ut
1663 863 1830 922 libera
1860 882 1913 925 et
1941 872 2147 942 quieta,

564 936 618 990 in
655 949 972 1009 perpetuum
1019 940 1087 996 ab
1122 946 1270 1000 omni
1311 947 1647 1019 subjectione
1687 965 1742 1010 et
1775 936 2148 1020 dominatione

561 1037 616 1081 et
650 1029 865 1097 querela
897 1030 1114 1102 Majoris
1149 1039 1462 1093 monasterii
1509 1050 1565 1095 et
1606 1043 1832 1101 aliarum
1884 1065 2141 1120 persona-

562 1134 678 1173 rum
724 1122 1008 1179 exactione
1059 1136 1408 1196 permaneat,
1455 1131 1596 1188 sicut
1664 1137 1892 1194 ecclesia
1940 1141 2143 1200 Christi

558 1211 968 1269 Cantuariensis
1023 1224 1077 1270 ct
1124 1217 1263 1272 sicut
1300 1236 1442 1280 mea
1494 1223 1764 1283 dominica
1824 1218 2026 1302 Capella
2087 1246 2144 1294 et

556 1303 767 1378 signum
812 1305 1048 1376 Anglican
1097 1323 1311 1366 corona:
1362 1327 1463 1382 per
1515 1332 1680 1386 quam
1722 1335 1823 1392 ego
1870 1339 2036 1395 regno
2085 1336 2139 1383 et

553 1408 898 1450 successores
949 1396 1054 1453 mei
1097 1413 1251 1470 reges
1294 1417 1519 1473 regnum
1561 1407 1768 1480 Anglice
1807 1411 2004 1470 debent
2042 1418 2138 1473 ob-

550 1485 752 1542 tinere.
879 1481 882 1484 ’

622 1577 926 1636 Statuimus
979 1580 1190 1653 itaque,
1244 1592 1353 1640 tam
1427 1587 1812 1650 ecclesiasticae
1865 1612 2028 1667 quam
2081 1608 2134 1656 et

547 1668 709 1737 regiae
736 1679 1023 1740 prospectu
1052 1675 1362 1742 potestatis,
1394 1686 1474 1743 ut,
1516 1680 1812 1738 decedente
1841 1686 2036 1742 abbate
2067 1690 2132 1745 de
2165 1679 2208 1740 Β

547 1756 711 1823 Bello,
735 1761 912 1816 omnis
933 1764 1204 1831 possessio
1226 1769 1570 1837 monasterii,
1595 1773 1902 1846 ubicunque
1945 1779 2127 1846 fuerit,

545 1847 711 1904 libera
756 1860 810 1904 et
855 1852 1092 1926 integra,
1131 1871 1255 1910 cum
1299 1860 1447 1914 omni
1480 1861 1604 1931 jure
1645 1872 1700 1918 et
1734 1871 2126 1927 consuetudine

543 1956 641 1998 sua
683 1954 962 2000 remaneat
1013 1947 1066 2002 in
1101 1963 1262 2004 manu
1319 1961 1373 2005 et
1415 1952 1768 2024 dispositione
1819 1960 2019 2028 prioris
2073 1972 2128 2018 et

542 2033 934 2090 monachorum
989 2039 1211 2110 capituli
1262 2043 1328 2098 de
1372 2041 1538 2100 Bello.
1607 2047 1722 2102 Hoc
1766 2059 1946 2106 autem
2006 2052 2128 2109 ideo

543 2127 836 2184 statuimus
890 2137 1262 2204 statutumque
1316 2147 1577 2206 perpetuo
1629 2144 1950 2196 servandum
1997 2160 2127 2201 con-

541 2219 842 2288 firmamus,
893 2225 1018 2294 quia
1072 2225 1237 2281 abbas
1273 2227 1338 2282 de
1388 2228 1535 2284 Bello
1589 2235 1840 2304 proprios
1883 2238 2126 2296 redditus

539 2326 646 2366 non
673 2311 854 2379 habet,
892 2305 987 2370 sed
1014 2331 1330 2372 connnuncs
1351 2335 1472 2374 cum
1499 2319 1774 2379 fratribus.
1805 2325 1904 2394 Qui
1937 2327 2119 2396 igitur,

538 2403 649 2457 Deo
693 2412 984 2468 annuente,
1037 2406 1300 2461 canonica
1348 2406 1583 2465 fratrum
1630 2412 1917 2483 electione,
1952 2418 2121 2475 abbas

458 2539 468 2549 .
536 2494 862 2550 substitutus
913 2494 1094 2559 fuerit,
1149 2497 1348 2553 ibidem
1393 2502 1595 2572 absque
1641 2506 1931 2562 venalitate
1970 2509 2117 2564 omni

540 2585 894 2642 benedicatur
937 2587 1079 2643 sicut
1125 2590 1359 2659 primum
1389 2593 1640 2649 abbatem
1673 2595 2033 2654 Gausbcrtum
2062 2603 2142 2657 in'

535 2677 724 2733 eodem
775 2679 1106 2735 monasterio
1162 2681 1230 2737 de
1288 2682 1436 2740 Bello
1486 2684 1780 2757 Stigandus
1829 2691 2116 2764 episcopus

532 2767 893 2826 Ciccstrensis
931 2770 1227 2826 benedixit.
1258 2773 1439 2829 Abbas
1483 2777 1663 2847 itaque
1717 2781 1784 2835 de
1834 2781 1979 2838 Bello
2007 2800 2112 2839 non

532 2871 655 2910 cum
710 2858 822 2912 suis
868 2858 1216 2914 saecularibus
1263 2865 1708 2934 consanguineis,
1752 2884 1845 2923 seu
1887 2872 2110 2940 quibus-

527 2946 659 3001 libet
706 2946 862 3014 aliis,
908 2948 1282 3022 cleemosynas
1331 2959 1643 3011 monasterii
1718 2962 1858 3016 male
1913 2965 2110 3020 utendo

523 3035 834 3106 disperdat,
861 3037 964 3091 sed
1003 3039 1333 3109 pauperibus
1364 3050 1418 3096 et
1458 3046 1760 3116 peregrinis
1793 3058 1847 3104 et
1879 3052 2106 3124 Ιιοερὶιί-

526 3128 626 3201 bus
649 3128 1029 3200 suscipiendis,
1056 3131 1148 3185 sed
1184 3131 1480 3189 fraternam
1507 3149 1691 3192 curam
1718 3152 1898 3212 gerat;
1932 3152 2107 3206 terras

528 3221 812 3278 censuales
839 3237 942 3276 non
967 3221 1033 3276 ad
1058 3221 1274 3278 feudum
1307 3225 1491 3293 donet,
1541 3242 1642 3284 nec
1667 3231 1887 3300 milites,
1914 3235 2016 3292 nisi
2048 3237 2104 3293 in
2133 3235 2135 3237 ’

523 3327 678 3368 sacra
729 3321 881 3368 veste
921 3311 1121 3368 Christi
1171 3313 1364 3382 faciat,
1411 3331 1513 3374 nec
1564 3320 1630 3375 de
1671 3326 2104 3393 possessionibus

515 3403 759 3460 ecclesiae
800 3404 1086 3475 quisquam
1131 3414 1307 3464 teneat
1357 3409 1560 3480 aliquid
1603 3410 1894 3471 feudaliter
1935 3419 2100 3478 abso.-

515 3497 710 3569 iutum,
735 3499 830 3554 sed
871 3499 938 3554 ad
979 3516 1201 3558 censum
1250 3518 1489 3561 annuum
1524 3513 1580 3560 et
1607 3507 1884 3568 servitium
1917 3511 2099 3569 abbati

513 3601 569 3647 et
607 3592 890 3676 monachis
921 3593 1179 3650 debitum.
1212 3595 1268 3649 lu
1313 3594 1525 3652 abbatis
1554 3597 1620 3653 de
1641 3597 1790 3672 Bello
1825 3611 1882 3657 et
1911 3620 2099 3662 mona-

511 3687 738 3740 chorum
771 3685 929 3739 domo
954 3694 1009 3739 ct
1037 3687 1377 3755 possessione
1413 3686 1592 3742 nullus
1625 3689 1772 3746 intus
1801 3692 1885 3748 v..l
1913 3703 2092 3761 extra,

512 3793 610 3848 per
658 3777 1029 3831 haereditatem
1072 3776 1310 3832 olIieium
1363 3786 1573 3847 teneat;
1629 3781 1722 3836 sed
1761 3782 1816 3836 in
1866 3787 2095 3841 arbitrio

511 3866 724 3922 abbatis
751 3874 805 3920 et
835 3866 1222 3921 monachorum
1254 3867 1514 3922 consistat
1554 3868 1622 3924 de
1664 3875 2092 3931 transmutandis

509 3959 832 4028 praepositis,
859 3973 954 4014 seu
982 3957 1314 4028 quibuslibet
1339 3960 1462 4014 aliis
1487 3959 1787 4018 olliciariis.

580 4047 731 4104 Hanc
770 4048 937 4119 igitur
979 4049 1310 4106 monasterio
1354 4049 1622 4116 libertatis
1664 4068 1800 4110 mea:
1841 4057 1907 4111 de
1947 4057 2089 4113 Bello

505 4149 561 4195 et
603 4137 859 4198 omnibus
907 4141 974 4195 ad
1015 4141 1188 4210 ipsum
1231 4141 1633 4212 pertinentibus
1675 4143 1728 4198 in
1771 4156 2086 4217 perpetuum

504 4232 648 4300 dono
693 4240 744 4287 ct
787 4229 1054 4287 confirmo
1087 4232 1312 4289 liberam
1363 4232 1761 4290 immunitatem
1804 4246 1858 4292 ct
1901 4239 2088 4295 immu~

504 4337 626 4378 nem
680 4321 1014 4386 libertatem.
1070 4321 1242 4390 Quam
1294 4323 1458 4378 etiam
1525 4339 1626 4396 pro
1668 4326 1822 4398 signo
1872 4342 2083 4386 corona:
2109 4326 2286 4416 υΡτο
2309 4321 2580 4384 “Milibus
2623 4321 2812 4373 “suis
2848 4321 2965 4374 δίνθ
2995 4321 3156 4376 rebus
3206 4323 3624 4427 ειυῑιιιιεουηίιιξθ
3672 4345 3767 4398 Ρετ

504 4412 652 4478 regni
685 4412 854 4470 nostri
901 4413 1118 4478 regibus
1162 4421 1283 4478 post
1318 4428 1405 4468 me
1437 4412 1492 4468 in
1529 4414 1721 4478 Anglia
1752 4422 2077 4478 regnaturis.
2115 4425 2122 4432 '
2183 4418 2279 4458 ⁸³³
2322 4404 2437 4461 Si":
2487 4420 2676 4461 eorum
2721 4406 2955 4478 ειίιιυεηι
2994 4417 3264 4466 “meum”
3308 4429 3405 4469 53“
3431 4427 3767 4472 “meum”

501 4412 652 4484 regni
685 4412 854 4470 nOStri
901 4413 1118 4485 regibus
1162 4421 1283 4489 post
1318 4428 1405 4484 me
1437 4412 1492 4468 in
1529 4414 1721 4486 Anglia
1752 4422 2077 4487 regnaturis,

501 4518 722 4557 causam
746 4502 838 4557 Dei
872 4501 1193 4558 commendo
1225 4503 1547 4566 servandam
1577 4513 1636 4560 ut
1663 4506 1744 4561 eis
1774 4507 1916 4563 Deus
1950 4527 2081 4566 con-

500 4600 677 4646 servet
727 4603 1009 4649 aeternam.
1084 4591 1246 4649 Teste
1302 4593 1467 4650 Petro
1520 4596 1772 4667 episcopo
1816 4598 2075 4670 Cestrize,

495 4684 768 4740 .llermano
828 4686 1082 4756 episcopo
1133 4684 1484 4751 Sarisberiae,
1549 4685 1826 4743 Willelmo
1879 4694 2078 4749 comite

497 4773 808 4841 Warennte,
839 4775 1114 4832 Bernardo
1140 4777 1206 4831 de
1243 4775 1635 4839 Novomercato
1679 4789 1733 4835 et
1773 4781 2076 4848 Gausbcrto

487 4881 638 4935 autne
667 4865 909 4936 ejusdem
938 4867 1040 4923 loci
1072 4868 1268 4924 abbate
1295 4911 1309 4933 ,
1352 4884 1476 4924 cum
1509 4871 1794 4934 monachis
1838 4874 1947 4928 suis
1982 4877 2071 4944 qui

493 4958 562 5011 ad
590 4945 730 5032 hanc
757 4958 1002 5014 chartam
1031 4947 1336 5014 faciendam
1367 4972 1665 5032 praesentes
1691 4962 1907 5020 fuerunt
1932 4967 2073 5039 apud

490 5045 740 5104 Winton.

1208 5180 1345 5236 XVI.

2261 441 2443 490 sentes
2474 436 2684 497 litteras
2723 443 3047 518 inspectoris
3069 457 3302 518 salutem

2331 522 2530 623 Sciatis
2558 533 2702 600 quod
2725 550 2824 592 nos
2855 555 2921 596 ex
2965 558 3118 602 mero
3143 560 3291 606 motu
3329 564 3517 614 nostro
3553 571 3610 616 et
3643 569 3843 623 intuitu

2254 613 2710 724 charitatisl'unda
2719 629 2912 700 vimus,
2927 641 3350 712 construximus,
3365 658 3421 704 et
3440 613 3504 704 in
3519 613 3842 724 perpetuum

2255 708 2626 772 ordinavimus
2653 717 2707 772 in
2749 736 2940 792 puram
2979 738 3036 783 et
3071 744 3389 803 perpetuam
3431 708 3841 817 eleemosynau

2254 813 2418 856 unam
2441 806 2657 862 domum
2697 820 2751 867 et
2775 821 3165 877 monasterium
3201 826 3478 901 nigrarum
3522 806 3839 896 monii-linus

2249 892 2460 952 ordinis
2499 900 2676 956 sancti
2725 901 3007 966 Benedicti
3035 911 3090 966 in
3121 892 3327 977 honore
3353 918 3481 977 Jesu
3525 923 3737 983 Clu-isti
3773 948 3840 987 ac

2250 980 2422 1042 beata:
2451 986 2635 1050 Maria
2665 993 2892 1067 virginis
2933 1017 3030 1071 pro
3081 1007 3370 1066 animabus
3417 1017 3834 1086 progenitore-1

2247 1085 2558 1140 nostrorum
2586 1092 2642 1144 et
2659 1088 2902 1144 omnium
2919 1093 3376 1165 Christianorum,
3401 1085 3564 1172 prout
3596 1119 3838 1166 situatur

2241 1168 2400 1240 juxta
2423 1187 2621 1245 aquam
2647 1191 2894 1237 vocatam
2924 1184 3157 1258 CrOegu
3184 1168 3516 1252 incomitata
3532 1197 3835 1258 Cumnriar.

2242 1259 2419 1322 Etiam
2449 1263 2698 1328 dedimus
2739 1280 2796 1328 et
2832 1278 3207 1336 concessimus
3245 1285 3578 1344 monialibus
3627 1291 3832 1349 ibidem

2241 1352 2376 1410 duas
2424 1372 2583 1414 acras
2617 1370 2778 1418 terrae
2828 1381 2994 1437 super
3046 1386 3182 1440 quas
3232 1377 3490 1444 praedicta
3547 1383 3749 1441 domus
3779 1399 3835 1440 et

2239 1450 2626 1506 monasterium
2655 1453 2956 1525 situantur;
2979 1469 3032 1519 et
3057 1473 3222 1520 etiam
3248 1467 3497 1527 dedimus
3517 1481 3573 1526 ct
3595 1489 3826 1532 coraces-

2237 1537 2410 1596 simus
2437 1542 2641 1604 eisdem
2667 1551 2993 1610 monialibus
3021 1565 3132 1613 tres
3157 1572 3440 1620 carucatas
3465 1574 3628 1624 terra
3651 1580 3710 1625 et
3737 1573 3831 1626 de-

2236 1647 2353 1691 cem
2375 1652 2531 1695 acras
2558 1643 2695 1712 prati
2731 1659 2852 1700 cum
2891 1649 3218 1709 omnimodis
3241 1661 3595 1724 commnniis,
3645 1661 3828 1718 boscis

2235 1737 2291 1782 et
2326 1730 2493 1786 vastis
2537 1732 2741 1790 eisdem
2769 1737 2943 1796 tribus
2969 1746 3245 1817 carucatis
3269 1758 3426 1804 terra:
3456 1754 3823 1820 quovis-nodo

2233 1828 2654 1898 pertinentibus,
2686 1832 2999 1903 jacentibns
3043 1838 3200 1907 juxta
3249 1849 3644 1904 monasterium
3685 1866 3826 1920 junc-

2231 1915 2456 1972 dictum.

2301 2033 2477 2089 Etiam
2511 2035 2756 2094 dedimus
2777 2050 2829 2096 et
2858 2045 3230 2102 concessimus
3250 2048 3454 2104 eisdem
3487 2054 3818 2110 monialibus

2228 2136 2281 2180 et
2310 2119 2714 2186 successoribus
2745 2135 2858 2191 suis
2886 2136 2939 2190 in
2964 2149 3280 2208 perpetuum
3317 2143 3581 2201 ducentas
3603 2158 3658 2203 et
3687 2164 3816 2206 sex-

2228 2220 2418 2276 dcccm
2472 2238 2628 2278 acras
2675 2234 2834 2281 teme
2888 2230 3181 2287 existentes
3234 2234 3370 2289 infra
3424 2235 3686 2294 forestam
3720 2258 3814 2296 no-

2227 2320 2363 2366 tram
2396 2314 2461 2367 de
2486 2313 2812 2384 lngelmode,
2833 2315 3082 2386 jacentes
3119 2337 3185 2377 ex
3215 2333 3367 2394 parte
3397 2327 3590 2382 boriali
3624 2331 3812 2400 cujus-

2225 2401 2345 2454 dam
2377 2416 2530 2470 aqute
2561 2402 2967 2478 Tarnenadelyn
3000 2425 3122 2464 cum
3155 2415 3406 2470 omnibus
3435 2415 3621 2474 boscis
3670 2437 3800 2492 pra.

2223 2490 2378 2547 lienis
2415 2502 2470 2547 et
2495 2497 2968 2554 commoditatibus
2995 2516 3157 2571 super
3185 2505 3416 2560 easdem“
3440 2490 3808 2569 existentibus

2221 2582 2337 2639 sive
2379 2600 2615 2655 unquam
2649 2589 2989 2656 postmodum
3021 2595 3409 2652 crescentibus.
3463 2599 3645 2656 Etiam
3677 2620 3805 2658 con-

2218 2675 2482 2730 cessimus
2505 2676 2709 2732 eisdem
2733 2681 3058 2738 monialibus
3081 2688 3384 2743 communia
3412 2701 3650 2759 pasturae
3678 2710 3801 2751 cum

2217 2767 2468 2823 onmibus
2491 2769 2783 2827 animabus
2811 2773 2924 2828 suis
2953 2789 3050 2845 pro
3071 2792 3131 2832 se
3149 2787 3205 2834 et
3238 2779 3353 2835 suis
3380 2781 3586 2838 ibidem
3615 2795 3802 2842 tenen-

2219 2857 2360 2913 tibus
2414 2875 2511 2930 pcr
2563 2869 2732 2915 totam
2766 2859 3022 2919 forestam
3074 2876 3312 2923 nostram
3353 2870 3418 2925 de
3465 2871 3796 2943 Ingelmode.

2214 2951 2473 3020 capiendo
2503 2951 2703 3007 ibidem
2731 2953 3082 3011 subicientem
3106 2960 3447 3015 maerentium
3481 2977 3585 3032 pro
3625 2965 3799 3019 omni-

2212 3043 2312 3098 bus
2344 3043 2458 3098 suis
2495 3043 2740 3099 aediflciis
2768 3046 3199 3120 quandocunque
3226 3062 3280 3106 et
3321 3054 3798 3127 quotienscunque

2209 3147 2434 3187 necesse
2486 3132 2679 3200 fuerit,
2730 3149 2827 3203 per
2875 3135 3316 3194 deliberationem
3369 3140 3794 3200 forestariorum

2208 3231 2544 3290 nostrorum,
2585 3225 2700 3281 sive
2745 3239 2934 3282 eorum
2981 3229 3137 3286 unius
3187 3231 3381 3288 ibidem
3409 3235 3793 3293 existenttum.

2208 3313 2273 3368 Et
2292 3315 2456 3370 etiam
2493 3316 2861 3372 concessimus
2883 3327 2940 3374 et
2964 3319 3409 3379 confirmavimus
3435 3327 3648 3383 eisdem
3672 3344 3792 3385 mo-

2205 3405 2438 3460 nialibus
2484 3419 2536 3462 et
2590 3408 2996 3467 successoribus
3034 3412 3148 3468 suis
3196 3416 3489 3482 quemdam
3543 3434 3788 3476 annou

2203 3498 2468 3554 redditum
2503 3515 2569 3553 xi.
2615 3500 2717 3566 sol,
2749 3502 3026 3556 annuatim
3062 3505 3534 3575 percipiendorum
3564 3511 3620 3565 in
3663 3527 3792 3583 per-

2201 3598 2420 3659 petuum
2442 3590 2509 3644 de
2531 3593 2851 3648 tencmentis
2875 3595 3081 3650 nostris
3105 3595 3156 3650 in
3180 3597 3306 3652 villa
3335 3608 3521 3655 nostra
3552 3602 3621 3657 de
3654 3605 3787 3658 Bar-

2198 3677 2312 3745 lile,
2335 3679 2718 3736 solvendorum
2745 3683 2950 3738 eisdem
2979 3685 3304 3741 monialibus
3347 3697 3403 3743 et
3445 3693 3784 3748 successori-

2198 3770 2298 3826 bus
2323 3771 2435 3826 suis
2481 3786 2577 3840 per
2606 3787 2799 3827 manus
2823 3774 3063 3830 custodis
3092 3777 3264 3833 nostri
3304 3778 3444 3835 villa:
3479 3783 3546 3836 de
3581 3783 3783 3838 Barlile

2196 3860 2465 3930 praedicta:
2492 3861 2560 3915 ad
2606 3860 2742 3917 festa
2785 3861 3215 3921 Pentecostes'ct
3238 3873 3415 3924 sancti
3444 3870 3671 3927 Martini
3722 3875 3778 3927 in

2196 3948 2373 4005 hieme
2420 3965 2517 4019 per
2545 3951 2783 4021 aequales
2817 3954 3116 4022 portiones.
3141 3955 3208 4011 Et
3233 3958 3397 4013 etiam
3419 3964 3779 4020 concedimus

2191 4054 2290 4110 pro
2315 4043 2469 4097 nobis
2497 4053 2549 4098 et
2583 4043 2886 4100 lmredibus
2913 4048 3116 4104 nostris
3160 4051 3302 4120 quod
3351 4054 3627 4122 praedicta:
3655 4073 3776 4111 mo-

2191 4129 2363 4186 niales
2391 4140 2638 4188 tenentes
2665 4141 2720 4188 et
2763 4135 2846 4190 sui
2873 4137 3175 4194 servientes
3202 4139 3363 4195 liberi
3415 4142 3528 4197 sint
3561 4146 3630 4199 de
3678 4146 3775 4200 tol-

2190 4229 2315 4276 neto
2341 4224 2585 4291 pacando
2626 4237 2724 4293 per
2771 4234 2940 4280 totum
2993 4243 3220 4298 regnum
3276 4243 3522 4288 nostrum
3562 4236 3772 4308 Anglia:

2187 4326 2286 4382 pro
2309 4313 2580 4384 aliquibus
2623 4315 2812 4373 bestiis
2848 4317 2965 4374 sive
2995 4321 3156 4376 rebus
3206 4323 3624 4395 quibuscunque
3672 4345 3772 4398 per

2182 4491 2237 4546 in
2276 4503 2552 4562 posterum
2582 4498 2848 4554 emendis.
2885 4499 2949 4554 Et
2975 4502 3138 4557 etiam
3174 4506 3525 4562 concedimus
3551 4517 3608 4562 et
3634 4525 3764 4564 con-

2181 4583 2515 4642 firmavimus
2559 4589 2700 4659 quod
2740 4594 3130 4649 monasterium
3181 4609 3233 4650 ct
3273 4597 3466 4653 domus
3503 4601 3766 4670 praedicta

2179 4690 2302 4732 cum
2330 4678 2603 4748 praedictis
2632 4680 2805 4737 tribus
2830 4685 3120 4748 carucatis,
3153 4687 3362 4742 duabus
3401 4691 3547 4744 acris
3575 4698 3761 4755 terra.

2177 4783 2300 4823 cum
2331 4771 2516 4824 decem
2556 4773 2702 4828 acris
2750 4776 2912 4845 prati,
2962 4775 3017 4830 in
3049 4777 3300 4833 oumibus
3343 4779 3516 4836 libera
3551 4783 3664 4836 sint
3704 4791 3766 4838 et

2175 4857 2411 4915 habeant
2433 4875 2622 4918 omnes
2642 4862 2920 4921 libertates
2941 4881 3070 4923 suas
3091 4867 3252 4922 simili
3278 4871 3438 4925 modo
3459 4870 3607 4925 sicut
3624 4887 3761 4928 con-

2175 4953 2386 5009 ceditur
2429 4964 2616 5012 nostt'o
2666 4961 3001 5023 monasterio
3043 4963 3110 5019 de
3138 4964 3520 5032 VeStminstcr,
3548 4967 3761 5036 absque

2172 5046 2460 5102 vexatione
2511 5048 2889 5109 molestatione
2941 5054 3056 5111 sive
3102 5056 3283 5128 aliqua
3333 5057 3756 5126 inquietatione,

2171 5151 2264 5194 seu
2319 5137 2540 5196 laesione
2589 5141 2896 5212 aliquorum
2948 5145 3353 5214 vicecomitum,
3407 5145 3756 5216 exactor-um,

2646 5233 2940 5256 .‘._---....-._
2967 5237 3148 5256 u-!.,.-n
3175 5254 3204 5255 νγ
3483 5240 3518 5256 '0

2538 5233 2550 5246 ο
2675 5233 2710 5256 ιο
3025 5237 3034 5249 ι

2537 5248 2618 5256 --.-
2646 5251 2663 5256 ,μ
2699 5249 2940 5256 -..---..,-...
2967 5251 3034 5256 ..-γ

2167 5229 2362 5256 ιυιΙΙΞ-υι
2374 5246 2488 5256 ........Δ
2509 5233 2587 5256 ..ευ
