4040 5314
193 226 336 285 ῒδῦῒ

1549 213 1959 289 DIPLOMATA.

3302 240 3438 295 136‘!

192 354 338 410 quoa
372 342 640 411 priedictze
663 342 922 398 moniales
957 342 1136 400 libera:
1174 343 1285 397 sint
1314 358 1411 411 per
1449 353 1613 399 tutam
1660 356 1766 400 ter—
1792 352 1840 411 Α
1871 346 2018 399 nium
2044 354 2098 399 et
2118 345 2184 399 ad
2214 344 2677 399 confirmationem
2701 360 2858 415 nujus
2883 345 3241 419 eleemosjna:
3271 350 3438 404 dona-

191 447 309 486 ram
339 447 491 487 suam
525 449 623 503 pro
657 433 1064 504 quibuscunque
1116 435 1419 489 tenentibus
1449 426 1504 490 et
1540 434 1765 491 liberam

191 523 432 579 habeam
455 540 765 580 warcnnam
799 534 903 579 tam
935 541 1032 594 pro
1058 524 1214 580 lectis
1252 525 1522 580 curiarum
1556 534 1767 580 nostra-

193 631 313 670 rum
344 632 504 687 quam
537 617 589 672 in
625 618 798 687 aquis,
828 616 1025 681 boscis,
1056 617 1236 683 terris,
1264 616 1460 683 planis,
1485 631 1578 671 seu
1609 617 1765 673 metis

190 708 303 762 suis
335 708 511 763 cidem
538 708 863 763 monasterio
889 708 1257 777 spectantibus
1278 723 1372 763 seu
1400 708 1590 777 quovis
1608 709 1765 763 modo

190 798 605 868 pertinentibus.
620 798 1145 864 Habenda,.tenenda
1172 808 1227 854 et
1248 799 1558 869 occupanda
1585 799 1765 853 omnia

188 896 246 942 et
274 888 481 959 singula
526 889 784 959 praedicta
816 892 1036 945 recitata
1072 891 1310 960 praefatis
1348 890 1669 945 monialihus
1713 899 1766 945 et

188 980 595 1037 successoribus
624 981 737 1036 suis
772 981 826 1035 in
867 991 1185 1052 perpetuum
1209 980 1458 1036 de-‘nobis
1496 990 1553 1036 et
1590 980 1763 1036 haere-

189 1069 349 1125 dibus
376 1072 576 1127 nostris
605 1072 667 1126 in
698 1087 885 1140 puram
916 1081 972 1127 et
1016 1082 1331 1143 perpetuam
1364 1072 1764 1143 eleemosynatn

184 1171 484 1229 spontanca
518 1165 591 1217 ita
620 1164 893 1219 voluntate
913 1173 966 1218 et
992 1165 1364 1219 concessione.
1406 1164 1478 1218 As
1502 1164 1622 1218 hcrt
1645 1178 1767 1233 may

188 1250 232 1304 it
260 1240 426 1323 think
449 1270 513 1308 or
537 1255 644 1324 ygh
679 1269 800 1325 may
837 1255 877 1308 it
910 1255 979 1309 le.
1014 1254 1067 1311 In
1102 1253 1255 1323 cujus
1285 1255 1359 1308 rei
1396 1254 1763 1308 tcstimooium

186 1343 289 1398 has
336 1343 559 1417 litteras.
588 1355 805 1400 nostras
851 1344 966 1401 ﬁeri
1021 1346 1246 1401 fecimus
1289 1355 1554 1415 patentes.
1604 1345 1764 1399 Teste

186 1432 394 1500 rneipso
424 1434 564 1502 apud
579 1434 781 1489 Vestm.
813 1444 964 1490 sexto
986 1435 1073 1490 die
1102 1435 1302 1490 mensis
1326 1433 1591 1500 Januarii,
1623 1448 1763 1487 anno

192 1524 344 1594 regni
374 1525 548 1580 nostri
586 1524 847 1580 secundo.

899 1635 1057 1692 XVII.

258 1725 457 1779 Charta
495 1725 560 1780 de
593 1726 761 1795 prima
791 1726 1102 1795 fundatior“:
1131 1726 1355 1781 abbatiw
1390 1726 1453 1779 de
1493 1726 1687 1781 Salcbi.

579 1794 884 1864 (Monustic.
917 1795 1122 1866 Anglic.
1154 1798 1195 1860 l,
1218 1796 1370 1867 571.)

259 1886 318 1940 In
346 1886 563 1941 nomine
601 1896 800 1942 sanctae
833 1896 887 1942 et
916 1886 1203 1942 individua:
1232 1886 1535 1952 Trinitatis,
1564 1886 1764 1952 Patris,

190 1977 340 2045 Filii,
371 1986 426 2033 et
458 1977 692 2049 Spiritus
720 1977 912 2035 sancti.
944 1977 1138 2034 Amen.

260 2069 596 2127 Wmsuws
646 2068 976 2127 fortissimus
1038 2069 1147 2125 imo
1201 2069 1613 2141 potentissimus
1652 2084 1763 2129 rex

192 2161 438 2216 omnium
480 2176 664 2230 regum
693 2158 903 2215 illorum
928 2173 967 2212 at
986 2158 1262 2227 quibuseo
1291 2167 1533 2229 tempore
1554 2167 1764 2226 sceptra

195 2248 399 2320 regalia
438 2250 539 2304 sub
567 2249 692 2313 divo
720 2246 1114 2319 gubernantur,
1151 2248 1443 2305 maximum
1477 2246 1764 2317 imperium

190 2338 429 2409 Anglica:
464 2347 621 2393 terra:
653 2352 865 2408 regens,
896 2336 1038 2406 qqu
1077 2336 1436 2407 permissione
1474 2344 1636 2405 atque
1665 2350 1767 2389 vo-

191 2426 401 2483 luntate
428 2427 524 2482 Dei
554 2428 789 2497 primum
814 2426 1002 2497 signis,
1034 2425 1481 2495 mirabilibusque
1508 2426 1777 2496 prodigiis-

190 2534 257 2573 ac
280 2518 474 2577 deinde
504 2518 714 2589 magnis
741 2518 947 2575 viribus
990 2516 1252 2586 bellisque
1291 2516 1610 2571 debellanda
1656 2516 1768 2571 An-

190 2607 330 2679 glos,
364 2608 577 2662 tandem
608 2608 933 2678 acquisitnm
965 2606 1291 2678 gubernans,
1332 2606 1466 2660 viris
1518 2616 1625 2661 tam
1672 2622 1765 2661 cc-

187 2697 515 2753 clesiasticis
540 2712 700 2768 quam
719 2695 832 2752 suis
854 2694 1165 2763 comitibus,
1178 2695 1579 2767 baronibusque
1604 2705 1775 2768 atque.

189 2787 460 2842 ministris
487 2776 739 2842 omnibus
762 2786 1013 2841 salutem.

266 2876 453 2931 Divina
487 2876 804 2949 providente
836 2875 931 2929 Dei
964 2875 1337 2933 misericordia
1377 2884 1431 2930 et
1460 2889 1577 2932 mea
1607 2875 1769 2931 boni-

190 2973 306 3020 tate
357 2964 537 3018 divina
570 2963 855 3019 clementia
907 2964 1186 3034 inspirata,
1231 2963 1423 3020 devote
1473 2962 1767 3032 postulanti

188 3057 486 3113 Benedicto
515 3057 698 3113 abbati
730 3055 1099 3121 devotissimo,
1128 3056 1439 3111 emnobium
1464 3055 1517 3109 in
1561 3056 1767 3111 honore

192 3150 408 3205 Domini
435 3149 606 3205 nostri
633 3147 756 3203 Jesu
786 3148 987 3205 Christi
1020 3156 1075 3203 et
1102 3147 1431 3204 beatissima?
1458 3145 1577 3214 ejus
1611 3147 1762 3216 geni-

191 3238 349 3297 tricis
390 3246 445 3294 et
485 3238 709 3309 virginis
734 3237 914 3291 Mariae
939 3245 993 3292 et
1018 3236 1189 3293 sancti
1240 3234 1492 3292 Germani
1525 3234 1766 3289 Antisio-

188 3330 439 3386 dorensis
490 3329 722 3400 episc0pi
763 3330 813 3383 in
860 3327 1075 3383 Salcbia
1105 3326 1335 3382 fundare
1385 3325 1653 3381 concessi.
1708 3325 1766 3380 la

188 3438 302 3495 quo
336 3421 645 3477 fundamine
682 3418 887 3476 conieci
918 3427 972 3474 et
1004 3416 1169 3489 regali
1204 3416 1459 3472 libertate
1511 3414 1663 3485 posui
1714 3424 1769 3470 ct

187 3513 339 3578 dedi,
368 3513 435 3567 de
472 3511 686 3589 propria
715 3526 833 3565 mea
868 3525 1050 3566 mensa
1093 3510 1264 3580 ipsam
1296 3507 1587 3570 Salehiam,
1616 3506 1768 3562 vide-

189 3603 347 3667 licet,
376 3618 536 3655 unam
569 3611 876 3656 carucatam
910 3602 976 3656 de
1026 3609 1171 3655 terra
1222 3599 1412 3655 Snaith
1453 3608 1507 3653 et
1550 3612 1646 3655 sex
1676 3598 1771 3653 bo-

188 3704 356 3749 vatas
388 3682 453 3750 de
484 3693 698 3764 Elarlep
721 3703 775 3750 et
797 3692 1055 3749 Rodeliﬂ’e
1078 3702 1133 3748 et
1155 3691 1430 3751 dimidiam
1462 3698 1769 3749 carucatam

192 3798 357 3842 terrae
381 3789 433 3842 in
461 3787 689 3841 Bratone
714 3795 769 3841 et
798 3802 957 3845 unam
998 3786 1283 3856 piscariam
1312 3784 1365 3838 in
1405 3782 1691 3855 Whitegift
1718 3791 1774 3839 et

192 3886 373 3931 terras
400 3893 428 3931 a
457 3875 663 3932 Thema
695 3875 1101 3945 archiepiscopo
1126 3874 1301 3930 eidem
1331 3873 1574 3930 ecclesiae
1596 3874 1770 3937 datas,

191 3969 447 4026 videlicet
474 3969 778 4024 Fristunam
812 3976 867 4022 et
911 3966 1180 4022 Salebiam
1212 3967 1477 4021 minorem
1521 3974 1631 4020 tam
1683 3979 1771 4020 se-

193 4061 437 4120 cundum
468 4061 645 4115 vivam
671 4074 857 4115 vocem
888 4073 1050 4129 quam
1074 4056 1227 4126 juxta
1250 4057 1431 4112 brevis
1460 4056 1578 4127 ejus
1621 4064 1773 4113 teno-

192 4168 337 4209 rem.

276 4244 476 4299 Eodem
504 4244 663 4299 modo
697 4242 863 4307 Crull,
911 4242 1121 4298 scilicet
1163 4255 1267 4294 una
1318 4236 1608 4299 Hnndreda
1658 4249 1783 4306 qua:

1870 435 2048 500 tionis,
2087 450 2186 505 pro
2209 436 2380 491 salute
2416 437 2608 491 animae
2640 452 2771 492 men
2800 447 2856 491 et
2883 447 2990 492 tam
3021 440 3438 508 praecedentium

1869 545 2114 595 meorum
2166 545 2327 601 quam
2361 530 2823 601 subsequentium,
2852 533 2975 587 data
3005 534 3193 588 charta
3230 535 3345 590 hare
3384 545 3440 591 et

1868 620 2180 676 confirmata
2213 622 2351 691 apud
2383 622 2709 688 Lnndonias,
2760 624 2812 677 in
2863 625 3149 694 praesentia
3183 619 3437 690 istorum,

1867 710 2096 772 scilicet,
2131 712 2333 769 Odonis
2380 711 2691 780 Bajocensis
2743 714 3012 785 epise0pi,
3070 716 3318 771 Edwardi
3372 718 3438 771 de

1868 800 2189 868 Salesbiria,
2236 802 2480 873 [ingenis
2506 804 2573 858 de
2621 804 2809 871 Porto,
2846 803 3083 874 llngonis
3113 807 3181 861 de
3237 806 3443 860 Montes

1867 890 2012 956 fimi,
2030 892 2250 948 Roberti
2275 895 2340 949 de
2362 893 2536 966 Olley,
2558 895 2808 949 Riehardi
2835 896 2925 949 lilii
2951 896 3165 950 comitis
3188 895 3435 960 Gilberti,

1868 980 2125 1037 Baldwini
2161 983 2343 1039 fratris
2391 983 2529 1051 ejus,
2570 984 2794 1055 Remigii
2856 985 3115 1054 episcopi,
3166 985 3436 1055 Radulphi

1868 1068 2154 1142 Talelioys,
2182 1070 2403 1127 Roberti
2445 1075 2510 1128 de
2540 1073 2711 1142 Tuny,
2748 1072 2993 1128 Gaul'ritli
3044 1076 3110 1129 de
3150 1074 3197 1128 la
3228 1071 3438 1128 Wirclti

1866 1169 1919 1214 et
1953 1163 2117 1215 totius
2143 1164 2308 1218 curia:
2341 1165 2500 1234 regis.

2567 1254 2744 1308 XVIII.

2008 1338 2116 1394 Pro
2142 1342 2357 1396 ecclesia
2375 1342 2845 1412 SS.apostolorum
2876 1345 3016 1400 Petri
3043 1357 3089 1402 et
3112 1347 3296 1402 Pauli.

2388 1431 2578 1503 (lbid.,
2620 1447 2740 1502 pag.
2774 1433 2923 1502 580.)

1938 1519 2261 1574 Sanctorum
2314 1520 2535 1575 Patrum
2594 1537 2879 1577 monemur
2928 1524 3179 1593 exemplo
3225 1539 3439 1594 posses-

1867 1607 2055 1663 siones
2100 1625 2239 1680 quas
2293 1611 2498 1665 nostris
2530 1611 2862 1681 temporibus
2906 1622 3108 1667 sanctae
3131 1612 3384 1671 Ecclesiae
3406 1631 3437 1668 a

1798 1679 1841 1737 Β
1872 1679 2127 1754 fidelibus
2163 1698 2390 1755 collatas
2434 1679 2742 1755 noverimus
2762 1740 2777 1766 ,
2823 1700 3135 1756 litterarum
3166 1704 3439 1758 memoria:

1865 1787 2153 1859 diligenter
2194 1790 2493 1860 assignare,
2528 1800 2640 1845 tum
2665 1800 2885 1863 propter
2905 1791 3300 1847 conﬂuentium
3328 1793 3440 1848 uti-

1867 1877 2075 1934 litatem
2126 1880 2393 1950 quoniam
2436 1896 2621 1936 eorum
2666 1882 2919 1953 exemplo
2963 1882 3163 1952 posteri
3194 1883 3262 1938 ad
3304 1883 3439 1937 bene

1866 1972 2132 2038 agendum
2181 1980 2548 2040 provocantur
2576 2010 2591 2035 ,
2644 1979 2754 2025 tum
2810 1980 3029 2041 propter
3084 1971 3438 2042 malignorum

1865 2060 2281 2131 perversitatem
2306 2062 2398 2129 qui
2439 2061 2506 2115 ad
2558 2060 2892 2131 diripiendas
2942 2061 3319 2132 possessiones
3350 2074 3441 2115 ec-

1866 2150 2204 2207 clesiasticas
2230 2160 2343 2206 toto
2392 2151 2677 2207 conamine
2724 2151 2934 2207 inhiare
2987 2159 3301 2207 noscuntur.
3330 2148 3440 2205 Nos

1868 2242 2073 2312 itaque,
2106 2239 2371 2310 majorum
2397 2243 2670 2297 imitantes
2706 2241 3046 2309 industriam,
3078 2241 3438 2311 posteriorum

1867 2333 2070 2388 notitiae
2099 2333 2388 2388 scribendo
2416 2332 2786 2388 transmittere
2832 2332 3142 2387 curavimus
3171 2329 3439 2400 quoddam

1868 2423 2086 2493 pietatis
2122 2440 2257 2495 opus
2281 2424 2423 2494 quod
2475 2423 2799 2479 venerabilis
2839 2437 3023 2479 eomes
3072 2422 3340 2493 Rogerius
3384 2430 3444 2477 ct

1866 2514 2059 2569 devota
2083 2513 2200 2584 ejus
2222 2514 2441 2584 cnnjux,
2472 2512 2739 2567 Adelaisia
2788 2512 3025 2577 nomine,
3055 2520 3239 2567 nostra
3275 2519 3451 2566 astate.

1869 2608 1978 2663 Deo
2005 2606 2339 2664 obtulerunt.
2379 2608 2511 2662 Erat
2531 2607 2582 2661 in
2614 2607 2877 2663 suburbio
2912 2607 3152 2663 civitatis
3203 2607 3438 2676 Serape-

1866 2698 2025 2769 sbery
2061 2714 2224 2768 parva
2253 2698 2387 2753 satis
2416 2697 2641 2753 ecclesia
2667 2696 2720 2751 in
2742 2696 2947 2751 honore
2984 2698 3264 2751 beatorum
3311 2707 3440 2763 apo-

1869 2788 2127 2843 stolorum
2153 2788 2298 2843 Petri
2352 2796 2410 2843 et
2457 2787 2614 2842 Pauli
2650 2796 2983 2851 constructa,
3040 2787 3199 2857 cujus
3218 2786 3442 2841 situsad

1869 2878 2180 2934 collocanda
2211 2893 2494 2936 servorum
2525 2877 2618 2933 Dei
2642 2879 2955 2935 habitacula
2995 2877 3445 2949 congruusuide-

1868 2970 2049 3027 batur.
2098 2968 2294 3025 Comes
2347 2985 2479 3039 ergo
2525 2968 2696 3027 frctus
2738 2970 2957 3027 licentia
3005 2977 3061 3025 et
3117 2968 3446 3025 auctoritate

1868 3058 2013 3126 regis
2033 3057 2294 3113 Willelmi
2337 3066 2394 3113 et
2437 3057 3268 3126 Cantuariensisarchiepiscopi
3296 3055 3439 3109 Lan-

1869 3147 2066 3215 franci,
2095 3163 2303 3204 necnon
2326 3158 2383 3203 et
2408 3148 2716 3204 Cestrensis
2735 3148 3161 3217 episcopil’etri,
3187 3147 3252 3204 ad
3279 3145 3441 3214 cujus

1868 3238 2148 3296 dimcesim
2180 3239 2347 3293 isdem
2395 3239 2713 3309 pertinebat,
2757 3238 3259 3297 locus,.ntonacho.s
3314 3236 3444 3289 illuc

1869 3343 1968 3398 pro
1996 3345 2091 3384 sua
2137 3345 2469 3399 suorumque
2499 3330 2673 3387 salute
2729 3330 2953 3384 Domino
3003 3336 3323 3387 exoratums
3352 3342 3444 3395 ag-

1872 3420 2117 3492 gregavit
2165 3437 2309 3475 anno
2359 3421 2424 3475 ab
2477 3420 2849 3481 incarnatione
2896 3418 3108 3477 Domini
3159 3416 3445 3472 millesimo

1872 3512 2209 3582 octogesimo
2234 3513 2489 3580 septimo.
2522 3512 2729 3577 Quibus
2749 3509 3017 3565 ad-vietus
3055 3508 3301 3567 subsidia,
3329 3506 3443 3574 ipse

1871 3614 1928 3661 et
1958 3605 2267 3659 veneranda
2313 3604 2430 3673 ejus
2459 3618 2594 3658 uxor
2619 3599 2991 3672 possessiones
3020 3598 3352 3667 subscriptas
3390 3597 3445 3655 in

1871 3704 2186 3766 perpetuum
2253 3693 2611 3749 donaverunt.
2667 3693 2724 3747 In
2776 3690 2967 3761 primis
3004 3689 3217 3746 scilicet
3264 3687 3445 3747 vicum

1873 3802 2041 3849 unum
2066 3786 2249 3841 eidem.
2292 3783 2533 3845 ecclesiae
2582 3784 2894 3854 contiguum
2951 3797 3083 3837 cum
3126 3779 3299 3843 tribus
3328 3793 3441 3833 mo.

1876 3878 2108 3939 lendinis
2146 3877 2463 3946 cunctisque
2514 3876 2813 3932 redditibus
2850 3874 2915 3930 ad
2957 3888 3079 3933 eum
3126 3869 3449 3942 pertinenti-

1875 3971 1999 4035 bus,
2025 3970 2118 4039 qui
2144 3970 2297 4025 vicus
2322 3968 2543 4039 Anglice
2567 3968 2765 4022 dicitur
2785 3964 3063 4029 Bifosieta,
3088 3963 3230 4033 quod
3255 3960 3449 4031 Latine

1877 4060 2147 4132 significat
2170 4070 2289 4113 ante
2314 4068 2543 4128 portam.
2572 4057 2774 4115 Deinde
2814 4054 3159 4110 contulerunt
3184 4052 3263 4105 eis
3284 4063 3450 4119 quas-

1880 4152 2284 4213 damecclesias
2310 4167 2433 4206 cum
2467 4149 2733 4204 universis
2786 4145 3218 4216 possessionibus
3260 4141 3327 4196 ad
3356 4153 3452 4196 eas

1878 4242 2278 4311 pertinentibus
2335 4254 2475 4309 quas
2538 4238 2626 4293 hic
2682 4236 2999 4292 nominatim
3059 4232 3448 4303 expressimus.

189 4338 346 4408 jacet
376 4336 428 4390 in
456 4335 838 4397 vicecomitatu
860 4332 1227 4393 Lincolniensi
1256 4339 1309 4387 et
1340 4328 1619 4392 Stanford,
1652 4342 1772 4395 quae

1881 4331 2178 4386 Ecclesium
2237 4328 2446 4384 scilicet
2498 4328 2671 4382 sancti
2722 4325 2969 4396 Gregorii
3011 4324 3078 4378 de
3124 4318 3448 4408 Damerfeld,

194 4438 288 4485 est
346 4428 397 4483 in
460 4427 839 4483 vicecomitatu
900 4424 1281 4494 llamptoniae,
1334 4436 1469 4491 quas
1518 4418 1791 4479 dederunt

198 4518 499 4576 Gaufridus
544 4520 609 4575 de
658 4518 708 4573 la
747 4502 955 4575 Wirc’hi
1009 4525 1064 4571 et
1115 4514 1275 4571 Wido
1314 4515 1382 4568 de
1428 4512 1781 4575 Bainecourt,

200 4608 521 4677 confirmavi
573 4618 628 4665 et
675 4609 852 4663 dando
907 4605 1148 4662 concessi
1198 4614 1252 4663 et
1299 4613 1493 4659 cuncta
1542 4617 1663 4658 cum
1694 4601 1779 4655 his

201 4703 562 4771 undecunque
594 4708 703 4755 tam
746 4700 801 4753 in
848 4698 1007 4753 terris
1038 4706 1092 4752 et
1135 4695 1564 4767 possessionibus
1619 4707 1780 4761 quam

203 4794 263 4847 in
291 4790 413 4846 aliis
440 4789 811 4846 oblationibus
838 4804 957 4858 quae
995 4788 1251 4843 instinctu
1277 4784 1451 4841 sancti
1489 4782 1724 4855 Spiritus
1750 4796 1800 4845 τι,

205 4880 418 4936 devotis
450 4878 890 4941 benefactoribus
907 4876 1087 4932 oll‘erri
1112 4884 1164 4932 et
1187 4888 1620 4945 quaquaversum
1637 4871 1801 4941 jure,

207 4986 371 5043 prece
407 4982 460 5028 et
488 4971 723 5042 pretium
752 4969 957 5038 acquiri
986 4970 1193 5038 possint
1215 4969 1313 5023 sub
1340 4964 1501 5036 regali
1535 4976 1803 5029 munere,,

210 5061 282 5117 ab
318 5063 462 5120 omni
496 5060 783 5117 exactione
812 5069 867 5114 ct
895 5058 1136 5114 molestia
1182 5068 1237 5112 et
1279 5056 1565 5123 vexatione
1613 5052 1785 5109 solute

212 5164 268 5221 et
294 5154 472 5225 quiete
500 5163 554 5208 et
576 5152 772 5214 libere,
799 5158 957 5218 prout
978 5149 1131 5202 decet
1158 5148 1556 5218 eleemosynam
1582 5145 1785 5216 regiam

211 5256 267 5302 et
286 5247 557 5314 propriam
587 5242 862 5297 abbatiam
891 5240 1272 5296 interminabili
1293 5249 1349 5296 et
1367 5250 1630 5309 perpetua
1651 5252 1803 5306 pace

1883 4419 2036 4487 cujus
2065 4420 2145 4473 ha:
2170 4426 2296 4473 sunt
2315 4417 2687 4486 possessiones
2713 4434 2727 4470 :
2760 4414 2979 4477 Estleia,
3002 4410 3252 4466 Nordleia
3271 4449 3285 4472 ,
3318 4406 3452 4460 alias

1883 4509 2085 4565 Estleia
2119 4508 2330 4573 Crofta,
2358 4506 2704 4570 Halchtonia,
2734 4503 3086 4565 Chinsetleia,
3127 4496 3448 4569 Harpefosd,

1883 4598 2236 4669 Billingsleia,
2271 4596 2557 4659 Nieutona,
2586 4594 2866 4668 Tugalost,
2906 4594 3211 4654 Fertecota,
3240 4586 3458 4642 Westo-

1885 4706 1975 4744 na.
2000 4688 2296 4744 Ecclesiam
2325 4702 2537 4757 quoque
2558 4687 2625 4743 de
2673 4685 3022 4749 Stotesdona,
3050 4682 3205 4761 cujus
3250 4690 3462 4747 posses-

1886 4781 2067 4836 siones
2099 4781 2215 4837 istre
2246 4789 2371 4835 sunt
2399 4796 2417 4844 ς
2454 4777 2835 4843 Dodelmutha,
2860 4775 3132 4831 llinetona
3161 4779 3215 4824 ct
3249 4768 3465 4823 Preste~

1887 4880 2029 4928 cota.
2064 4871 2364 4927 Ecclesiam
2388 4870 2551 4925 etiam
2583 4871 2651 4924 de
2683 4861 3038 4924 Dodeleheria
3080 4860 3232 4930 cujus
3259 4872 3472 4928 posses-

1888 4962 1969 5017 sio
1991 4969 2074 5017 est
2101 4959 2412 5033 Spertforsd
2434 4967 2487 5012 et
2513 4957 2735 5021 dimidia
2768 4956 2901 5019 hida.
2917 4963 3083 5015 terra:
3107 4953 3158 5005 in
3187 4949 3471 5003 Corstona.

1888 5052 2188 5125 Ecclesium
2217 5065 2433 5120 quoque
2455 5048 2520 5102 de
2557 5048 2878 5115 Edrnundon
2921 5051 2978 5098 et
3008 5042 3161 5105 illam
3211 5040 3278 5093 de
3302 5035 3478 5090 Toen-

1889 5145 1984 5217 gia
2002 5143 2229 5211 etillam
2257 5141 2322 5196 de
2354 5139 2663 5205 Donintona
2696 5149 2750 5196 et
2786 5138 2932 5192 illam
2973 5132 3051 5188 .de
3090 5131 3482 5217 Welintonaet

1891 5215 2545 5309 illatndc‘Werecordina
2575 5240 2633 5286 ct
2661 5231 2806 5295 illam
2835 5231 2901 5285 de
2952 5224 3208 5285 Ercalom
3242 5228 3295 5314 ct
3336 5215 3481 5314 illan:
