4040 5314
590 342 755 409 ,1565

1748 335 1811 389 W
1826 336 1841 388 Ι
1854 333 2102 389 LLELMI
2139 330 2668 401 CONQUESTORIS

3727 324 3868 383 1361

566 434 569 437 ’
615 459 726 507 tres
748 448 900 504 villas
920 464 1041 501 cum
1068 445 1317 503 otnuibus
1344 444 1680 513 appendiciis
1704 458 1912 508 earum,
1941 443 2186 499 Eitonam
2216 462 2259 519 Λ
2292 445 2504 501 comitis
2527 444 2823 511 Cumbritr,
2852 444 2902 499 in
2936 456 3125 514 puram
3178 452 3233 498 et
3275 438 3849 513 perpetuam'eleenzo

623 542 893 605 videlicet,
946 538 1319 593 Eintinstriam
1366 546 1419 590 et
1450 535 1763 590 Bnrtonam.
1796 534 2190 592 Tlteoloneum~

616 648 723 703 que
744 633 809 688 de
839 630 999 700 lignis
1044 643 1163 698 qua
1199 642 1294 696 per
1319 626 1640 682 orientalem
1669 636 1876 696 portam
1922 626 1975 680 in
2006 626 2196 680 civita-

619 734 727 778 tem
775 721 1093 779 deferuntur
1142 727 1535 774 concesserunt
1575 718 1877 772 monachis.
1918 718 2195 787 Praecepe-

620 820 746 868 ruut
773 811 936 867 etiam
966 809 1098 863 utin
1125 808 1419 864 festivitate
1455 808 1627 863 sancti
1658 807 1803 861 Petri
1859 809 1912 862 in
1938 806 2193 861 Kalendis

612 902 839 973 Augusti
875 901 1039 956 totius
1073 898 1368 970 provincia:
1414 898 1642 969 populus
1666 898 1719 951 in
1761 898 1949 953 eodem
1982 897 2100 952 loco
2124 896 2191 950 ad

610 995 881 1052 nundinas
917 992 1091 1049 tribus
1139 992 1328 1047 diebus
1359 1006 1454 1062 per
1509 990 1749 1062 singulos
1781 1006 1951 1045 annos
1998 1004 2191 1044 conve-

614 1086 763 1140 niret
814 1094 868 1141 et
895 1083 1144 1139 monachi
1192 1081 1533 1138 theoloncum
1566 1079 2189 1152 totumqueproﬁeuum

610 1176 738 1231 inde
766 1175 1046 1231 baberent.
1080 1173 1270 1228 Postea
1302 1172 1575 1231 concessit
1618 1186 1802 1226 comes
1849 1179 1909 1224 ut
1955 1170 2188 1225 barones

611 1273 697 1328 vel
721 1272 921 1327 milites
952 1274 1033 1327 sui
1071 1271 1376 1340 quicunque
1425 1268 1641 1333 vellent,
1667 1269 1732 1322 de
1758 1268 1917 1323 terris
1945 1275 2000 1321 et
2023 1265 2180 1321 faculo

617 1365 820 1420 tatibus
845 1362 961 1419 suis
1001 1362 1173 1417 eidem
1221 1362 1338 1417 loco
1365 1360 1695 1430 largirentur
1738 1358 1941 1428 absque
1971 1357 2074 1410 ulla
2102 1357 2183 1412 sui

608 1456 693 1510 vel
725 1470 949 1511 suorum
980 1455 1196 1509 licentia
1225 1471 1243 1522 ;
1293 1454 1364 1508 ita
1396 1462 1456 1507 ut
1485 1452 1551 1507 de
1583 1460 1803 1522 peracta
1847 1448 2187 1521 eleemosyna

615 1545 821 1600 nullum
861 1545 963 1601 sibi
997 1544 1223 1599 ulterius
1272 1544 1551 1599 servitium
1603 1541 1847 1595 facerent
1894 1539 1975 1593 vel
2002 1538 2189 1593 dantes

608 1635 696 1691 vel
726 1636 1072 1707 recipientes,
1113 1645 1280 1690 totam
1324 1634 1523 1705 quippe
1569 1643 1769 1688 terram
1801 1629 2188 1684 monachorum

610 1744 641 1783 a
671 1727 828 1797 geldo
870 1727 1104 1785 militum
1139 1727 1191 1781 in
1226 1734 1544 1797 perpetuum
1598 1724 1818 1778 liberam
1856 1736 1975 1776 esse
2004 1720 2190 1775 statuit

2294 552 2498 608 synam.
2549 528 2615 591 Et
2645 537 2907 591 conﬁrmo
2947 537 3027 591 eis
3076 551 3143 590 ex
3194 537 3334 590 dono
3383 549 3505 589 n'co
3558 542 3728 589 totam
3779 549 3870 603 pa-

2294 640 2499 684 sturam
2555 630 2695 685 inter
2722 629 2871 685 Edon
2915 639 2968 684 et
3017 630 3221 701 regiam
3264 630 3405 682 viam
3437 642 3557 696 quae
3605 627 3759 682 ducit
3804 628 3868 681 de

2296 718 2528 775 Carleoli
2576 720 2641 773 ad
2695 718 2955 791 Appelby,
3008 728 3064 774 et
3108 735 3137 773 a
3180 716 3543 773 Wedderhale
3585 730 3760 785 usque
3804 717 3868 769 ad

2299 811 2547 867 Dsibeke.
2593 811 2930 881 Quapropter
2976 812 3236 881 prohibeo
3274 819 3332 863 ut
3373 808 3502 862 nulli
3536 807 3627 861 alii
3660 818 3872 877 pertur-

2293 902 2423 956 bent
2454 916 2553 956 nec
2588 901 2783 957 violent
2822 903 2957 957 hanc
2986 911 3223 955 nostram
3254 904 3726 958 conﬁrmationem
3760 904 3870 956 sive

2293 990 2643 1047 donationem
2684 991 2955 1062 praedictis
3006 994 3285 1047 nu0nachis
3337 994 3564 1049 factam.
3615 993 3871 1047 Testibus

2293 1083 2397 1147 his,
2449 1098 2619 1138 uxore
2668 1099 2785 1138 mea
2847 1081 3008 1137 Lucia
3061 1093 3114 1138 et
3160 1083 3394 1139 Henrico
3442 1084 3613 1138 fratre
3662 1098 3787 1137 meo
3821 1093 3871 1137 et

2293 1174 2471 1229 Odero
2496 1183 2551 1227 et
2576 1173 2863 1229 lluddredo
2905 1172 3165 1228 militibus
3191 1181 3244 1229 et
3265 1173 3542 1228 Enesaunt
3583 1171 3871 1229 Muserdde

2290 1280 2414 1320 eum
2438 1264 2576 1320 aliis.

3016 1357 3130 1413 XX.

2549 1448 2657 1504 Pro
2682 1450 2909 1505 cteuobio
2941 1451 3001 1505 S.
3026 1450 3268 1520 Dionysii
3288 1451 3341 1505 in
3368 1448 3625 1504 Francia.

2811 1539 2999 1612 (lbid.,
3029 1556 3150 1612 pag.
3184 1541 3333 1610 547.)

2362 1629 2694 1686 WtLLELMUS
2738 1646 2831 1685 rex
2875 1631 3202 1701 Anglorum,
3250 1646 3434 1687 comes
3468 1630 3877 1685 Northtnanno-

2292 1739 2409 1778 runt
2438 1734 2600 1794 atque
2624 1725 3152 1779 Cenomannensium
3173 1766 3187 1790 ,
3232 1725 3431 1780 Christi
3479 1723 3735 1778 ﬁdelibus
3765 1724 3875 1775 ubi.

610 1829 667 1874 et
693 1836 722 1874 a
744 1820 900 1892 geldo
931 1820 1096 1875 etiam
1126 1818 1427 1883 communi,
1454 1816 1555 1872 nisi
1585 1816 1699 1887 ipse
1736 1815 1801 1868 de
1826 1811 2064 1867 dominio
2090 1824 2188 1864 suo
2222 1808 2260 1863 ll
2290 1830 2395 1887 que
2429 1816 2688 1885 gentium.
2734 1815 3019 1871 Miserator
3053 1829 3106 1871 et
3150 1816 3463 1871 misericors
3495 1815 3641 1870 Deus
3668 1815 3877 1885 patiens

616 1912 748 1967 illud
768 1913 943 1967 daret.
971 1910 1097 1966 Hae
1120 1920 1298 1965 autem
1319 1909 1533 1965 comitis
1554 1909 1637 1978 pia
1675 1903 2043 1961 muniﬁcentia
2067 1916 2187 1955 om-

622 2005 783 2059 nibus
808 2002 1159 2059 audientibus
1210 2000 1368 2057 valde
1416 2000 1641 2070 placuit,
1674 2010 1875 2066 eosque
1919 1995 1985 2048 ad
2032 2007 2183 2047 amo—

618 2110 733 2149 rem
766 2095 867 2151 loci
898 2094 1042 2149 illius
1075 2092 1529 2164 quamplurimum
1579 2089 1843 2145 incitavit.
1880 2088 2030 2141 Tunc
2060 2086 2189 2141 Wa—

613 2185 763 2239 rinus
813 2185 1125 2239 vicecomes
1160 2183 1309 2237 dedit
1352 2183 1489 2252 ipsis
1529 2179 1815 2235 monachis
1856 2178 1987 2230 duas
2036 2174 2199 2229 hidas

616 2284 779 2329 terra:
819 2275 873 2329 in
897 2272 1023 2328 villa
1058 2288 1179 2343 qua:
1202 2272 1404 2327 dicitur
1428 2268 1691 2342 Tugafost
1720 2278 1778 2323 et
1832 2266 2094 2321 decimam
2125 2264 2191 2317 de

612 2366 854 2435 Opetona
887 2375 944 2421 et
962 2365 1253 2421 ecclesiam
1282 2366 1349 2419 de
1372 2364 1614 2419 Biritona
1652 2377 1775 2417 cum
1812 2360 2022 2415 decima
2047 2357 2190 2427 ejus-

612 2456 732 2510 (ιη
759 2456 919 2511 villae.
956 2455 1251 2510 Rainaldus
1275 2454 1441 2509 frater
1491 2454 1657 2525 ipsius
1679 2450 1889 2506 Warini
1940 2448 2087 2503 dedit
2113 2447 2191 2501 eis

612 2546 791 2600 villam
821 2560 942 2616 quae
962 2546 1160 2603 dicitur
1180 2545 1343 2617 Lega.
1368 2544 1631 2601 Girnrdus
1671 2543 1738 2597 de
1775 2541 2021 2595 'l‘ovnaco
2066 2538 2190 2591 Bet-

615 2646 818 2690 tenam.
863 2634 1139 2690 Goﬁritltts
1162 2634 1442 2689 dimidiam
1482 2634 1663 2688 ltidatn
1716 2632 1767 2685 itt
1809 2629 2043 2685 llerleia.
2076 2627 2190 2683 0dr

615 2724 770 2781 miles
790 2723 1120 2780 llordleiam.
1151 2724 1276 2779 Haec
1304 2724 1486 2779 omnia
1515 2720 1845 2777 venerabilis
1875 2734 2056 2773 comes
2084 2716 2191 2769 Ro-

614 2815 797 2885 gerius
836 2830 957 2869 cum
982 2815 1111 2869 ﬁliis
1141 2816 1257 2870 suis
1300 2813 1523 2884 Hugone
1546 2812 1771 2875 scilicet,
1800 2810 2054 2873 Roberto,
2078 2807 2189 2861 Bo-

616 2922 746 2977 gero
773 2915 830 2962 et
853 2907 1167 2977 Arnulpho,
1209 2906 1476 2961 concessit
1498 2913 1661 2974 atque
1693 2902 1942 2957 ﬁrmavit.
1974 2901 2194 2955 Testes-

617 3014 723 3068 que
752 2997 975 3053 fuerunt
1009 2998 1308 3053 Herbertus
1362 2997 1802 3059 archidiaconus,
1849 2991 2191 3048 Godebaldus

617 3106 673 3150 et
726 3093 963 3151 Oilerius
1007 3093 1343 3158 sacerdotes,
1400 3092 1658 3147 Warinus
1701 3091 2022 3154 viceeomes,
2084 3088 2191 3141 Ro-

616 3186 804 3240 bertus
835 3185 975 3241 ﬁlius
1002 3184 1280 3250 Teobaldi,
1327 3151 1588 3255 ﬁegerius
1631 3182 1891 3245 Corbeth,
1918 3151 2190 3234 Robertus
2219 3151 2262 3211 ο

618 3278 877 3348 pincerna
907 3288 965 3335 et
990 3278 1141 3333 multi
1170 3278 1282 3333 alii.
1310 3277 1488 3334 Locus
1510 3292 1638 3332 vero
1669 3276 1719 3330 in
1751 3291 1860 3346 quo
1881 3275 2190 3331 ctenobium

617 3369 793 3440 ipsum
849 3379 1219 3426 constructum
1265 3379 1389 3425 erat
1428 3371 1496 3425 de
1554 3370 1869 3425 haereditate
1910 3366 2189 3437 cujusdam

618 3461 804 3517 militis
827 3461 1067 3517 Siwardi
1088 3461 1305 3517 nomine
1343 3462 1463 3516 fuit.
1526 3462 1592 3516 Et
1620 3461 1746 3531 quia
1796 3460 2013 3515 nolebat
2058 3458 2179 3529 piis-

616 3552 785 3607 simus
829 3567 1017 3609 comes
1055 3552 1200 3623 quod
1254 3552 1434 3622 aliqua
1488 3552 1543 3607 in
1589 3562 1864 3623 posterum
1921 3548 2191 3605 calumnia

618 3644 897 3699 monachis
923 3644 1048 3700 inde
1097 3652 1422 3714 emergeret,
1459 3651 1642 3697 mutuo
1690 3642 1837 3696 dedit
1890 3641 2064 3695 eidem
2107 3638 2189 3693 Si-

616 3734 801 3787 wardo
820 3732 1002 3787 villam
1054 3732 1271 3788 nomine
1312 3730 1622 3804 Longafeld.
1680 3730 2034 3786 Postmodum-
2063 3743 2192 3784 vero

617 3837 740 3877 cum
792 3822 1195 3878 fraternitatem
1264 3824 1654 3879 monachorum
1712 3822 2021 3892 reciperet,
2064 3834 2193 3875 eon-

618 3913 949 3983 eessitquod
1000 3913 1191 3969 eadem
1226 3914 1350 3968 villa
1379 3929 1538 3984 quam
1591 3929 1620 3968 a
1648 3913 1846 3969 comite
1884 3920 2193 3983 acceperat,

617 4013 741 4074 post
797 4019 954 4060 suum
1010 4004 1220 4061 obitum
1268 4005 1321 4060 in
1364 4019 1553 4061 eorum
1604 4003 1842 4059 dominio
1890 4004 2188 4059 deveniret.

617 4096 871 4153 Testibus
897 4096 1229 4164 Godebaldo,
1256 4096 1527 4153 Riehardo
1585 4097 1651 4152 de
1704 4095 1968 4152 Beltnesio
1996 4105 2050 4151 et
2098 4096 2195 4151 Iti-

615 4190 820 4247 chardo
848 4192 916 4247 de
952 4200 1139 4246 monte
1161 4190 1431 4246 Waroldi.
1493 4189 1619 4245 llaec
1668 4188 1849 4244 omnia
1903 4203 2002 4258 ego
2050 4186 2189 4242 Wil-

613 4280 808 4337 ielmus
835 4296 928 4337 rex
955 4281 1249 4337 Anniorum
1272 4279 1514 4337 concessi
1560 4288 1615 4334 et
1644 4277 1822 4350 sigillo
1846 4291 1968 4333 meo
1999 4291 2185 4332 corro-

611 4374 819 4428 boravi.

1343 4445 1485 4500 XIX.

900 4536 1003 4591 Pro
1038 4535 1254 4591 ecclesia
1278 4534 1339 4591 S.
1367 4535 1554 4590 Maria:
1579 4534 1915 4589 Eboracensi.

1009 4626 1315 4697 (Monastic.
1331 4626 1537 4698 Anglic.
1552 4665 1567 4692 ,
1587 4625 1631 4691 l,
1654 4626 1802 4696 597.)

685 4739 1020 4796 \VILLsuus
1048 4752 1145 4794 rex
1170 4738 1377 4809 Anglia:
1410 4736 1823 4808 archiepiscopo
1846 4736 1909 4790 T.
1954 4734 2187 4790 Eboraci

612 4841 667 4886 et
687 4832 1020 4902 justitiariis,
1046 4829 1459 4886 vicecomitibus
1477 4838 1529 4885 et
1559 4828 1810 4884 omnibus
1832 4826 2123 4883 baronibus
2136 4833 2190 4880 et

614 4922 860 4979 ﬁdelibus
874 4924 994 4999 suis
1018 4921 1249 4978 Francis
1276 4929 1331 4977 et
1350 4920 1538 4991 Anglis
1561 4921 1627 4976 de
1652 4918 2013 4976 Ebosaeilcire
2043 4926 2099 4973 et
2124 4918 2189 4973 de

612 5013 845 5069 Carleoli
862 5015 1117 5070 salutem.

690 5103 890 5158 Sciatis
914 5119 999 5160 me
1020 5103 1357 5159 concessisse
1377 5113 1430 5160 et
1458 5103 1812 5159 conﬁrmasse
1840 5102 1955 5159 li‘ee
1997 5110 2054 5158 et
2093 5115 2188 5156 ec-

2290 1914 2343 1957 et
2384 1905 2612 1960 multum
2647 1906 2959 1960 misericors
2981 1947 2993 1969 ,
3032 1905 3172 1961 inter
3200 1916 3395 1961 cetera
3425 1922 3539 1960 suae
3572 1906 3877 1959 miseratio-

2291 1993 2374 2048 nis
2396 2003 2684 2065 prazcepta,
2711 2010 2832 2048 cum
2854 1995 3103 2049 universa
3131 2010 3248 2063 qua:
3279 1996 3516 2064 possidet
3544 1995 3716 2049 homo
3739 1994 3873 2046 ultra

2290 2098 2453 2152 quam
2477 2083 2582 2137 dici
2618 2092 2794 2153 potest
2828 2084 3221 2154 compendiosa
3259 2085 3365 2139 sint
3404 2087 3472 2139 ad
3504 2085 3874 2152 comparatio-

2292 2188 2411 2229 nem
2465 2174 2823 2231 beatitudinis
2861 2185 3113 2240 :cternae,
3172 2178 3426 2247 prmcepit
3468 2176 3626 2230 nobis
3682 2191 3750 2230 ex
3798 2174 3875 2227 his

2291 2282 2410 2336 quae
2435 2264 2560 2334 jure
2619 2266 2958 2336 possidemus
3004 2267 3375 2323 indeﬁcieutes
3421 2268 3712 2322 thesauros
3758 2268 3864 2320 the-

2291 2360 2585 2424 saurizare,
2619 2360 2845 2414 dicens:
2885 2359 3256 2414 Tltesaurizate
3295 2360 3438 2413 vobis
3490 2360 3769 2413 thesauros
3823 2360 3877 2409 in

2292 2455 2417 2505 ccelo
2466 2452 2553 2504 ubi
2604 2468 2696 2505 nec
2745 2469 2920 2521 aerugo
2966 2469 3057 2506 nec
3103 2454 3243 2507 tinea
3290 2454 3658 2507 exterminant.
3711 2451 3879 2521 Cujus

2291 2544 2543 2613 praecepti
2586 2558 2771 2600 amore
2807 2544 3097 2611 stimulati,
3138 2558 3236 2615 ego
3276 2553 3331 2598 et
3376 2543 3709 2600 collateralis
3758 2558 3873 2597 mea

2294 2644 2587 2709 Mathildis,
2621 2661 2742 2699 cum
2777 2645 3028 2714 prudenti
3059 2644 3287 2700 consilio
3326 2660 3612 2714 procerum
3665 2654 3874 2698 nostro-

2292 2752 2429 2801 rum,
2465 2752 2560 2807 pro
2600 2736 2772 2791 salute
2808 2738 3001 2790 anima:
3045 2744 3245 2790 nostra:
3287 2737 3639 2803 omniumque
3679 2735 3875 2789 libem-

2294 2843 2411 2882 rnm
2445 2836 2750 2881 nostrorum
2776 2826 3059 2882 ecclesiam
3089 2827 3154 2881 de
3182 2828 3439 2882 Derherst
3475 2826 3641 2881 sitam
3678 2827 3733 2881 in
3766 2836 3873 2879 ter-

2294 2918 2485 2973 ritorio
2508 2928 2562 2974 et
2604 2920 2860 2974 comitatu
2907 2918 3146 2973 civitatis
3182 2917 3505 2973 Glocestriae
3529 2927 3727 2972 sancto
3757 2917 3875 2970 Dio-

2294 3010 2469 3083 nysio,
2513 3011 2666 3079 cujus
2696 3010 3048 3080 praerogativa
3077 3009 3379 3078 apostolatu
3413 3008 3605 3064 Gallus
3650 3007 3875 3078 populus

2293 3099 2719 3170 congratulatur,
2756 3116 2878 3155 cum
2917 3101 3166 3154 omnibus
3201 3100 3329 3154 inibi
3374 3100 3721 3170 appendiciis
3750 3115 3875 3154 eet:-

2297 3188 2539 3255 fcrimus,
2573 3189 2714 3245 sicut
2741 3189 2889 3244 ﬁdeli
2911 3198 3098 3244 nostro
3119 3188 3413 3252 Baldwino,
3434 3189 3682 3259 ejusdem
3707 3189 3873 3243 sancti

2296 3282 2561 3335 monacho
2587 3282 2810 3336 illustris
2840 3292 3151 3337 antecessor
3199 3291 3383 3335 noster
3428 3296 3523 3334 rex
3575 3280 3875 3334 Edwardus

2294 3375 2406 3429 suis
2453 3375 2683 3443 propriis
2732 3374 2917 3429 usibus
2984 3374 3177 3439 dedit,
3230 3373 3544 3444 priusquam
3602 3373 3872 3428 abbatiam

2291 3465 2466 3522 sancti
2499 3465 2792 3532 Edmundi,
2824 3467 2908 3521 cui
2948 3482 3094 3522 nunc
3123 3474 3341 3543 praeest,
3373 3466 3442 3520 ab
3473 3468 3668 3522 eodem
3704 3467 3877 3521 susci-

2293 3565 2447 3626 peret
2492 3565 2546 3611 et
2588 3557 2755 3612 si‘cuti‘
2799 3572 2896 3611 nos
2948 3556 3284 3626 postmodum
3326 3555 3521 3629 adepto
3565 3571 3736 3626 regno
3780 3557 3874 3624 ipSl

2295 3646 2683 3702 concessimus.
2720 3646 2803 3702 Sit
2832 3656 3011 3702 autem
3050 3647 3163 3701 haec
3193 3661 3321 3701 cum
3358 3648 3615 3701 omnibus
3661 3662 3784 3715 qua:
3813 3646 3876 3698 ad

2296 3736 2464 3806 ipsam
2499 3735 2772 3806 pertinere
2806 3737 3198 3807 dignoscantur
3227 3734 3395 3793 libera
3420 3736 3489 3791 ab
3516 3737 3671 3791 omni
3712 3750 3875 3806 nego-

2296 3829 2389 3885 tio.
2437 3830 2781 3887 Roboramus
2821 3831 2988 3886 etiam
3035 3832 3138 3886 hoc
3173 3829 3453 3900 privilegio
3491 3829 3697 3884 donum
3735 3829 3875 3897 quod

2294 3924 2716 3995 pmnomiuatus
2760 3940 2854 3979 rex
2906 3924 3080 3980 eidem
3126 3933 3317 3979 sancto
3366 3937 3465 3993 pro
3515 3919 3873 3976 nanciscenda

2295 4017 2543 4072 mercede
2590 4025 2794 4071 aeterna
2842 4015 3102 4080 contulit,
3136 4014 3392 4070 videlicet
3432 4012 3722 4084 Teyntuna
3753 4028 3872 4067 cum

2293 4109 2544 4164 omnibus
2571 4109 2637 4164 ad
2681 4124 2741 4165 se
2786 4107 3219 4179 pertinentibus;
3251 4107 3560 4164 sancientes
3584 4121 3710 4161 eam
3741 4104 3873 4160 libe-

2294 4214 2409 4254 ram
2440 4198 2582 4254 sicut
2605 4207 2662 4253 et
2710 4199 2848 4253 hanc
2894 4214 3057 4269 quam
3108 4198 3210 4273 ipsi
3260 4196 3580 4259 tribuimus,
3609 4204 3876 4265 quatenus

2300 4305 2399 4347 nos
2431 4299 2487 4346 et
2515 4289 2727 4346 soboles
2762 4298 2948 4345 nostra
2983 4288 3151 4359 ipsius
3190 4288 3365 4345 sancti
3407 4286 3665 4359 precibus
3696 4285 3872 4341 socio-

2301 4395 2527 4452 rumque
2563 4379 2681 4451 ejus
2710 4379 2915 4435 Rustici
2944 4389 2998 4435 et
3026 4378 3279 4435 Eleuterii
3313 4377 3535 4449 adispici
3568 4391 3877 4432 mereamur

2214 4494 2265 4554 ι)
2300 4486 2616 4543 prosperum
2656 4469 2941 4541 prmsentis
2966 4468 3091 4523 vitae
3118 4476 3317 4525 statum
3346 4476 3403 4522 et
3438 4476 3658 4521 atem
3684 4464 3875 4520 statio-

2292 4562 2376 4617 nis
2401 4569 2638 4632 portum.
2673 4558 2736 4615 Si
2764 4559 2885 4629 quis
2924 4568 3104 4613 autem
3138 4572 3203 4612 ex
3236 4559 3340 4613 hac
3368 4565 3559 4612 nostra
3584 4556 3877 4617 donatiwc

2293 4652 2569 4723 quippiam
2619 4649 2904 4715 dirimerit,
2938 4646 3306 4719 cujuscunque
3350 4645 3639 4717 potestatis
3685 4645 3783 4709 sit,
3808 4659 3873 4698 ex

2292 4744 2614 4799 auctoritate
2652 4742 2747 4797 Dei
2774 4741 3165 4811 omnipotentis
3192 4755 3315 4795 cum
3347 4738 3561 4796 Dathan
3588 4745 3648 4792 et
3673 4737 3877 4792 Abirou

2291 4835 2522 4891 similem
2551 4834 2813 4891 sortiatur
2844 4832 3147 4904 portionem
3166 4872 3183 4898 ,
3216 4828 3317 4885 nisi
3364 4828 3693 4898 resipiscens
3720 4826 3879 4881 satis-

2291 4926 2581 4983 factionem
2604 4936 2659 4982 et
2680 4924 3113 4981 emendationem
3140 4931 3328 4978 sancto
3362 4919 3741 4988 fratribusqne
3778 4916 3875 4971 loci

2292 5018 2461 5089 ipsius
2485 5016 3107 5073 attitulatisexhibuerit.
3130 5013 3286 5067 Auno
3311 5009 3609 5066 Dominiete
3625 5008 3877 5062 incarna-

2292 5111 2454 5167 tieuis
2498 5109 2656 5177 1069,
2698 5108 2848 5181 regni
2892 5122 3019 5163 vero
3042 5103 3293 5161 Willelmi
3322 5102 3509 5177 rcgisl
3544 5101 3597 5155 in
3635 5100 3873 5154 secunda
