4040 5314
551 289 574 342 1
585 286 685 340 567

1717 287 2058 347 WILLELMI
2102 291 2632 362 CONQUESTORIS

3675 303 3812 360 i568

550 397 694 454 Lcrti
738 399 952 453 comitis
979 400 1044 454 de
1075 399 1309 456 uellent.
1339 399 1396 452 S.
1425 399 1664 471 lingonis
1695 402 1930 458 comitis.
1958 401 2015 470 S.
2044 403 2131 460 W.
2165 409 2212 466 Α
2237 405 2318 460 eis
2345 404 2462 460 hac
2489 403 2678 460 eadem
2705 405 3180 472 conﬁrmantibus,
3242 423 3362 462 mea
3407 421 3672 464 manu-st
3719 427 3814 466 an-

552 493 620 546 tle
651 491 903 548 Bretolio.
931 495 992 547 S.
1019 493 1214 564 Rogeri
1245 493 1438 563 Bigoli.
1476 493 1533 548 S.
1585 493 1838 550 Richardi
1896 494 1962 550 de
1992 496 2127 552 Cor-

557 583 694 637 ceio.
729 582 786 638 S.
818 583 1033 638 Roberti
1065 583 1129 638 de
1155 583 1484 638 Molheraco.
1517 583 1576 638 S.
1609 584 1846 640 Endonis
1883 585 1976 640 ﬁlii
2011 585 2125 640 ilu-

555 673 718 728 herti.
749 671 807 728 S.
831 671 1041 727 Badnlﬁ
1069 672 1134 728 de
1175 671 1473 729 Todeneio.
1509 671 1567 728 S.
1608 673 1848 744 Hugonis
1877 675 1943 731 de
1993 674 2129 730 Gor-

556 765 735 818 niaco.
763 762 820 817 S.
853 762 1068 818 llenrici
1097 763 1162 820 de
1195 763 1482 820 Ferrariis.
1516 763 1574 818 S.
1605 763 1832 818 Walteri
1873 763 2126 826 Giﬁ'ardi.

557 851 614 906 S.
647 850 789 905 Will.
815 851 1066 923 Crispini.

1251 967 1436 1026 ΧΧιιι.

561 1053 758 1110 Charta
783 1057 846 1112 de
869 1058 1244 1114 donationibus
1273 1061 1528 1128 baronum
1570 1069 1619 1114 et
1649 1060 1900 1115 nobilium
1931 1057 2132 1114 North-

625 1129 855 1200 monniaa
879 1145 972 1196 pro
1002 1131 1180 1182 eodem
1209 1129 1438 1200 cmnobio
1484 1148 1516 1184 a
1562 1129 1794 1200 glorioso
1843 1145 1960 1200 rege
1997 1129 2133 1186 Wil-

627 1195 784 1249 lelmo
809 1195 1049 1266 suscepta
1075 1208 1122 1251 ct
1155 1199 1490 1268 conﬁrmata.

847 1285 1426 1361 (Monasticon‘Anglic.
1461 1287 1520 1356 ll,
1542 1305 1664 1362 pag.
1695 1291 1844 1363 956.)

633 1395 746 1468 Ego
769 1397 1018 1468 Roget-us
1037 1397 1104 1456 de
1131 1400 1589 1473 Montegomerico
1615 1403 1787 1458 ﬁdelis
1807 1403 2006 1460 domini
2030 1389 2134 1460 mei

560 1481 650 1539 ιν.
682 1487 975 1560 Anglorum
1033 1491 1197 1560 regis,
1223 1489 1722 1554 Northmannorum
1755 1505 1809 1552 et
1831 1495 2135 1550 Cenoman-

561 1593 754 1632 norum
788 1581 1067 1652 principis,
1105 1575 1173 1638 ab
1201 1599 1456 1639 .amorem
1497 1585 1612 1650 Dei,
1655 1581 1894 1656 ejusdem
1932 1586 2133 1656 domini

559 1670 666 1725 mei
703 1679 759 1725 ct
783 1687 880 1742 pro
908 1672 1079 1729 salute
1122 1675 1317 1730 animte
1360 1691 1523 1742 mete,
1546 1677 1698 1732 trado
1723 1677 1972 1733 emnobio
1994 1677 2134 1748 quod

2232 497 2482 564 ctoritate
2515 495 2810 552 corroboro
2843 505 2898 550 et
2924 495 3206 552 conﬁrmo.
3273 496 3490 552 Illorum
3539 515 3672 555 vero
3719 502 3814 567 qui

2235 585 2382 642 hanc
2415 587 2664 646 chartam
2688 585 3062 653 ﬁrmaverunt,
3089 587 3192 642 ista
3227 598 3352 643 sunt
3381 589 3600 644 nomina
3627 608 3642 643 :
3675 589 3815 645 Wil-

2232 675 2424 738 lelmus
2481 693 2578 734 rex
2633 675 2948 748 Anglorum,
2999 677 3249 748 princeps
3289 677 3812 746 Northmannerum,

2233 765 2722 844 Cenomaunorum.
2765 766 3038 836 Mathildis
3098 767 3306 837 regina.
3361 765 3634 824 Robcrtus
3662 770 3810 826 ﬁlius

2231 857 2402 926 regis.
2439 857 2590 912 Will.
2618 857 2758 912 ﬁlius
2786 857 2950 924 regis.
2993 855 3260 913 Henricus
3290 858 3432 916 ﬁlius
3457 861 3622 931 regis.
3671 861 3818 916 Lau-

2233 949 2454 1004 ltancus
2483 949 2890 1004 Cantuariensis
2913 948 3374 1021 archiepiscopus.
3401 950 3518 1006 Odo
3549 951 3818 1021 Bajocen-

2233 1039 2311 1094 sEs
2349 1039 2654 1110 episcopus.
2703 1037 3060 1106 Gislebertus_
3087 1039 3445 1096 Luxovieusis
3501 1042 3812 1112 episcopus.

2235 1128 2528 1188 Gaufridus
2541 1127 2987 1184 Constanciensis
3007 1131 3313 1200 episcopus.
3331 1129 3817 1188 MichaelisAbriu-

2235 1219 2415 1275 censis
2444 1219 2747 1290 ep’scopus.
2775 1218 3112 1275 Gislebertus
3135 1220 3480 1276 Ebroiccnsis
3501 1223 3814 1292 episcopus.

2239 1308 2508 1376 [iobertus
2547 1308 2824 1381 Sagiensis
2853 1310 3158 1381 episcopus.
3207 1309 3450 1381 Rogerus
3503 1313 3572 1366 de
3609 1311 3820 1366 Monte-

2235 1400 2508 1469 gomerico
2557 1415 2762 1456 comes.
2821 1399 3089 1466 liohertus
3145 1416 3325 1458 comes
3371 1403 3438 1456 de
3489 1402 3818 1458 Moratonio.

2240 1486 2540 1548 Willehnus
2587 1502 2770 1544 cernes
2821 1488 3188 1554 Ebroiceusis,
3237 1489 3482 1558 Rogerus
3518 1491 3588 1547 de
3645 1491 3820 1547 Bello-

2235 1589 2439 1640 monte.
2471 1579 2741 1638 Robertus
2787 1595 2970 1637 comes
3015 1583 3082 1636 de
3132 1581 3371 1639 uellent.
3425 1583 3706 1639 Robertns
3755 1585 3824 1640 de

2237 1669 2508 1730 Balesmo.
2541 1671 2808 1730 Henricus
2838 1673 2904 1729 de
2929 1673 3284 1728 Bellomonte.
3319 1673 3471 1746 Hugu
3507 1675 3576 1729 de
3606 1673 3818 1729 Monte-

559 1759 630 1814 ah
657 1775 722 1814 co
749 1761 800 1816 in
826 1763 997 1834 burgo
1025 1763 1266 1820 Cadomo
1315 1765 1367 1820 in
1411 1767 1673 1822 honorem
1699 1768 1837 1823 beati
1871 1767 2130 1838 Stephani
2166 1751 2208 1822 Β
2241 1763 2388 1820 forti.
2429 1763 2652 1826 Rohert.
2687 1763 3040 1830 Bertrauous.
3074 1763 3162 1819 W.
3193 1764 3550 1824 Bortrannus.
3590 1765 3822 1821 Richar-

559 1859 933 1907 cnnstructum
969 1863 1081 1918 est,
1121 1855 1351 1927 burgum
1398 1857 1460 1912 de
1481 1857 1672 1922 Trum,
1713 1859 1836 1913 cum
1883 1858 2018 1912 silva
2073 1858 2138 1914 de

562 1941 714 2010 Mge,
743 1946 926 2016 (οἱα).
945 1945 1057 2020 Ego
1086 1946 1413 2016 Bainardus,
1443 1951 1585 2021 regis
1607 1949 1864 2012 Willeluti
1895 1965 2140 2005 camera-

559 2031 694 2095 rius,
723 2033 790 2086 do
817 2035 1068 2090 cmuobio
1097 2039 1270 2110 sancti
1305 2038 1568 2110 Stephani
1602 2041 1669 2096 dc
1703 2039 1943 2100 Cadomo
1965 2055 2132 2111 super

563 2117 754 2189 "altare,
787 2140 891 2179 una
923 2141 1044 2181 cum
1093 2127 1204 2183 ﬁlio
1255 2145 1376 2186 meo
1424 2130 1692 2194 Corbcllo,
1747 2131 2134 2193 molendinium

565 2212 630 2265 de
652 2211 1110 2288 Waimara,quod
1140 2219 1204 2274 de
1228 2235 1352 2291 rege
1383 2229 1540 2276 teneo
1569 2221 1744 2294 (etc).
1819 2205 1822 2208 ί

633 2301 750 2372 Ego.
777 2302 930 2358 Serlo
980 2305 1046 2360 de
1081 2307 1371 2380 Lingenro,
1397 2310 1579 2374 homo,
1605 2319 1859 2379 peccator
1890 2317 1945 2364 et
1973 2309 2135 2368 mise-

561 2391 849 2449 ricordiam
885 2393 980 2451 Dei
1017 2397 1280 2468 indigens,
1319 2401 1514 2455 tradidi
1544 2401 1610 2456 de
1632 2399 1755 2468 iure
1789 2415 1930 2466 meo,
1955 2414 2138 2462 cceno-

519 2485 522 2490 '
559 2481 648 2536 hio
675 2486 848 2540 sancti
881 2485 1140 2556 Stephani
1164 2489 1230 2544 de
1252 2489 1512 2554 Cadomo,
1537 2490 1822 2546 ecclesiam
1843 2490 1909 2545 de
1931 2491 2136 2554 Bruxe-

557 2577 726 2644 dclie,
751 2593 870 2634 eum
897 2581 1068 2636 tribus
1093 2582 1240 2636 acris
1265 2592 1422 2637 terra:
1444 2592 1497 2638 et
1517 2583 1738 2638 dimidia
1766 2591 1820 2638 et
1845 2591 1953 2638 tota
1987 2591 2138 2637 recta

557 2669 768 2726 decima
797 2671 863 2724 de
892 2673 1133 2728 dominio
1163 2687 1283 2728 meo
1309 2683 1361 2727 et
1389 2673 1603 2730 villanis
1633 2675 1790 2740 meis,
1817 2689 1942 2730 cum
1974 2673 2131 2729 tertia

560 2773 776 2830 quoque
801 2771 956 2831 parte
987 2763 1210 2818 decima:
1240 2764 1305 2819 de
1351 2765 1614 2819 militibus
1636 2764 1794 2830 meis,
1833 2763 2134 2834 jamdictte

557 2851 698 2904 villae
733 2861 790 2907 et
816 2853 879 2907 de
904 2854 1024 2910 aliis
1055 2855 1422 2924 parochianis,
1447 2855 1540 2930 qui
1567 2855 1635 2911 ad
1663 2855 1913 2910 eamdem
1947 2855 2100 2911 eccle

559 2943 696 2996 siam
725 2945 1073 3008 conveniunt,
1105 2960 1204 3014 pro
1242 2945 1415 3000 salute
1469 2963 1586 3002 mea
1633 2955 1690 3001 et
1733 2946 1921 3002 uxoris
1974 2961 2137 3014 mete,

560 3031 795 3087 ﬁliorum
853 3049 1067 3112 quoque
1121 3044 1180 3089 et
1241 3035 1491 3108 omnium.
1531 3045 1815 3106 parentum
1865 3049 2126 3112 meorum,

558 3125 886 3180 concedente
911 3127 1014 3181 hoc
1047 3141 1213 3182 uxore
1239 3141 1356 3182 mea
1383 3137 1437 3182 et
1467 3125 1590 3182 ﬁliis
1613 3127 1764 3191 meis,
1805 3127 2132 3186 concedente

553 3233 769 3288 quoque
803 3219 1018 3274 domino
1043 3236 1162 3275 meo
1183 3219 1458 3276 Willelmo
1481 3219 1775 3296 Anglorum
1795 3229 1970 3290 rege,
2005 3219 2136 3274 Nor-

557 3311 939 3366 thmanuorum
963 3320 1015 3365 et
1032 3310 1504 3390 Cenomannorum
1530 3313 1774 3383 principe
1795 3321 1848 3366 et
1863 3309 2134 3384 Willelmo

557 3405 862 3458 camerario
889 3413 940 3457 et
966 3403 1204 3460 Roherto
1235 3406 1301 3478 de
1331 3403 1579 3470 lllolbrai,
1611 3403 1678 3458 de
1705 3418 1936 3475 quorum
1967 3401 2133 3457 l‘oedio

555 3495 826 3564 pra‘ilicta:
847 3497 985 3574 villae
1017 3507 1217 3574 terram
1242 3503 1298 3552 et
1318 3497 1604 3552 ecclesiam
1638 3505 1813 3552 teneo.
1837 3497 1905 3551 Et
1928 3505 1985 3550 ut
2017 3494 2136 3551 haec

553 3585 774 3640 donatio
805 3601 922 3640 mea
949 3587 1106 3642 ﬁrma
1127 3595 1181 3642 et
1205 3587 1418 3643 stabilis
1463 3587 1518 3656 in
1559 3595 1880 3656 perpetuum
1921 3601 2133 3658 perma-

559 3685 704 3739 neat,
735 3677 910 3748 recepi
943 3691 971 3730 a
995 3677 1322 3742 Gisleberto,
1355 3688 1488 3732 tunc
1513 3678 1773 3747 temporis
1804 3660 2132 3745 abbate‘jam

551 3767 680 3823 dicti
717 3769 1052 3833 monasterii,
1085 3784 1150 3824 ex
1180 3769 1445 3824 charitate
1474 3769 1540 3822 45
1569 3762 1734 3823 libras
1787 3767 2132 3823 denariorum

552 3869 610 3913 et
640 3859 773 3913 duas
798 3873 1010 3914 mareas
1036 3861 1274 3930 argenti,
1305 3869 1357 3914 et
1389 3857 1653 3914 lianulfus
1679 3859 1821 3914 ﬁlius
1857 3874 2008 3914 meus
2035 3861 2132 3914 ha-

552 3950 673 4006 buit
708 3966 872 4006 unum
927 3950 1126 4005 bonum
1179 3950 1524 4022 paleiridum.
1576 3951 1653 4006 De
1693 3953 1795 4008 hoc
1840 3965 1970 4006 vero
2012 3952 2132 4006 dedi

551 4044 728 4099 eidem
760 4043 938 4098 abbati
969 4041 1336 4112 fideiussores,
1371 4029 1659 4097 Rauuliu‘m
1695 4043 1945 4098 videlicet
1967 4043 2136 4097 lilium

553 4149 756 4198 meum,
788 4135 1082 4190 Arualdum
1109 4133 1175 4188 de
1199 4129 1412 4201 Tilleio,
1435 4123 1731 4188 Bobertum
1755 4131 1820 4187 de
1845 4132 2130 4197 Maisnilio,

552 4235 613 4280 ut
639 4227 684 4280 si
714 4225 1004 4295 aliquando
1035 4229 1157 4296 quis
1183 4223 1509 4281 calumniam
1539 4222 1769 4278 inferret
1791 4233 1982 4278 sancto
2013 4223 2132 4278 Ste-

553 4317 732 4383 phano
762 4325 818 4370 et
843 4315 944 4370 hac
975 4331 1091 4370 mea
1125 4313 1442 4376 donatione,
1473 4327 1594 4384 ego,
1627 4311 1709 4367 vel
1735 4305 1929 4367 haeres
1981 4325 2133 4392 meus

2239 1854 2340 1908 dus
2366 1853 2508 1908 ﬁlius
2535 1853 2812 1924 Turspini.
2863 1854 3126 1910 Rantﬂus
3165 1857 3491 1910 vicccomes.
3533 1856 3696 1928 Hugo
3729 1871 3824 1910 co-

2241 1961 2377 2002 mes.
2405 1947 2564 2004 Eudo
2583 1947 2902 2002 vicecornes.
2932 1946 3202 2022 Robortns
3229 1963 3414 2002 comes
3459 1949 3524 2002 de
3555 1947 3818 2002 Molbrai.

2239 2036 2576 2106 lugilraunus
2603 2036 2746 2094 ﬁlius
2789 2037 2988 2092 llhcrti.
3031 2037 3233 2093 liadull‘
3265 2054 3292 2094 s
3331 2038 3474 2095 ﬁlius
3523 2037 3820 2102 Anseredi.

2239 2125 2306 2180 W
2354 2125 2504 2182 Goir.
2541 2127 2862 2184 liainardus.
2893 2127 3044 2198 l-lngo
3075 2127 3215 2198 ﬁlius
3247 2127 3483 2198 Hngonis
3519 2127 3588 2190 de
3631 2127 3822 2188 Bosel.

2237 2219 2395 2274 Cerlo
2437 2221 2504 2276 de
2557 2219 2871 2291 Lingaurio.
2927 2219 3210 2275 Corballus
3285 2219 3624 2275 Camerarius
3677 2219 3826 2274 ﬁlius

2239 2313 2520 2367 ﬂainardi.
2553 2309 2703 2366 Will.
2755 2311 3071 2376 canonicos,
3103 2310 3243 2365 ﬁlius
3297 2309 3480 2366 Sneri.
3509 2309 3824 2368 Bernardtn

2239 2403 2382 2466 titius
2401 2401 2622 2473 Ospaci.
2647 2398 2910 2457 Radull‘us
2932 2399 3075 2454 ﬁlius
3109 2399 3365 2456 liarl‘red.

2925 2531 3114 2587 XXIV.

2237 2625 2448 2698 Littera:
2477 2591 2610 2698 regis
2642 2625 2893 2698 Willelmj
2931 2625 3295 2698 Conquestoris
3322 2625 3568 2698 fidelibus
3607 2626 3732 2698 satis
3755 2625 3830 2680 dc

2306 2693 2547 2750 (.m'lcolo
2580 2707 2626 2750 et
2671 2697 2804 2750 ultra
2849 2693 3132 2760 Lazdrinm,
3173 2693 3528 2765 prwcipieutes
3565 2705 3623 2748 ut
3667 2693 3826 2762 Clin-

2305 2769 2624 2824 stiuuitatem
2647 2767 2711 2820 ab
2735 2767 2970 2836 episcopo
2999 2763 3341 2818 Dunelmensi
3360 2763 3638 2835 recipiunt.

2587 2858 2886 2930 (Monastic.
2923 2855 3151 2928 Angiia,
3181 2857 3241 2922 Il,
3280 2856 3430 2927 διδ.)

2300 2949 2660 3014 ὶΥιιιεωιυε,
2683 2963 2778 3003 rex
2817 2947 3045 3018 Anglia,
3077 2945 3192 3012 Ἢ..
3235 2945 3346 3002 ﬁlio
3383 2945 3736 3012 Theoderici,
3768 2955 3824 3003 et

2235 3041 2486 3100 omnibus
2515 3039 2762 3097 ﬁdelibus
2795 3039 2908 3094 suis
2945 3039 3010 3094 de
3049 3037 3296 3094 Carleolo
3335 3045 3392 3093 et
3431 3038 3692 3094 omnibus
3729 3039 3826 3109 qui

2240 3140 2456 3186 tuatn‘ut
2485 3129 2622 3186 ultra
2651 3127 2957 3194 Lmdriam,
2989 3127 3236 3190 salutem.

2306 3220 2566 3294 Praecipio
2616 3220 2766 3276 vobis
2812 3228 2870 3274 ut
2918 3218 3193 3288 recipiatis
3241 3217 3710 3274 Christianitatem
3757 3219 3827 3273 de

2235 3311 2498 3382 episcopo
2530 3311 2772 3370 Dunelm.
2811 3311 2960 3368 etde
2997 3309 3388 3370 archidiacono
3409 3323 3532 3374 suo,
3581 3319 3640 3364 et
3684 3325 3824 3379 prte-

2235 3402 2384 3462 dicto.
2433 3402 2683 3472 episcopo
2737 3401 2858 3458 sitis
2902 3401 3217 3456 obedientes
3271 3401 3337 3454 de
3389 3399 3828 3454 Christianitatis

2235 3490 2465 3562 legibus,
2489 3493 2626 3550 sicut
2645 3492 2790 3563 juste
2809 3491 3015 3548 debetis
3033 3490 3254 3546 obedire
3273 3499 3455 3546 vestro
3467 3491 3744 3562 epismpo.
3761 3491 3824 3546 Et

2233 3583 2434 3650 videte,
2471 3585 2606 3640 sicut
2639 3599 2726 3640 mc
2761 3585 3001 3655 diligitis,
3049 3599 3116 3639 ne
3163 3583 3394 3654 amplius
3437 3583 3660 3640 faciatis
3697 3585 3824 3640 inde

2235 3672 2470 3743 aliquam
2497 3674 2795 3736 molestiam
2833 3675 3096 3730 ministris
3133 3674 3366 3746 episc0pi
3396 3674 3617 3744 injuste.
3650 3675 3826 3732 Testi-

2215 3767 2336 3828 -bus
2357 3767 2611 3832 Roherto,
2647 3767 2754 3822 ﬁlio
2781 3767 3010 3833 Giroldi,
3037 3777 3142 3824 etc.

2939 3875 3030 3930 XX
3041 3875 3102 3930 ι’.

2234 3965 2354 4020 Alia
2408 3967 2588 4019 charta
2633 3967 2866 4036 ejusdem
2931 3968 3064 4036 regis
3093 3969 3190 4036 ind
3251 3965 3314 4020 G.
3369 3967 3725 4022 uicecomitent
3775 3979 3824 4022 et

2725 4037 2948 4106 barones
2979 4035 3043 4090 de
3073 4035 3318 4091 Cnet-(cii.

2763 4126 2926 4198 (Ibid.
2941 4167 2958 4192 ,
2981 4141 3100 4198 pag.
3139 4125 3288 4197 845.)

2307 4219 2661 4285 “incensus,
2691 4235 2784 4288 rex
2809 4217 3035 4291 Anglia,
3059 4217 3124 4274 G.
3155 4220 3418 4274 \‘icecom.
3447 4228 3506 4276 et
3531 4220 3828 4274 baronibus

2233 4311 2347 4372 suis
2371 4310 2440 4366 de
2465 4309 2693 4376 Caerleil
2717 4309 2970 4365 salutem.

551 4407 771 4462 omnino
803 4407 940 4462 bene
964 4406 1326 4476 acquietaret.
1361 4403 1552 4459 Testes
1601 4417 1666 4457 ex
1690 4411 1845 4478 parte
1867 4417 2008 4466 mea,
2038 4401 2129 4473 qui
2163 4422 2208 4477 ι)
2303 4402 2438 4460 Volo
2458 4411 2514 4458 et
2537 4403 2790 4478 praecipio
2823 4412 2882 4456 ut
2909 4402 2980 4455 ita
3005 4400 3296 4456 iutendatis
3315 4399 3383 4455 de
3411 4398 3828 4455 Christianitate

547 4497 970 4567 (tﬁdejussores
1016 4507 1072 4552 et
1099 4495 1408 4552 Willelmus
1445 4494 1805 4550 Pictaviensis
1831 4503 1887 4549 et
1923 4491 2134 4548 Willelc

552 4605 672 4644 mus
719 4591 786 4646 de
825 4589 1008 4644 liotot.
1055 4589 1135 4643 Ex
1179 4597 1336 4660 parte
1389 4587 1562 4643 sancti
1615 4585 1875 4662 Stephani
1925 4585 2014 4642 W.
2066 4587 2134 4640 de

549 4679 753 4746 Taiscl,
791 4679 1147 4738 Auschitillus
1195 4681 1264 4735 de
1320 4677 1540 4736 Maletot
1584 4687 1640 4734 et
1688 4677 1936 4752 Rogerus
1991 4677 2134 4735 ﬁlius

549 4770 684 4840 ejus.

575 4867 582 4874 ‘
623 4862 735 4931 Ego
762 4863 916 4934 Hugo
937 4863 1192 4920 de'Rosel
1215 4863 1368 4920 trado
1396 4863 1644 4918 coenobio
1667 4862 1842 4934 sancti
1867 4861 2128 4933 Stephani

554 4953 620 5007 de
649 4951 912 5020 Cadomo,
941 4963 1142 5010 terram
1175 4971 1338 5026 quam
1385 4953 1438 5009 in
1481 4953 1776 5010 Grainvilla
1836 4963 1992 5008 teneo
2065 4951 2131 5006 de

559 5045 818 5100 beneﬁcio
843 5048 1006 5117 regis,
1030 5048 1220 5124 eodem
1255 5061 1380 5118 rege
1415 5047 1768 5118 concedente,
1815 5062 1935 5100 cum
1963 5061 2130 5100 uxore

2235 4497 2301 4552 ad
2337 4496 2776 4552 arcltidiaoonnm
2809 4494 3076 4558 Dnnelm.,
3117 4495 3263 4550 sicut
3289 4491 3662 4547 intendebatis
3689 4501 3826 4546 tem-

2237 4604 2368 4656 pore
2409 4588 2582 4654 Will.,
2620 4587 2858 4658 episcopi
2896 4586 3170 4652 Dunclm.,
3219 4591 3351 4650 ete.,
3385 4591 3528 4640 teste
3575 4584 3641 4639 Ε.
3679 4583 3828 4654 dapi—

2237 4679 2369 4746 Raro.

2925 4765 3116 4821 XXVI.

2233 4859 2352 4914 auia
2372 4860 2554 4914 charta
2577 4859 2810 4928 ejusdem
2837 4857 2972 4926 regis
3001 4857 3064 4909 de
3086 4857 3240 4908 terris
3259 4853 3323 4909 de
3343 4852 3480 4907 Luat
3507 4863 3558 4907 et
3589 4852 3822 4923 Ilogm.

2929 4946 3122 5016 (lbid.)

2298 5040 2660 5104 Wtuscuus,
2707 5055 2804 5094 rex
2859 5037 3098 5109 Anglize,
3153 5033 3260 5092 Th.
3308 5034 3726 5103 archiepiscopo
3771 5041 3828 5088 et

550 5149 669 5190 mea
700 5144 758 5189 et
781 5135 898 5192 ﬁlio
919 5150 1038 5190 meo
1066 5135 1322 5208 Bagoae},
1350 5153 1410 5210 ea
1438 5137 1780 5201 conditione,
1821 5145 1879 5191 ut
1908 5135 1959 5190 in
1992 5151 2128 5206 prte-
2229 5133 2518 5186 Bertramo
2540 5131 2608 5184 de
2637 5130 2850 5186 Verdon
2899 5139 2956 5185 et
3001 5127 3300 5192 bat-ouibus
3341 5126 3458 5181 suis
3499 5123 3734 5180 Francis
3769 5131 3828 5177 et

549 5235 704 5258 «Min
738 5241 827 5258 una
855 5226 1115 5258 νοοῖ-εἴηῆ.
1147 5227 1310 5258 ηιιιυιο
1347 5239 1398 5258 ns
1442 5227 1691 5258 οιιηηηιιιιῖ
1742 5227 1806 5258 n.‘
1858 5226 2101 5258 Iuniis-nm

2235 5221 2412 5258 Anulis:
2436 5223 2500 5258 δη
2527 5219 2918 5258 (Ἲὲξξιε-ἒεοὲειιαῖιιο
2969 5217 3221 5258 αςιιιιιοπι-
