4040 5314
246 272 384 340 £569

1587 297 1998 362 DII’LOMATA.

3379 323 3520 380 1⁸5Ἶο

246 395 315 492 dc
337 393 574 460 Itlcllem,
603 405 654 450 et
680 397 940 492 lioberto,
971 401 1080 457 ﬁlio
1117 402 1394 474 llamonis,
1421 412 1560 482 apud
1587 412 1832 474 Salesbc-
1863 425 1908 480 Α
1937 428 1990 474 et
2039 422 2405 490 praedecessor
2443 441 2616 492 meus,
2659 443 2840 486 comes
2882 429 3374 491 Northmannorum
3427 439 3518 492 lti-

247 485 410 549 riant,
439 500 632 558 quarto
659 489 744 544 die
775 490 1155 562 Tlteopltanite.

941 585 1142 640 XXVII.

246 669 445 744 Charta
473 675 606 744 regis
632 673 904 744 lliiillelnn,
947 689 1112 736 terras
1160 683 1228 735 ad
1273 684 1698 744 Eaesltamemm
1739 692 1826 744 ab-

321 741 618 798 lmtiam'iu
662 741 998 804 Wartut'ccmi
1053 753 1302 808 comitatu
1350 741 1828 830 jacentcs'conﬁr-

318 828 468 867 muns
475 854 488 868 ς

606 905 954 976 (Μοηαειῐεοη
979 911 1016 964 Α
1027 911 1206 982 nglt'c.,
1231 911 1296 973 II.
1318 914 1467 988 852.)

329 992 672 1060 Wtusurs,
715 1013 810 1054 rex
861 1001 1182 1070 Anglorum,
1236 1003 1323 1062 W.
1373 1009 1626 1094 episcopo
1665 1021 1718 1068 et
1761 1013 1827 1068 Β.

246 1085 554 1142 vicecomiti
593 1089 840 1144 salutem.
1005 1091 1010 1094 ’

325 1181 516 1237 Mando
563 1183 717 1238 vobis
762 1193 816 1239 et
857 1188 1132 1259 prmcipio,
1178 1201 1446 1262 quatenus
1495 1195 1830 1254 Adelwinum

245 1270 494 1326 abbatem
519 1281 690 1328 terras
719 1276 965 1332 ecclesia:
1003 1279 1069 1334 de
1100 1281 1386 1354 Cbelbam;
1429 1287 1696 1346 Saltforda
1728 1291 1834 1346 sci-

245 1361 372 1416 licet
416 1373 472 1415 et
511 1361 868 1432 Cdriceltum,
915 1377 970 1422 et
1014 1369 1346 1442 Mileco'tam,
1399 1385 1452 1432 et
1495 1378 1726 1452 Ragele,
1777 1388 1834 1436 et

241 1455 549 1519 Amam,’et
570 1456 956 1527 Ecclesltalam,
971 1471 1022 1517 et
1043 1464 1506 1542 Bildcburgluntb,
1523 1472 1828 1538 etCralton,

243 1555 302 1598 et
327 1543 772 1614 thblakt-sford,
799 1560 854 1604 et
891 1551 1186 1624 Dorlitone,
1215 1569 1270 1624 et
1308 1561 1444 1620 alias
1475 1571 1672 1632 terras,
1697 1580 1832 1634 quas

245 1636 300 1690 in
361 1638 738 1694 vicecomitatn
805 1645 870 1696 de
921 1645 1182 1704 Warevvit
1233 1652 1414 1720 habet,
1464 1670 1586 1711 cum
1639 1673 1848 1732 magno

243 1724 450 1780 honore
488 1737 542 1782 ct
581 1731 762 1798 quiete
799 1741 984 1789 tenere
1029 1735 1263 1806 faciatis,
1305 1751 1364 1798 ut
1412 1759 1506 1800 eas
1539 1724 1752 1802 babeatv
1776 1759 1830 1804 et
1861 1763 1904 1818 Β

245 1827 426 1874 teneat
453 1833 484 1872 a
507 1819 520 1872 l
547 1835 675 1876 usus
709 1837 988 1880 servorum
1019 1827 1135 1894 Dei,
1158 1845 1280 1885 cum
1307 1847 1424 1888 mea
1455 1833 1594 1896 bona
1619 1852 1751 1906 pace
1774 1848 1827 1894 et

243 1909 602 1980 proiectione.
635 1911 698 1966 Et
734 1913 826 1968 tibi
871 1917 1148 1988 praecipio,
1173 1919 1242 1973 Β.
1269 1922 1594 1992 vieecomes,
1637 1937 1696 1982 nt
1723 1944 1827 1984 non

247 1999 553 2053 censentias
600 2001 742 2071 quod
780 2003 976 2074 aliquis
1017 2007 1065 2062 ei
1115 2007 1433 2078 iniustitiam
1463 2015 1529 2070 de
1557 2015 1734 2085 aliqua
1773 2035 1830 2074 re

247 2086 438 2152 faciat,
491 2089 616 2158 quia
657 2096 966 2150 consentire
998 2098 1150 2166 nolo;
1177 2102 1270 2156 sed
1309 2119 1432 2168 eum
1459 2120 1582 2162 saca
1620 2117 1676 2162 et
1703 2124 1831 2166 soca

245 2189 301 2234 et
347 2181 600 2237 omnibus
660 2189 1141 2248 consuetudinibus
1207 2195 1495 2265 plenaliter
1547 2215 1676 2256 suas
1749 2218 1834 2268 res

249 2279 448 2326 teneat.
483 2273 548 2328 Et
595 2273 640 2330 si
681 2277 730 2332 ei
762 2277 958 2350 aliquis
990 2281 1310 2350 iniustitiam
1347 2285 1529 2348 facere
1577 2307 1836 2364 praesum-.

247 2363 436 2430 pserit,
463 2364 660 2422 clamet
689 2369 756 2423 ad
786 2385 872 2426 me
904 2373 1092 2440 abbas,
1129 2385 1184 2432 et
1213 2391 1314 2449 ego
1347 2380 1395 2434 ei
1437 2379 1650 2454 plenam
1679 2385 1835 2442 recti:

249 2451 486 2508 tudinem
515 2453 582 2511 de
606 2457 800 2527 quibus
827 2460 1142 2532 clamaverit
1181 2465 1394 2530 faciam.

927 2553 1160 2611 XXVIII.

247 2629 744 2726 CIMi‘M}VIIIeIIu.I,
771 2642 928 2726 (lucis
952 2645 1002 2698 Ν
1010 2648 1429 2726 orhlmgnniteet
1458 2656 1592 2726 regis
1614 2641 1856 2726 Anglice,

317 2707 740 2796 quaternatas
773 2710 1028 2796 Stnniqge
1061 2727 1120 2796 _et
1170 2707 1537 2796 Derentinistri
1554 2707 1612 2778 ii;

322 2775 548 2900 01100120.!
597 2775 1004 2858 Fiscumnensi',
1055 2789 1108 2841 in
1161 2790 1354 2846 ducatu
1403 2775 1835 2862 Nor—timiditaim:

322 2859 478 2900 cunce
517 2859 580 2900 tt.

321 2859 580 2902 concedit.

813 2944 1001 3015 (tum,
1032 2947 1102 3014 ll,
1135 2949 1282 3021 97:.)

323 3026 436 3100 Ego
460 3027 812 3106 Winei-tantus,
846 3038 938 3102 Dei
972 3040 1320 3116 miseratione
1358 3045 1842 3113 patronusNorth-

253 3115 598 3188 marmorum,
627 3140 720 3180 rex
749 3129 912 3184 etiam
950 3131 1270 3203 Anglorum,
1313 3115 1506 3191 timore
1551 3137 1645 3193 Dei
1669 3149 1842 3197 tactus

251 3223 310 3269 et
355 3229 562 3280 arnore,
593 3225 650 3273 et
673 3233 982 3288 praecavens
1022 3223 1153 3276 mihi
1193 3225 1248 3282 in
1295 3225 1568 3293 futurum,
1608 3232 1846 3300 concedo

253 3315 306 3360 et
345 3307 610 3364 conﬁrmo
657 3309 715 3364 8.
759 3320 814 3368 et
861 3312 1150 3370 individua:
1200 3314 1454 3378 Trinitati
1503 3326 1560 3374 et
1604 3321 1846 3376 ecclesiae

253 3385 627 3464 Fiscannensi,
659 3415 848 3478 omnes
896 3415 1070 3478 terras
1109 3418 1239 3460 suas
1287 3405 1341 3460 in
1383 3407 1598 3477 Anglia,
1641 3417 1846 3472 terram

259 3488 468 3556 scilicet
503 3491 572 3546 de
614 3491 842 3563 Stannig
882 3503 938 3550 et
981 3503 1180 3549 terram
1209 3495 1276 3551 de
1299 3495 1696 3566 Bereministri,
1721 3515 1846 3556 cum

249 3580 506 3638 omnibus
530 3582 752 3640 omnino
772 3585 1108 3654 appendiciis
1131 3595 1420 3653 terrarum,
1452 3603 1576 3656 cum
1595 3593 1856 3650 omni-bus-

257 3669 470 3740 lcgibus
489 3680 544 3726 et
567 3674 820 3730 omnibus
849 3674 1212 3742 libertatibus,
1239 3676 1426 3734 liberis
1449 3681 1850 3738 consuetudini-

253 3759 356 3820 bus
395 3771 472 3826 et,
495 3765 834 3833 quietantiis,
871 3767 1122 3824 omnibus
1169 3767 1386 3838 placitis
1423 3769 1474 3825 ei
1517 3773 1766 3842 querelis.
1791 3784 1850 3830 et

257 3853 440 3909 causis
475 3856 726 3911 omnibus
759 3873 878 3927 qua:
918 3868 1064 3924 sunt,
1093 3861 1178 3915 vel
1225 3859 1344 3918 fore
1386 3873 1614 3933 possunt
1641 3863 1848 3938 absque

254 3945 364 3998 ulla
399 3943 792 4014 inquietudine,
827 3950 912 4006 vel
949 3951 1308 4008 diminutione
1343 3954 1634 4024 cujuslibet
1671 3973 1847 4014 sacu-

255 4035 384 4104 laris
420 4037 506 4092 vel
541 4039 848 4108 ῙιιιιὶιείειήιεΔ
882 4043 1188 4112 potestatis,
1229 4046 1374 4102 sicut
1414 4062 1502 4102 res
1538 4049 1608 4104 ad
1655 4049 1846 4112 ﬁscum

255 4127 584 4196 dominicum
629 4133 982 4200 pertinentes.
1026 4135 1206 4201 Quare
1241 4137 1627 4198 inviolabiliter
1655 4143 1848 4213 praeei-

253 4221 346 4293 pio
420 4223 562 4292 quod
612 4225 884 4296 praedictae
945 4235 1110 4283 terrae
1141 4244 1266 4284 cum
1320 4231 1573 4287 omnibus
1627 4236 1848 4292 omnino

254 4327 444 4376 eorum
491 4317 826 4390 appendieiis
873 4327 928 4373 et
970 4333 1158 4374 earum
1205 4323 1614 4390 possessoribus
1663 4325 1848 4382 liberae

259 4407 371 4466 sint
393 4419 450 4468 et
473 4412 674 4482 quieta:
706 4412 776 4466 ab
807 4411 966 4467 omni.
1007 4415 1394 4471 consuetudine
1422 4425 1650 4474 terrenae
1683 4421 1849 4475 servi-
1875 4441 1926 4499 ο

263 4503 396 4566 tutis
417 4512 474 4558 et
493 4504 562 4559 ab
581 4505 728 4560 omni
745 4505 1116 4562 dominatione
1133 4515 1190 4562 et
1209 4508 1542 4576 subiectione
1561 4511 1846 4580 baronum,

257 4593 346 4656 vel
378 4593 684 4666 principum
705 4605 760 4651 et
785 4597 1028 4652 omnium
1067 4595 1318 4656 aliorum.
1346 4597 1415 4654 Et
1437 4601 1584 4669 quod.
1605 4601 1774 4658 abbas
1793 4611 1850 4659 et

257 4685 506 4742 monachi
543 4685 788 4754 ecclesia:
832 4685 1216 4748 Fiscannensis
1262 4689 1344 4744 vel
1391 4705 1582 4748 eorum
1614 4693 1854 4748 ministri-

257 4778 702 4848 omnemregiam
720 4778 960 4834 habeant
973 4778 1280 4836 libertatem
1301 4791 1355 4836 et
1377 4785 1848 4854 consuetudinem,

257 4879 316 4925 et
365 4887 590 4930 omnem
633 4873 900 4943 justitiam
959 4889 1112 4930 suam
1165 4877 1234 4932 de
1285 4879 1540 4936 omnibus
1583 4883 1744 4938 rebus
1795 4887 1852 4938 et

257 4963 504 5040 omnibus
567 4962 798 5036 negotiis
845 4979 966 5034 quae
1011 4964 1066 5018 in
1119 4973 1263 5021 terra
1319 4981 1418 5022 sua
1467 4969 1720 5027 evenient
1767 4970 1852 5026 vel

260 5065 500 5082 ιιΛΙΑι....ριο
541 5069 658 5082 multis
687 5056 758 5082 ’-Α
833 5071 933 5082 ..-Α
983 5056 1180 5082 -.ξε-..⁵-
1227 5059 1312 5082 -2-

1933 512 2194 579 chardus,
2225 516 2280 572 in
2327 517 2726 590 eleemosynam
2773 522 3044 591 praedictae
3081 525 3232 582 dedit
3274 527 3518 586 ecclesiae

1931 603 2142 672 quietas
2183 607 2252 661 ab
2289 608 2436 664 omni
2469 609 2840 680 inquietudine
2889 614 2973 668 vel
3019 615 3376 673 diminutione
3425 635 3518 674 cu-

1925 693 2148 763 juslibet
2207 699 2484 754 saecularis
2537 701 2616 756 vel
2658 701 2959 771 iudiciaria:
3001 709 3320 778 potestatis,
3377 711 3520 766 sicut

1932 799 2020 841 res
2065 787 2134 842 ad
2181 788 2368 844 [iscum
2417 791 2748 848 dominicum
2799 795 3164 866 pertinentes,
3216 801 3360 872 quod
3405 817 3518 859 non

1931 877 2104 934 solum
2155 882 2449 938 multorum
2496 885 2759 940 relatione
2808 887 2988 950 didici,
3040 891 3135 954 sed
3183 893 3346 949 etiam
3401 895 3518 965 ejus

1933 969 2126 1028 litteris
2147 973 2413 1045 sigillatis.
2456 975 2512 1031 Si
2551 993 2681 1032 vero
2703 979 2896 1048 aliquis
2931 991 3121 1040 contra
3153 985 3293 1042 hanc
3321 989 3520 1044 conﬁr-

1933 1063 2225 1122 mationem
2275 1083 2451 1122 meam
2502 1069 2704 1139 aliquid
2745 1075 3188 1144 pra-sumpserit,
3237 1077 3373 1132 iram
3423 1079 3522 1144 Dei

1932 1157 2317 1226 omnipotentis
2344 1159 2588 1216 incurrat
2616 1171 2670 1216 et
2707 1174 2928 1219 coactus
2965 1167 3083 1232 auri
3111 1165 3280 1234 libras,
3302 1178 3519 1226 centum

1933 1246 1999 1302 ad
2032 1247 2222 1304 ﬁscum
2251 1251 2580 1308 dominicum
2603 1253 2893 1324 persolvat.
2914 1253 3025 1311 lloc
3051 1265 3236 1320 autem
3265 1268 3322 1314 ut
3343 1269 3520 1316 ratum

1933 1347 1988 1394 et
2009 1339 2200 1396 stabile
2225 1341 2369 1396 omni
2404 1352 2642 1416 tempore
2665 1356 3002 1418 permaneat,
3024 1363 3249 1405 assensu
3278 1352 3526 1424 conjugis,

1932 1449 2068 1490 mea:
2095 1443 2150 1490 et
2173 1435 2338 1504 prolis
2366 1447 2422 1492 et
2443 1453 2726 1508 procerum
2755 1457 2999 1504 meorum
3027 1445 3174 1516 regia
3200 1446 3528 1510 auctoritate,

1933 1533 1987 1580 et
2005 1527 2186 1582 erucis
2207 1537 2482 1586 caractere
2499 1531 2758 1588 continuo
2773 1541 2828 1588 et
2844 1535 3092 1596 manibus
3107 1536 3343 1594 ﬁdelium
3369 1551 3520 1596 meo-

1933 1631 2054 1680 rum
2092 1620 2548 1676 corroborandnm
2577 1625 2749 1680 trado.
2803 1627 3028 1702 Signum
3062 1627 3336 1694 Willelmi,
3375 1629 3522 1700 regis

1933 1705 2224 1778 Anglorum
2254 1709 2312 1782 τ.
2345 1710 2402 1766 S.
2433 1709 2728 1782 Matbildis,
2747 1717 2944 1786 reginis
2964 1718 3278 1790 Anglorum.
3305 1719 3362 1776 S.
3380 1719 3520 1774 Wil-

1930 1797 2072 1854 lelmi
2123 1802 2358 1872 comitis,
2416 1803 2508 1870 lilii
2557 1807 2720 1877 regis.
2772 1807 2827 1862 8.
2877 1808 3099 1872 Roberti
3141 1810 3378 1876 comitis,
3427 1809 3528 1870 ﬁlii

1931 1891 2093 1962 regis.
2154 1891 2212 1948 8.
2269 1893 2492 1952 Roberti
2546 1897 2613 1951 de
2659 1897 3011 1964 Bellomonte.
3071 1897 3130 1954 S.
3195 1900 3408 1958 Ilenrici
3459 1900 3527 1956 de

1929 1981 2282 2040 Bellomonte.
2314 1983 2372 2040 8.
2405 1985 2624 2054 Roberti
2655 1987 2719 2056 de
2746 1987 3221 2062 Montegomerieo.
3269 1989 3328 2046 8.
3375 1990 3524 2050 Odo-

1935 2073 2037 2136 nis,
2067 2075 2306 2146 episcopi
2341 2077 2674 2150 Bajocensis.
2715 2079 2773 2136 S.
2820 2081 2911 2148 IL,
2955 2082 3173 2138 comitis
3204 2081 3522 2138 Moritoniaz.

1935 2165 1996 2222 S.
2031 2165 2291 2240 Ilugonis,
2317 2171 2532 2226 comitis
2561 2171 2805 2228 Cestria'.
2835 2173 2894 2228 S.
2937 2173 3044 2237 W.,
3076 2175 3286 2232 abbatis
3306 2175 3526 2231 Corme-

1934 2259 2140 2315 lieusis.
2173 2259 2232 2318 S.
2261 2261 2520 2318 Osmundi
2572 2265 2904 2320 cancellarii.
2931 2265 2989 2320 S.
3019 2265 3214 2336 Rogeri
3262 2268 3327 2322 de
3356 2267 3527 2322 Bello-

1935 2363 2140 2409 monte.
2173 2353 2232 2410 S.
2281 2355 2536 2411 Fulconis
2557 2355 2623 2412 de
2653 2355 2982 2412 Mosteriolo.
3025 2353 3084 2412 8.
3117 2355 3398 2422 Bernardi,
3431 2356 3532 2418 lilii

1938 2446 2180 2518 Ospacti.

2637 2581 2832 2638 XXIX.

1942 2671 2140 2746 Charta
2179 2674 2316 2746 regis
2345 2672 2602 2746 Willeluti
2649 2673 3022 2746 Conqueuoris
3055 2689 3162 2746 qua
3178 2675 3520 2746 qdomtttones

2015 2741 2358 2808 ecclesiarum
2389 2745 2452 2798 de
2491 2741 2810 2809 Mincherte,
2831 2741 3142 2810 Bridetuite,
3164 2743 3446 2800 Scorestan
3473 2755 3522 2800 et

2013 2811 2292 2884 Loncestre
2340 2815 2395 2868 in
2453 2813 2645 2884 Anglia
2696 2807 3013 2869 titanastert'o
3077 2807 3405 2882 Fontanenu'
3473 2815 3530 2868 in

2014 2885 2210 2937 ducatu
2239 2883 2648 2940 Nati/intentum
2684 2885 2982 2955 conﬁrmat.

2485 2993 2678 3066 (Ibid.,
2703 2999 2831 3068 pag.
2858 2995 3010 3067 974.)

1870 3101 1916 3163 ο
2017 3065 2215 3146 Notum
2249 3091 2323 3147 sit
2349 3065 2636 3158 omnibus,
2665 3065 3038 3162 tam-posteris
3061 3107 3222 3166 quam
3252 3094 3530 3166 przesenti-

1945 3180 2078 3246 bus,
2112 3183 2259 3251 quod
2302 3197 2404 3254 ego
2437 3181 2791 3249 WILu-zmtus,
2819 3181 2912 3237 Dei
2957 3183 3134 3252 gratia
3175 3181 3284 3238 dux
3331 3181 3530 3237 North-

1947 3270 2180 3325 mannia:
2209 3279 2265 3326 et
2293 3287 2386 3340 rex
2425 3270 2722 3342 Anglorum
2745 3312 2762 3338 ,
2797 3287 2895 3340 pro
2923 3272 3295 3344 redemptione
3335 3272 3530 3326 animae

1947 3376 2080 3416 mea:
2109 3370 2162 3416 et
2188 3361 2361 3417 salute
2392 3363 2638 3434 conjugis
2679 3372 2735 3418 et
2766 3363 3001 3418 ﬁliorum
3033 3378 3302 3430 meorum,
3329 3363 3528 3418 Fonta-

1947 3449 2172 3512 nellensi
2225 3451 2556 3506 monasterio
2587 3452 2639 3506 in
2673 3451 2882 3508 honore
2924 3453 3102 3508 sancti
3142 3451 3528 3524 Wandregisili

1947 3553 2281 3608 constructo,
2314 3559 2412 3614 pro
2443 3559 2629 3600 amore
2659 3544 2935 3602 Guncardi
2977 3535 3246 3616 capellani
3273 3544 3402 3612 mei,
3436 3545 3530 3618 qui

1948 3631 2022 3689 ibi
2077 3634 2377 3690 monachus
2434 3633 2611 3690 factus
2677 3643 2802 3704 est,
2861 3645 3095 3706 quatuor
3151 3633 3414 3692 ecclesias
3477 3635 3532 3688 in

1945 3725 2164 3797 Anglica
2198 3735 2339 3780 terra
2373 3727 2576 3796 positas
2603 3727 2878 3794 concessi,
2910 3742 3034 3784 cum
3064 3725 3292 3794 decimis
3322 3733 3382 3782 et
3405 3740 3530 3788 om-

1948 3819 2108 3874 nibus
2135 3817 2250 3872 suis
2276 3817 2539 3884 custumis
2558 3858 2573 3883 ,
2603 3817 2748 3874 sicut
2782 3826 3100 3884 antecessor
3138 3815 3410 3882 Guncardi
3439 3831 3538 3882 eas

1951 3909 2161 3974 tenuit,
2207 3917 2450 3978 tempore
2484 3910 2848 3982 antecesseris
2895 3909 3000 3965 mei
3047 3909 3220 3966 beatae
3259 3908 3540 3970 memoria:

1948 3999 2203 4056 Edwardi
2237 4000 2401 4071 regis.
2432 3999 2809 4072 Quarum'duo
2836 4002 3142 4058 Mincherte
3162 4009 3216 4056 et
3239 3999 3537 4070 Bridetune

1947 4100 2075 4146 sunt
2105 4090 2159 4144 in
2187 4091 2448 4146 comitatu
2474 4089 2829 4150 Wilte-scire.
2860 4091 3061 4159 Quarta
3087 4103 3216 4160 vero
3237 4089 3538 4150 Loncestre

1948 4192 2033 4236 est
2061 4181 2114 4236 in
2145 4181 2412 4236 comitatu
2443 4181 2939 4236 Dortbause—scire.
2969 4179 3038 4250 Et
3072 4188 3133 4234 ut
3171 4179 3390 4240 donatio
3417 4187 3536 4234 rata

1948 4283 2004 4326 et
2034 4271 2245 4326 ﬁrmata
2285 4271 2386 4337 sit,
2420 4272 2641 4341 preprio
2681 4271 2835 4340 signo
2874 4283 2994 4325 eam
3034 4266 3402 4336 auctorisavi;
3434 4265 3538 4320 ima

1950 4379 2180 4434 precans
2209 4364 2289 4418 eis
2337 4363 2626 4424 anathema
2668 4372 2725 4417 et.
2771 4359 3233 4426 maledictionem,
3267 4357 3363 4430 qui
3411 4370 3538 4426 eam

1955 4454 2272 4512 violaret-int
2292 4463 2344 4508 et
2369 4468 2487 4507 eam
2517 4453 2826 4524 disturbare
2856 4452 3148 4520 voluerint,
3174 4461 3280 4508 etc.

2656 4589 2828 4646 XXX.

1991 4682 2192 4739 Charta
2240 4683 2374 4754 regis
2413 4681 2671 4754 Wiltelini
2723 4698 2820 4753 pro
2865 4678 3194 4754 :reodochio
3243 4675 3308 4731 Β.
3351 4672 3502 4732 Petri

2578 4752 2922 4828 ευστασεηεὶ.

2267 4937 2269 4940 λ
2471 4866 2664 4939 (ιιιξάη
2703 4879 2825 4936 pag.
2855 4863 3010 4935 369.)

2023 4977 2357 5036 WILLsLuus
2378 4991 2474 5033 rex
2497 4977 2704 5062 Anglia:
2721 4977 2973 5033 omnibus
2993 4971 3310 5033 hominibus
3329 4975 3383 5024 et
3403 4969 3575 5046 Iigi’u
