4040 5314
470 334 473 335 ν
516 307 651 364 1‘57!

1215 420 1401 475 XXXI.

558 510 756 565 Charm
808 510 1056 566 Willelmi
1101 510 1388 579 Anglorum
1434 511 1568 579 regis
1621 526 1711 564 oro
1743 512 2065 565 monasterio

1120 578 1470 633 Floriacemi.

1098 672 1277 743 (Anno
1306 672 1489 742 1067.)

519 767 690 836 (Dom
737 764 985 820 Mauras.
1013 806 1028 828 ,
1072 763 1385 836 iT/resuAurus
1431 764 1737 836 Anecdoct.,
1781 764 1829 830 ι,
1865 764 2093 832 196,οι

974 834 1209 890 archivis
1238 833 1295 887 8.
1330 834 1627 905 Audoeni.)

591 926 908 995 Quicunque
952 927 1053 980 hac
1082 924 1259 995 fragili
1288 934 1343 981 et
1381 926 1587 978 caduca
1614 925 1927 980 detinentur
1958 925 2091 991 vita,

520 1026 733 1086 Oportet
767 1024 824 1069 ut
847 1031 1061 1085 semper
1097 1015 1330 1069 habeant
1358 1031 1467 1085 prze
1494 1016 1665 1071 oculis
1702 1017 2088 1070 discussioucm

522 1104 613 1159 Dei
640 1105 1064 1175 omnipotentis,
1112 1113 1163 1159 et
1197 1115 1362 1172 agant
1394 1105 1519 1159 dum
1557 1105 1710 1170 licet,
1746 1120 1811 1159 ne
1840 1105 1891 1158 in
1926 1105 2092 1172 ipsius

509 1197 715 1265 judicio
743 1198 1089 1251 inveniantur
1116 1198 1167 1250 iu
1203 1197 1419 1250 sinistra
1453 1207 1606 1265 parte
1642 1212 1762 1250 cum
1804 1196 2089 1266 reprohis;

516 1286 753 1340 maxime
803 1286 1018 1356 quidem
1068 1286 1186 1351 illos
1214 1303 1351 1357 quos
1401 1286 1491 1340 Dei
1549 1287 1886 1356 providentia
1931 1300 2094 1355 super

519 1378 655 1433 alios
696 1379 915 1443 extulit,
946 1380 1071 1450 quia
1125 1391 1326 1448 quanto
1376 1380 1597 1435 ditiores
1648 1390 1703 1435 et
1749 1381 2092 1435 sublimiores

516 1475 643 1519 sunt
674 1467 907 1532 caztcris,
927 1476 1077 1522 tanto
1103 1468 1169 1522 ad
1199 1470 1334 1523 bona
1363 1486 1526 1539 opera
1559 1471 1918 1539 exsequenda,
1946 1480 2000 1524 et
2024 1471 2090 1524 ad

507 1555 655 1625 justa
703 1556 1067 1629 promptiores
1108 1576 1227 1615 esse
1255 1561 1449 1615 debent
1490 1561 1715 1629 judicia.
1746 1560 1875 1629 Quae
1909 1563 2088 1616 omnia

516 1649 943 1717 perpendentes,
972 1659 1026 1703 et
1069 1666 1252 1705 secum
1302 1650 1488 1706 scdulo
1540 1662 1967 1722 pertractantes,
1999 1653 2093 1708 lli-

518 1738 752 1793 ehardus
775 1739 1206 1796 Normannorum
1235 1744 1366 1809 dux,
1387 1754 1441 1798 et
1470 1743 1739 1800 Bobertus
1762 1745 1931 1801 frater
1952 1744 2089 1815 ejus,

512 1844 617 1900 pro
640 1831 1006 1900 redemptione
1034 1842 1089 1888 et
1113 1835 1285 1889 salute
1310 1836 1613 1892 animarum
1641 1854 1885 1904 suarum,
1912 1847 1969 1894 et
1992 1856 2091 1894 an-

519 1928 853 1974 tecessorunt
880 1926 1489 1989 suorum,contulerunt
1512 1928 1619 1983 Deo
1641 1937 1695 1983 et
1716 1928 1772 1983 S.
1804 1929 2105 1985 Benedicto.

514 2015 803 2069 ecclesiam
831 2016 888 2071 S.
925 2017 1109 2073 Jacobi
1150 2019 1591 2093 (Salui-James),
1613 2037 1732 2093 quae
1773 2023 1824 2078 in
1858 2024 2091 2079 conﬁnio

518 2103 861 2161 Norinanniae
886 2120 940 2165 ct
964 2110 1256 2167 Britannia:
1281 2113 1383 2167 sita
1412 2123 1526 2180 est,
1553 2130 1675 2169 cum
1706 2125 1847 2171 terra
1871 2126 1926 2170 et
1950 2132 2097 2186 aqua

515 2198 690 2251 eidem
714 2201 955 2256 ecclesia:
977 2205 1300 2271 pertinente.
1316 2203 1472 2262 Circa
1494 2222 1621 2263 vero
1641 2208 1884 2264 eamdem
1913 2210 2089 2265 eccle-

516 2290 653 2343 siam
681 2305 780 2361 ego
812 2291 1114 2350 Willelmns
1139 2310 1426 2352 successor
1450 2313 1636 2353 eorum
1656 2342 1671 2365 ,
1695 2301 1799 2355 dux
1822 2300 2089 2355 Norman-

514 2397 744 2448 norum,
781 2394 836 2438 et
879 2402 975 2454 per
1018 2387 1108 2441 Dei
1167 2389 1594 2445 misericordiam
1640 2391 1930 2461 Anglorum
1992 2408 2090 2447 rex

515 2472 766 2541 allectus,
797 2477 949 2533 bellis
999 2478 1402 2549 ingruentibus,
1434 2483 1502 2537 ob
1534 2497 1667 2537 meae
1700 2490 1858 2537 terra:
1904 2483 2090 2539 defen-

510 2565 741 2631 sionem,
779 2583 899 2623 cum
938 2570 1089 2626 locus
1129 2573 1299 2641 magis
1337 2574 1560 2630 idoneus
1601 2576 1666 2630 ad
1705 2576 1755 2629 id
1793 2576 2085 2642 videretur,

513 2658 789 2712 castellum
822 2663 1086 2717 exstruxi.
1110 2663 1228 2730 Quo
1252 2664 1416 2731 facto,
1445 2668 1609 2721 multa
1637 2668 1708 2723 illi
1733 2668 1853 2737 quae
1879 2668 1950 2722 ibi
1982 2685 2085 2722 non

512 2752 854 2816 pertinebant
889 2755 1107 2810 attribui
1137 2797 1151 2821 ,
1182 2758 1430 2814 videlicet
1460 2759 1705 2825 landum,
1741 2775 1863 2815 cum
1896 2772 2087 2827 stagno

512 2848 563 2891 ct
597 2841 825 2907 teloneo,
855 2854 905 2899 et
939 2858 1236 2902 mercatum
1273 2852 1338 2904 de
1366 2866 1555 2916 cruce;
1590 2867 1689 2921 pro
1718 2867 1824 2922 quo
1856 2851 2086 2905 Badnlfo

515 2930 714 2991 abbati.
748 2943 799 2987 et
823 2938 1099 2991 monachis
1129 2940 1194 2993 de
1221 2939 1277 2993 S.
1314 2939 1569 2995 Michaele
1603 2944 2085 2997 commutationem

511 3029 567 3071 et
593 3022 865 3076 cambium
894 3026 1047 3090 dedi,
1084 3036 1136 3081 et
1164 3029 1433 3083 nundinas
1466 3031 1628 3095 duas,
1669 3042 1725 3085 et
1756 3034 2084 3101 pcdalicum.

515 3109 639 3164 Tria
671 3121 860 3181 stagna
890 3119 1188 3179 construxi.
1222 3129 1275 3174 et
1304 3121 1554 3178 homines
1585 3123 1734 3190 iiios,
1766 3125 1855 3195 qui
1889 3127 1957 3181 ibi
1986 3142 2081 3196 pro

513 3217 608 3255 sua
641 3204 915 3261 voluntate
943 3212 1253 3276 manebant,
1276 3213 1501 3268 Stabiles
1531 3231 1650 3272 esse
1673 3216 1794 3272 feci.
1830 3216 2085 3276 Videntes

516 3301 695 3346 autem
729 3300 974 3354 monachi
1010 3300 1066 3355 S.
1096 3301 1404 3369 Benedicti,
1438 3321 1532 3374 per
1555 3324 1670 3371 me,
1706 3308 1816 3365 Deo
1836 3308 2080 3378 juvante,

515 3383 893 3451 melioratum,
930 3390 1181 3445 adierunt
1213 3410 1389 3448 meam
1425 3399 1766 3465 praesentiam
1806 3403 2082 3457 communi

508 3471 730 3527 consilio
759 3477 977 3546 capituli
1021 3480 1082 3535 8.
1115 3481 1384 3538 Benedicti
1422 3486 1572 3557 ltngo
1609 3489 1777 3544 abbas
1816 3500 1871 3545 et
1900 3493 2083 3547 caeteri

508 3565 845 3635 complures,
893 3582 1110 3629 orantes
1154 3585 1209 3630 et
1256 3578 1530 3633 humiliter
1581 3581 1971 3651 deprecantes,
2023 3595 2083 3640 ut

509 3656 850 3714 medietatem
878 3661 1089 3717 illorum
1114 3679 1233 3734 quae
1256 3667 1375 3722 loco
1403 3670 1710 3740 supradicto
1739 3674 2081 3742 addideram,

510 3745 618 3802 illis
644 3750 925 3819 donarem,
950 3770 1014 3810 eo
1036 3767 1214 3825 pacto,
1244 3770 1301 3814 ut
1324 3772 1378 3814 et
1406 3761 1505 3829 ipsi
1535 3778 1620 3818 me
1649 3764 1701 3819 in
1734 3766 2081 3822 medietatem

510 3850 733 3894 suorum
761 3842 1095 3914 colligerent,
1124 3860 1348 3920 excepta
1376 3853 1625 3921 ecclesia,
1654 3864 1709 3909 et
1737 3857 1803 3911 ad
1832 3859 2080 3913 eamdem

509 3929 794 3988 ecclesiam
843 3936 1267 4007 pertinentibus,
1301 3957 1422 4011 qua:
1458 3944 1625 4017 ipsius
1653 3957 1808 4002 erant
1838 3957 1893 4003 et
1932 3961 2079 4005 sunt.

512 4018 625 4091 Ego
659 4037 786 4078 vero
813 4026 1061 4095 petitioni
1087 4046 1273 4086 eorum
1317 4033 1547 4090 libenter
1572 4037 1845 4106 adquievi.
1877 4041 2081 4097 Distin-

511 4115 623 4168 ctio
649 4124 827 4171 autem
854 4133 1043 4176 eorum
1080 4123 1224 4179 inter
1253 4142 1349 4181 nos
1389 4128 1513 4184 talis
1544 4128 1675 4196 fuit,
1704 4132 1848 4201 quod
1878 4134 2083 4191 medie-

512 4215 677 4262 tatem
703 4212 869 4269 totius
888 4216 1075 4282 castri,
1100 4218 1307 4274 scilicet
1332 4235 1397 4275 ex
1424 4223 1770 4291 molendinis,
1799 4210 1865 4281 ex
1889 4228 2082 4295 furnis,

511 4313 579 4350 ex
612 4297 861 4367 teloneis,
890 4317 956 4357 ex
988 4305 1271 4374 pedaticis,
1300 4325 1367 4365 ex
1401 4313 1684 4382 nundinis,
1713 4333 1779 4371 ex
1809 4320 2080 4384 mercatis,

507 4398 574 4439 ex
602 4389 851 4447 omnibus
872 4391 1134 4462 justitiis,
1170 4398 1283 4453 sive
1312 4415 1377 4454 ex
1409 4403 1657 4461 omnibus
1696 4406 1994 4464 redditibus
2028 4419 2082 4465 et

506 4482 1015 4547 consuetudinibus.
1066 4503 1185 4557 qua:
1211 4506 1277 4545 ex
1324 4493 1440 4561 ipso
1470 4504 1680 4562 castro,
1713 4498 1795 4555 vel
1825 4516 1889 4555 ex
1927 4501 2079 4571 adja-

508 4569 705 4664 c-entiis
734 4572 851 4643 ejus
875 4576 1234 4647 accipiuntur,
1267 4591 1321 4637 et
1343 4584 1410 4640 de
1438 4587 1689 4644 omnibus
1722 4592 1789 4645 ad
1822 4594 1936 4648 haec
1959 4569 2082 4664 per-

509 4656 832 4729 liuentibus,
857 4678 979 4735 quae
1004 4666 1076 4723 ibi
1099 4670 1548 4742 meliorabuntur,
1581 4679 1923 4736 medietatem
1948 4656 2078 4739 mihi

508 4751 726 4818 retinui,
752 4766 808 4812 et
829 4758 1173 4820 medietatem
1199 4764 1310 4827 illis
1338 4767 1461 4823 dedi
1495 4786 1508 4822 :
1546 4770 1619 4825 ita
1650 4780 1708 4826 ut
1728 4772 1795 4827 ab
1826 4774 1929 4829 hac
1956 4776 2077 4843 die,

502 4850 561 4895 et
605 4846 884 4919 deinceps,
934 4864 1193 4925 perpetuo
1239 4858 1293 4912 in
1333 4858 1453 4928 iure
1496 4868 1553 4917 et
1595 4862 1960 4922 dominatione
2009 4869 2080 4923 sit

506 4937 565 4991 8.
606 4937 883 5000 Benedicti
926 4957 982 5002 et
1032 4949 1254 5005 fratrum
1304 4952 1664 5012 Floriacensis
1713 4959 1970 5013 coenohii.
2005 4961 2079 5015 De

506 5029 712 5098 stagnis
740 5046 866 5087 vero
901 5036 1074 5092 tribus
1103 5054 1224 5107 qua:
1256 5040 1328 5097 ibi
1366 5042 1496 5108 feci,
1527 5042 1880 5115 piscationem
1914 5063 2079 5120 snpe-

504 5120 669 5170 rioris
701 5125 830 5170 mihi
858 5129 1082 5170 mlinni-
1116 5134 1469 5170 ηςςηωςηηοω
1506 5139 1665 5170 ..υ-,ιτς
1702 5140 1874 5170 sum“:

1116 5134 1469 5170 ΙὶῖςησνιῖηηΔιιὶ
1506 5139 1665 5170 Μῆιθῖἶ
1702 5140 1874 5170 alno-nn:
1909 5150 2074 5170 Initum

1452 303 1793 360 WILLELMI
1830 303 2357 374 CONQUESTORIS
2386 302 2799 359 BIPLOMATA.

3633 302 3785 358 1572‘

2126 425 2169 481 Α
2270 419 2347 473 De
2382 417 2644 473 ministris
2683 430 2816 471 vero
2868 417 2971 471 hoc
3018 418 3387 481 decrevimus,
3438 424 3498 471 ut
3536 415 3765 471 ministri

2196 510 2253 565 S.
2286 509 2560 565 Benedicti
2612 509 2745 563 mihi
2789 508 3101 565 ﬁdelitatem
3150 509 3372 575 faciant,
3403 517 3458 564 et
3509 508 3615 563 mei
3668 511 3767 564 mi-

2195 602 2348 658 nistri
2384 601 2694 659 ﬁdelitatem
2727 601 2931 657 faciant
2958 601 3016 656 S.
3048 601 3337 657 Benedicto
3366 602 3433 657 'et
3459 601 3763 657 monachis.

2264 693 2329 749 Et
2365 694 2619 764 quoniam
2659 709 2767 764 pro
2796 695 2901 749 hoc
2941 692 3085 748 facto
3135 694 3307 763 magis
3353 694 3663 764 quaerebam
3712 703 3768 748 et

2194 783 2560 839 desiderabam
2587 783 3072 837 remunerationem
3096 783 3290 838 anima:
3305 798 3467 853 quam
3492 783 3763 852 corporis,

2195 874 2295 927 hoc
2324 872 2453 927 ntihi
2486 873 2909 943 spoponderunt,
2936 882 2991 928 et
3017 873 3120 928 hoc
3143 873 3211 927 ab
3246 873 3327 928 eis
3358 889 3553 928 munus
3583 874 3762 943 exegi,

2194 970 2252 1016 ut
2276 945 2595 1032 unaquaque
2616 962 2974 1028 hebdomada,
3004 978 3101 1033 pro
3128 963 3374 1017 saluteet
3396 963 3767 1017 incolumitate

2195 1068 2331 1116 mea,
2356 1062 2409 1108 et
2432 1054 2614 1110 uxoris
2638 1069 2798 1119 mem,
2826 1065 2879 1108 et
2910 1055 3140 1108 ﬁliorum
3174 1068 3447 1119 meorum,
3476 1064 3531 1108 et
3557 1069 3658 1122 pro
3680 1070 3765 1108 rc-

2194 1145 2369 1200 medio
2415 1146 2717 1200 animarum
2761 1146 3218 1215 praedecessorum
3270 1155 3325 1199 et
3380 1161 3760 1199 successorum

2193 1251 2435 1290 meorum
2468 1237 2686 1290 missam
2734 1252 2909 1291 unam,
2926 1236 3229 1302 celebrent,
3265 1246 3323 1291 et
3367 1240 3534 1289 unum
3578 1250 3765 1289 mona—

2193 1322 2374 1390 chum,
2405 1324 2528 1379 vitae
2552 1340 2683 1379 meae
2733 1325 2878 1390 loco,
2912 1326 2979 1379 in-
3012 1325 3343 1381 monasterio
3385 1324 3444 1378 S.
3478 1324 3777 1381 Benedicti,

2196 1411 2451 1476 habeant,
2483 1421 2535 1466 et
2561 1428 2775 1482 semper
2818 1428 2985 1467 unum
3029 1428 3319 1482 pauperem
3349 1421 3600 1481 pascant.
3630 1412 3766 1467 Ora-

2196 1506 2370 1561 tiones
2398 1522 2611 1579 quoque
2640 1517 2694 1562 et
2720 1508 3092 1579 eleemosynas
3122 1518 3176 1563 et
3202 1508 3461 1563 beneﬁcia
3492 1509 3547 1562 in
3582 1509 3691 1560 vita
3706 1518 3767 1560 et

2193 1610 2316 1669 post
2342 1601 2545 1655 obitum
2581 1602 2709 1657 mihi
2737 1602 2957 1672 polliciti
2993 1612 3121 1658 sunt
3146 1613 3200 1658 et
3237 1604 3403 1673 pacti,
3442 1618 3550 1657 non
3590 1603 3764 1656 solum

2196 1693 2247 1746 in
2298 1695 2627 1749 monasterio
2684 1690 2739 1750 8.
2801 1695 3073 1751 Benedicﬁ
3104 1737 3121 1760 ,
3170 1695 3261 1750 sed
3304 1706 3357 1750 et
3397 1697 3450 1750 in
3499 1696 3767 1749 emnohiis

2124 1761 2654 1851 B'l't‘loriacensibus;
2708 1786 2811 1840 hoc
2873 1786 3002 1840 mihi
3053 1796 3439 1842 concesserunt
3490 1787 3786 1840 communi-

2193 1874 2417 1929 consilio
2447 1875 2613 1930 abbas
2640 1885 2692 1930 et
2722 1892 2911 1932 omnes
2941 1878 3209 1931 monachi.
3248 1877 3312 1931 Et
3338 1886 3395 1930 ut
3418 1879 3520 1932 hoc
3551 1877 3766 1929 firimun

2193 1971 2353 2032 atque
2404 1964 2730 2020 indivulsum
2778 1977 3130 2036 permaneat.
3183 1968 3335 2038 signo
3397 1968 3769 2020 annotationis

2193 2067 2328 2106 mea:
2347 2053 2983 2121 subteriirmavi,uxoris
3008 2071 3219 2126 quoque
3247 2068 3301 2111 et
3332 2056 3563 2112 ﬁliorum
3598 2057 3768 2110 adsti-

2191 2142 2463 2210 pulatione
2493 2144 2721 2210 ﬁrmavi,
2749 2156 2835 2202 etc

2259 2232 2482 2301 Signum
2522 2235 2610 2290 W.
2655 2237 2796 2307 regis
2854 2237 3183 2308 Anglorum,
3226 2249 3280 2293 et
3329 2239 3787 2294 Normannorum:

2191 2324 2407 2393 ducis-lx
2437 2325 2491 2379 S.
2525 2326 2743 2380 lloherti
2772 2327 2862 2381 lilii
2889 2329 2992 2391 sui,
3021 2327 3446 2384 Normanuorum
3473 2331 3690 2386 comitis
3704 2332 3761 2399 ᾖ.

2192 2414 2249 2466 8.
2284 2414 2554 2470 Mathildis
2583 2418 2827 2487 conjugis
2855 2420 3043 2489 smn-lu
3095 2419 3153 2473 S.
3194 2419 3410 2475 Bicardi
3454 2422 3548 2475 ﬁlii
3593 2422 3779 2490 snit}:

2195 2506 2253 2561 8.
2288 2505 2531 2577 llugonis
2588 2508 2652 2563 de
2678 2507 2913 2563 Gornaio
2934 2510 2994 2578 1'.
3036 2507 3095 2563 8.
3123 2508 3324 2564 Giraldi
3357 2511 3424 2566 de
3459 2510 3757 2565 Novomer-

2190 2603 2313 2648 cato
2335 2595 2394 2663 ’ξπ
2424 2595 2480 2649 8.
2510 2595 2752 2667 Stigandi
2792 2596 3018 2666 dapiferi
3042 2598 3101 2667 -ι-.
3137 2598 3195 2652 8.
3227 2597 3444 2654 Henrici
3473 2599 3539 2653 de
3563 2599 3763 2654 Ferre-

2190 2685 2285 2740 riis
2300 2685 2357 2755 '1'.
2376 2683 2432 2738 S.
2454 2685 2589 2740 Bad.
2620 2687 2686 2740 de
2704 2686 2888 2741 Bedon
2905 2688 2965 2757 1-.
2992 2686 3050 2740 8.
3065 2687 3290 2743 Gilberti
3313 2689 3380 2743 de
3398 2690 3765 2757 Mananoth-f.

2189 2774 2247 2829 S.
2279 2775 2537 2830 Bainaldi
2559 2777 2791 2847 jnnioris
2811 2778 3146 2847 eapellani-l:
3178 2778 3235 2832 8.
3263 2778 3487 2847 llilgeri.

2255 2864 2445 2919 Actum
2470 2866 2676 2935 publice
2699 2867 2837 2934 apud
2865 2866 3147 2921 Bodolium
3175 2882 3332 2936 supra
3359 2870 3639 2923 Audenam
3668 2869 3789 2923 ﬂu-

2186 2951 2331 3009 vium
2351 2953 2417 3024 (le
2429 2952 2534 3009 Bec
2552 2953 2835 3025 d’Audéne)
2846 2996 2858 3017 ,
2876 2942 3060 3010 mense
3074 2956 3261 3025 Aprili,
3278 2973 3417 3012 anno
3431 2958 3630 3019 abjnca
3640 2978 3777 3017 rnao

2190 3043 2331 3099 tione
2363 3045 2572 3100 Domini
2588 3045 2744 3114 l066,
2767 3054 3025 3116 regnante
3040 3063 3163 3120 rege
3176 3048 3418 3119 Philippo
3436 3066 3578 3109 anno
3596 3069 3758 3109 nono.

2870 3156 3082 3213 XXXII.

2187 3245 2385 3300 Charta
2408 3247 2540 3317 regis
2560 3246 2847 3334 Anglorum
2870 3248 3128 3332 Willelmi
3149 3251 3299 3334 ‘q‘ua
3323 3232 3540 3334 εε-εέζηὶι
3560 3244 3759 3327 placita

2464 3316 2813 3371 ecclesiastica
2837 3336 2867 3372 a
2889 3322 3062 3375 causis
3082 3316 3313 3377 civilibus
3340 3326 3473 3396 (l3);

2186 3413 2398 3491 (MAN-SI,
2428 3409 2625 3467 Concil.
2659 3422 2699 3467 t.
2721 3411 2973 3491 XX,_co_l.
3014 3416 3240 3491 _60_5,_ex
3269 3421 3414 3491 “cod.
3466 3435 3568 3474 ms.
3596 3436 3763 3491 penes

2255 3485 2374 3538 dec.
2403 3493 2459 3538 et
2487 3498 2626 3551 cap.,
2654 3485 2790 3538 eccl.
2821 3485 3049 3541 Cathed.
3077 3489 3135 3543 S.
3152 3487 3297 3541 Pauli
3325 3485 3781 3563 Londoniensis.)

2256 3573 2612 3638 WILLELIUS,
2650 3573 2739 3628 Dei
2769 3576 2941 3644 gratia
2966 3593 3058 3633 rex
3088 3577 3403 3647 Anglorum,
3432 3581 3494 3635 Β.
3530 3583 3763 3637 Βυωκο

2187 3680 2272 3727 no,
2304 3674 2361 3721 et
2383 3665 2450 3722 G.
2481 3667 2547 3722 de
2570 3664 2943 3732 MAGNAVILLA,
2994 3675 3048 3722 et
3080 3667 3140 3721 P.
3187 3670 3255 3724 de
3285 3669 3569 3738 VALom-zs,
3596 3686 3756 3729 caue-

2187 3758 2369 3828 risque
2391 3758 2527 3814 meis
2576 3758 2824 3815 ﬁdelibus
2851 3759 2917 3813 de
2944 3760 3111 3815 Essex
3141 3770 3197 3817 et
3222 3760 3660 3821 Hertfordsehire
3702 3775 3769 3820 et“

2185 3850 2252 3906 de
2274 3850 2601 3915 Middlesex,
2618 3851 2868 3907 salutem.

2214 3984 2215 3987 η
2256 3939 2461 3996 Sciatis
2495 3956 2590 3997 vos
2648 3957 2844 3998 omnes
2865 3952 2920 3998 et
2965 3942 3147 4000 caueri
3176 3945 3281 4000 mei
3341 3946 3545 4013 ﬁdeles,
3574 3948 3665 4018 qui
3702 3949 3777 4004 in-

2185 4029 2376 4101 Anglia
2406 4041 2643 4098 manent,
2692 4033 2836 4101 quod
2880 4033 3210 4104 episcopales
3258 4035 3428 4107 leges,
3481 4052 3603 4106 qua:
3653 4056 3775 4094 non-

2186 4120 2347 4187 bene,
2377 4136 2477 4177 nec
2504 4121 2800 4177 secundum
2839 4132 3148 4179 sanctorum
3171 4140 3436 4181 canonum
3467 4139 3759 4198 praecepta,

2189 4228 2361 4284 usque
2390 4214 2456 4269 ad
2483 4229 2601 4270 mea
2626 4224 2868 4285 tempora
2901 4216 2955 4269 in
2982 4230 3148 4287 regno
3180 4216 3479 4288 Anglorum
3511 4218 3752 4284 fuerunt,

2188 4308 2464 4363 communi
2488 4308 2738 4373 consilio,
2768 4316 2823 4362 et
2853 4307 3086 4363 concilio
3124 4310 3673 4381 archiepiscoporum,
3704 4321 3767 4367 et

2188 4399 2583 4469 episcoporum,
2640 4406 2696 4452 et
2744 4398 3020 4462 abbatum,
3077 4408 3133 4452 et
3182 4401 3422 4453 omnium
3454 4401 3763 4471 principum

2115 4464 2162 4520 D
2190 4464 2339 4561 regni
2369 4464 2497 4553 inci,
2526 4489 2887 4545 emendandas
2902 4488 3164 4559 judicavi.
3198 4464 3487 4561 Propterea
3536 4464 3758 4557 mando,

2183 4592 2240 4639 et
2267 4582 2414 4653 regia
2445 4580 2770 4636 auctoritate
2809 4581 3083 4650 praccipio,
3136 4593 3197 4637 ut
3248 4582 3427 4638 nullus
3448 4584 3757 4654 episcopus,

2186 4673 2270 4729 vel
2321 4673 2757 4737 archidiaconus,
2805 4671 2874 4727 de
2932 4670 3142 4742 legibus
3195 4673 3588 4744 episcopalibus
3638 4689 3761 4728 am-

2186 4763 2328 4836 plius
2354 4765 2406 4820 in
2436 4762 2683 4819 Hundret
2711 4763 2910 4834 placita
2946 4773 3204 4829 teneant;
3235 4779 3332 4820 nec
3370 4779 3771 4834 causam,”

2181 4859 2249 4915 ad
2306 4858 2544 4928 regimen
2595 4858 2898 4914 animarum
2949 4859 3202 4930 pertinet,
3249 4856 3316 4918 ad
3347 4858 3608 4934 judicium
3658 4874 3760 4913 se.

2182 4948 2450 5005 cularium
2497 4948 2775 5006 hominum
2822 4952 3135 5019 adducant;
3180 4956 3273 5010 sed
3321 4957 3629 5028 quicunque
3667 4972 3759 5013 εει

2182 5043 2423 5103 cundum
2448 5046 2784 5116 episcOpales
2814 5045 2974 5118 leges,
3014 5049 3081 5104 de
3119 5065 3443 5122 quacunque
3471 5068 3633 5108 causa
3655 5055 3769 5109 'vel‘

2181 5137 2334 5170 tan-lno
2381 5137 2752 5170 ἶηιιιιιηηηιιιηο
2807 5139 2961 5170 ἢδη-31
3031 5143 3097 5170 ΑΛ
3134 5141 3329 5170 ιλιι-...ι’
3359 5160 3510 5170 κη-..
3552 5147 3616 5170 -..1
3645 5147 3745 5170 ι--
