4040 5314
319 230 461 286 I373

924 227 1296 286 DURANDUS
1332 230 1556 288 ABBAS
1592 229 2099 288 TROARNENSIS.
2133 259 2202 272 --
2235 228 2516 288 NOTITIA
2551 226 2940 285 HSTORICA.

3431 226 3570 284 ιτς-ιι

321 352 447 402 dum
501 344 772 412 llundret,
819 348 912 399 sed
963 349 1553 400 secundtlm'cununes
1595 357 1653 400 et
1686 345 1894 414 episco-
1923 350 1971 407 Α
2001 354 2173 400 teram
2219 345 2364 400 enim
2411 343 2622 398 illorum
2673 343 2766 414 qui
2811 356 3026 397 causam
3069 343 3349 404 noverant,
3384 355 3575 394 narra-

325 436 481 506 palcs
511 435 676 504 leges,
705 444 760 488 et
794 442 1002 489 rectum
1035 435 1148 489 Deo
1191 442 1245 488 et
1271 435 1527 505 episcopo
1571 450 1669 490 suo
1711 433 1892 489 faciat.
1942 463 1946 470 -

327 526 385 580 Si
410 537 540 578 vero
569 523 788 592 aliquis,
839 538 936 593 per
961 523 1267 593 superbiam
1307 522 1503 588 elatus,
1535 524 1602 578 ad
1628 523 1896 593 justitiam

322 611 688 684 episcopalem
723 611 910 666 venire
955 610 1362 681 contempserit,
1413 622 1468 666 et
1519 612 1772 677 noluerit,
1803 627 1898 666 vo-

319 711 476 758 cetur
502 700 690 767 semel,
743 708 796 755 et
841 700 1099 765 secundo,
1144 709 1199 754 et
1249 699 1454 757 tertio:
1500 702 1644 772 quod
1699 701 1743 756 si
1794 715 1895 755 nec

321 790 403 844 sic
461 790 532 844 ad
584 787 1304 853 emendationemrenerit,
1349 789 1891 854 excommunicetur;

321 888 376 932 et
405 879 448 932 si
478 893 614 948 opus
641 877 806 933 fuerit
836 877 904 930 ad
943 877 1044 932 hoc
1082 877 1492 944 vindicandum,
1536 878 1795 934 fortitudo
1839 885 1895 932 ct

315 966 526 1036 justitia
558 966 700 1038 regis
732 965 814 1020 vel
868 965 1207 1020 vicccomitis
1245 967 1608 1022 adhibeatur:
1661 965 1754 1022 llle
1799 982 1896 1020 au-

324 1067 430 1111 tem
458 1058 550 1126 qui
598 1064 824 1110 vocatus
870 1055 938 1109 ad
981 1053 1252 1123 justitiam
1297 1056 1534 1126 episcOpi
1579 1057 1762 1111 venire
1807 1071 1896 1110 no-

321 1147 500 1214 luerit,
537 1163 635 1218 pro
692 1161 1019 1217 unaquaque
1065 1148 1350 1203 vocatione
1394 1149 1564 1218 legem
1615 1149 1893 1219 episcopa-

319 1237 423 1292 lem
452 1237 780 1293 cmendabit.
809 1238 918 1292 Hoc
940 1238 1104 1292 etiam
1153 1238 1407 1306 defendo,
1453 1248 1509 1296 et
1553 1255 1674 1295 mea
1703 1247 1893 1294 aucto-

319 1328 829 1393 ritate'interdico,
872 1344 942 1384 ne
994 1328 1134 1384 ullus
1185 1329 1489 1384 vicecomes
1540 1338 1629 1384 aut
1686 1345 1892 1400 praepo-

319 1418 481 1483 situs,
513 1432 606 1472 seu
641 1417 891 1474 minister
938 1417 1102 1488 regis,
1147 1431 1246 1473 nec
1277 1417 1468 1488 aliquis
1504 1418 1670 1474 laicus
1702 1420 1886 1481 homo,

319 1510 385 1563 de
422 1509 631 1576 legibus
675 1524 794 1578 qua:
843 1510 910 1562 ad
943 1510 1253 1580 episcopum
1287 1511 1583 1579 pertineant,
1631 1526 1690 1566 se
1723 1511 1895 1567 intro-

318 1601 499 1654 mittat
538 1616 553 1666 ;
616 1615 715 1653 nec
747 1597 945 1668 aliqttis
994 1598 1167 1675 laicus
1204 1600 1364 1656 homo
1406 1600 1568 1654 alium
1621 1599 1890 1654 hominem

2001 435 2146 489 tione
2193 443 2513 503 suggerente
2558 431 2985 500 przchcndarium
3022 444 3121 499 pro
3170 430 3271 484 hoc
3311 428 3576 482 beneficio

1997 525 2051 580 in
2083 525 2396 578 memoriam
2441 523 2611 576 nostri
2649 521 2824 576 debite
2870 521 2974 575 illis
3014 521 3294 574 interesse.
3328 517 3481 573 Unde
3509 534 3576 573 ne

1998 625 2181 672 nostra
2239 614 2578 671 confirmatio
2631 612 2858 683 alicujus
2915 611 3216 665 futurormn
3275 609 3576 665 temeritate

1996 718 2327 773 cassaretur,
2377 717 2428 762 et
2487 721 2584 760 nos
2636 704 2887 759 meritmn
2942 702 3353 765 amitteremus,
3416 699 3580 770 hujus

1997 799 2300 854 testamenti
2339 797 2542 851 litteras
2582 793 2926 848 conscribere
2962 791 3205 844 fecimus.
3241 788 3433 843 Actum
3467 790 3571 842 hoc

1997 904 2138 943 anno
2161 886 2451 943 Dominicae
2478 883 2866 940 incarnationis
2890 881 3044 946 1047,
3065 880 3202 948 apud
3225 877 3574 947 Argeatulum

1997 995 2053 1036 ιιι
2092 978 2210 1032 Kal.
2247 977 2584 1033 Novembris.
2632 973 2801 1042 Hujus
2876 971 2954 1027 rci
2998 979 3162 1025 testes
3204 977 3331 1022 sunt
3371 967 3573 1033 idonei,

1997 1069 2424 1139 Storinstingus,
2468 1065 2771 1121 Richardus
2827 1065 2968 1118 filius
3021 1063 3167 1131 ejus:
3220 1063 3332 1116 Yvo
3376 1063 3440 1114 de
3479 1060 3576 1115 Bc-

1996 1163 2185 1227 lismo;
2219 1160 2477 1216 Aruulfus
2509 1174 2672 1230 nepos
2703 1158 2838 1232 ejus,
2865 1155 3125 1210 Rudulfus
3158 1154 3326 1208 Taxo.

2660 1248 2900 1304 XXXIV.
2954 1255 2960 1260 '

1995 1345 2191 1402 Charta
2230 1341 2482 1398 Willelmi
2520 1339 2806 1409 Anglorum
2853 1340 2984 1409 regis
3021 1355 3115 1406 pro
3154 1336 3352 1407 .llajori
3396 1351 3579 1389 "cnna-

2537 1408 2694 1466 sterio
2723 1409 2778 1464 S.
2817 1408 3054 1462 Martini.

2376 1503 2625 1574 (Dawn,
2656 1499 2859 1553 Miscel.
2889 1497 3000 1560 Vll,
3030 1499 3182 1567 227.)

2065 1596 2330 1652 Omnibus
2353 1593 2456 1646 hoc
2487 1601 2672 1644 notum
2718 1588 2833 1642 ﬁeri
2871 1589 3122 1641 volumus
3159 1603 3250 1656 qnl
3290 1584 3486 1639 futuris
3523 1584 3575 1638 id

321 1689 439 1743 sine
461 1687 674 1757 justitia
719 1688 956 1758 episcopi
1013 1687 1080 1742 ad
1125 1688 1389 1759 judicium
1441 1689 1670 1742 adducat
1699 1707 1711 1741 :
1747 1687 1893 1755 jndi-
1927 1692 1968 1749 Β
1997 1698 2123 1745 sunt
2150 1685 2384 1741 audituri
2425 1680 2777 1750 temporibus,
2805 1679 2947 1747 quod
2984 1693 3084 1748 ego
3112 1677 3413 1732 Willelmus
3449 1691 3574 1746 gra.

286 1846 288 1848 τ
317 1780 462 1834 cium
500 1795 628 1834 vero
656 1780 708 1834 in
743 1780 888 1832 nullo
920 1779 1040 1834 loco
1069 1789 1333 1849 portetur,
1383 1780 1484 1834 nisi
1520 1780 1572 1834 in
1600 1779 1890 1850 episcopali

318 1871 468 1935 sedc,
501 1881 596 1922 aut
623 1869 675 1923 in
708 1868 800 1924 illo
830 1867 950 1924 loco
986 1884 1147 1938 quem
1193 1869 1478 1938 episcopus
1509 1870 1576 1924 ad
1614 1868 1716 1924 hoc
1760 1883 1892 1923 con-

319 1960 602 2016 struxerit.

979 2049 1210 2104 XXXI".

389 2141 584 2195 Charta
619 2139 870 2195 Willelmi
897 2139 1184 2211 Anglorum
1218 2140 1348 2210 regis
1383 2157 1476 2211 pro
1511 2141 1824 2194 nionasterio

932 2209 993 2264 S.’
1025 2209 1279 2264 Richarii.

601 2303 702 2375 (Ex
735 2302 1022 2373 Spicilcgio
1048 2303 1340 2366 d'Aannr,
1361 2301 1450 2366 ιν,
1480 2303 1627 2372 574.)

387 2395 445 2450 1η
486 2397 704 2452 nomine
743 2403 945 2450 sancta?
985 2403 1038 2449 et
1079 2394 1364 2448 individua:
1403 2394 1702 2452 Trinitatis.
1734 2393 1901 2451 Gen.-

317 2504 551 2552 uzutus,
601 2488 774 2559 gratia
821 2487 918 2543 Dei
969 2485 1401 2549 Nortnannorum
1457 2488 1594 2553 dux,
1649 2489 1924 2552 omnibus

318 2579 599 2635 catholica:
626 2579 881 2635 Ecclesia:
924 2578 1070 2644 filiis,
1113 2578 1311 2649 quibus
1339 2588 1422 2634 cst
1451 2595 1578 2634 cura
1624 2581 1818 2635 animae
1845 2589 1900 2634 et

321 2672 587 2744 corporis.

388 2766 646 2835 Cupimus
709 2775 892 2820 notum
959 2764 1073 2820 fieri
1130 2765 1277 2819 omni
1337 2765 1532 2820 futura:
1595 2767 1896 2836 posteritati

317 2856 588 2927 quomodo
612 2855 896 2911 ecclesiam
925 2855 1364 2912 Scamelli-Villze
1389 2873 1487 2927 pro
1509 2857 1680 2914 salute
1705 2859 1898 2914 anima:

318 2961 454 3002 meae
500 2945 558 3001 8.
604 2945 860 3000 Richario
909 2955 1167 3016 perpetuo
1213 2946 1513 3002 habendam
1568 2948 1897 3003 ﬁrmaverim

1996 1783 2067 1836 tia
2084 1779 2174 1833 Dei
2191 1778 2620 1832 Nnrmannorum
2641 1785 2841 1833 comes,
2865 1784 2961 1841 pro
2979 1769 3212 1824 remedio
3233 1769 3425 1822 anima:
3447 1779 3578 1821 meae

1993 1878 2383 1941 parentumque
2406 1879 2670 1927 meorum,
2690 1863 2856 1931 patris
2883 1860 3115 1914 maxime
3135 1868 3188 1913 et
3211 1858 3397 1913 matris
3424 1873 3576 1922 mete,

1995 1979 2093 2018 nec
2111 1977 2214 2017 non
2239 1961 2398 2014 etiam
2416 1957 2596 2012 uxoris
2617 1971 2748 2009 meae
2768 1953 3148 2020 hmredumque
3170 1966 3433 2014 meorum,
3447 1965 3578 2004 con-

1995 2055 2126 2109 cedo
2147 2052 2268 2122 jure
2295 2057 2551 2120 perpetuo
2572 2047 2681 2100 Dco
2713 2054 2765 2100 et
2801 2053 2990 2098 sancto
3018 2043 3270 2106 Martino,
3302 2040 3581 2096 monachis

1995 2146 2200 2200 scilicet
2222 2143 2308 2212 qui
2334 2141 2474 2210 apud
2502 2139 2672 2210 Majus
2692 2137 3080 2191 monasterium
3106 2136 3204 2189 sub
3235 2135 3455 2189 Alberto
3484 2132 3580 2185 ah-

1998 2235 2121 2290 bate
2158 2233 2267 2288 Dco
2315 2230 2661 2291 deserviunt,
2700 2217 2796 2298 per
2835 2241 3005 2280 annos
3054 2225 3296 2294 singulos
3343 2223 3578 2293 linguam

1998 2326 2266 2394 integram
2310 2321 2528 2376 balanus
2574 2320 2760 2383 unius,
2805 2318 2919 2372 sive
2971 2316 3132 2370 etiam
3173 2311 3580 2369 successoribus

1998 2430 2184 2470 eorum
2214 2411 2499 2468 abbatibus
2527 2418 2581 2464 et
2611 2408 2890 2464 monachis
2924 2407 3012 2476 qui
3046 2407 3098 2460 in
3135 2402 3462 2458 monasterio
3490 2399 3582 2454 illo

1998 2507 2092 2562 Dei
2134 2505 2359 2561 servitio
2405 2502 2686 2558 militaturi
2736 2493 2881 2566 Sunt,
2925 2500 2980 2554 in
3018 2499 3276 2554 comitatu
3311 2493 3580 2549 Constan-

2000 2599 2134 2664 tino,
2161 2597 2299 2666 apud
2332 2595 2511 2649 villam
2541 2592 2876 2662 Valongiam,
2910 2591 3010 2645 sub
3042 2588 3323 2660 prmsentia
3360 2585 3578 2640 testium

1999 2703 2226 2759 quorum
2272 2685 2496 2740 inferius
2541 2684 2844 2753 subscripta
2888 2691 3013 2736 sunt
3061 2679 3302 2735 nomina.
3343 2676 3582 2743 Quicun-

1999 2795 2104 2849 que
2131 2792 2258 2832 vero
2287 2776 2684 2846 cleemosynam
2717 2775 2855 2828 hanc
2884 2772 2966 2825 vel
3006 2771 3163 2834 meis,
3197 2768 3277 2822 vel
3311 2765 3581 2821 haeredum

2001 2883 2243 2922 meorum
2310 2865 2645 2936 temporibus
2707 2863 3032 2917 subtrahere
3091 2867 3280 2913 sancto
3355 2853 3584 2909 Martino

2000 2958 2252 3022 voluerit,
2284 2965 2339 3011 ct
2367 2957 2480 3025 ipse
2520 2953 3040 3012 excommunicctur,
3071 2958 3126 3004 et
3153 2947 3360 3002 nullum
3389 2944 3587 2998 habeat

317 3053 544 3093 censura
576 3038 915 3094 auctoritatis
951 3048 1166 3093 nostrae.
1199 3038 1331 3093 Cum
1365 3040 1789 3094 calumniaretur
1821 3040 1888 3093 ab
1923 3043 1966 3104 (ἶ
2000 3049 2116 3118 ejus
2141 3056 2367 3104 conatus
2393 3046 2666 3108 eﬂ'ectum,
2694 3053 2772 3107 ut,
2795 3042 2918 3096 dum
2937 3040 3145 3095 stabilis
3171 3037 3330 3091 fuerit
3353 3034 3586 3089 ειθθηιο-

320 3131 592 3185 :bbatissa
632 3129 842 3183 \‘illaris
870 3129 1204 3192 monasterii,
1241 3138 1297 3182 et
1338 3129 1405 3183 ab
1449 3130 1641 3184 abbate
1675 3129 1896 3184 fuissem

318 3236 614 3282 conventus
658 3223 966 3279 monasterii
1002 3222 1059 3278 8.
1094 3221 1352 3287 Richarii,
1393 3220 1628 3277 Gervino
1659 3222 1893 3289 nomine,

320 3333 537 3372 causam
580 3317 738 3387 hujus
768 3316 964 3385 negotii
997 3316 1111 3386 ipso
1141 3315 1330 3368 eodem
1359 3329 1542 3369 coram
1577 3312 1899 3384 primatibus

318 3410 482 3464 curia:
520 3425 653 3463 mea:
680 3407 1000 3478 explicantc,
1025 3405 1126 3461 sibi
1157 3404 1280 3475 jure
1313 3414 1620 3475 competere
1651 3413 1895 3459 anteces-

315 3515 500 3558 sorum
529 3514 769 3555 meorum
795 3499 1104 3562 donatione,
1121 3495 1326 3566 judicio
1345 3511 1530 3550 eorum
1555 3495 1898 3558 decernente,

322 3592 413 3646 tali
450 3601 635 3645 tenore
679 3589 909 3654 reddidi,
938 3591 1062 3643 data
1104 3589 1324 3659 insuper
1359 3587 1691 3642 credulitatis
1726 3586 1900 3657 gratia

321 3679 440 3737 mea
470 3683 571 3739 title
602 3691 660 3734 ut
689 3680 943 3749 deinceps
979 3678 1078 3734 sub
1121 3693 1238 3733 mea
1281 3675 1635 3732 advocatione
1671 3674 1896 3729 liberam

321 3781 527 3827 teneret
563 3771 703 3829 sicut
731 3780 1014 3842 acceperat
1042 3788 1071 3824 a
1103 3785 1223 3826 meo
1263 3783 1365 3824 avo
1392 3775 1442 3824 el
1476 3775 1649 3838 patre.
1687 3767 1896 3822 Adver-

2003 3155 2136 3210 syna
2184 3152 2328 3203 mea,
2367 3145 2624 3206 perpetua
2677 3134 2840 3187 etiam
2883 3132 2976 3185 fiat
3021 3130 3073 3184 in
3125 3124 3454 3184 monasterio
3492 3123 3585 3177 illo

2004 3231 2265 3288 memoria
2305 3245 2446 3285 mea.

2076 3321 2134 3376 S.
2159 3318 2418 3374 Willclmi
2447 3317 2682 3373 comitis.
2716 3316 2774 3372 8.
2805 3315 2959 3370 Nielli
2985 3311 3337 3369 ricecomitis.
3363 3308 3424 3364 8.
3453 3308 3586 3364 Mai-

2003 3410 2164 3467 nouis
2189 3410 2255 3464 de
2282 3407 2549 3479 Filgeriis.
2577 3406 2633 3462 8.
2659 3406 2916 3461 Richardi
2945 3404 3037 3460 lilii
3062 3401 3361 3460 Tarentini.
3389 3399 3447 3455 S.
3482 3398 3588 3452 Ra-

1988 3501 2142 3557 ‘dulli
2175 3499 2432 3556 Taxonis.
2463 3497 2520 3554 8.
2551 3497 2755 3553 Giraldi
2805 3494 3198 3552 seneschalchi.
3239 3492 3297 3547 S.
3338 3489 3586 3548 Rotberti

2011 3591 2106 3647 ﬁlii
2143 3589 2382 3660 Georgii.
2431 3586 2490 3643 8.
2522 3587 2763 3657 llugonis
2810 3585 3068 3641 Britonis.
3109 3583 3168 3639 8.
3201 3579 3447 3639 Tetbaldi
3488 3577 3586 3633 filii

2007 3681 2272 3739 Bernerii.
2300 3679 2360 3737 8.
2388 3679 2628 3750 Rotgerii
2655 3680 2722 3736 de
2749 3686 2931 3735 monte
2955 3675 3246 3735 Gomerici.

337 3888 3578 3941 LW

337 3935 580 3948 ——..

1497 4000 1668 4044 ANNO
1713 3999 1945 4043 DOMINI
1993 3998 2343 4058 MLXXXYIII

1319 4115 2612 4289 DURANDUS

1139 4370 1578 4492 ABBAS
1719 4367 2752 4504 TROARNENSIS.

1311 4633 1822 4730 NOTITIA
1917 4629 2607 4725 HISTORICA.

965 4783 1286 4854 (Guttam,
1328 4785 1567 4844 Veterum
1598 4786 1821 4843 Patrum
1861 4783 2210 4851 Bibliotheca,
2261 4791 2301 4837 t.
2333 4781 2474 4848 XIV,
2513 4777 2728 4850 Proleg.
2758 4791 2814 4849 p.
2847 4773 2947 4844 Ix.)

398 4961 688 5019 Durandus
716 4961 784 5017 ab
807 4961 1032 5018 infantia
1055 4935 1465 5022 Fiscamnensis
1520 4931 1840 5032 monachus,
1873 4964 2082 5022 ordinis
2111 4965 2170 5020 8.
2201 4961 2514 5032 Benedicti,
2534 4930 2685 5032 ⁸ιιιοι
2736 4960 2945 5032 primus
2996 4952 3359 5032 Troarnensis
3403 4953 3601 5032 abbas,

327 5031 380 5108 in
406 5032 752 5108 monasterio
783 5032 1376 5108 ditecesisoBajocensis
1420 5049 1610 5108 recens
1654 5028 1884 5108 fundato
1913 5052 1944 5090 a
1993 5034 2231 5108 Rogerio
2278 5031 2476 5086 comite
2533 5029 3081 5108 Montgomericensi,
3133 5028 3611 5108 coA'etaneus-At‘igt

325 5099 562 5184 Fulberti
592 5099 956 5184 Carnot‘ansis,
984 5091 1149 5170 ψιεηῖ
1166 5091 1256 5163 ..ιε
1299 5091 1546 5184 temporis
1580 5091 1883 5184 episcopum
1913 5091 2174 5184 appellat,
2204 5117 2471 5184 quemque
2500 5091 2715 5156 obiisse'
2730 5109 2950 5182 constat
2990 5091 3138 5184 anno
3158 5091 3604 5184 Ettrigli

327 5169 542 5228 Librum
566 5171 783 5239 scripsit
806 5172 897 5244 De
927 5169 1155 5241 corpore
1198 5184 1256 5232 et
1312 5169 1577 5244 sanguine
1607 5169 1819 5232 Domini
1868 5169 2057 5234 contra

2106 5165 2528 5242 Beréngarium,
2566 5186 2729 5242 quem
2759 5171 2814 5226 in
2853 5187 3053 5229 novem
3080 5173 3269 5241 partes
3295 5165 3610 5240 distribuit,

324 5253 630 5305 exaratum:
655 5248 714 5295 ιιι
756 5242 1012 5306 creditur.
1052 5260 1194 5304 anno
1231 5243 1395 5300 1060.
1418 5241 1575 5303 Dbiit
1607 5253 1742 5305 satis
1768 5247 1957 5314 plenus
1981 5245 2196 5304 dierum
2233 5241 2377 5297 anno
2404 5241 2565 5298 l088.
