4040 5314
255 250 402 303 -ςδπ

1152 243 1358 298 LIBER
1397 243 1485 300 DE
1522 240 1847 301 CORPORE
1882 241 1968 298 ΕΤ
1993 239 2676 301 SANGUINE'CHRISTI.

3369 247 3529 303 1373

265 356 522 430 perennis
549 363 810 426 reportat.
853 353 974 422 ipse
1007 369 1240 424 namque
1270 355 1482 408 virosus
1509 353 1704 423 anguis
1751 367 1847 408 an-
1873 353 1923 414 Λ
1951 352 2138 408 orbem
2164 361 2321 408 terrae
2357 353 2695 424 praedicatio,
2723 354 2904 411 inanis
2954 357 3117 412 etiam
3145 359 3400 416 Ecclusiaz
3436 375 3530 416 ca-

269 453 419 520 tiqua
457 447 764 504 mortalium
787 447 985 517 pestis,
1011 445 1103 515 qui
1141 461 1237 515 per
1262 461 1390 500 vasa
1437 461 1548 500 sua:
1571 445 1848 514 deceptio-

260 543 355 597 nis
381 549 567 610 aptata
595 539 648 594 in
679 537 979 602 interitum,
1031 535 1365 591 multiforme
1409 535 1694 606 pravitatis
1732 535 1846 588 ha:-

277 630 462 686 rctica-
493 643 758 684 venenum
790 642 820 682 a
849 625 1145 696 primordio
1194 624 1315 679 fidei
1347 639 1443 695 per
1471 624 1659 679 orbem
1686 620 1845 676 diffu—

275 721 354 776 dit
382 721 714 780 universum.
743 732 889 772 nunc
938 717 1101 770 etiam
1149 730 1245 785 per
1297 712 1541 769 occultos
1592 711 1848 782 nequitia:

262 827 386 868 sure
413 810 678 867 satellites
703 817 759 865 et
805 807 1088 864 ministros
1117 804 1442 863 catholicam
1489 801 1650 857 ﬁdem
1675 801 1848 856 subti-

259 903 395 959 liter
410 911 644 958 conatur
667 900 911 965 eludere.
948 897 1260 966 Christique
1288 894 1612 959 Ecclesiam.
1662 892 1716 948 in
1747 907 1845 950 sua

1950 443 2162 500 tholicm
2205 443 2340 502 ﬁdes
2366 461 2429 509 ac
2461 446 2748 516 professio,
2797 449 2849 502 in
2897 463 3002 518 qua
3031 451 3302 520 pretiosus
3328 461 3528 523 marty-

1949 549 2068 588 rum
2104 535 2465 604 nequidquam
2505 537 2658 598 fusus
2688 546 2774 593 est
2821 555 3004 606 cruor,
3055 540 3369 614 frustraque
3423 544 3528 598 for-

1934 621 2082 674 .tium
2108 621 2260 677 labor
2297 623 2622 684 athletarum
2653 626 2707 682 in
2737 628 2956 688 theatro
2991 631 3197 696 mundi,
3244 633 3361 705 ipso
3405 650 3528 705 spe-

1949 717 2152 778 ctante,
2182 712 2511 782 triumphum
2538 715 2606 768 de
2628 714 2783 772 hoste
2814 719 3113 786 reportavit
3139 737 3154 784 ;
3196 737 3270 792 ac
3292 739 3400 793 per
3425 725 3529 796 hoc.

1947 801 2083 856 nihil
2109 810 2194 858 est
2218 803 2361 873 quod
2379 803 2610 873 agimus,
2639 806 2774 862 nihil
2811 809 3032 870 omnino
3061 812 3203 881 quod
3225 828 3524 882 speramus.

1949 887 2172 946 lliccine
2219 899 2302 945 est
2345 890 2561 948 fructus
2595 893 2750 960 uber.
2782 895 3023 952 haeccine
3071 900 3249 969 opima
3293 919 3526 972 merces,

275 993 509 1048 veritate
557 991 857 1060 antiquitus
895 988 1201 1052 fundatam,
1242 986 1530 1055 exquisitis
1551 992 1729 1039 tentat
1762 1000 1847 1038 ar-
1937 979 2035 1034 eui
2055 981 2522 1038 schismaticorum
2555 984 2836 1054 impudens
2864 989 3091 1046 inservit
3121 991 3406 1050 insolentia
3434 996 3456 1048 ?
3484 995 3531 1052 0

257 1083 538 1154 gementis
564 1081 912 1138 labefactare.
940 1077 1074 1133 Nam
1100 1077 1444 1148 quibusdam,
1470 1091 1611 1129 vana
1640 1076 1848 1144 sapien-
1949 1071 2216 1140 perditum
2249 1072 2658 1134 fundamentum
2686 1079 2702 1132 l
2753 1081 2900 1148 quod
2943 1091 3088 1138 tanta
3130 1086 3379 1154 sequitur
3419 1063 3526 1144 non

263 1175 415 1229 tibus
443 1189 508 1229 ac
531 1187 790 1242 perverse
820 1187 930 1228 non
984 1180 1093 1226 tam
1153 1170 1287 1226 alios
1315 1183 1481 1239 quam
1527 1169 1847 1238 semctipsos
1949 1172 2248 1229 structura.
2282 1167 2376 1222 sed
2406 1168 2580 1224 ruina.
2614 1168 2722 1226 Sed
2741 1171 2883 1226 absit
2910 1174 3238 1232 utCh-ristus
3259 1177 3400 1234 Deus
3421 1194 3529 1235 non

264 1265 690 1334 decipientibus,
717 1262 986 1333 persuasit
1015 1260 1242 1326 sentire,
1299 1268 1463 1329 atque
1491 1258 1702 1314 callidis
1751 1263 1846 1312 tu;
1941 1255 2019 1316 sit
2043 1256 2135 1325 qui
2182 1257 2370 1326 utique
2399 1273 2566 1314 verax
2594 1269 2699 1325 cst,
2753 1263 2878 1330 quia
2914 1280 3102 1320 revera
3155 1267 3297 1323 Deus
3325 1279 3409 1325 est
3437 1289 3448 1323 :
3482 1273 3528 1328 si

260 1354 676 1412 surmtionibus
711 1353 914 1409 sensim
967 1361 1027 1408 et
1069 1351 1282 1407 occulte
1333 1351 1455 1408 aliis
1503 1350 1845 1404 sentiendum
1949 1361 2116 1401 verax
2173 1357 2280 1410 est.
2321 1363 2452 1420 ergo
2503 1352 2647 1419 quod
2705 1353 2824 1423 ipso
2875 1357 3187 1427 porrigentc
3240 1366 3531 1431 accipitur.

260 1445 523 1502 intimare
556 1441 695 1498 nihil
721 1444 776 1499 in
807 1442 1167 1496 sacramentis
1215 1440 1513 1497 Dominicis
1560 1442 1627 1496 ad
1651 1440 1850 1494 verita-
1941 1438 2094 1507 quod
2133 1441 2413 1507 prmhente
2451 1445 2773 1510 comeditur,
2827 1463 3138 1518 quanquam
3195 1453 3410 1511 diverso
3434 1470 3534 1526 pro

273 1544 383 1592 tem
413 1536 553 1600 ﬁeri.
588 1536 682 1590 sed
710 1534 892 1590 omnia
934 1533 1114 1604 potius
1173 1548 1269 1602 per
1309 1532 1534 1603 ﬁguram
1567 1541 1621 1587 et
1653 1531 1846 1587 simili-

273 1628 520 1682 tudinem
545 1629 682 1697 geri.
727 1625 853 1692 Qui.
881 1635 941 1680 ut
989 1639 1053 1680 se
1083 1626 1355 1682 haereseos
1398 1624 1704 1694 suspicione
1737 1623 1848 1679 cal-

263 1715 378 1771 lide
403 1725 604 1772 exuant
632 1730 699 1770 ac
736 1713 1031 1769 Dominicre
1081 1714 1363 1770 sententiae
1417 1726 1718 1783 congruere
1762 1726 1850 1767 os-

275 1805 547 1871 tendant.
603 1806 705 1866 hac
756 1820 815 1860 se
869 1804 1184 1862 calliditatis
1233 1812 1351 1858 arte
1409 1802 1651 1872 palliant.
1686 1812 1852 1872 atque

263 1895 512 1964 profana
553 1895 814 1956 novitatis
873 1897 1066 1964 dogma
1137 1894 1214 1948 ita
1266 1903 1424 1949 tenus
1483 1900 1849 1961 temperantes

269 1987 542 2055 colorant,
590 1997 654 2048 ut
700 1989 974 2046 dicantea
1023 2002 1145 2058 qua
1198 1987 1266 2043 ad
1315 1985 1487 2043 altare
1534 1985 1851 2042 deferuntur

270 2084 426 2153 panis
474 2095 530 2139 et
577 2084 685 2139 vini
718 2099 967 2147 munera,
1012 2091 1137 2154 post
1189 2081 1650 2138 consecrationem
1685 2080 1849 2140 etiam

263 2176 410 2242 quod
449 2173 665 2230 fuerant
696 2188 1037 2244 permanere,
1085 2181 1141 2227 et
1184 2173 1263 2227 sic
1307 2170 1706 2242 quodammodo
1730 2184 1852 2224 cor-

276 2281 376 2334 pus
396 2265 600 2322 Christi
646 2271 701 2320 ct
727 2265 1048 2336 sanguinem
1099 2277 1307 2328 verum,
1361 2277 1468 2318 non
1501 2260 1846 2329 naturaliter.

262 2357 367 2417 sed
392 2357 688 2430 ﬁguraliter
731 2371 870 2413 esse.
924 2356 1075 2426 ipsas
1115 2369 1336 2424 quoque
1384 2353 1718 2408 substantias
1769 2352 1848 2406 tli-

267 2448 409 2503 vinae
433 2447 725 2505 oblationis
775 2447 912 2505 adeo
969 2443 1354 2514 corruptibilcs
1403 2458 1456 2506 et
1498 2457 1849 2511 corrumpen-

265 2548 352 2597 tes
379 2539 613 2595 delirant
653 2553 777 2595 esse
831 2545 1125 2607 quatenus.
1150 2542 1210 2590 et
1242 2535 1294 2590 in
1336 2533 1646 2604 digestione
1693 2547 1848 2590 como

265 2631 510 2686 muniam
561 2630 810 2690 ciborum
882 2629 1102 2700 perire.
1149 2636 1205 2684 et
1265 2627 1500 2696 amplius
1551 2639 1706 2695 aequo
1752 2639 1848 2680 su-

263 2721 870 2792 mentesincrapulam
923 2728 979 2776 et
1019 2718 1303 2776 ebrietatis
1351 2715 1592 2778 furorem
1645 2721 1849 2785 queant

266 2821 498 2872 vertere.

337 2902 444 2959 Sed
468 2912 525 2958 et
543 2903 648 2958 alia
680 2903 930 2974 graviora
981 2901 1112 2957 satis
1157 2899 1434 2969 multoque
1472 2898 1558 2956 his
1603 2897 1844 2968 turpiora

261 2992 511 3052 sontium
539 3000 593 3046 et
622 2993 859 3049 consciis
889 2991 1175 3062 minusque
1207 2991 1477 3059 suspeetis
1506 2988 1846 3050 insusurrare
1873 3023 1919 3086 ε

264 3097 374 3140 non
398 3082 696 3147 desistunt;
725 3098 868 3152 quae,
891 3097 959 3137 ne
986 3082 1159 3138 dicam
1184 3080 1448 3154 proferre,
1471 3093 1656 3134 verum
1683 3078 1844 3136 etiam

263 3171 416 3245 nefas
433 3181 524 3236 est
557 3172 640 3228 vel
679 3173 912 3236 tenuiter
940 3164 1203 3245 cogilare.
1238 3169 1344 3225 Sed
1373 3168 1723 3240 querendum
1749 3184 1843 3222 aro

263 3260 457 3329 bitror,
493 3261 737 3332 talesque
793 3262 1046 3320 doctores
1086 3258 1486 3320 consulendum
1542 3272 1668 3312 reor
1716 3256 1845 3339 quid

266 3353 515 3410 utilitatis
563 3353 756 3409 ell'erat
800 3350 1175 3420 hujuscemodi
1227 3365 1414 3406 eorum
1469 3347 1760 3418 professio,
1791 3347 1845 3410 in

267 3460 371 3514 qua
409 3444 544 3501 nihil
572 3453 848 3510 sanctum,
877 3443 1080 3498 nullum
1131 3457 1358 3512 prorsus
1410 3441 1681 3511 reperitur
1725 3453 1848 3494 sano

264 3536 469 3598 ctitatis
498 3537 776 3599 imitandae
803 3536 1088 3607 vestigium
1119 3551 1135 3600 ;
1159 3534 1255 3592 sed
1293 3533 1477 3596 omnia
1495 3533 1692 3592 insana
1721 3539 1849 3588 sunt

263 3637 321 3684 et
355 3629 550 3699 turpia,
600 3642 980 3698 perversaque
1030 3641 1243 3682 morum
1273 3634 1328 3692 et
1355 3635 1570 3688 actuum
1610 3623 1846 3684 dissilu-

267 3721 395 3775 tioni
417 3719 724 3776 militautia.
747 3718 903 3786 Quod
927 3718 974 3774 si
997 3718 1339 3788 aliquatenus
1362 3715 1669 3778 admittitur
1699 3721 1847 3770 tanta

265 3811 593 3881 perversitas
616 3811 755 3870 utin
784 3809 1084 3876 Dominicis
1110 3807 1389 3879 mysteriis
1419 3806 1565 3870 nulla
1593 3805 1850 3868 credatur

264 3902 488 3967 Veritas,
525 3900 621 3958 sed
644 3899 949 3963 umbratilis
985 3898 1260 3962 duntaxat
1307 3906 1587 3963 astruatur
1613 3895 1847 3962 falsitas,

265 3992 518 4062 quodque
545 3993 896 4063 consequitur
914 3991 1234 4054 earumdem
1252 3996 1719 4060 sacramentorum
1739 3997 1852 4050 tur-

264 4087 351 4157 pis
376 4087 706 4158 corruptela.
731 4087 880 4158 quid.
913 4099 1067 4156 rogo.
1097 4093 1291 4150 restat,
1321 4085 1423 4140 nisi
1455 4091 1515 4137 ut
1546 4088 1654 4147 tota
1700 4079 1850 4152 peri-

267 4177 376 4232 erit
419 4175 771 4250 professionis
791 4175 1122 4238 Cltristiantn
1167 4171 1486 4244 disciplina?
1507 4171 1666 4237 Sicut
1700 4171 1850 4232 enim

266 4269 325 4324 in
351 4269 440 4326 bis
479 4269 684 4328 solidus
739 4267 1021 4329 catholicae
1061 4265 1187 4328 ﬁdei
1218 4267 1372 4334 vigor
1417 4273 1474 4320 et
1519 4262 1710 4326 salutis
1743 4262 1850 4318 ὶιιιρ

1945 1531 2267 1586 meritorum
2293 1531 2598 1590 diﬂ‘ercntia
2629 1537 2809 1601 modo,
2839 1539 3176 1596 Dominicum
3205 1552 3384 1601 tamen
3405 1561 3533 1602 vere

1951 1636 2148 1692 corpus
2201 1635 2316 1692 est,
2364 1626 2508 1696 quod
2559 1627 2826 1684 iternam
2885 1631 3144 1690 duntaxat
3193 1637 3530 1704 puriﬁcatam

1953 1713 2148 1782 aciem,
2199 1716 2312 1786 ipsa
2364 1717 2737 1776 imbecillitate
2783 1723 3113 1779 exteriorum
3163 1726 3427 1783 luminum
3452 1730 3531 1786 fe-

1955 1807 2114 1868 riata.
2144 1808 2199 1863 in
2232 1809 2355 1864 fidei
2379 1811 2597 1882 speculo
2634 1811 2744 1868 alte
2773 1814 2958 1868 rimari
2989 1815 3178 1885 liquet.
3213 1817 3320 1873 Sed
3350 1826 3531 1878 tamen

1945 1901 2189 1958 evidenti
2237 1905 2510 1972 praeconio
2587 1903 2847 1961 Veritatis
2901 1908 3147 1963 moderni
3197 1909 3534 1980 dogmatistae

1948 1995 2405 2066 .responsalesque
2446 1997 2666 2052 Satanae
2717 1998 3081 2070 refragantur,
3122 2009 3174 2056 et
3215 2010 3322 2056 tam
3367 2004 3532 2073 impia

1945 2086 2234 2156 turpiaque
2278 2087 2527 2143 libertate
2569 2091 2860 2144 temeraria
2909 2091 3397 2148 submurmurando
3415 2095 3536 2165 opi-

1947 2188 2150 2234 nantur
2168 2193 2289 2249 quae
2335 2187 2390 2234 et
2432 2179 2600 2250 ipsius
2640 2181 2787 2236 acris
2816 2181 3058 2237 inliciaut
3101 2197 3286 2249 auras,
3319 2184 3529 2254 sibique

1947 2269 2246 2326 faventium
2309 2281 2518 2327 mentes
2569 2273 2842 2328 hominum
2870 2284 3221 2346 corrumpant
3251 2286 3304 2332 et
3345 2277 3528 2333 corda.

1950 2361 2336 2419 Verumtamen
2361 2373 2420 2418 ut
2450 2374 2614 2420 tanta:
2635 2365 2878 2434 perfidiae
2926 2373 3108 2421 notam
3155 2377 3532 2424 eaveanlcon-

1949 2455 2384 2527 futationemque
2414 2455 2638 2512 liberius
2687 2457 3108 2528 subter-fugiant,
3163 2460 3414 2515 omnibus
3444 2460 3530 2514 d3-

1950 2547 2092 2602 vinis
2123 2548 2511 2603 tractatoribus
2559 2549 2894 2603 voluminum
2945 2551 3325 2606 auctoritatem
3373 2552 3530 2606 dero-

1949 2646 2078 2708 gant
2101 2639 2261 2694 beato
2295 2643 2448 2708 papae
2491 2638 2779 2708 Gregorio.
2825 2633 3293 2710 bconihlla-ximo
3342 2649 3521 2697 eteae-

1949 2733 2082 2788 teris
2129 2716 2449 2802 quicunque
2477 2744 2678 2804 pra-ter
2733 2749 2934 2804 paucos
2983 2733 3183 2803 aliquid
3212 2735 3265 2789 in
3301 2735 3530 2790 authen-

1951 2823 2074 2879 ticis
2099 2823 2354 2880 Ecclesiae
2383 2823 2585 2879 “litteris
2607 2823 2921 2878 disserendo
2946 2824 3265 2878 laborarunt

2459 2957 2641 3014 PARS
2681 2955 3016 3014 SECUNDA.

2017 3073 2081 3136 ιι.
2115 3075 2232 3130 Sed
2285 3072 2440 3128 valde
2471 3072 2840 3142 ineompetens
2891 3071 3107 3126 videtur
3151 3080 3208 3127 et
3237 3071 3529 3128 absurdum

1948 3176 2008 3222 t
2033 3165 2226 3235 ahjecti
2257 3165 2548 3234 spurcique
2575 3155 2846 3228 homines,
2886 3162 2976 3231 qui
3019 3177 3194 3231 neque
3239 3163 3527 3218 honestate

1948 3255 2095 3317 vita.
2119 3268 2299 3322 neque
2333 3251 2575 3310 scientia:
2601 3239 2838 3307 utilitate
2882 3249 3099 3316 aliquod
3133 3249 3389 3306 Ecclesiae
3434 3265 3529 3306 ea-

1949 3343 2163 3399 tholicte
2190 3341 2542 3399 contulerunt
2576 3338 3035 3413 emolumentum,
3075 3347 3303 3398 eatenus
3327 3354 3529 3394 conva-

1948 3433 2156 3490 lescant
2186 3441 2245 3494 ut
2301 3441 2379 3492 tot
2415 3429 2690 3490 Patribus.
2719 3437 2881 3496 atque
2929 3427 3268 3494 doctoribus.
3298 3443 3527 3497 quorum

1948 3525 2059 3582 vita
2115 3525 2404 3588 hactenus.
2461 3531 2519 3580 et
2561 3519 2905 3578 institutione
2949 3517 3143 3580 ﬂorere
3195 3519 3531 3590 dignoscitur

1947 3617 2084 3674 ﬁdes
2107 3611 2865 3685 orthodoxa.praetlicatione
2915 3625 3130 3680 quoque
3167 3619 3224 3670 et
3271 3611 3530 3668 instantia

1946 3705 2312 3771 succrevisse.
2331 3713 2498 3774 atque
2515 3703 2573 3763 in
2593 3701 2794 3764 melius
2844 3700 2956 3759 Deo
2982 3700 3313 3772 suifragante
3341 3701 3529 3762 diutini

1950 3796 2268 3869 profecisse.
2301 3796 2536 3858 fructum
2572 3795 2660 3856 sui
2687 3793 2889 3852 laberis
2928 3791 3215 3860 auferant;
3258 3808 3358 3856 nos
3395 3807 3532 3864 quo-

1949 3905 2056 3960 que
2081 3888 2184 3949 sibi
2207 3887 2550 3958 impudenter
2577 3886 2841 3949 inclinent
2867 3894 3028 3957 atque
3061 3899 3161 3942 suo
3206 3885 3378 3942 errori
3407 3900 3533 3956 per-

1950 3996 2105 4038 verse
2131 3980 2427 4052 applicent.
2482 3979 2854 4038 lnconsultum
2911 3978 3264 4056 nihilominus
3293 3993 3418 4042 esse
3465 3977 3530 4032 ti—

1950 4083 2081 4144 quet
2110 4081 2169 4132 ut
2215 4088 2311 4130 eos
2347 4073 2667 4130 deseramus
2719 4084 2948 4139 quorum
2991 4065 3532 4124 doctrinis~instruio

1949 4179 2092 4225 mur.
2128 4172 2332 4220 sanctae
2373 4161 2497 4218 vine
2549 4158 2812 4227 exemplis
2860 4153 3534 4226 informamur.quotidia-

1953 4254 2150 4324 nisque
2177 4250 2458 4323 miraculis
2502 4250 2841 4310 illustrantur
2871 4264 2888 4315 ;
2918 4247 3001 4303 eis
3021 4261 3151 4304 vero
3173 4247 3536 4304 inhazrcamus

267 4375 445 4430 manu:
468 4375 681 4418 summa
701 4358 976 4426 consistit.
1017 4357 1092 4418 ita
1123 4357 1209 4414 his
1263 4353 1532 4425 ademptis
1563 4353 1698 4410 nihil
1719 4367 1844 4416 ειη·
1874 4359 1926 4421 Β
1953 4359 2193 4415 quorum.
2213 4343 2320 4398 vita
2352 4339 2710 4411 despicabilis.
2764 4339 2822 4396 Si
2877 4352 2993 4430 qua
3013 4345 3158 4396 esset
3185 4337 3350 4430 etiam
3386 4345 3536 4394 recte

268 4427 498 4517 eti-tatis.
547 4449 683 4507 nihil
731 4449 913 4506 meriti
961 4446 1227 4518 reliquum
1258 4445 1442 4504 fuerit.
1484 4444 1620 4508 Nam
1667 4445 1714 4500 si
1760 4443 1849 4500 hic
1952 4435 2179 4494 docendi
2207 4434 2491 4506 professio,
2523 4433 2716 4489 meri-to
2743 4431 2882 4487 foret
2910 4429 3032 4484 vilis
3057 4439 3112 4485 et
3135 4427 3378 4518 obnoxia.
3397 4443 3536 4483 cono

268 4542 449 4612 aliqua
468 4539 894 4611 deprehenditur
933 4517 1170 4602 falsitas,
1213 4535 1456 4600 ubinam,
1499 4549 1704 4604 quaso.
1746 4537 1852 4596 erit
1953 4527 2197 4599 temptui.
2222 4524 2330 4587 Sed
2351 4524 2495 4582 enim
2533 4524 2639 4583 hoc
2661 4520 2768 4580 tale
2793 4528 2960 4585 esset.
2991 4533 3075 4612 ac
3097 4518 3145 4578 si
3188 4517 3317 4612 vitae
3341 4531 3540 4573 renun-

267 4606 508 4694 vet-itas?
539 4606 734 4686 Nullus
778 4629 943 4698 igitur
995 4628 1180 4692 timor,
1232 4625 1376 4682 nulla
1399 4625 1455 4688 in
1493 4623 1704 4688 sanctis
1745 4624 1853 4680 erit
1953 4619 2149 4678 tiautes
2192 4625 2420 4676 mortem
2450 4613 2946 4684 amplecteremur;
2991 4608 3170 4665 lucem
3197 4606 3545 4681 abdicantes,

272 4723 416 4788 ultra
473 4720 778 4780 reverentia
815 4736 831 4786 ;
867 4733 1026 4776 nemo
1078 4718 1262 4783 cordis
1295 4716 1639 4782 munditiam,
1690 4729 1851 4780 nemo

269 4814 514 4888 corporis
551 4811 694 4872 colet
728 4810 1186 4876 sanetirnoniam;
1236 4807 1417 4876 omnia
1465 4815 1626 4867 eruat
1679 4808 1853 4868 disso-

269 4905 405 4972 luta,
453 4905 636 4962 omnia
683 4901 843 4973 plane
887 4902 1268 4972 incomposita.
1319 4908 1569 4962 cessante
1623 4911 1854 4960 summae

269 4999 568 5026 Lunata-nsi-
619 4993 902 5026 ᾹῖοηῖηΙῖ-ιη
995 4993 1097 5026 ΝΜ
1163 4995 1176 5026 2

1955 4714 2192 4771 tenebris
2214 4713 2616 4783 implicaremur
2649 4726 2664 4775 ;
2719 4709 3038 4781 abiurantes
3089 4703 3396 4764 veritatem.
3429 4701 3551 4761 fat-

1952 4805 2104 4860 lacite
2131 4818 2325 4860 manus
2346 4798 2740 4870 prteberemus.
2801 4794 2958 4855 Absit
2985 4804 3172 4850 autem
3203 4797 3266 4845 ut
3288 4797 3397 4846 tam
3421 4803 3577 4857 per.

1953 4895 2128 4953 versis
2175 4903 2231 4949 et
2283 4906 2315 4946 a
2344 4887 2582 4948 veritate
2609 4891 2725 4961 ipsa
2772 4893 2986 4944 tantum
3016 4881 3225 4963 aversis
3261 4875 3381 4954 pari
3431 4877 3606 4956 in“,

1955 4983 2406 5026 .mmu-mrndia-
2439 4987 2614 5026 nimia.
2665 4980 2720 5026 in
2745 4987 2936 5026 sancta
2985 4971 3260 5026 Dominici
3313 4983 3636 5026 corpora

995 4993 1097 5026 Non
1163 4992 1440 5026 immo-ila
1514 4990 1646 5026 Πηῖα
1706 4991 1850 5026 anim
