4040 5314
528 341 665 411 1379

1557 326 1857 395 DURANDI
1899 324 2189 387 ABBATIS
2234 328 2721 388 TROARNENSIS
2784 316 2789 321 ’
2864 316 2867 321 ’

3640 313 3769 370 I580

524 461 1133 540 peccatoresjustiﬁeat,
1165 457 1356 527 impios
1379 454 1721 515 condemnat,
1760 463 1859 502 nec
1886 434 2095 500 diversa
2128 434 2173 489 Δ
2204 447 2551 521 proponimus
2604 442 2747 514 quod
2805 456 2871 497 ex
2934 447 3093 493 ιρι-τω
3152 432 3419 490 fructibus
3481 430 3655 500 accipi
3711 426 3791 483 ac

532 536 586 615 in
615 573 696 623 se,
727 569 824 627 pro
849 536 1166 610 meritorum
1192 558 1369 603 tamen
1396 543 1657 615 qualitate
1700 540 1751 593 in
1797 536 1939 592 omni
1972 542 2097 603 pro“-

528 650 786 711 fessioue,
811 646 924 701 sive
948 656 1201 714 persona,
1227 633 1435 693 diversa
1466 632 1809 704 cognoscitur
1829 622 2105 696 operando

532 749 807 811 peragere.
842 732 1027 801 Neque
1046 731 1111 784 de
1135 736 1331 783 caetero
1384 724 1567 779 subire
1594 719 1859 775 credenda
1891 724 1973 770 est
2004 728 2100 768 ctr-

523 801 745 897 iuslibet
770 820 977 888 injuria:
1017 815 1534 877 iucommoditatem,
1562 809 1655 865 sed
1702 807 1882 877 potius
1908 805 1960 857 in
1993 801 2099 871 spi-

530 889 780 973 ritualem
808 909 1020 967 refundi
1048 908 1253 961 virtute
1304 902 1482 957 divina
1513 896 1900 968 operationem.
1948 889 2103 946 Unde

532 1004 794 1076 scriptum
825 1008 908 1056 est
934 1016 954 1053 ι
982 996 1145 1051 Panis
1172 1009 1325 1065 quem
1380 1005 1474 1061 ego
1502 986 1691 1042 dedero
1718 999 1843 1039 caro
1870 997 1983 1036 mea
2027 988 2100 1032 est

530 1110 624 1159 pro
644 1068 836 1147 iurandi
859 1091 987 1144 vita.
1013 1085 1179 1141 Panis
1200 1096 1332 1153 ergo
1351 1093 1482 1136 caro
1507 1085 1609 1141 est,
1639 1074 1763 1146 quia
1814 1072 1927 1141 ipsa
1952 1068 2104 1155 Veri-

534 1195 618 1240 tas
640 1184 771 1241 dicit
797 1200 819 1237 :
851 1180 1013 1235 Panis
1030 1192 1181 1248 quem
1203 1191 1295 1245 ego
1322 1172 1512 1226 dedero
1534 1185 1657 1223 caro
1696 1182 1808 1219 mea
1836 1172 1911 1218 est
1936 1154 2104 1227 {caro

533 1291 664 1333 vero
689 1279 820 1340 vita,
869 1281 925 1327 et
951 1270 1060 1324 vita
1097 1265 1303 1331 mundi,
1339 1279 1444 1319 non
1474 1258 1799 1329 corruptela.
1848 1254 1919 1310 Ut
1961 1252 2104 1306 enim

531 1376 674 1430 Deus
703 1379 757 1426 et
782 1371 943 1425 homo
971 1365 1125 1422 Jesus
1152 1361 1423 1425 Christus,
1455 1356 1673 1427 impleta
1721 1346 2104 1419 redemptionis

532 1466 783 1521 humana:
806 1456 1223 1530 dispensatione,
1248 1467 1277 1506 a
1309 1457 1482 1507 morte
1506 1448 1577 1502 ad
1607 1446 1794 1507 vitam,
1828 1442 1894 1495 ad
1925 1441 2104 1494 incor-

538 1555 844 1627 ruptionem
872 1526 1106 1604 excessit
1134 1560 1163 1599 a
1191 1541 1560 1611 corruptione,
1599 1538 1672 1590 ita
1704 1534 1868 1589 etiam
1894 1530 1995 1584 hoc
2030 1526 2107 1581 di-

533 1623 717 1702 vinum
740 1659 803 1699 ac
818 1640 1041 1699 eteleste
1067 1643 1486 1697 sacramentum,
1521 1644 1626 1684 non
1681 1623 1952 1680 immerito
1980 1633 2101 1675 cre-

533 1736 681 1791 ditur
708 1748 737 1787 a
766 1730 949 1801 specie
995 1724 1190 1782 visibili
1238 1724 1291 1777 in
1329 1721 1383 1775 id
1433 1725 1655 1789 repente
1708 1709 2101 1773 transformari,

2201 553 2361 609 prece
2389 535 2616 608 mystica
2660 545 2857 602 corpus
2893 526 3098 583 Christi
3138 540 3203 580 ac
3231 524 3551 594 sanguinem
3590 531 3764 575 cense

2200 628 2345 684 crari
2400 627 2599 681 dicitur
2652 632 2750 693 per
2800 618 3090 690 quamdam
3146 629 3365 669 manum
3423 611 3689 671 divinam,
3746 621 3776 660 a

2204 719 2375 773 forma
2403 714 2599 772 visibili
2646 709 2992 766 invisibiliter
3017 712 3281 776 Operaute
3314 700 3530 771 Spiritu
3568 707 3774 758 sancto,

2202 809 2306 865 hoc
2333 818 2441 862 tam
2473 817 2728 875 magnum
2776 800 2868 854 ﬁat
2897 804 3297 852 sacramentum
3340 793 3408 846 ad
3450 789 3779 845 iuvisibilem

2202 896 2436 968 speciem
2482 891 2853 948 indubitanter
2886 884 3110 958 perduci
3151 882 3556 953 pronuntiatur,
3591 891 3780 933 revera

2201 966 2347 1043 enim
2392 999 2459 1040 ex
2508 980 2812 1037 visibilibus
2855 986 2909 1032 et
2958 973 3193 1030 terrenis
3239 966 3671 1032 substantiis,id
3698 974 3784 1018 est

2201 1092 2341 1148 pane
2386 1084 2440 1129 et
2466 1072 2594 1127 vino
2643 1084 2781 1139 aqua
2822 1066 3008 1129 miste,
3040 1057 3574 1133 incomprehensibili
3606 1054 3781 1111 sancti

2205 1167 2439 1236 Spiritus
2482 1162 2721 1233 opiﬁcio,
2766 1157 2949 1214 verbis
2990 1167 3208 1225 quoque
3252 1150 3497 1222 mysticis
3534 1156 3784 1203 sanctam

2206 1256 2420 1314 Domini
2451 1268 2648 1323 corpus
2677 1266 2741 1306 ac
2771 1264 2936 1305 verus
2964 1245 3245 1318 sanguinis
3274 1242 3530 1304 elicitur,
3577 1246 3783 1292 mutata

2204 1367 2309 1406 non
2357 1347 2572 1419 specie,
2626 1345 2719 1401 scil
2772 1351 3010 1406 natura;
3066 1353 3193 1394 vere
3237 1334 3595 1391 nihilominus
3642 1331 3787 1385 inter

2203 1456 2395 1497 manus
2434 1436 2810 1493 ministrorum
2839 1432 2907 1487 ad
2939 1429 3263 1487 invisibilem
3306 1424 3545 1497 Speciem
3576 1420 3789 1477 (infesti

2203 1530 2531 1589 commercio
2580 1525 2896 1599 perducitur
2949 1521 3189 1592 ejusdem
3245 1515 3572 1573 sacramenti
3623 1513 3787 1567 etiam

2203 1622 2433 1678 visibilis
2473 1620 2671 1683 forma,
2703 1615 2956 1671 videlicet
2986 1622 3048 1667 ut
3076 1619 3289 1666 tantum
3335 1609 3427 1663 ﬁat
3471 1619 3789 1663 sacramen-

2207 1724 2352 1778 tum,
2405 1711 2457 1766 id
2500 1720 2603 1776 e5t,
2644 1723 2710 1761 ex
2752 1715 2881 1782 toto.
2907 1703 3168 1759 sanctitas
3197 1710 3261 1755 ac
3301 1699 3413 1753 vita
3460 1697 3787 1751 animarum.

535 1826 677 1896 quod
695 1784 843 1877 sellis
868 1820 984 1889 ipse
1008 1815 1175 1878 novit.
1207 1813 1259 1865 in
1275 1817 1511 1881 qucum!
1542 1820 1719 1860 omnes
1762 1798 1995 1855 Μειαιινί
2019 1814 2104 1851 m-
2138 1784 2179 1838 Β
2206 1805 2315 1860 Nec
2357 1811 2416 1857 ut
2453 1801 2608 1872 pravi
2653 1799 2852 1870 quique
2888 1795 3091 1850 audent
3129 1790 3412 1847 delirando
3454 1787 3788 1855 conﬁngere,

533 1887 742 1985 pientite
782 1926 843 1963 ac
864 1887 1093 1963 scientia:
1142 1899 1413 1961 reconditi,
1465 1908 1700 1965 expenso
1726 1889 1980 1945 videlicet
2008 1887 2103 1942 hu-

539 1974 819 2059 iranorum
854 1995 1161 2052 coelestibus
1208 1989 1600 2062 jungendorum
1629 1982 1805 2038 oﬁicio
1830 1980 1963 2034 satis
1993 1974 2103 2032 elﬁ-

536 2093 675 2147 caci.
708 2088 859 2145 Unde
883 2084 1141 2141 Dominus
1172 2099 1184 2134 :
1225 2079 1328 2146 Qui
1371 2075 1653 2130 ruauducat
1682 2086 1850 2125 meam
1870 2082 2102 2127 carnem,

536 2193 583 2237 et
611 2181 733 2234 bibit
756 2193 925 2233 meum
957 2173 1282 2244 sanguinem,
1312 2169 1368 2222 in
1412 2183 1492 2220 me
1519 2174 1713 2229 manet,
1736 2172 1783 2216 et
1825 2176 1919 2231 ego
1946 2160 1999 2212 in
2022 2174 2103 2212 eo.

540 2272 661 2332 Ubi,
689 2277 749 2324 ut
785 2265 993 2323 cunctis
1022 2277 1209 2318 sanum
1253 2257 1585 2330 sapientibus
1622 2260 1866 2323 patenter
1915 2250 2102 2319 liquet,

540 2375 645 2416 non
682 2355 993 2427 digestionis
1039 2349 1370 2411 obscenitas,
1408 2346 1502 2401 sed
1542 2344 1736 2398 divinae
1778 2356 1875 2411 per
1924 2352 2108 2394 sacra-

538 2457 776 2504 neutum
803 2442 1097 2501 mansionis
1117 2439 1507 2510 repromittitur
1532 2434 1806 2504 negotium
1826 2429 2102 2492 ﬁdelibus;

530 2553 603 2595 ac
639 2536 863 2608 proinde
898 2533 1135 2597 divinum
1159 2528 1472 2599 mysterium
1509 2525 1738 2578 ﬁdeliter
1760 2532 1922 2589 atque
1953 2534 2104 2574 com-

539 2635 783 2695 petenter
801 2630 1097 2691 acceptum,
1121 2628 1174 2673 et
1208 2618 1260 2672 in
1295 2618 1344 2670 id
1375 2614 1516 2685 quod
1545 2613 1654 2682 jam
1702 2626 1767 2666 ex
1793 2618 1945 2679 parte
1968 2616 2104 2672 erat,

540 2720 610 2773 ab
636 2732 700 2781 eo
730 2716 869 2786 quod
900 2714 1072 2767 adhuc
1116 2709 1252 2762 visui
1279 2705 1593 2775 subiacebat
1634 2700 1915 2764 exteriori,
1966 2697 2103 2754 divi-

545 2809 692 2863 nitus
720 2821 785 2860 ex
831 2814 943 2859 toto
995 2786 1455 2856 transformatmn.
1513 2793 1850 2850 Sumentium
1895 2803 2108 2859 quoque

541 2900 751 2952 animas
814 2902 1129 2960 mentesque
1189 2888 1493 2942 sanctiﬁcat
1550 2900 1616 2939 ac
1661 2881 1929 2952 provehit,
1979 2879 2111 2935 divi-

547 3003 735 3057 naeque
785 2984 1047 3039 mansioni
1096 2988 1313 3050 coaptat
1350 2989 1403 3033 et
1448 2975 1763 3045 componit;
1806 2989 1869 3027 ac
1919 2972 2110 3026 deinde

544 3096 572 3131 a
613 3086 785 3131 morte
844 3073 908 3128 ad
964 3074 1129 3126 vitam
1180 3070 1525 3124 transformat
1562 3064 1684 3133 jure
1706 3061 1937 3133 potenti,
1971 3061 2109 3115 sicut

546 3172 747 3223 Amtor
780 3166 1017 3238 ejusdem
1065 3163 1305 3219 muneris
1335 3168 1642 3220 attestatur,
1692 3156 1781 3211 ubi
1826 3155 1897 3209 ait
1933 3172 1946 3207 :
2005 3153 2107 3219 Qui
2137 3122 2180 3182 Ο

547 3262 831 3314 mauducat
880 3274 980 3322 me,
1032 3258 1160 3309 vivet
1221 3265 1427 3323 promer
1468 3267 1568 3304 me.
1622 3248 1790 3304 Porro
1831 3245 2109 3300 videamus

542 3356 668 3425 quid
700 3356 887 3407 beatus
914 3349 1245 3420 Augustinus
1290 3328 1478 3401 doctor
1504 3344 1572 3398 de
1618 3343 1720 3397 hac
1753 3338 2109 3395 transforma-

541 3450 685 3499 tione
711 3442 956 3504 senserit,
986 3440 1181 3510 quidve
1212 3439 1263 3491 in
1312 3436 1448 3490 libro
1484 3434 1641 3489 tertio
1672 3432 1752 3487 De
1772 3440 1959 3486 sancta
1989 3428 2112 3483 Tri-

539 3536 706 3588 nitate
745 3542 1029 3586 tractatum
1079 3528 1383 3601 reliquerit.
1444 3527 1500 3581 Si
1551 3540 1698 3595 ergo,
1757 3525 1861 3585 ait,
1913 3520 2112 3576 Paulus

544 3626 863 3698 apostolus,
914 3622 1256 3693 adoptionem
1309 3628 1628 3688 exspectans
1684 3614 2111 3683 redemptionem

543 3718 788 3785 corporis
830 3716 933 3780 sui,
981 3713 1155 3783 potuit
1198 3709 1547 3780 signiﬁcando
1591 3706 1885 3777 praedicare
1932 3701 2116 3757 Domi-

544 3822 673 3861 num
700 3806 880 3860 Jesum
908 3803 1183 3858 Christum
1223 3801 1379 3854 aliter
1408 3813 1505 3869 per
1534 3797 1770 3867 linguam
1811 3809 1986 3859 suam,
2017 3792 2117 3846 ali-

547 3910 629 3952 ter
658 3913 754 3967 per
779 3894 1083 3965 epistolam,
1116 3893 1275 3947 aliter
1313 3908 1407 3962 per
1436 3900 1835 3946 sacramentum
1869 3888 2115 3958 corporis

545 3998 600 4044 et
631 3987 909 4056 sanguinis
957 3985 1093 4055 ejus,
1142 3998 1239 4038 nec
1270 3983 1635 4046 membranas,
1694 3996 1795 4035 nec
1846 3990 2115 4034 atramen-

547 4093 684 4145 tum,
706 4094 805 4134 nec
830 4077 1197 4148 signiﬁcantes
1226 4088 1385 4131 sonos
1408 4073 1589 4144 lingua
1614 4072 1810 4135 editos,
1836 4085 1939 4125 nec
1964 4070 2115 4139 signa

546 4172 848 4225 litterarum
892 4168 1197 4237 conscripta
1243 4163 1537 4235 pelliculis,
1587 4178 1786 4234 corpus
1829 4162 2031 4217 Christi
2064 4169 2117 4217 et

543 4261 867 4331 sanguinem
908 4258 1181 4321 dicimus,
1212 4257 1305 4310 sed
1335 4253 1465 4308 illud
1500 4263 1708 4308 tantum
1736 4252 1878 4322 quod
1909 4266 1973 4306 ex
2008 4251 2120 4305 tru-

542 4352 727 4406 ctibus
753 4357 925 4417 terra:
967 4357 1247 4416 acceptmn
1291 4355 1345 4400 et
1376 4359 1533 4416 prece
1564 4345 1795 4415 mystica
1835 4357 2120 4398 consecra-

2206 1896 2259 1951 in
2306 1893 2622 1964 digestionis
2669 1887 3073 1958 corruptionem
3124 1881 3433 1945 resolvitur,
3474 1876 3571 1932 sed
3615 1875 3791 1944 magis

2203 1992 2259 2048 in
2290 1988 2558 2045 mentibus
2596 1984 2861 2040 utentium
2903 1982 3066 2036 vitam
3114 1976 3449 2043 salutemque
3489 1970 3789 2026 efﬁcaciter

2190 2091 2479 2151 operatur.
2511 2077 2739 2147 Pmpter
2779 2073 2921 2144 quod
2964 2079 3020 2127 et
3066 2068 3401 2136 Redemptor
3443 2069 3653 2124 noster,
3707 2058 3791 2114 sui

2206 2180 2395 2225 auctor
2423 2178 2477 2223 et
2516 2166 2887 2222 sanctiﬁcator
2917 2160 3182 2232 mystcrii,
3216 2158 3269 2211 in
3317 2164 3509 2211 sancto
3546 2152 3797 2220 Evange-

2208 2264 2278 2319 lio
2314 2261 2431 2318 ait:
2482 2280 2498 2312 ι
2537 2259 2594 2314 Si
2631 2259 2753 2328 quis
2794 2253 3203 2312 manducaverit
3234 2265 3297 2305 er
3333 2250 3435 2303 boc‘
3476 2262 3617 2317 pane
3650 2244 3794 2297 vivet

2208 2354 2260 2408 in
2298 2361 2580 2407 aeternum.
2615 2370 2633 2402 ι
2671 2348 2770 2404 Ubi
2811 2362 2932 2403 cum
2968 2359 3160 2416 panem
3197 2341 3372 2402 audis,
3407 2338 3631 2393 minime
3678 2344 3795 2389 tur-

2207 2442 2372 2507 beris,
2418 2456 2519 2496 nec
2563 2438 2820 2494 exteriori
2854 2436 3026 2491 forma
3060 2431 3381 2488 traducaris.
3420 2427 3621 2483 Verum
3669 2441 3792 2496 qua:

2207 2541 2508 2600 sequuntur
2536 2529 2847 2600 diligentius
2877 2524 3119 2589 attende,
3156 2522 3247 2576 ubi
3288 2536 3383 2575 sua
3422 2520 3563 2573 idem
3601 2518 3793 2571 Domi-

2208 2637 2311 2676 nus
2342 2621 2505 2676 verba
2536 2628 2787 2691 patenter
2817 2619 3068 2688 dignatus
3114 2622 3193 2669 est
3236 2611 3554 2681 explanare,
3597 2618 3653 2663 et
3692 2608 3793 2662 sub

2208 2712 2438 2768 visibilis
2469 2712 2549 2767 rei
2586 2712 2809 2767 obtentu
2840 2709 2985 2763 aliud
3017 2706 3149 2762 satis
3180 2705 3338 2774 longe
3364 2702 3562 2758 clarius
3592 2710 3647 2755 et
3680 2715 3793 2753 ma-

2210 2803 2555 2875 gniﬁcentius
2585 2801 2753 2857 voluit
2787 2809 3086 2854 ostentare.
3120 2796 3208 2849 Ait
3239 2794 3426 2848 enim:
3462 2809 3481 2842 ι
3516 2790 3581 2844 Et
3638 2787 3795 2857 panis

2212 2911 2371 2966 quem
2393 2910 2496 2967 ego
2521 2895 2660 2949 dabo
2686 2908 2812 2948 caro
2841 2906 2959 2946 mea
2988 2897 3091 2944 est.
3127 2907 3144 2939 ι
3180 2887 3318 2941 Ecre
3346 2883 3597 2955 qualiter,
3627 2895 3791 2949 quam

2212 2987 2386 3042 lucide
2425 2985 2748 3057 exprimitur
2792 2983 2935 3052 quod
2975 2981 3124 3051 prius
3160 2978 3325 3040 aliud,
3358 2975 3461 3029 hoc
3489 2981 3577 3027 est
3619 2972 3793 3041 panis,

2212 3078 2527 3134 vocabatur.
2576 3078 2714 3133 Caro
2759 3090 2890 3146 ergo
2945 3074 3165 3135 dicitur,
3220 3078 3276 3124 et
3332 3066 3488 3137 panis
3528 3071 3792 3126 vocatur;

2213 3173 2393 3243 panis,
2424 3172 2548 3241 quia
2580 3172 2736 3226 cibus
2765 3178 2872 3233 est,
2905 3166 2987 3221 vel
3020 3172 3240 3236 propter
3269 3159 3680 3217 similitudinem
3720 3156 3797 3210 fo-

2217 3266 2467 3319 rinsecus
2511 3272 2896 3332 apparentem;
2946 3273 3076 3313 caro
3107 3270 3255 3320 vero,
3306 3253 3432 3324 quia
3459 3252 3570 3303 vita
3598 3257 3701 3311 est,
3746 3256 3799 3301 et

2211 3364 2435 3427 propter
2451 3356 2730 3408 veritatem
2750 3352 3076 3406 intrinsecus
3093 3347 3347 3417 dispensa
3360 3342 3499 3397 torie
3515 3341 3797 3394 latentem.

2212 3448 2376 3501 Panis
2418 3445 2563 3499 enim
2596 3444 2813 3505 dicitur,
2844 3456 2911 3495 ne
2937 3440 3297 3495 exhorrescas
3327 3433 3510 3489 statim
3553 3431 3670 3501 ipso
3708 3444 3802 3482 au-

2213 3539 2352 3603 ditu,
2382 3537 2521 3592 sicut
2546 3535 2672 3589 olim
2707 3533 2857 3587 multi
2888 3530 3297 3600 discipulorum,
3330 3526 3396 3580 de
3422 3525 3623 3593 quibus
3659 3522 3795 3578 scri—

2215 3637 2364 3699 ptum
2395 3634 2516 3680 est:
2554 3643 2571 3675 ι
2602 3622 2737 3689 Quia
2786 3620 3040 3674 abierunt
3085 3626 3253 3681 retro,
3297 3622 3351 3669 et
3388 3612 3501 3683 jam
3532 3626 3641 3665 non
3680 3626 3801 3665 eum

2214 3719 2343 3775 Jesu
2390 3716 2767 3778 ambulabant,
2812 3713 3093 3767 dicentes:
3141 3709 3316 3763 Durus
3345 3716 3430 3763 est
3470 3706 3559 3760 hic
3598 3720 3802 3765 sermo,

2216 3813 2337 3882 quis
2365 3817 2541 3881 potest
2581 3822 2705 3861 eum
2736 3803 2960 3859 audire?
2994 3821 3012 3853 ι
3041 3801 3180 3856 Caro
3204 3814 3330 3854 vero
3353 3806 3603 3859 vocatur,
3642 3804 3700 3847 ut
3728 3795 3807 3847 iu-

2216 3900 2405 3954 viteris
2449 3906 2613 3951 tantae
2652 3893 2911 3950 novitatis
2939 3891 3160 3953 intuitu,
3190 3897 3356 3957 utque
3386 3887 3533 3941 intus
3570 3885 3808 3938 trabalis

2218 3989 2552 4061 repromisso
2580 3996 2692 4042 tam
2717 3983 2920 4055 ingenti
2947 3980 3231 4036 beneﬁcio.
3259 3978 3395 4031 Tum
3426 3974 3801 4029 subinfertur:

2220 4080 2328 4136 Pro
2378 4080 2558 4134 mundi
2611 4075 2908 4139 vitarvita
2962 4073 3152 4141 utique
3206 4085 3312 4124 non
3363 4065 3699 4134 corruptela,
3748 4076 3807 4117 ut

2220 4174 2382 4245 impia
2417 4171 2802 4227 moderuorum
2848 4165 3227 4221 luereticorum
3257 4160 3452 4215 asserit
3481 4158 3805 4213 temeritas:

2218 4281 2311 4334 pro
2358 4253 2562 4326 mundt',
2612 4260 2811 4329 inquit,
2856 4258 2981 4311 vita.
3021 4253 3201 4309 Mundi
3247 4252 3465 4323 quidem
3510 4249 3664 4319 prius
3703 4248 3808 4301 imo

2220 4355 2407 4410 mundi
2453 4361 2675 4424 propter
2703 4350 2831 4404 vita:
2862 4355 3135 4417 corruptae
3164 4343 3473 4415 spurcitias,
3518 4355 3584 4394 ac
3618 4338 3811 4393 sordes

550 4455 675 4497 tum
704 4442 808 4496 rite
839 4440 1102 4495 sumimus
1140 4440 1208 4493 ad
1253 4439 1480 4493 salutem
1527 4437 1885 4508 spiritualem,
1920 4438 1970 4490 in
2004 4452 2116 4491 me-
2151 4460 2196 4517 ο
2222 4455 2276 4500 et
2304 4462 2464 4515 opera
2497 4442 2820 4512 iniquitatis,
2850 4440 3045 4509 quibus
3080 4448 3187 4492 tam
3220 4432 3676 4507 praevaricatione
3704 4430 3812 4499 pri-

544 4534 777 4587 moriam
806 4548 904 4602 pro
940 4531 1095 4585 nobis
1128 4529 1422 4584 Dominicae
1470 4528 1755 4599 passionis,
1807 4527 1947 4596 quod
1993 4542 2114 4581 cum

552 4640 647 4695 per
686 4639 879 4678 manus
930 4623 1205 4677 hominum
1236 4621 1303 4675 ad
1341 4621 1487 4675 illam
1529 4620 1851 4675 invisibilem
1884 4619 2116 4690 speciem

548 4720 898 4789 perducatur,
926 4731 1030 4771 non
1061 4714 1427 4771 sanctiﬁcatur
1454 4724 1514 4767 ut
1536 4715 1608 4769 sit
1630 4725 1739 4767 tam
1758 4727 2008 4783 magnum
2032 4727 2119 4765 sa-

554 4815 911 4871 cramentum,
952 4807 1055 4863 nisi
1091 4816 1352 4877 operante
1390 4804 1738 4859 invisibiliter
1768 4802 1971 4873 Spiritu
2005 4802 2115 4856 Dei.

551 4897 684 4951 Cum
732 4895 848 4949 lucc
891 4894 1051 4965 igitur
1094 4893 1275 4947 omnia
1316 4906 1436 4962 qua;
1469 4906 1564 4961 per
1603 4890 1912 4961 corporales
1943 4899 2119 4944 motus

550 4986 608 5024 in
657 4983 749 5024 illo
783 4997 947 5024 ηηο-οιι
988 4983 1117 5024 ﬁunt
1162 4984 1301 5024 Dona
1337 4996 1607 5024 niteretur,
1665 4995 1884 5024 mnvnnc
1932 4980 2118 5024 nrimi-

2220 4539 2290 4592 mi
2321 4537 2561 4607 parentis
2592 4535 2823 4587 humana
2877 4539 3069 4584 natura
3112 4543 3273 4599 quam
3327 4526 3530 4579 vitiatis
3576 4522 3809 4591 originis

2219 4627 2541 4681 necessitate
2588 4623 2903 4677 attaminata
2947 4620 3243 4687 diatimque
3293 4616 3347 4670 in
3398 4615 3642 4669 deterius
3683 4626 3809 4681 pro.

2220 4717 2367 4787 lapsa
2398 4716 2637 4780 sorduit;
2674 4723 2732 4768 at
2764 4712 2877 4782 jam
2910 4711 3147 4783 glorioso
3176 4721 3371 4763 cruore
3394 4704 3626 4769 Christi,
3664 4719 3732 4756 ac
3763 4703 3808 4755 si

2219 4807 2341 4877 agni
2372 4804 2701 4860 immaculati
2730 4844 2746 4869 ,
2786 4804 2838 4858 in
2881 4802 3061 4857 crucis
3085 4798 3331 4854 videlicet
3356 4811 3450 4850 ara
3495 4794 3762 4849 immolati
3790 4833 3805 4857 ,

2220 4898 2406 4953 militis
2450 4897 2636 4951 lancea
2680 4894 2933 4966 profuso,
2979 4892 3045 4947 ad
3095 4891 3313 4962 plenum
3359 4885 3638 4949 mundati,
3678 4885 3811 4952 quia

2222 4992 2361 5024 nmio
2390 4990 2541 5024 nnan
2617 4988 2742 5024 inﬂa
2771 4986 3007 5024 ηνηιιινῖί
3040 4994 3090 5024 al
3126 4982 3327 5024 tri-alin:
3377 4994 3502 5024 nam
3532 4977 3601 5024 de
3640 4976 3810 5024 latere
