4040 5314
222 108 358 167 1581

1146 66 1467 158 ιιΒειιύε
1492 95 1814 155 CORPORIS
1855 96 1942 154 ΕΤ
1971 97 2319 157 SAXGUINE
2337 99 2635 158 CHRISTI.

3347 104 3485 181 4582
3529 180 3537 186 .

225 192 512 295 originalis
559 234 720 291 quam
775 218 1033 284 actualis,
1088 218 1194 274 hoc
1257 215 1532 288 singulare
1586 213 1808 269 remedii
1840 234 1884 290 Α
1918 230 2066 273 mors
2112 216 2426 273 nullatenus
2471 226 2557 274 est
2604 217 2747 273 ultra
2799 217 3138 275 dotniuatura
3168 259 3184 285 ,
3249 235 3348 291 per
3389 222 3491 287 hoc

218 327 405 383 genus
426 310 607 366 divina
625 307 987 376 Providentia,
1002 307 1269 362 humanos
1294 305 1548 359 miserata
1571 315 1806 371 errores,

230 401 579 475 procuravit;
620 400 805 469 sicque
841 399 895 453 in
929 414 1025 454 sua
1052 406 1236 453 sancta
1268 394 1539 459 Ecclesia,
1565 407 1663 463 per
1691 391 1810 445 uni-

223 507 445 549 versum
485 491 673 547 orbem
718 488 873 560 longe
908 486 1022 557 jam
1069 488 1285 557 lateque
1328 483 1552 550 diffusa,
1592 481 1808 537 unicum

214 600 295 641 ac
333 582 571 654 speciale
618 581 854 637 instituit
892 578 1219 636 sacriﬁcium
1257 592 1366 648 quo
1403 585 1458 631 et
1501 576 1643 631 Deus
1694 573 1810 643 ipse

229 676 433 731 mundo
462 672 893 730 misericorditer
922 670 1266 743 propitietur,
1295 676 1350 725 et
1373 666 1619 723 mortalis
1657 663 1811 720 inﬁr-

228 768 393 824 mitas
436 765 769 837 quotidianis
815 779 938 819 eum
985 762 1282 818 sceleribus
1308 760 1594 819 offendens
1619 772 1811 813 recon-

226 858 468 915 cilietnr.
520 858 618 916 Cui
675 857 984 928 quicunque
1039 871 1145 911 non
1175 863 1323 911 recte
1372 850 1641 907 credendo
1669 889 1684 915 ,
1726 847 1809 904 vel

222 953 575 1023 impudenter
603 962 767 1020 atque
803 949 967 1019 impie
1001 943 1427 1017 blasphemando
1462 940 1808 1005 contradicit,

223 1046 432 1101 divinis
470 1062 566 1117 per
605 1044 785 1100 omnia
831 1044 1077 1113 ingratus
1106 1041 1409 1107 beneﬁciis,
1441 1039 1681 1095 ctrlestis
1709 1037 1807 1092 ad-

229 1138 362 1192 itum
409 1136 807 1207 propitiationis
861 1134 1021 1190 saluti
1081 1149 1193 1189 suae
1236 1131 1552 1202 praecludit;
1592 1137 1812 1201 propter

226 1231 372 1299 quod
414 1246 514 1285 nec
550 1230 781 1301 gratiam
834 1227 976 1291 vitae,
1020 1241 1140 1297 qua:
1183 1226 1235 1279 in
1276 1234 1426 1278 tanto
1472 1222 1693 1294 praeﬁxa
1728 1230 1811 1277 est

226 1327 593 1381 sacramento,
636 1317 784 1371 valet
820 1315 1164 1385 aliquatenus
1204 1312 1448 1381 adipisci.
1484 1313 1561 1366 De
1587 1326 1693 1380 qua
1721 1327 1812 1365 su-

226 1411 413 1480 perius
438 1417 652 1464 constat
663 1407 1080 1477 pronuntiatum
1106 1421 1118 1456 :
1146 1402 1311 1457 Panis
1335 1392 1489 1473 queui
1506 1419 1599 1474 ego
1621 1402 1811 1457 dedero

224 1517 351 1554 caro
371 1508 590 1553 men-est
613 1514 706 1568 pro
734 1497 915 1551 mundi
948 1496 1073 1551 vita.

778 1584 959 1639 PARS
1009 1582 1282 1637 TERTIA.

282 1680 367 1734 ,ιιι
440 1679 598 1734 Libet
646 1686 825 1733 autem
873 1676 1067 1731 intueri
1122 1675 1434 1745 diligentius
1481 1673 1625 1744 quod
1681 1688 1811 1729 caro

228 1772 515 1828 Dominica
546 1771 629 1827 bis
649 1770 830 1825 oblata
860 1777 943 1825 cst
972 1784 1069 1838 pro
1093 1768 1276 1822 mundi
1306 1768 1439 1821 vita.
1467 1766 1625 1820 Prius
1658 1767 1809 1821 vidc-

228 1866 356 1920 licet
401 1864 566 1920 semel
592 1865 650 1918 in
686 1870 1051 1926 sacramento,
1076 1860 1294 1931 quando
1333 1861 1447 1930 ipse
1484 1858 1813 1927 Redemptor

231 1964 419 2010 noster
463 1969 657 2024 panem
712 1953 764 2007 in
812 1952 1059 2006 manibus
1110 1950 1344 2022 accepit,
1405 1957 1459 2005 et
1507 1950 1558 2004 in
1613 1950 1811 2003 coelum

229 2046 400 2101 oculis
451 2045 672 2099 elevatis
718 2043 1017 2107 benedixit,
1073 2042 1252 2112 fregit,
1286 2056 1350 2096 ac
1404 2040 1484 2095 sic
1532 2040 1812 2111 discipulis

230 2136 343 2190 suis
366 2135 533 2200 dedit,
566 2143 621 2189 et
652 2134 766 2188 ait:
791 2132 1021 2203 Accipite
1052 2143 1097 2186 et
1128 2131 1412 2194 comedite,
1448 2131 1544 2184 hoc
1579 2140 1653 2184 est
1686 2146 1807 2183 cor-

228 2244 327 2298 pus
369 2244 560 2281 meum.
602 2225 755 2281 Unde
800 2236 854 2281 et
887 2224 1043 2295 hujus
1086 2224 1257 2279 sancti
1289 2222 1543 2278 sacriﬁcii
1594 2222 1766 2276 forma
1791 2264 1807 2289 ,

229 2322 373 2391 quod
421 2320 535 2390 jam
577 2333 683 2374 non
737 2318 904 2373 semel
958 2319 1009 2372 in
1063 2317 1260 2387 pretio.
1294 2316 1508 2385 quando
1544 2322 1601 2368 ut
1641 2329 1810 2383 genus

228 2414 539 2467 mortalium
564 2412 943 2476 redimeretur,
972 2411 1111 2465 idem
1148 2411 1236 2464 Dei
1270 2409 1438 2463 Filius
1472 2408 1651 2462 crucis
1673 2407 1810 2476 pati-

225 2504 412 2556 bulum
432 2501 697 2567 ascendit,
713 2516 878 2572 sequc
902 2501 1075 2570 ipsum
1108 2498 1253 2552 Patri
1276 2514 1373 2553 suo
1399 2498 1449 2551 in
1479 2496 1807 2553 sacriﬁcium

229 2592 484 2647 sacerdos
534 2592 649 2662 ipse
701 2602 756 2646 et
813 2592 983 2646 hostia
1035 2590 1247 2644 obtulit.
1308 2588 1407 2656 Qui
1459 2590 1651 2644 modus
1692 2587 1806 2656 jam

232 2692 357 2737 tunc
387 2683 846 2753 prtesignabatur,
878 2696 1023 2744 cum,
1072 2690 1128 2735 ut
1160 2680 1592 2750 prcelibavimns,
1622 2679 1807 2733 visibi-

229 2774 334 2829 lem
367 2775 523 2844 panis
552 2773 909 2828 substantiam
944 2773 1083 2827 idem
1114 2772 1368 2828 Salvator
1413 2772 1594 2836 morti,
1641 2788 1805 2843 quam

227 2865 596 2934 prmelegerat,
618 2863 731 2932 jam
754 2863 875 2918 loco
900 2872 951 2918 et
979 2873 1221 2933 tempore
1259 2863 1618 2933 propinquus,
1649 2878 1807 2919 sanc-

1914 318 2146 362 mortem
2180 322 2359 362 meam
2381 306 2649 378 frequenti
2678 324 2777 364 usu
2808 310 3051 375 recolite,
3082 319 3139 366 ut
3163 320 3217 367 et
3246 312 3397 368 vobis
3418 314 3491 369 sit

1911 396 2130 455 salubre
2167 399 2385 470 pietatis
2426 400 2934 467 commonitorium,
2976 410 3031 458 et
3060 404 3129 459 ad
3165 404 3344 461 Patris
3381 388 3488 461 mei

1911 488 2353 558 propitiationem
2401 489 2692 561 specialius
2724 490 3074 549 obtinendam
3116 494 3390 566 singulare
3427 510 3493 551 ac

1917 586 2111 649 potens
2166 580 2261 635 ﬁat
2314 580 2763 637 emolumentum.
2820 582 2927 638 Res
2952 599 3082 652 ergo
3136 593 3245 638 tam
3286 584 3490 651 divina,

1917 680 2137 743 tamque
2185 672 2466 738 salutaris,
2501 682 2663 730 tantae
2699 673 2933 745 denique
2973 675 3191 730 virtutis
3233 674 3388 746 plena
3436 685 3494 731 et

1914 757 2215 828 maiestatis
2260 772 2317 816 ut
2359 762 2721 833 indigestione
2757 777 2973 834 pereat,
3018 764 3239 819 cuilibet
3275 764 3359 819 vel
3399 778 3494 818 ex-

1915 857 2087 905 tremo
2138 850 2377 907 ﬁdelium
2430 852 2739 908 nullatenus
2789 853 2949 909 debet
3007 853 3342 923 persuaderi,
3396 853 3491 909 sed

1884 930 2079 1024 .sem'el
2135 949 2442 1013 perceptam
2485 944 2666 1014 potius
2710 945 2810 999 sub
2853 959 2948 1014 spe
2980 942 3194 1009 futurze,
3234 960 3356 1016 qua:
3393 960 3493 1001 ex-

1912 1041 2207 1102 spectatur,
2241 1034 2675 1106 gloriﬁcationis,
2734 1036 3199 1106 inpraesentiarum
3232 1053 3333 1094 nos
3365 1053 3496 1093 con-

1912 1125 2103 1191 solari,
2155 1134 2211 1181 et
2236 1127 2305 1181 ad
2364 1126 2783 1198 promerendam
2841 1126 2893 1181 id
2953 1130 3295 1197 postmodum
3349 1128 3496 1199 quod

1914 1217 2197 1286 pollicetur
2234 1218 2437 1289 potenti
2483 1233 2789 1290 praeparare
2825 1217 3025 1273 clIectu
3061 1228 3281 1290 oportet
3316 1218 3491 1275 credi.

1914 1305 2085 1361 Nimis
2104 1314 2286 1360 autent
2324 1305 2537 1361 videtur
2570 1306 2863 1362 absurdum
2906 1316 2961 1361 et
2988 1322 3018 1360 a
3058 1322 3116 1361 re
3163 1304 3278 1379 ipsa
3307 1307 3495 1363 decer-

1915 1401 2063 1456 nitur
2092 1400 2350 1466 alienum,
2377 1407 2467 1465 ut,
2500 1400 2590 1453 ubi
2620 1398 2869 1455 Christus
2898 1400 3223 1472 percipitur,
3251 1400 3318 1456 de
3355 1409 3491 1456 ster-

1915 1507 2043 1548 core
2083 1494 2374 1564 cogitetur.
2431 1494 2586 1561 Quod
2640 1493 2949 1564 Apostolus,
2985 1509 3053 1550 ne
3086 1495 3217 1565 ipsis
3251 1495 3493 1566 quidem,

1840 1586 1885 1645 Β
1914 1582 2111 1651 quibus
2142 1583 2245 1637 hoc
2274 1583 2473 1654 placet,
2513 1582 2653 1637 unde
2688 1590 2745 1638 et
2780 1581 3098 1639 Stercoritae
3131 1584 3255 1655 jure
3291 1600 3495 1639 nuncu-

1915 1681 2129 1743 pantur,
2160 1675 2441 1739 concedit;
2481 1674 2577 1730 sed
2600 1671 2859 1742 iudicium
2887 1675 3068 1744 potius
3088 1690 3184 1731 eos
3209 1675 3497 1730 comedere

1913 1776 1967 1819 et
2001 1766 2207 1831 bibere,
2231 1767 2357 1820 dum
2390 1783 2495 1821 non
2522 1767 2660 1822 bene
2684 1765 3006 1836 dijudicant,
3037 1767 3327 1833 asseritur;
3365 1766 3497 1820 ﬁde-

1913 1856 2054 1913 libus
2079 1858 2307 1913 ﬁdeliter
2328 1860 2538 1914 Domini
2571 1876 2769 1932 corpus
2807 1876 2872 1917 ac
2916 1860 3237 1931 sanguinem
3288 1874 3479 1915 sumen

1915 1950 2089 2015 tibus,
2113 1950 2212 2003 sub
2234 1952 2412 2020 Specie
2442 1950 2637 2007 visibili
2664 1952 2837 2007 diuini
2863 1951 3006 2021 quod
3036 1951 3380 2007 celebramus
3411 1965 3497 2004 sa.

1913 2042 2195 2097 cramenti.
2234 2043 2598 2109 Quamobrem
2634 2043 2749 2114 jam
2799 2044 2853 2097 in
2894 2043 3115 2099 Christo
3160 2056 3260 2112 per
3297 2050 3497 2097 sanctm

1913 2150 2023 2189 suae
2071 2134 2252 2189 carnis
2305 2137 2691 2189 commercium
2725 2134 3048 2190 naturaliter
3090 2149 3393 2195 manemus.
3443 2142 3494 2187 et

1914 2225 2027 2294 ipse
2068 2225 2121 2278 in
2159 2224 2314 2280 nobis
2355 2225 2593 2279 vicissim
2640 2242 2738 2297 per
2783 2233 3121 2295 assumptum
3165 2223 3496 2278 inﬁrmitatis

1912 2322 2113 2369 nostrze
2159 2316 2663 2371 morticiniumcssc
2692 2317 2971 2387 dignatur,
3014 2315 3270 2385 quoniam
3299 2329 3363 2370 eo
3392 2329 3493 2370 nos

1910 2403 2011 2479 sibi
2058 2412 2306 2474 potenter
2349 2406 2689 2475 corporavit,
2743 2421 2851 2476 quo
2900 2421 2959 2461 se
3017 2406 3173 2462 nobis
3206 2406 3495 2477 dignanter

1909 2498 2307 2568 attemperavit,
2358 2513 2422 2554 ac
2461 2516 2556 2569 per
2589 2501 2690 2555 hoc
2723 2516 2781 2555 se
2814 2499 3092 2555 nobiscum
3125 2500 3496 2571 assumptione

1909 2597 2108 2653 nostra:
2148 2588 2528 2653 humanitatis,
2570 2604 2777 2659 nosque
2823 2604 3005 2644 secum
3043 2588 3497 2644 communicando

1910 2679 2059 2733 carni
2122 2694 2233 2733 suae
2293 2694 2356 2734 ac
2404 2681 2651 2750 sanguini
2702 2696 2866 2735 unum
2926 2681 3245 2736 naturaliter
3292 2680 3494 2736 eﬁ'ccit.

1910 2770 2237 2825 Sicutetiam
2267 2772 2458 2826 beatus
2488 2771 2722 2826 Hilarius
2747 2773 2798 2827 in
2823 2772 2960 2827 libro
2989 2787 3148 2842 quem
3183 2773 3275 2827 De.
3304 2782 3495 2827 sancta

1910 2859 2177 2917 Trinitate
2208 2862 2443 2917 titulavit
2466 2903 2482 2929 ,
2516 2865 2658 2919 hanc
2700 2879 2894 2918 novam
2927 2879 3047 2919 reor
3079 2865 3324 2919 haeresim
3356 2880 3495 2935 prm-

233 2955 481 3019 tiﬁcavit,
535 2956 723 3010 dicens
752 2969 767 3007 :
795 2952 1026 3023 Accipite
1056 2966 1103 3008 et
1136 2955 1414 3019 comedite,
1453 2956 1549 3008 hoc
1590 2964 1663 3008 est
1691 2970 1806 3008 cor-
1834 2935 1877 2994 (ἶ
1910 2954 2099 3009 videns
2157 2956 2208 3008 in
2261 2955 2486 3024 spiritu,
2520 2956 2783 3010 deﬁnivit.
2822 2975 2839 3007 ι
2881 2956 3008 3021 Eos,
3049 2957 3316 3025 inquiens,
3353 2973 3495 3012 nunc

228 3064 325 3115 pus
360 3063 552 3101 meum.
598 3046 676 3102 Ac
710 3063 785 3103 ne
839 3048 1059 3103 cuilibet
1100 3061 1355 3116 perverso
1410 3045 1635 3100 facultas
1671 3044 1809 3100 forte

229 3137 627 3206 relinqueretur
664 3139 911 3203 errandi,
958 3138 1040 3193 vel
1087 3138 1232 3192 aliud
1267 3138 1398 3207 quid
1456 3136 1805 3206 intelligendi,

224 3228 513 3282 subintulit
559 3246 573 3282 :
620 3228 772 3294 Quod
800 3246 895 3298 pro
926 3230 1069 3283 nobis
1115 3229 1367 3282 tradetur.
1401 3226 1610 3293 Quibus
1649 3225 1809 3279 nimi-

230 3338 347 3376 rum
402 3324 582 3379 verbis
636 3323 856 3379 exclusa
914 3332 1042 3379 sunt
1090 3322 1268 3376 omnia
1334 3321 1497 3390 impia
1552 3319 1806 3390 epinaadi

222 3424 573 3485 argumenta,
620 3432 685 3471 ac
729 3416 862 3471 falsa
911 3430 1128 3485 nnperae
1194 3413 1415 3469 haeresis
1469 3421 1805 3479 commenta,

227 3506 444 3572 quando
496 3505 646 3570 illud,
697 3507 839 3575 quod
899 3506 950 3559 in
1007 3504 1255 3559 manibus
1298 3504 1515 3559 tenebat
1549 3503 1808 3559 Dominus

227 3594 410 3661 Jesus,
440 3596 580 3665 quod
618 3596 896 3666 discipulis
923 3596 1200 3659 oﬁerebat,
1235 3604 1340 3649 tam
1378 3588 1627 3651 absolute
1651 3611 1806 3650 suum

229 3688 530 3742 testabatur
570 3704 796 3758 corpus;
849 3704 948 3743 nec
994 3701 1218 3757 prorsus
1254 3686 1398 3741 aliud
1460 3702 1624 3756 quam
1664 3686 1806 3755 quod

226 3794 325 3847 pro
360 3779 441 3833 eis
472 3779 790 3833 tradendum
818 3789 953 3834 erat.
999 3779 1143 3835 Sane
1172 3778 1438 3834 curiosius
1474 3779 1809 3850 perpenden-

227 3868 354 3921 dum
385 3869 528 3938 quod
555 3868 729 3937 pietas
752 3869 950 3933 divina,
980 3885 1098 3938 quae
1127 3870 1277 3925 novit
1302 3870 1481 3926 omnia
1515 3868 1806 3925 novissima

224 3967 283 4013 et
324 3960 570 4029 antiqua,
608 3961 749 4015 sicut
796 3977 890 4016 sua
940 3970 1281 4016 sacramenta
1323 3972 1525 4016 sancta:
1551 3976 1661 4016 suae
1698 3961 1803 4014 Ec-

225 4049 406 4105 clesiae
434 4052 502 4105 ad
529 4051 755 4106 salutem
791 4053 1033 4118 tradidit,
1064 4052 1134 4106 ita
1162 4053 1273 4106 suis
1308 4060 1417 4105 tam
1455 4051 1614 4107 laetis
1642 4066 1806 4120 quam

225 4141 409 4195 verbis
454 4157 516 4197 ea
559 4144 933 4209 communivit,
961 4159 1027 4198 ne
1056 4144 1107 4198 in
1150 4144 1332 4214 aliquo
1363 4144 1607 4199 valerent
1652 4144 1806 4199 inﬁr-

228 4235 367 4288 mari
400 4246 493 4290 aut
529 4238 853 4291 contradici.
902 4236 1051 4293 Unde
1087 4238 1193 4293 illis
1225 4253 1347 4308 qua:
1376 4239 1654 4308 praemissa
1680 4248 1806 4294 sunt

223 4323 471 4378 adnectit
502 4342 514 4377 :
550 4323 687 4386 Hoc,
714 4325 982 4393 inquiens,
1013 4325 1190 4393 facile,
1218 4340 1283 4381 ac
1309 4326 1353 4381 si
1385 4327 1624 4381 diceret:
1656 4326 1807 4393 Quod

226 4429 328 4482 ego
351 4412 452 4468 feci
493 4414 710 4483 propria
755 4423 1049 4483 potestate,
1098 4431 1194 4471 vos
1229 4416 1392 4472 facite
1418 4432 1537 4471 mea
1570 4419 1807 4473 auctori-

230 4514 362 4559 tate.
393 4506 505 4577 Ego
528 4507 808 4577 exetnplo,
836 4522 931 4562 vos
958 4508 1275 4563 imitatione.
1307 4507 1421 4561 Hoc
1453 4509 1632 4577 facile.
1668 4510 1809 4577 Qui?

230 4596 341 4651 Vos
391 4597 517 4663 mei,
592 4599 683 4668 qui
757 4599 1221 4667 inprtesentiarum
1270 4599 1402 4654 estis
1442 4599 1721 4668 discipuli;
1756 4610 1811 4655 ct

229 4700 353 4760 post
393 4706 489 4747 vos
528 4692 582 4747 hi
614 4692 703 4760 qui
732 4706 838 4745 non
879 4692 1129 4746 viderunt
1158 4700 1213 4747 et
1232 4690 1613 4756 crediderunt;
1640 4702 1694 4745 et
1726 4692 1808 4745 id-

1910 3046 2002 3116 qui
2036 3047 2173 3101 inter
2204 3046 2420 3101 Patrem
2454 3057 2506 3101 ct
2538 3047 2732 3101 Filium
2772 3047 3062 3102 voluntatis
3098 3048 3496 3121 ingeruut'nni-

1913 3144 2075 3190 tatem
2117 3136 2391 3207 interrogo
2422 3145 2673 3191 utrumne
2708 3152 2806 3205 per
2840 3147 3046 3191 natura:
3084 3138 3367 3192 veritatem
3402 3137 3496 3191 ho-

1911 3226 1996 3281 die
2023 3228 2274 3281 Christus
2301 3229 2350 3281 in
2379 3228 2533 3282 nobis
2565 3228 2662 3292 sit,
2698 3244 2765 3281 an
2806 3243 2903 3298 per
2929 3228 3273 3283 concordiam
3302 3228 3495 3283 volun-

1914 3318 2073 3373 tatis?
2097 3318 2154 3373 Si
2185 3318 2328 3374 enim
2361 3334 2489 3374 vere
2511 3319 2745 3374 Verbum
2787 3334 2914 3381 caro
2935 3318 3137 3374 factum
3156 3327 3265 3387 est,
3287 3329 3343 3374 et
3367 3334 3496 3375 vere

1912 3423 2010 3464 nos
2044 3408 2279 3464 Verbum
2324 3424 2540 3464 carnem
2580 3410 2702 3464 cibo
2741 3410 3021 3465 Dominico
3047 3410 3329 3476 sumimus,
3364 3426 3496 3480 quo:

1911 3501 2068 3557 modo
2097 3517 2200 3555 non
2228 3502 2544 3556 naturaliter
2571 3518 2791 3557 manere
2824 3502 2877 3555 in
2911 3502 3064 3557 nobis
3096 3502 3491 3557 existimandus

1910 3602 1992 3649 est
2037 3594 2125 3664 qui
2161 3602 2216 3649 ct
2258 3604 2507 3648 naturam
2536 3596 2716 3650 carnis
2758 3604 2956 3649 nostra:
3005 3594 3322 3661 inseruit?»
3361 3595 3495 3649 Dili-

1909 3689 2152 3757 gentius,
2177 3703 2380 3757 quzeso,
2412 3687 2630 3742 attende
2649 3729 2662 3753 ,
2692 3696 2748 3742 et
2775 3688 2986 3757 quoties
3012 3702 3137 3742 vere
3166 3695 3221 3741 et
3244 3696 3492 3742 naturam

1912 3781 2189 3851 repetierit
2256 3796 2495 3835 recense.
2559 3780 2741 3835 Primo
2804 3779 3021 3851 quidem
3078 3792 3205 3833 vere
3260 3778 3491 3834 Verbum

1909 3886 2128 3926 carnem
2153 3870 2354 3926 factum
2375 3870 2654 3940 praemisit,
2678 3886 2741 3925 ac
2764 3869 2958 3925 deinde
2981 3882 3106 3923 vere
3130 3884 3229 3923 nos
3254 3868 3487 3923 Verbum

1908 3979 2125 4019 carnem
2173 3963 2292 4017 cibo
2337 3979 2551 4017 sumere
2591 3962 2873 4018 Dominico
2913 3961 3113 4026 intulit,
3158 3971 3217 4014 ut
3245 3959 3490 4029 profecto

1908 4056 2278 4127 hujuscemodi
2314 4055 2614 4111 insinuaret
2653 4055 2992 4110 documentis
3034 4070 3138 4109 non
3181 4053 3339 4108 aliter
3370 4068 3492 4107 care

1910 4164 2032 4204 nem
2068 4149 2229 4203 Verbi
2260 4148 2383 4203 cibo
2412 4147 2840 4202 sacramentario
2875 4162 3037 4216 quam
3076 4147 3218 4201 idem
3252 4144 3491 4200 Verbum

1836 4277 1887 4333 υ
1912 4256 2038 4295 caro
2063 4238 2261 4294 factum
2286 4247 2365 4293 est
2392 4237 2616 4308 percipi.
2641 4235 2774 4292 Nam
2800 4238 2928 4307 quia
2950 4252 3076 4292 vere
3097 4236 3333 4292 Verbum
3359 4250 3491 4291 caro

1915 4332 2115 4387 factum
2156 4341 2269 4395 est,
2307 4345 2434 4384 vere
2478 4328 2829 4384 nihilominus
2881 4330 3071 4384 eadem
3116 4328 3278 4385 Verbi
3322 4344 3491 4396 caro,

1914 4439 1979 4479 ac
2012 4424 2190 4494 potius
2221 4424 2454 4478 Verbum
2484 4436 2630 4483 caro,
2657 4430 2712 4475 et
2738 4435 2844 4476 non
2874 4437 2974 4491 per
2995 4438 3209 4477 cassam
3248 4422 3499 4477 veritatis

1914 4516 2142 4587 ﬁguram
2175 4516 2231 4570 in
2256 4513 2376 4569 cibo
2404 4512 2542 4567 sumi
2585 4511 2859 4568 credenda
2894 4521 3004 4576 est;
3041 4527 3142 4567 nec
3173 4526 3304 4565 sane
3330 4511 3501 4577 basia

1915 4608 2159 4674 tandum,
2193 4606 2238 4662 si
2269 4604 2409 4674 quod
2442 4603 2781 4673 prtemissum
2812 4613 2900 4658 est
2928 4618 3119 4657 verum
3147 4604 3242 4666 sit,
3268 4601 3405 4671 quin
3444 4601 3509 4659 id

1911 4698 2053 4767 quod
2093 4696 2432 4754 subnectitur
2460 4700 2893 4749 consentaneum
2922 4692 2994 4747 sit
3030 4691 3246 4749 veritati
3271 4732 3286 4756 ,
3310 4692 3367 4746 id
3396 4700 3517 4758 est,

1909 4798 1971 4843 ut
2017 4789 2154 4846 sicut
2198 4786 2398 4844 veritas
2439 4782 2852 4840 lncarnatiouis
2890 4783 3028 4838 facta
3064 4793 3150 4841 est
3190 4780 3385 4845 Verbi,
3429 4779 3529 4840 ita

1892 4878 2042 4939 vera
2079 4900 2174 4956 per
2216 4886 2618 4938 sacramentum
2652 4875 2885 4934 visibile
2920 4878 3198 4947 perceptio
3239 4871 3539 4935 credenda

1913 4975 1986 5031 sit
2007 4978 2298 5034 Dominiem
2326 4972 2536 5034 carnis,
2572 4982 2693 5038 quae
2728 4978 2965 5041 sumpta
2992 4982 3061 5022 ex
3094 4967 3249 5025 nobis
3277 4965 3426 5018 sedet
3454 4961 3537 5021 in

1911 5070 2066 5126 cretis
2090 5082 2314 5127 consors
2348 5062 2665 5136 maiestatis.

1981 5160 2071 5217 IV.
2110 5161 2248 5218 Hinc
2274 5158 2390 5227 ipse
2429 5153 2717 5216 Dominus,
2743 5164 2825 5212 ul,
2855 5155 2921 5213 ad
2955 5152 3119 5221 hujus
3147 5151 3224 5210 rei
3248 5154 3346 5202 ηοξ
3371 5142 3540 5196 veri-

1910 5262 2081 5312 tatem
2137 5255 2477 5314 informarct,
2536 5244 2651 5301 suis
2704 5244 2789 5299 ait.
2865 5245 3145 5314 discipulis
3186 5238 3364 5298 :Caro
3409 5248 3551 5291 mea

230 4784 379 4839 circo
424 4794 550 4839 sunt
592 4797 780 4838 revera
829 4783 993 4839 beati.
1024 4781 1139 4837 Hoc
1183 4783 1361 4852 facite.
1392 4781 1529 4849 Quid
1562 4790 1668 4848 est,
1703 4784 1810 4839 hoc

232 4874 435 4931 facite?
471 4877 522 4932 id
572 4884 659 4931 est
710 4875 815 4929 hoc
863 4888 1078 4944 corpus,
1126 4874 1273 4933 hunc
1319 4871 1638 4944 sanguinem
1672 4875 1809 4929 meis

231 4968 455 5034 verbis,
518 4982 639 5023 mea
692 4966 1029 5022 invocatione
1066 4969 1337 5028 conﬁcite.
1385 4965 1495 5021 Nec
1531 4967 1697 5022 semel
1751 4973 1811 5020 ut

231 5074 353 5130 ego,
380 5057 472 5114 sed
498 5057 925 5129 quotiescunque
965 5054 1199 5115 sumitis.
1251 5063 1321 5119 Ut
1343 5055 1509 5129 quid?
1532 5053 1595 5107 In
1613 5072 1806 5122 meam,

231 5150 323 5214 ait,
354 5144 914 5210 commemorationem,
946 5144 997 5199 id
1019 5151 1120 5208 est,
1148 5159 1210 5204 ut
1234 5152 1336 5207 mei
1370 5149 1685 5204 memoriam
1712 5162 1809 5220 per

230 5242 332 5296 hoc
374 5240 579 5297 ﬁrmius
623 5234 882 5302 teneatis,
911 5250 1099 5304 meque
1148 5256 1255 5311 pro
1297 5239 1452 5298 vobis
1491 5254 1711 5310 passum
1750 5242 1803 5297 in
