4040 5314
563 160 699 216 1385

1579 157 1884 215 DURANDI
1922 159 2211 215 ABBATIS
2247 159 2731 217 TROARNENSIS

3685 166 3831 224 1533

558 279 771 342 nititur,
818 290 1162 346 crassamque
1206 276 1576 331 simiiitudinis
1619 292 1681 331 ac
1728 275 1908 347 ﬁgura:
1944 278 2140 330 turbem
2175 284 2217 340 Α
2248 277 2403 331 sicuti
2432 285 2534 330 cst.
2570 276 2632 329 Et
2669 289 2795 331 vere
2826 276 2939 330 lucc
2970 283 3053 331 est
3092 276 3213 331 vitae
3244 286 3442 334 nostra:
3485 293 3672 340 causa.
3704 282 3826 349 quia

560 368 807 439 improbe
854 378 1216 421 consectatur.
1267 368 1438 433 Quam
1494 368 1708 423 divinus
1750 368 1989 438 sophista
2024 369 2146 421 rhe-

561 469 751 531 torque
773 458 1009 514 caelestis
1033 459 1267 513 Hilarius
1294 458 1504 515 fortiter
1522 460 1835 529 ripercutit,
1859 461 2144 514 ealcatius-

560 566 665 621 que
706 550 897 605 refellit
924 565 939 603 :
969 569 985 601 ι
1009 549 1292 617 Quomodo
1330 568 1435 605 non
1469 552 1820 618 naturaliter,
1858 552 2138 623 inquiens,

558 643 613 694 in
656 642 813 694 nobis
844 654 1061 695 manere
1102 642 1495 697 existimandus
1544 653 1628 697 est
1675 643 1765 711 qui
1807 652 1859 697 et
1888 652 2140 696 naturam

559 733 739 787 carnis
780 742 977 788 nostra:
1012 734 1123 803 jam
1168 735 1580 803 inseparabilem
1625 736 1726 789 sibi
1771 736 1933 789 homo
1979 745 2138 789 natus

558 826 871 895 assumpsit,
899 836 953 880 et
984 837 1229 880 naturam
1255 828 1437 882 carnis
1475 843 1584 881 sua:
1615 827 1681 881 ad
1710 836 1958 881 naturam
1984 837 2141 881 reter-

558 914 743 969 nitatis
780 915 879 969 sub
905 914 1248 971 sacramento
1278 918 1432 972 nobis
1464 917 1926 971 communicanda:
1958 919 2138 973 carnis

558 1007 879 1062 admiscuit?
912 1030 929 1061 ›
954 1010 1051 1064 Ubi
1074 1012 1230 1064 tertio
1247 1020 1491 1066 naturam
1514 1012 1843 1082 totidemque
1858 1013 2029 1069 modis
2055 1013 2161 1067 iu-v

558 1097 808 1162 culcavit,
856 1100 982 1168 quia
1023 1100 1274 1155 videlicet
1302 1101 1541 1156 Verbum
1578 1103 1719 1171 quod
1759 1113 1875 1157 erat
1917 1119 1945 1155 a
1992 1104 2139 1174 prin-

556 1189 699 1259 cipio
749 1207 1097 1261 permanens,
1153 1202 1206 1248 ct
1256 1204 1503 1248 naturam
1561 1195 1740 1249 carnis
1791 1204 1988 1249 nostra:
2034 1196 2133 1249 sibi

555 1279 995 1352 inseparabiliter
1019 1285 1221 1338 mitam
1250 1286 1389 1355 quod
1419 1302 1523 1341 non
1550 1296 1668 1341 erat
1692 1302 1997 1350 assumens,
2020 1303 2137 1341 car-

558 1373 642 1427 nis
669 1389 781 1428 sua:
814 1383 1062 1430 naturam
1093 1378 1157 1430 ad
1184 1377 1504 1433 aeternitatis
1535 1387 1783 1433 naturam
1816 1378 2132 1446 admiscuit;

556 1481 619 1519 ac
661 1481 757 1536 per
786 1464 891 1521 hoc
924 1482 1041 1520 eam
1088 1468 1243 1522 nobis
1288 1468 1795 1523 communicabilcm
1828 1470 1926 1523 sub
1956 1485 2136 1523 sacra-

558 1565 744 1608 mento
770 1556 1024 1626 prmbuit.
1057 1556 1289 1610 Proinde
1317 1557 1694 1627 ambigendum
1722 1556 2026 1612 nullatenus
2053 1567 2137 1612 est

566 1646 855 1700 humanam
887 1662 1046 1715 posse
1078 1656 1326 1701 naturam
1370 1648 1434 1701 ad
1481 1648 1677 1703 divinae
1715 1649 1897 1704 carnis
1925 1648 2133 1719 pertin-

560 1755 687 1809 gere
727 1740 997 1803 edulium,
1034 1756 1153 1810 qtae
1192 1740 1449 1796 incll'ahili
1483 1740 1643 1796 Verbi
1686 1743 2015 1796 commercio
2046 1743 2139 1796 ad-

561 1843 728 1897 usque
750 1829 1051 1883 divinitatis
1075 1831 1411 1885 adoraudum
1434 1830 1639 1901 perlata
1664 1840 1742 1886 est
1766 1831 2135 1901 participium,

560 1923 793 1995 aiioqnin
835 1940 1099 1993 paganum
1146 1925 1287 1989 erit,
1327 1933 1607 1994 totumque
1652 1925 1867 1995 penitus
1912 1925 2139 1995 desipiet

559 2015 699 2081 quod
741 2012 1021 2083 Scriptura
1057 2016 1262 2068 refert:
1302 2035 1318 2066 ‹
1349 2014 1586 2069 Adorate
1623 2015 1914 2070 scabellum
1944 2017 2044 2086 ped
2068 2033 2135 2070 am

557 2103 694 2172 ejus,
725 2102 981 2171 quoniam
1014 2113 1258 2158 sanctqu
1293 2114 1397 2159 est.
1432 2124 1448 2155 ι
1484 2104 1788 2159 Scabellum
1818 2106 2014 2176 quippe
2054 2106 2136 2160 d2-

555 2194 835 2255 vinitatis,
875 2204 1059 2249 sancta
1109 2205 1197 2249 est
1239 2196 1549 2253 immanitas
1606 2197 1995 2268 redemptoris;
2051 2197 2137 2253 cui

554 2294 776 2355 propter
821 2286 1195 2355 inseparabilis
1240 2288 1526 2342 veritatem
1575 2289 1802 2343 unitatis
1845 2287 2137 2344 deferenda

555 2382 637 2428 est
678 2376 979 2429 reverentia
1020 2377 1306 2431 submissa:
1336 2378 1701 2443 adorationis,
1737 2388 1957 2448 tumque
1994 2394 2135 2448 prs:-

553 2464 739 2518 scrtitn
775 2465 993 2534 quanio
1034 2482 1228 2521 munus
1271 2468 1486 2537 supplet
1532 2468 1756 2523 alterum
1800 2469 2140 2523 communio-

555 2553 673 2609 nis:
706 2555 771 2607 ad
822 2556 923 2609 hoc
965 2556 1231 2625 siquilczn
1267 2557 1527 2613 divinitus
1558 2558 1887 2623 institutum,
1920 2560 1985 2614 ad
2036 2560 2137 2614 hoc

556 2640 834 2713 discipulis
871 2660 898 2697 a
953 2644 1184 2699 Domino
1236 2646 1521 2712 indictum,
1568 2648 1636 2703 ad
1680 2663 1780 2702 nos
1827 2663 1997 2720 usque
2042 2665 2136 2703 ve-

556 2732 797 2787 nerabile
840 2733 944 2786 hoc
985 2735 1294 2789 decucurrit
1330 2747 1733 2793 sacramentum
1779 2746 1837 2793 ut
1880 2754 1977 2809 per
2019 2740 2139 2794 uni-

557 2819 689 2873 tatis
714 2822 1051 2891 mysterium,
1080 2824 1252 2893 ipsius
1290 2826 1709 2896 participatione
1743 2834 2133 2899 comparatum,

556 2912 854 2969 divinitatis
903 2913 1198 2971 efficiamur
1236 2925 1385 2987 grata
1434 2920 1591 2973 sedes
1640 2930 1693 2974 et
1748 2937 2014 2991 regnum,
2068 2924 2135 2979 ab

558 3002 813 3059 humanis
850 3005 1101 3061 videlicet
1131 3006 1186 3061 in
1230 3008 1407 3062 divina
1443 3010 1840 3081 transﬁgurati,
1878 3021 1931 3067 et
1957 3028 1986 3066 a
2018 3026 2135 3068 car-

557 3094 770 3150 nalibus
796 3095 1139 3154 iueﬁ‘abiliter
1166 3097 1233 3152 ad
1259 3099 1559 3169 spiritualia
1585 3103 1849 3169 provecti.

631 3184 691 3240 ν.
735 3185 791 3241 Si
820 3188 985 3257 igitur
1012 3190 1153 3260 quod
1179 3189 1356 3259 majus
1398 3200 1483 3246 est
1520 3192 1775 3247 collatum
1824 3192 1981 3248 nobis
2028 3209 2133 3247 non

558 3276 865 3341 abnuimus,
902 3293 1002 3332 nec
1035 3280 1178 3347 quod
1211 3280 1391 3335 minus
1439 3290 1523 3335 est
1562 3282 1783 3337 concedi
1831 3298 1989 3352 posse
2034 3284 2131 3338 dif-

556 3367 826 3432 ﬁteamur,
874 3368 1127 3424 videlicet
1170 3369 1295 3438 jure
1335 3372 1435 3425 sub
1482 3374 1740 3443 mysterio
1792 3388 2010 3428 carnem
2048 3390 2135 3427 su-

554 3468 706 3512 mere
732 3458 976 3528 corporis
1007 3458 1233 3525 Christi,
1275 3460 1417 3529 quod
1450 3460 1563 3528 jam
1596 3462 1663 3517 de
1695 3463 1951 3534 coutiguo
1980 3465 2136 3519 nobis

556 3556 661 3611 est,
690 3548 814 3615 quia
848 3549 1135 3618 dignanter
1165 3551 1413 3620 corporis
1458 3552 1629 3607 nostri
1663 3568 1881 3608 carnem
1927 3569 2137 3609 assam-

557 3638 664 3705 psit
689 3639 831 3706 quod
874 3654 1036 3708 supra
1065 3656 1163 3693 nos
1193 3650 1293 3704 est,
1327 3642 1451 3711 quia
1481 3658 1609 3699 vere
1640 3645 1799 3701 homo
1827 3661 1893 3701 ex
1926 3646 2136 3717 virgine

558 3734 715 3779 natus
758 3726 1005 3781 Christus
1049 3726 1172 3793 fuit,
1210 3744 1275 3783 ac
1306 3745 1402 3799 per
1444 3732 1548 3789 hoc
1585 3734 1651 3790 de
1696 3737 1925 3791 veritate
1953 3738 2136 3792 carnis

554 3812 673 3882 ejus
700 3818 1164 3873 communicanda:
1207 3830 1261 3874 et
1308 3824 1584 3892 sanguinis
1632 3826 1809 3881 nullus
1833 3826 1943 3895 jam
1974 3830 2136 3883 relin-

556 3905 741 3974 quitur
787 3905 940 3961 locus
992 3908 1318 3979 ambigendi,
1355 3913 1401 3967 si
1449 3913 1669 3983 quidem
1711 3925 1762 3969 et
1812 3917 1979 3986 ipsius
2030 3918 2131 3973 Du-

557 3995 687 4048 mini
734 3996 1077 4066 professione
1113 4007 1171 4053 et
1211 4009 1395 4054 nostra
1440 4000 1544 4056 ﬁde
1588 4018 1716 4059 vere
1765 4016 1850 4060 est
1899 4022 2046 4071 caro,
2083 4017 2137 4061 et

554 4098 683 4142 vere
724 4096 808 4141 est
838 4088 1058 4158 sanguis
1096 4103 1254 4145 sacra
1302 4091 1571 4147 confectio
1600 4094 1795 4150 viviﬁci
1826 4112 2136 4153 sacramen-

556 4175 630 4241 ti,
657 4182 779 4246 quaa
807 4186 1027 4248 accepta
1079 4180 1313 4237 ﬁdeliter
1362 4182 1414 4237 id
1447 4182 1611 4239 edicit
1647 4194 1705 4239 ut
1754 4201 1853 4241 nos
1890 4187 1940 4241 in
1971 4186 2135 4242 Chri-

553 4274 641 4320 sto
666 4276 721 4321 et
759 4267 1009 4324 Christus
1044 4270 1096 4324 in
1126 4272 1283 4329 nobis
1314 4273 1407 4328 sit.
1429 4272 1495 4327 Et
1524 4276 1639 4331 hate
1667 4284 1749 4330 est
1780 4278 1904 4332 vitae
1937 4289 2134 4334 nostrae
2167 4301 2212 4359 υ

553 4374 737 4423 causa,
779 4359 895 4416 lucc
941 4361 1127 4429 salus,
1169 4364 1311 4433 quod
1360 4365 1414 4420 in
1464 4367 1618 4423 nobis
1662 4370 1973 4426 carnalibus
2012 4386 2132 4427 ma-

555 4460 770 4506 nentem
811 4470 906 4522 per
937 4470 1159 4510 carnem
1205 4456 1479 4533 Christum
1532 4459 1828 4528 habemus;
1880 4464 1971 4534 qui
2012 4464 2139 4521 licet

554 4541 665 4609 jam
714 4542 870 4614 longe
917 4545 991 4599 sit
1035 4545 1257 4602 alterius
1305 4549 1586 4620 dignitatis
1639 4561 1693 4607 et
1740 4553 1923 4624 gloria:
1971 4572 2136 4625 quam

559 4646 679 4697 nos,
709 4637 1028 4692 naturaliter
1054 4647 1235 4695 tamen
1272 4655 1399 4698 caro
1428 4652 1533 4710 est,
1562 4648 1703 4715 quod
1724 4661 1843 4702 nos.
1869 4647 2004 4715 Quia
2033 4666 2136 4704 non

558 4721 745 4779 adimit
799 4736 1087 4792 naturam,
1137 4729 1230 4784 sed
1289 4730 1555 4800 gloriﬁeat
1610 4737 1949 4807 assumptio,
2010 4739 2136 4794 dttm

557 4831 725 4872 unum
752 4818 810 4872 ﬁt
851 4817 1083 4875 Verbum
1126 4830 1183 4877 et
1230 4839 1381 4879 caro.
1415 4825 1570 4883 Unde
1619 4828 1672 4883 in
1706 4830 1861 4886 nobis
1906 4832 2138 4885 carnali-

556 4907 663 4965 bus
699 4909 865 4963 etiam
917 4927 1059 4968 nune
1090 4925 1275 4970 manet
1307 4916 1544 4973 Verbum
1577 4933 1725 4984 caro,
1774 4937 1935 4992 quam
1985 4924 2140 4979 nobis

558 5000 1085 5066 communicaudam,
1126 5005 1253 5058 dum
1300 5007 1351 5061 in
1394 5008 1567 5064 stadio
1610 5012 1974 5081 corruptibilis
2014 5014 2139 5068 vitae

558 5090 820 5153 curritur,
864 5105 925 5145 ea
973 5092 1375 5162 dispensatione
1400 5098 1668 5157 Christus
1707 5102 1847 5158 Deus
1882 5118 2139 5174 procura.

557 5182 637 5239 vit
663 5192 724 5237 ut
776 5182 831 5237 in
871 5183 1028 5238 nobis
1071 5195 1333 5251 maneret,
1379 5190 1471 5258 qui
1519 5201 1617 5260 per
1653 5209 1802 5251 suam
1831 5196 2137 5265 passionem

557 5285 698 5314 mnrl
709 5274 861 5314 ianua
916 5273 1236 5314 cnnnlioinm

1293 5280 1497 5314 illl'll'ln
1545 5284 1670 5314 ":Im
1724 5287 1959 5314 αιιισηλ..ἓς

2008 5303 2104 5314 “-Δ

2244 368 2359 436 ipsa
2391 380 2486 437 pro
2519 366 2672 420 nobis
2702 365 2956 419 occubuit
2995 363 3140 429 Vita,
3172 375 3230 419 ut
3280 368 3434 422 nobis
3482 368 3691 422 usualis
3731 369 3828 423 lie-

2249 466 2329 511 ret
2356 472 2495 511 csea.
2529 456 2651 511 lltec
2681 457 2842 510 etiam
2884 456 3068 526 glorize
3097 456 3250 511 ﬁrma
3282 473 3405 527 spes
3424 465 3826 528 promerendzr,

2246 547 2369 617 quia
2412 547 2583 619 ipsam
2632 546 2876 617 gloriosa:
2920 548 3221 602 divinitatis
3267 564 3485 603 carnem
3532 551 3623 605 hic
3676 560 3827 606 tene-

2245 653 2368 692 mus
2401 635 2452 691 in
2493 630 2739 709 pignore,
2770 652 2867 708 per
2912 653 3073 707 quam
3109 639 3159 693 in
3205 639 3357 693 nobis
3401 642 3717 696 carnalibus
3746 642 3828 695 in.

2246 730 2400 785 terim
2445 742 2748 785 manentem
2795 729 3069 785 Christum
3119 729 3211 800 qui
3261 730 3520 785 Dominus
3564 733 3825 787 virtutum

2242 830 2325 874 est
2351 829 2404 874 et
2444 820 2557 874 Rex
2607 820 2809 891 gloriae,
2856 819 3139 886 habemus,
3176 820 3301 874 dttm
3332 836 3450 874 eam
3481 832 3691 887 veram,
3744 831 3823 875 at-

2242 923 2348 977 que
2398 909 2567 979 ipsius
2605 909 2761 965 Verbi
2811 909 3135 975 naturalem,
3193 910 3568 964 ministrorum
3628 909 3821 974 ofﬁcio,

2242 1009 2450 1053 remoto
2485 999 2650 1055 totius
2699 1001 2901 1055 erroris
2946 1000 3221 1069 scrupulo.
3268 1001 3619 1070 percipimus.
3675 1000 3825 1055 Anne

2242 1090 2343 1145 hoc
2384 1092 2581 1144 veritas
2612 1105 2716 1145 non
2756 1091 2883 1143 est?
2913 1089 3049 1145 Ecce
3081 1092 3275 1144 iter-mn
3310 1090 3824 1159 pchpieacissimus

2242 1182 2484 1251 mysterii
2514 1180 2905 1251 contemplator
2935 1180 3098 1234 divini
3131 1178 3381 1234 falsitatis
3411 1190 3664 1234 auctores
3707 1180 3826 1233 red-

2241 1272 2450 1341 arguit,
2493 1285 2817 1343 ptenamque
2866 1272 2979 1337 eis,
3033 1288 3137 1341 qua
3185 1274 3260 1326 rei
3313 1281 3476 1326 tanta:
3528 1272 3827 1342 majestatis

2241 1374 2518 1417 tuerentur
2563 1364 2765 1433 plecti,
2814 1374 3038 1434 urgente
3089 1364 3287 1419 Christi
3341 1364 3583 1434 Spiritu,
3631 1365 3725 1434 qui
3775 1366 3826 1419 in

2240 1451 2358 1521 ipso
2405 1454 2748 1521 loquebatur,
2798 1452 3104 1522 imprecans
3140 1451 3422 1507 adnectit:
3482 1471 3500 1504 ‹
3532 1452 3830 1522 Contingat

2241 1546 2397 1613 plane
2430 1546 2511 1598 his
2540 1560 2729 1598 verum
2764 1558 2868 1598 non
2910 1557 3030 1599 esse
3066 1543 3157 1614 qui
3203 1542 3477 1598 Christum
3519 1542 3711 1597 .lesum
3744 1556 3831 1596 ve.

2242 1650 2359 1686 rum
2412 1632 2578 1686 Deum
2632 1632 2898 1703 dencgant
2948 1646 3093 1686 esse.
3125 1651 3144 1684 ι
3199 1631 3312 1685 Hoc
3344 1640 3400 1685 et
3445 1646 3546 1685 nos
3599 1633 3745 1686 sicut
3778 1641 3833 1686 et

2243 1725 2354 1790 ille,
2393 1724 2491 1779 nisi
2522 1726 2590 1778 ab
2621 1738 2808 1777 errore
2837 1739 2934 1777 suo
2970 1723 3315 1793 resipucrint,
3330 1721 3483 1791 juvat
3515 1723 3829 1792 imprecari,

2243 1828 2301 1870 ut
2339 1816 2465 1885 quid
2508 1818 2827 1885 negaverint
2867 1815 3058 1868 saltem
3107 1813 3327 1868 ultionis
3359 1822 3569 1867 tortura
3614 1813 3834 1867 valeant

2240 1906 2497 1977 experiri.
2545 1906 2709 1962 Nobis
2756 1915 2936 1961 autem
2985 1906 3166 1961 carnis
3210 1921 3341 1969 sure,
3396 1905 3707 1959 Salvatoris
3739 1907 3834 1959 be-

2240 1998 2475 2069 nignitas
2532 2014 2629 2068 per
2674 1999 2957 2052 veritatem
3018 2012 3172 2051 suam
3230 2007 3588 2066 nostramque
3644 1998 3829 2061 ﬁdem,

2240 2101 2491 2144 naturam
2531 2088 2763 2159 adeptis,
2797 2099 2853 2144 et
2884 2090 3267 2159 prolirietatem
3314 2088 3572 2160 perfecta:
3603 2090 3831 2143 unitatis

2245 2182 2494 2252 utrinque
2523 2182 2782 2253 professis
2812 2181 3083 2252 indulgeat
3122 2184 3265 2254 quod
3309 2185 3645 2252 repromisit,
3686 2194 3744 2238 ut
3775 2184 3829 2239 ia

2245 2276 2364 2345 ipso
2400 2288 2835 2343 permaneamus,
2862 2284 2917 2330 et
2944 2276 3058 2345 ipse
3090 2275 3142 2329 in
3190 2274 3377 2338 nobis,
3419 2274 3623 2344 ﬁatque
3667 2276 3826 2346 digna

2241 2382 2452 2423 merces
2499 2368 2600 2437 pia:
2635 2366 2973 2422 credulitatis
3012 2367 3247 2435 optabile
3284 2366 3703 2421 contubernium
3749 2368 3829 2422 di-

2241 2468 2470 2531 gnanter
2498 2459 2700 2529 illapsa:
2742 2460 3043 2529 majestatis
3072 2467 3127 2513 et
3156 2458 3380 2527 hospite
3410 2458 3829 2527 przcsentiaiizer

2241 2553 2539 2608 divinitatis
2567 2567 2661 2624 per
2682 2553 2932 2607 idoneum
2964 2551 3211 2607 videlicet
3237 2559 3397 2604 tantm
3421 2551 3614 2621 gratia:
3637 2552 3828 2623 pignus

2240 2654 2295 2700 et
2326 2644 2558 2699 virtutis.

2769 2780 2947 2836 PARS
2985 2778 3290 2846 QUARTA.

2313 2892 2399 2949 Vl.
2446 2894 2642 2949 Verum
2671 2894 2795 2949 licet
2823 2893 2953 2949 tanti
2980 2893 3077 2946 viri
3105 2891 3336 2947 suﬁiciat
3376 2890 3704 2954 auctoritas,
3734 2891 3827 2944 ali.

2239 3001 2342 3055 qua
2373 2994 2551 3039 tamen
2584 2984 2846 3040 deﬁnrare
2873 2985 3002 3039 libet
3018 2985 3086 3038 de
3115 2991 3305 3039 sancto
3332 2982 3649 3047 Ambrosio,
3677 2981 3827 3048 cujus

2240 3077 2291 3131 in
2322 3075 2561 3130 Ecclesia
2611 3075 2877 3131 catholica
2910 3084 3031 3143 post
3065 3072 3343 3143 apostolos
3387 3072 3701 3128 auctoritas
3737 3074 3827 3125 ha-

2240 3168 2396 3222 betur
2442 3168 2731 3237 praecipua,
2764 3165 2918 3234 cujus
2949 3166 3272 3235 eloquentia:
3298 3163 3526 3219 al'lluens
3574 3166 3825 3219 facundia

2239 3255 2444 3310 Latina:
2482 3256 2676 3325 linguae
2727 3257 2894 3309 decus
2939 3265 3022 3309 est
3068 3264 3119 3309 et
3168 3252 3376 3319 forma;
3418 3254 3566 3309 beati
3614 3269 3828 3324 quoque

2237 3347 2547 3420 Augustini,
2573 3348 2725 3417 cujus
2764 3355 3007 3415 spectata
3043 3346 3173 3401 ﬁdes
3197 3356 3255 3401 et
3286 3346 3567 3417 multiplex
3601 3347 3656 3401 in
3689 3346 3827 3401 Scri-

2239 3440 2414 3511 pturis
2438 3439 2591 3494 labor
2627 3438 2772 3494 utilis
2816 3448 2871 3494 et
2914 3437 3092 3493 clarus
3154 3437 3561 3508 comprobatur.
3622 3438 3735 3492 Sed
3774 3446 3829 3491 et

2238 3532 2464 3588 aliorum
2490 3539 2796 3586 sanctorum
2824 3530 3046 3585 Patrum
3098 3530 3245 3585 dicta
3284 3530 3543 3585 nonnulla
3575 3532 3827 3586 subtexe-

2240 3639 2380 3689 mus,
2405 3614 2525 3693 (ιιιίὸ
2550 3623 2779 3693 sparsim
2804 3623 3146 3694 reperta,sed
3172 3620 3596 3692 simuldiligenti
3627 3625 3826 3688 Studia,

2236 3726 2427 3772 etnon
2465 3731 2630 3787 parvo
2658 3715 2846 3771 labore
2894 3723 3173 3786 congesta,
3205 3712 3307 3768 hac
3335 3712 3404 3767 de
3448 3728 3505 3768 re
3541 3715 3633 3783 pie
3685 3729 3827 3784 qua:-

2241 3810 2484 3865 rentibus
2506 3808 2617 3867 sint
2644 3818 2823 3880 grata,
2849 3816 2904 3863 et
2924 3808 2992 3862 ad
3019 3806 3284 3862 rationem
3309 3804 3430 3860 ﬁdei
3461 3806 3826 3861 roborandam

2239 3902 2370 3956 satis
2400 3914 2670 3969 superque
2696 3899 2912 3954 idonea.

2311 3976 2419 4044 VII.
2456 3989 2549 4044 Ait
2577 4004 2707 4059 ergo
2750 3988 3039 4059 praedictus
3090 3986 3407 4043 Ambrosius
3457 3986 3511 4041 in
3560 3985 3707 4043 libm
3756 3983 3828 4040 De

2238 4081 2563 4153 mysteriis:
2628 4098 2646 4131 ‹
2691 4078 2843 4135 Nunc
2891 4080 3024 4135 illud
3070 4080 3480 4135 consideremus
3510 4119 3527 4143 ,
3584 4095 3656 4135 ne
3711 4080 3830 4149 quis

2240 4173 2401 4238 forte,
2429 4170 2657 4226 visibilia
2692 4170 2904 4235 videns,
2932 4171 3188 4239 quoniam
3224 4183 3345 4238 qua;
3373 4176 3503 4222 sunt
3533 4168 3830 4223 invisiLi’it

2240 4279 2346 4318 non
2386 4262 2638 4317 videntur
2666 4276 2767 4316 nec
2814 4269 3043 4331 possunt.
3089 4258 3347 4314 humanis
3376 4257 3553 4313 oculis
3576 4273 3827 4328 compte.

2240 4354 2427 4417 bendi,
2452 4352 2597 4407 dicat
2634 4368 2647 4405 :
2674 4349 2874 4406 Judzeis
2903 4352 2971 4405 de
3003 4365 3197 4404 manna
3231 4349 3403 4418 pluit;
3449 4349 3599 4404 unde
3626 4350 3830 4402 dictum

2238 4454 2351 4500 esto:
2381 4442 2580 4497 Panem
2601 4442 2910 4512 angelorum
2938 4442 3267 4495 utauducavit
3298 4442 3474 4494 homo.
3512 4440 3625 4495 Sed
3650 4453 3829 4495 tamen

2239 4538 2434 4605 panem
2464 4532 2611 4587 illum
2639 4531 2731 4602 qui
2780 4531 3250 4586 manducaverunt
3288 4545 3481 4585 attines
3512 4530 3568 4584 in
3615 4531 3831 4585 deserto

2239 4624 2437 4681 mortui
2490 4632 2635 4679 sunt.
2683 4623 2788 4677 Ista
2832 4631 3017 4675 autem
3065 4636 3190 4676 esca
3238 4636 3400 4689 quam
3436 4619 3698 4690 accipiet,
3730 4621 3830 4674 iste

2240 4718 2393 4786 panis
2427 4716 2580 4773 vivus
2601 4715 2694 4783 qui
2714 4714 2996 4769 descendit
3023 4714 3090 4767 de
3112 4712 3270 4776 etelo,
3305 4714 3430 4768 vita:
3460 4720 3688 4767 merum
3711 4712 3834 4766 sub-

2239 4811 2491 4864 stantiam
2508 4808 2905 4874 subministrat,
2920 4816 2975 4861 et
2986 4820 3183 4876 corpus
3193 4804 3517 4860 estChristi.
3529 4804 3829 4860 Considera

2243 4917 2384 4957 nunc
2437 4912 2616 4956 utrum
2663 4901 3009 4971 praestantior
3056 4900 3127 4954 sit
3169 4899 3325 4968 panis
3367 4898 3690 4969 angelorum
3719 4939 3735 4959 ,
3763 4913 3831 4951 an

2240 5012 2369 5051 caro
2417 4995 2639 5058 Christi,
2668 5009 2791 5064 quas
2836 4994 3023 5062 utique
3072 5006 3267 5061 corpus
3310 4998 3397 5044 est
3432 4992 3580 5044 vite.
3633 4988 3831 5043 Manta

2243 5088 2369 5143 illud
2391 5087 2459 5142 de
2487 5086 2645 5151 cado,
2676 5087 2780 5142 hoc
2806 5101 2969 5157 supra
2989 5086 3215 5148 omium;
3253 5082 3384 5137 illud
3407 5083 3555 5148 creti,
3586 5082 3695 5138 hoc
3731 5083 3831 5136 De-

2241 5181 2372 5238 mini
2410 5180 2695 5237 calorum.
2766 5180 2900 5235 Illud
2943 5179 3273 5249 corruptioni
3312 5179 3646 5242 obnoxium,
3676 5179 3724 5233 si
3776 5181 3829 5229 in

2239 5273 2381 5314 diam
2409 5271 2637 5314 saltm-um
2663 5280 2999 5314 car-mimum!
3028 5270 3129 5314 hM
3156 5269 3386 5314 alienum
3425 5269 3496 5314 ah
3520 5268 3673 5314 omni
3711 5281 3833 5314 mh
