4040 5314
228 286 373 345 i383

1086 275 1288 334 LIBER
1324 281 1413 338 DE
1451 278 1779 339 CORPORE
1818 274 1907 333 ΕΤ
1947 275 2294 335 SANCUINE
2348 279 2647 337 CHRISTI.

3370 285 3509 343 1586

227 416 403 470 aqua;
438 408 492 456 te
523 398 742 470 sanguis
782 396 943 455 diluit
972 397 1028 453 in
1061 405 1347 453 maternum.
1396 395 1614 452 Judaeus
1662 394 1822 458 bibit,
1856 376 1899 435 Α
1929 399 2180 453 stantiam
2226 399 2593 465 subministat,
2624 407 2675 453 et
2717 415 2914 469 corpus
2958 401 3158 461 Christi
3211 411 3311 460 est.
3350 424 3369 457 ι
3408 405 3506 463 Ubi

224 500 283 546 et
317 492 464 554 sitit;
495 500 547 545 tu
573 506 697 546 cum
735 488 953 554 biberis,
987 488 1141 545 sitire
1175 504 1283 545 non
1318 488 1565 559 poteris:
1596 495 1653 542 et
1692 486 1822 541 illud

224 584 282 638 in
306 585 519 649 umbra,
542 583 647 639 hoc
670 583 722 637 in
737 582 985 637 veritate.
1018 601 1036 633 ι
1056 582 1259 652 Etpost
1278 583 1531 638 nonnulla
1554 602 1567 636 :
1588 601 1606 633 ι
1638 582 1822 650 Quan-

226 677 298 731 tis
326 677 495 747 igitur
520 677 724 732 utimur
742 678 1008 748 exemplis
1034 687 1094 732 ut
1118 680 1407 749 probemus
1432 695 1539 734 non
1570 679 1670 734 hoc
1699 694 1818 737 esse

222 766 370 836 quod
391 774 584 822 natura
609 766 887 832 formavit,
914 768 1008 822 sed
1030 768 1172 838 quod
1195 768 1501 825 benedictio
1528 781 1819 823 consecra-

228 857 324 941 vit,
354 857 729 927 maioremque
766 858 873 911 vim
918 873 1042 914 esse
1081 858 1472 915 benedictionis
1512 872 1676 928 quam
1713 873 1814 912 na—

223 958 383 1015 tum,
402 950 528 1019 quia
551 950 934 1006 benedictione
956 960 1149 1005 natura
1172 950 1339 1007 etiam
1358 952 1473 1022 ipsa
1494 951 1772 1006 mutatur?
1791 969 1809 1003 ι

223 1039 293 1095 Et
320 1042 643 1110 quibusdam
675 1041 977 1112 interiectis
1005 1059 1019 1097 :
1050 1061 1071 1093 ι
1102 1043 1256 1110 Quod
1306 1043 1350 1098 si
1394 1052 1603 1097 tantum
1644 1042 1816 1098 valuit

224 1131 461 1187 humana
509 1133 812 1189 benedictio
859 1142 921 1188 ut
968 1143 1219 1189 naturam
1258 1145 1629 1195 converteret,
1684 1135 1813 1204 quid

223 1222 456 1277 dicimus
481 1224 549 1277 de
577 1223 693 1293 ipsa
722 1224 1137 1278 consecratione
1166 1224 1475 1287 divina,ubi
1504 1224 1666 1279 verba
1699 1225 1811 1294 ipsa

222 1309 442 1367 Domini
495 1312 799 1368 Salvatoris
850 1315 1178 1382 operantur?
1232 1313 1366 1369 Nam
1410 1323 1811 1369 sacramentum

223 1401 370 1459 istud
392 1404 535 1474 quod
565 1406 790 1476 accipis,
812 1405 1015 1461 Christi
1041 1422 1295 1461 sermone
1322 1406 1627 1461 conﬁcitur.
1655 1406 1813 1473 Quod

221 1497 268 1551 si
302 1505 510 1551 tantum
539 1497 709 1552 valuit
731 1513 911 1552 sermo
941 1498 1167 1564 Ειίωιιιι
1187 1497 1366 1569 ignem
1392 1499 1459 1553 de
1487 1497 1625 1554 etnlo
1648 1500 1813 1568 depo-

222 1598 398 1652 neret,
428 1604 535 1643 non
566 1589 766 1644 valebit
788 1590 991 1645 Christi
1020 1605 1220 1656 sermo,
1244 1600 1305 1645 ut
1335 1592 1546 1662 species
1572 1600 1815 1648 mutetur

221 1680 657 1735 elementorum?
716 1682 789 1737 De
822 1682 989 1737 totius
1036 1683 1224 1737 mundi
1278 1684 1535 1752 operibus
1587 1682 1806 1755 legisti:

1924 490 2174 545 advertas
2206 501 2417 559 oportet
2458 492 2600 562 quod
2625 506 2802 546 escam
2827 502 2882 546 et
2908 508 3102 563 panem
3137 509 3295 563 quem
3327 495 3394 551 dc
3422 510 3510 551 sa-

1922 597 2018 639 cro
2070 584 2224 639 altari
2265 585 2613 654 percipimus,
2664 586 2873 641 Domini
2933 589 3304 645 indubitanter
3362 592 3510 653 dicat

1920 689 2139 745 corpus,
2174 685 2229 730 et
2255 675 2375 731 ideo
2406 677 2528 730 vitae
2573 685 2790 731 :rterua:
2836 677 3196 736 substantiam
3246 682 3511 738 submiui-o

1920 775 2057 822 strat
2089 767 2245 836 digna
2285 766 2571 823 devotione
2605 768 2785 823 cordis
2820 768 2947 824 illud
2984 771 3399 842 accipientibus.
3444 774 3511 832 Et

1921 871 2133 912 revera.
2164 857 2411 914 Christus
2441 858 2586 913 enim
2642 874 2769 913 vere
2798 870 2882 915 est
2928 862 3056 923 vita,
3089 865 3229 918 sicut
3250 864 3373 937 ipse
3419 865 3507 920 di-

1919 948 2001 1004 xit
2035 966 2049 1004 :
2086 967 2104 1003 t
2144 949 2255 1021 Ego
2303 966 2422 1006 sum
2460 952 2568 1015 via,
2617 952 2820 1007 veritas
2846 962 2903 1008 et
2945 955 3073 1009 vita.
3113 975 3132 1006 ι
3172 956 3237 1011 Ει
3286 972 3511 1015 necesse

1919 1050 2003 1095 est
2057 1049 2116 1094 ιιι
2168 1042 2258 1111 qui
2314 1042 2590 1098 Christum
2638 1043 2690 1098 in
2736 1060 2795 1098 se
2846 1044 3072 1101 ﬁdeliter
3125 1048 3350 1120 excipit,
3382 1049 3508 1107 vitae

1917 1139 2132 1187 uernae
2152 1132 2423 1203 particeps
2454 1142 2726 1189 mereatur
2742 1134 2898 1199 elIici,
2928 1150 2960 1191 a
2984 1153 3088 1207 qua
3116 1138 3273 1210 longe
3317 1140 3374 1194 ﬁt
3415 1141 3507 1210 qui

1918 1236 1976 1276 se
1996 1237 2025 1276 ει
2050 1231 2238 1276 sancto
2261 1223 2539 1293 mysterio,
2566 1233 2658 1279 aut
2684 1225 2825 1281 male
2853 1226 3082 1282 vivendo
3101 1238 3195 1283 attt
3219 1245 3324 1284 non
3357 1240 3504 1286 recte

1916 1314 2207 1379 credendo,
2228 1314 2485 1386 elongare
2504 1332 2611 1371 non
2643 1319 2863 1387 metuit;
2889 1320 2974 1373 cui
2996 1321 3223 1390 quisque
3246 1337 3311 1379 co
3332 1324 3507 1394 magis

1916 1404 2196 1472 proximus
2222 1406 2410 1461 existit
2436 1422 2546 1476 quo
2590 1423 2689 1477 per
2715 1417 2878 1465 recte
2909 1410 3030 1465 ﬁdei
3061 1411 3295 1466 studium
3318 1428 3505 1469 emcn-

1916 1495 2094 1551 datius
2124 1497 2277 1551 vivit.
2310 1496 2390 1553 Ne
2421 1513 2555 1555 vero
2592 1500 2715 1568 quis
2740 1516 2940 1572 corpus
2967 1503 3127 1560 aliter
3160 1503 3506 1575 interpretari

1916 1586 2031 1643 sive
2061 1587 2361 1659 intelligere
2389 1599 2593 1658 posset,
2615 1591 2742 1661 quia
2770 1592 3018 1649 videlicet
3050 1595 3340 1665 Apostolus
3379 1602 3456 1651 ait
3488 1616 3504 1652 :

1921 1697 1943 1735 ι
1976 1679 2041 1735 Ει
2066 1696 2294 1751 corpora
2316 1682 2556 1743 caelestia
2582 1692 2883 1754 etcorpora
2914 1690 3191 1743 terrestria
3223 1709 3241 1743 ι
3262 1706 3277 1755 ;
3297 1705 3418 1745 mox
3452 1691 3507 1749 iu

222 1774 357 1841 Quia
383 1775 492 1843 ipse
514 1776 672 1840 dixit,
709 1786 759 1830 ει
781 1777 925 1846 [ποια
945 1788 1068 1831 sum
1086 1796 1105 1842 ;
1136 1779 1245 1849 ipse
1278 1780 1545 1834 mandavi;
1567 1789 1614 1834 ει
1636 1791 1814 1835 "eam
1846 1758 1890 1819 Β
1920 1773 2374 1843 subsequentibus
2407 1773 2549 1833 idem
2581 1774 2769 1830 doctor
2792 1775 2992 1832 Christi
3018 1793 3233 1845 carnem
3248 1781 3507 1853 appellat.

220 1875 365 1920 sunt.
392 1865 585 1921 Sermo
612 1881 743 1938 ergo
767 1866 997 1934 Christi,
1022 1869 1115 1938 qui
1143 1870 1317 1939 potuit
1345 1870 1413 1924 de
1440 1870 1606 1925 nihilo
1634 1871 1819 1927 facere

221 1958 366 2026 quod
392 1970 500 2011 non
527 1966 667 2022 erat,
695 1972 804 2011 non
830 1967 1009 2027 potest
1035 1974 1099 2013 ea
1130 1974 1251 2029 qua:
1278 1969 1406 2015 sunt
1437 1960 1491 2015 in
1522 1960 1574 2014 id
1606 1969 1818 2015 mutare

220 2049 367 2119 quod
391 2066 497 2105 non
523 2049 709 2104 erant?
740 2047 859 2103 Non
908 2051 1053 2106 enim
1085 2052 1265 2107 minus
1314 2061 1401 2107 est
1440 2066 1610 2107 novas
1654 2053 1817 2108 rebus

222 2140 376 2207 dare,
400 2157 565 2212 quam
593 2151 804 2198 uiiitare
829 2152 1073 2199 naturas.
1102 2143 1291 2199 Nonne
1320 2146 1496 2213 majus
1520 2153 1603 2200 est
1648 2160 1816 2201 novas

224 2248 314 2289 res
330 2235 483 2299 dare,
507 2248 669 2303 quam
696 2244 910 2289 mutare
933 2236 1190 2289 naturas?
1206 2234 1313 2290 Sed
1334 2236 1462 2305 quid
1484 2236 1817 2307 argumentis

222 2326 484 2381 utimur?
538 2327 653 2382 suis
704 2308 924 2381 utamur
979 2328 1263 2397 exemplis,
1319 2329 1818 2400 incarnationisque

223 2423 530 2469 astruamus
559 2414 817 2485 mysterio
844 2413 969 2486 [al.,
999 2416 1268 2489 mysterii]
1312 2416 1618 2471 veritatem.
1662 2414 1815 2471 Nun-

223 2506 351 2574 quid
382 2515 589 2561 natura:
618 2522 751 2561 usus
780 2510 1202 2576 praecessitcum
1243 2508 1402 2565 Jesus
1445 2510 1703 2565 Dominus
1746 2527 1814 2567 ex

224 2595 392 2650 Maria
432 2599 783 2651 nasceretur?
820 2598 877 2653 Si
903 2599 1152 2654 ordinem
1185 2602 1497 2671 quzrrimus,
1514 2601 1633 2657 viro
1656 2602 1815 2658 mista

224 2685 426 2743 femina
458 2705 721 2760 generare
744 2693 1045 2748 consuevit.
1081 2692 1273 2764 Liquet
1303 2695 1465 2765 igitur
1487 2698 1631 2767 quod
1678 2712 1816 2767 pra:-

227 2788 310 2835 ter
342 2788 552 2836 naturte
597 2784 846 2839 ordinem
899 2784 1059 2855 Virgo
1090 2788 1388 2857 generavit,
1419 2796 1474 2843 et
1531 2792 1633 2844 hoc
1672 2790 1816 2860 quod

226 2871 545 2927 conﬁcimus
579 2889 798 2944 corpus,
827 2890 893 2930 ex
926 2876 1147 2949 Virgine
1176 2888 1280 2933 est.
1310 2878 1451 2947 Quid
1477 2880 1564 2936 hic
1612 2882 1815 2951 quaeri-

227 2976 349 3018 mus
370 2973 577 3019 natura:
605 2968 848 3022 ordinem
884 2969 934 3022 in
957 2970 1158 3025 Christi
1182 2987 1429 3042 corpore,
1461 2988 1585 3028 cum
1616 2984 1816 3044 printer

227 3074 477 3118 naturam
516 3066 584 3120 sit
615 3066 728 3137 ipse
757 3067 1015 3123 Dominus
1046 3068 1205 3126 Jesus
1246 3079 1434 3141 partus
1462 3087 1529 3127 ex
1563 3073 1815 3143 Virginei

228 3155 367 3210 Vera
399 3158 584 3227 utique
611 3171 738 3213 caro
766 3157 970 3214 Christi
1007 3176 1125 3232 quae
1149 3163 1405 3217 cruciﬁsa
1431 3172 1537 3228 est,
1579 3178 1699 3233 qua:
1724 3180 1813 3219 se-

228 3248 374 3318 pulta
406 3259 493 3304 est
530 3266 542 3301 :
573 3264 699 3305 vere
722 3266 853 3323 ergo
887 3253 1070 3307 carnis
1100 3253 1246 3308 illius
1275 3263 1681 3309 sacramentum
1709 3263 1813 3310 est.

228 3339 345 3408 Ipse
376 3341 573 3395 clamat
602 3342 860 3398 Dominus
892 3341 1050 3398 Jesns
1085 3360 1099 3397 :
1133 3342 1247 3397 Hoc
1274 3354 1349 3398 est
1393 3360 1583 3414 corpus
1621 3354 1815 3399 meum.

228 3432 370 3489 Ante
392 3434 820 3493 benedictionem
845 3438 1132 3495 verborum
1157 3440 1457 3496 ccclestium
1480 3440 1582 3495 alia
1609 3441 1819 3512 species

226 3526 564 3592 nominatur,
582 3538 704 3599 post
732 3532 1194 3586 consecrationem
1207 3546 1401 3604 corpus
1420 3531 1621 3590 Christi
1646 3532 1818 3603 signi-

232 3614 443 3669 ﬁcatur.
473 3616 591 3688 ipse
618 3620 748 3675 dicit
791 3623 1106 3694 sanguinem
1137 3638 1316 3680 suum.
1347 3625 1485 3679 Ante
1532 3637 1817 3678 consecra-

232 3707 434 3765 tionem
471 3712 615 3766 aliud
664 3714 884 3779 dicitur,
915 3726 1035 3785 post
1080 3717 1545 3770 consecrationem
1596 3716 1817 3785 sanguis

232 3814 596 3871 nuncupatur.
631 3804 694 3859 Et
720 3815 773 3859 tu
798 3806 932 3861 dicis
962 3824 974 3859 :
1010 3808 1204 3871 Amen,
1232 3809 1331 3862 hoc
1362 3818 1463 3869 est,
1498 3824 1684 3863 verum
1713 3817 1815 3863 est.

230 3893 383 3959 Quod
410 3911 591 3952 sermo
624 3907 800 3962 sanat,
834 3899 1058 3955 allectus
1086 3902 1305 3956 sentiat.
1332 3900 1425 3954 llis
1448 3902 1608 3971 igitur
1636 3918 1819 3957 sacra-

224 3988 427 4042 ‘nientis
453 3990 626 4058 pascit
657 3991 950 4047 Ecclesiam
978 4010 1128 4047 suam
1151 3992 1402 4050 Christus
1424 3993 1597 4059 Jesns,
1623 3996 1819 4067 quibus

232 4080 427 4133 animae
462 4082 764 4136 substantia
802 4083 1067 4138 ﬁrmatur.
1110 4105 1129 4138 ι
1166 4086 1234 4140 Ει
1284 4095 1403 4156 post
1446 4102 1613 4156 pauca
1644 4104 1659 4141 :
1709 4105 1728 4138 ι
1762 4086 1817 4141 In

230 4170 321 4225 illo
366 4184 710 4230 sacramento
739 4175 988 4231 Christus
1036 4187 1139 4243 est,
1175 4179 1301 4248 quia
1358 4193 1557 4249 corpus
1616 4179 1817 4238 Christi

231 4276 337 4320 est.
376 4264 494 4322 Non
517 4284 645 4337 ergo
668 4270 967 4339 corporalis
992 4286 1116 4326 esca
1139 4281 1245 4337 est,
1269 4273 1365 4327 sed
1390 4273 1687 4341 spiritualis
1710 4256 1817 4329 est.

224 4358 389 4415 Unde
417 4370 473 4416 et
506 4362 798 4431 Apostolus
829 4366 894 4416 de.
927 4372 1052 4434 typo
1097 4363 1215 4432 ejus
1263 4364 1340 4417 ait
1386 4381 1399 4417 :
1446 4363 1582 4431 Quia
1630 4362 1819 4419 Patres

1920 1866 2105 1920 dicens
2152 1883 2166 1919 :
2213 1884 2232 1919 ι
2281 1866 2576 1923 Considera
2630 1883 2773 1922 nunc
2822 1877 2999 1929 utrum
3057 1874 3396 1941 pra‘stantior
3439 1882 3512 1929 sit

1918 1959 2074 2028 panis
2093 1959 2433 2028 angelorum,
2456 1974 2527 2013 an
2554 1974 2684 2013 caro
2715 1959 2938 2026 Christi,
2954 1976 3076 2031 qua:
3105 1964 3290 2034 utique
3311 1980 3509 2041 corpus

1918 2062 2004 2109 est
2024 2054 2170 2107 vitaz.
2196 2052 2337 2109 Vere
2361 2054 2605 2123 profecto
2628 2070 2822 2123 corpus
2843 2065 2927 2111 est
2962 2058 3085 2113 vita:
3116 2074 3242 2114 caro
3278 2060 3510 2128 Christi,

1918 2146 2046 2215 quia
2074 2147 2191 2216 ipse
2215 2146 2487 2212 Christus,
2517 2148 2603 2202 cui
2630 2156 2711 2202 est
2737 2147 2852 2217 ipsa
2890 2165 3019 2204 caro
3040 2165 3235 2219 corpus
3262 2152 3514 2209 substan-

1920 2239 2113 2305 tivum,
2133 2239 2241 2293 vita
2261 2247 2351 2295 est
2389 2238 2735 2302 immortalis.
2767 2254 2861 2295 seu
2890 2241 3018 2310 quia
3058 2242 3225 2297 vitam
3274 2244 3511 2299 ﬁdeliter

1917 2343 1984 2386 eo
2010 2331 2321 2386 frueutibus
2348 2340 2564 2387 constat
2594 2330 2949 2402 spiritualiter
2977 2336 3211 2403 operari.
3246 2354 3265 2388 ι
3295 2335 3359 2391 Et
3386 2345 3509 2407 post

1917 2440 2088 2495 pauca
2119 2441 2133 2477 :
2168 2441 2189 2475 ι
2234 2423 2452 2489 Manna,
2487 2424 2686 2494 inquit,
2710 2424 2838 2479 illud
2869 2428 3059 2481 umbra
3096 2426 3220 2494 fuit,
3249 2429 3352 2491 hoc
3383 2446 3507 2487 cor-

1917 2530 2019 2585 pus
2044 2516 2097 2569 in
2122 2514 2353 2569 veritate
2391 2522 2495 2569 est.
2537 2534 2555 2567 ι
2604 2513 2720 2571 Non
2753 2516 3029 2572 immerito
3066 2534 3262 2575 manna
3309 2522 3508 2577 umbra

1918 2610 2137 2669 dicitur,
2170 2608 2321 2678 quia,
2352 2606 2454 2663 etsi
2484 2607 2535 2661 in
2570 2609 2822 2674 veritate,
2840 2608 3079 2669 cuilestis
3099 2620 3349 2671 creatura
3380 2612 3505 2669 fuit.

1923 2700 2074 2755 Unde
2096 2710 2149 2754 et
2169 2700 2486 2771 angelorum
2536 2700 2693 2770 panis
2742 2711 3104 2771 nuncupatur,
3139 2704 3277 2760 dum
3325 2715 3507 2765 tamen

1918 2792 2062 2847 aliud
2098 2806 2257 2861 quam
2287 2793 2429 2861 quod
2459 2793 2745 2847 videbatur
2767 2793 2926 2863 signo
2974 2797 3275 2864 portendit;
3331 2797 3507 2868 ﬁgura

1917 2882 2000 2934 vel
2026 2883 2215 2937 umbra
2237 2881 2481 2951 mysterii
2512 2882 2717 2948 futura,
2744 2898 2850 2939 non
2871 2883 2985 2952 ipsa
3012 2884 3239 2949 veritas,
3267 2887 3503 2953 exstitit,

1918 2990 2037 3045 qu:e
2056 2975 2476 3045 exspectabatur
2497 2976 2832 3044 temporibus
2861 2976 3146 3033 revelanda
3169 2978 3507 3043 novissimis.

1916 3065 2132 3133 quando
2161 3062 2494 3133 plenitudine
2528 3078 2694 3134 quam
2728 3064 2897 3121 divini
2926 3066 3139 3122 consilii
3166 3068 3505 3138 providentia

1922 3157 2183 3226 disposuit
2202 3167 2327 3212 ante
2350 3166 2591 3226 tempora
2616 3157 3339 3229 saeculariajamaceedente,
3367 3162 3519 3217 Deus

1923 3254 2037 3319 ipse
2064 3251 2227 3304 homo
2260 3264 2358 3318 pro
2390 3250 2707 3305 hominibus
2746 3251 2997 3320 dignatus
3024 3261 3108 3307 est
3129 3252 3268 3319 ﬁeri;
3301 3263 3356 3307 et
3404 3254 3509 3315 huc

1922 3341 2165 3405 celeste,
2198 3355 2260 3395 ac
2294 3340 2477 3409 potius
2505 3339 2769 3403 divinum,
2794 3355 2900 3395 non
2930 3351 2989 3395 ut
3019 3351 3146 3397 ante
3168 3357 3265 3412 per
3290 3342 3510 3414 Moysen

1922 3447 2117 3487 manna
2142 3431 2270 3487 illud
2295 3432 2539 3495 dederat,
2570 3430 2666 3487 sed
2711 3445 2810 3500 per
2860 3432 3212 3502 semetipsum
3256 3434 3511 3500 confecit,

1921 3522 2311 3593 discipulisque
2334 3523 2449 3577 suis
2485 3522 2538 3577 in
2568 3522 2652 3577 sui
2685 3523 3004 3577 memoriam
3034 3537 3204 3594 usque
3236 3524 3289 3579 in
3321 3526 3507 3585 steculi

1921 3618 2472 3684 consummationem,
2504 3632 2613 3689 qua
2644 3618 2761 3687 ipse
2790 3617 3076 3675 manifeste
3101 3629 3361 3679 venturus
3402 3634 3509 3685 est.

1920 3711 2417 3773 ceiebrandum,ita
2436 3712 2621 3767 dicens
2647 3729 2660 3764 :
2692 3730 2715 3764 ι
2747 3711 2861 3767 Hoc
2887 3712 3050 3768 facite
3076 3715 3506 3785 quotiescunque

1920 3804 2138 3859 sumitis
2156 3803 2206 3857 in
2226 3817 2402 3859 meam
2425 3806 3017 3861 commemorationem.
3041 3825 3059 3857 ι
3079 3806 3231 3863 Unde
3256 3809 3513 3865 nimirum

1920 3907 2134 3955 constat
2165 3899 2413 3955 eamdem
2441 3897 2730 3954 veritatem
2767 3898 2949 3954 carnis
2984 3914 3047 3954 ac
3072 3903 3354 3971 sanguinis
3392 3917 3513 3958 esse

1925 3993 1979 4047 in
2002 4000 2376 4055 sacramento,
2403 3991 2548 4061 quod
2585 3999 2776 4045 sancta
2835 4005 2933 4061 per
2977 3993 3289 4048 universum
3319 3995 3507 4051 orbem

1924 4084 2167 4141 Ecclesia
2194 4084 2539 4139 uniformiter
2563 4083 2698 4154 agit,
2725 4098 2845 4153 qua:
2872 4094 2991 4137 erat
3020 4093 3074 4139 et
3118 4085 3170 4139 in
3223 4085 3314 4139 illo
3365 4089 3511 4156 quod

1925 4178 2041 4248 ipse
2067 4178 2321 4232 Christus
2362 4178 2506 4231 Deus
2538 4176 2652 4230 suis
2676 4175 2887 4229 sanctis
2932 4175 3183 4230 manibus
3212 4178 3515 4233 sanctiﬁca-

1922 4270 2026 4334 vit,
2054 4284 2119 4323 ac
2157 4269 2271 4325 suis
2314 4268 2405 4336 qui
2444 4282 2567 4321 eum
2596 4267 2662 4321 ab
2696 4265 2851 4325 initio
2885 4267 3284 4336 prmdicationis
3338 4271 3510 4325 secuti

1932 4360 2170 4425 fuerant,
2198 4359 2473 4413 distribuit
2506 4376 2520 4412 :
2556 4358 2807 4427 Accipite,
2837 4358 3109 4429 inquiens,
3138 4370 3187 4414 et
3230 4362 3517 4426 comedim;

233 4453 402 4506 nostri
456 4470 626 4507 escam
673 4472 729 4521 sp
757 4454 1000 4509 rima/em
1051 4457 1521 4519 nmuducuverunt,
1569 4467 1615 4510 et
1645 4466 1825 4525 potum
1852 4464 1907 4526 ι)
1932 4454 2028 4508 ltoc
2062 4464 2135 4507 est
2168 4468 2353 4521 corpus
2380 4467 2572 4506 uicum.
2615 4451 2696 4506 Ac
2717 4451 3015 4522 deinceps:
3049 4451 3186 4517 Hoc,
3213 4453 3311 4521 ait,
3354 4453 3514 4521 facile

232 4534 561 4615 spiritualem
585 4547 846 4601 biberunt.
881 4548 1089 4618 Corpus
1109 4550 1251 4603 enim
1285 4550 1493 4604 Domini
1524 4564 1720 4621 corpus
1741 4563 1825 4607 est

235 4639 534 4708 spirituale.
564 4639 988 4712 Cmpnsllhristi
1013 4658 1210 4712 corpus
1237 4651 1318 4697 est
1341 4642 1505 4696 divini
1536 4640 1819 4713 Spiritus.»

238 4730 361 4785 lliec
400 4732 535 4786 tanti
590 4732 687 4784 viri
746 4733 1013 4785 sententia
1066 4733 1298 4788 ﬁdeliter
1347 4746 1608 4802 expensa,
1639 4747 1826 4788 omnes

235 4822 614 4876 haereticorum
658 4821 946 4886 versutias,
979 4830 1033 4875 et
1082 4820 1335 4879 Universa
1383 4822 1617 4877 destruit
1662 4839 1825 4893 argu-

213 4910 438 4979 'menta,
469 4914 905 4985 catholicamqne
934 4916 1088 4972 tidem
1113 4934 1143 4973 e
1174 4921 1389 4976 diverso
1415 4908 1631 4973 instruit
1656 4929 1709 4974 et
1733 4934 1826 4974 ro-

206 5007 417 5099 ‘borat,
450 5020 507 5066 et
538 5012 605 5065 de
634 5010 863 5065 veritate
905 5011 1133 5066 naturali
1163 5012 1411 5083 corporis
1439 5028 1503 5066 ac
1549 5013 1828 5087 sanguinis

210 5098 365 5188 iJesu
413 5103 615 5159 Christi
650 5104 943 5159 Salvatoris
973 5104 1318 5165 devotionern
1370 5103 1631 5171 ﬁdelium,
1661 5124 1726 5163 ne
1759 5108 1827 5161 de

238 5203 434 5251 czetero
456 5196 507 5249 in
541 5196 722 5267 aliquo
754 5197 974 5260 vacilet,
1003 5193 1341 5259 sufﬁcienter
1362 5194 1619 5255 rediticat.
1652 5199 1825 5267 Quam

338 5304 361 5314 Α
396 5305 491 5314 ιιι--
515 5288 716 5314 -ἒ..ι-.1.ι
746 5289 888 5314 -Λιιξη
922 5288 968 5314 :n
1001 5286 1144 5314 ιιι-ει..
1188 5312 1193 5314 .
1247 5296 1520 5314 ..σεΛιροΛ-.ι1

1926 4550 1983 4602 in
2011 4549 2113 4601 mei
2156 4546 2720 4601 ronummorationem.
2751 4544 2878 4600 Ilzec
2903 4559 3030 4609 vox,
3059 4556 3121 4601 ut
3145 4546 3418 4601 credimus
3464 4558 3517 4598 et

1926 4638 2272 4700 conﬁtemur,
2299 4645 2383 4692 est
2413 4636 2480 4689 ad
2530 4651 2693 4706 quam
2730 4635 3200 4693 consecrationem
3249 4634 3516 4691 Dominici

1926 4735 2171 4806 mysterii
2208 4733 2451 4803 quotidie
2501 4732 2620 4787 lieri
2681 4731 2868 4802 liquet.
2899 4731 3055 4798 Quod
3082 4732 3347 4804 quamvis.
3373 4731 3520 4787 aliud

1924 4826 2181 4881 humanis
2210 4832 2471 4878 cernatur
2502 4820 2802 4883 obtutibus,
2831 4824 3084 4892 quamvis
3124 4820 3269 4878 aliud
3315 4821 3525 4891 siguiii-

1926 4933 2053 4975 care
2082 4918 2292 4975 utiliter
2320 4914 2535 4969 ratione
2566 4913 2748 4988 typica
2776 4931 2884 4970 non
2914 4928 3165 4985 negetur,
3182 4912 3316 4969 nihil
3340 4921 3528 4973 tamen

1929 5012 2075 5068 aliud
2106 5007 2332 5067 omnino
2360 5006 2801 5063 substamialiter
2831 5022 2952 5062 esse
2973 5023 3142 5080 quam
3166 5022 3296 5063 vera
3326 5004 3543 5073 Christi

1929 5124 2057 5164 ram
2084 5118 2137 5161 et
2172 5115 2343 5156 verus
2370 5101 2593 5166 sanguis
2635 5101 3047 5170 comprobatur.
3084 5106 3150 5160 Et
3180 5100 3323 5156 sicut
3370 5112 3553 5166 supe‘

1931 5204 2043 5257 rius
2074 5199 2357 5254 aitbeatus
2383 5191 2705 5249 Ambrosius
2737 5205 2756 5243 :
2798 5211 2814 5243 ι
2849 5193 2966 5248 1am
2995 5213 3104 5253 non
3128 5203 3217 5250 est
3239 5198 3357 5259 post
3375 5192 3558 5250 verba

2101 5294 2168 5312 ι’-
2205 5283 2346 5312 σιηςΑᾸ
2378 5292 2571 5312 πιηοιιιοΑ
2627 5284 2882 5312 τηου-...οἷα
2936 5290 3030 5312 ΑΑνΙ
3147 5307 3163 5309 _
3197 5287 3208 5310 I
3237 5280 3559 5310 ιιΑιιΛιιῖιιιὲε-
