4040 5314
561 261 696 346 1587

1585 280 1816 338 ΒὈΠΑΝ
1829 281 1888 336 [ιι
1943 283 1981 335 Λ
1995 281 2230 338 ΒΒᾹΤΙό
2285 279 2464 336 ΤΒοΛ
2477 277 2763 336 RNENSIS

3685 281 3826 338 1388

555 403 684 457 ante
705 399 875 458 verba
901 406 1392 460 sacramentorum;
1425 387 1510 451 ubi
1542 379 1838 450 accesserit
1859 412 2136 452 consecra-
2167 407 2212 466 Α
2245 379 2405 464 atque
2435 410 2498 449 ex
2537 385 2762 449 vulnere
2783 407 2920 464 aqua
2955 399 3007 448 et
3045 390 3264 463 sanguis
3293 392 3358 446 ad
3387 401 3574 462 potum
3599 393 3826 464 spiritus

558 493 656 558 tio,
689 491 756 550 de
789 505 928 565 pane
975 490 1034 544 fit
1062 503 1192 544 caro
1234 487 1458 542 Christi.
1500 503 1518 538 ι
1561 487 1784 555 Et-post
1835 487 2134 542 nonnulla:

561 589 580 636 ι
617 583 675 641 Si
699 599 848 656 ergo,
871 582 1065 652 inquit,
1097 589 1246 635 tanta
1282 581 1361 633 vis
1397 589 1479 634 est
1514 578 1566 633 in
1595 591 1848 640 sermone
1901 578 2133 644 Domini,

553 683 614 731 ut
638 675 938 745 inciperent
965 687 1086 728 esse
1107 685 1226 740 qua:
1249 686 1354 724 non
1382 678 1560 736 erant,
1585 677 1788 739 quanto
1811 668 1980 740 magis
2005 681 2136 738 epe-

553 767 791 822 ratorius
823 773 927 831 est,
965 773 1026 820 ut
1052 747 1162 818 sint
1185 776 1306 832 qua:
1332 768 1510 826 erant,
1533 767 1586 814 et
1612 759 1666 812 in
1709 757 1851 812 aliud
1895 773 2136 812 commu-

551 859 770 914 tentur?
801 878 819 910 ι
855 857 971 925 Qua
1009 852 1332 911 sententiola
1362 850 1616 920 liquidius
1645 849 1756 903 dest
1769 849 1939 901 ruitur
1968 848 2138 902 haere-

553 951 780 1010 ticorum
804 949 1054 1021 perﬁdia,
1080 945 1171 1017 qui
1201 943 1360 999 aliter
1383 957 1544 1013 quam
1577 942 1690 1012 ipsa
1723 937 1932 995 Veritas
1951 939 2134 1004 habet,“

547 1035 811 1100 adversus
859 1040 1040 1097 divina
1086 1038 1362 1106 disputant
1395 1041 1781 1098 sacramenta;
1831 1031 1886 1086 in
1939 1031 2136 1100 quibus

547 1138 720 1194 solam
762 1149 882 1192 esse
909 1133 1158 1204 ﬁguram,
1181 1139 1238 1184 et
1277 1143 1383 1182 non
1407 1125 1694 1180 veritatem
1725 1121 2014 1188 afﬁrmant,
2055 1130 2138 1176 at-

545 1245 652 1302 que
664 1237 991 1290 creaturam,
1005 1233 1064 1278 ut
1079 1219 1511 1282 fueratomnino,
1531 1230 1876 1286 permanere;
1900 1214 2134 1284 aliquam

543 1325 800 1378 virtutem
837 1315 1208 1389 spiritualiter,
1239 1319 1462 1382 propter
1511 1305 1940 1364 benedictionem
1993 1304 2136 1360 unde

544 1411 758 1469 Domini
784 1424 984 1480 corpus
1009 1415 1252 1468 vocetur,
1283 1401 1512 1464 habere;
1541 1411 1640 1452 nec
1685 1396 1740 1450 in
1789 1393 1933 1449 aliud
1971 1407 2134 1464 quam

544 1501 721 1556 fuerat
759 1497 1028 1556 demutari
1078 1507 1258 1550 rerum
1309 1490 1620 1552 veritatem,
1646 1501 1768 1542 cum
1816 1485 2134 1540 Ambrosius

545 1596 690 1650 dicat
722 1611 736 1648 :
766 1613 784 1645 ι
823 1591 936 1646 Hoc
979 1597 1157 1644 autem
1189 1599 1386 1652 corpus
1435 1582 1488 1636 in
1539 1580 1770 1634 veritate
1795 1585 1908 1644 est;
1943 1576 2132 1646 iquod

544 1684 782 1756 qualiter
811 1683 864 1738 in
901 1681 1130 1736 veritate
1157 1677 1228 1731 sit
1273 1675 1388 1743 ipse
1411 1670 1650 1742 exponit,
1684 1668 1869 1722 dicens
1901 1681 1914 1720 :
1949 1685 1968 1717 ι
2013 1665 2132 1720 Non

2241 483 2816 538 ad’resurreetionem.
2872 481 3206 538 Unus'enim
3251 481 3501 539 Christus
3531 495 3616 540 est
3665 487 3824 542 nobis

2237 576 2393 641 ﬁdes,
2415 590 2559 646 spes,
2577 575 2834 630 cltaritas.
2867 575 3026 630 Fides
3055 574 3106 628 in
3141 574 3378 640 lavacro,
3403 577 3530 646 spes
3561 579 3613 632 in
3645 594 3826 634 resur-

2239 669 2501 734 rectione,
2525 668 2770 723 charitas
2799 667 2852 722 iu
2883 677 3246 722 sacramento.
3291 687 3312 720 ι
3353 667 3408 722 In
3457 672 3698 728 secundo
3749 668 3828 726 De

2227 758 2495 813 viduitate
2519 777 2533 811 :
2563 775 2584 810 ι
2623 759 2900 823 Dominus,
2935 757 3126 827 inquit,
3153 756 3308 812 Jesus
3327 757 3450 812 aliis
3475 773 3672 827 panem
3701 759 3824 813 hor-

2238 847 2518 914 deaceam,
2561 864 2628 904 ne
2653 849 2708 904 in
2741 849 2824 902 via
2859 848 3182 912 deﬁcerent;
3232 847 3355 902 aliis
3387 863 3586 918 corpus
3641 863 3822 914 suum,

2239 939 2376 993 utad
2408 955 2632 1008 regnum
2659 937 3437 1002 contenderent,ministravit.
3473 956 3495 990 ι
3527 938 3596 992 Et
3609 937 3664 992 in
3687 937 3828 994 me

2239 1030 2315 1085 De
2357 1031 2756 1085 sacramentis:
2795 1049 2812 1081 ι
2849 1029 3273 1100 Ergo-didicisti,
3306 1029 3398 1093 ait,
3431 1038 3494 1083 ut
3517 1029 3682 1099 panis
3699 1043 3824 1084 cor-

2235 1137 2336 1192 pus
2355 1121 2558 1176 Christi
2593 1122 2705 1176 fiat.
2738 1121 2804 1175 Et
2835 1121 2998 1190 quid?
3031 1121 3220 1176 vinum
3251 1121 3304 1174 in
3353 1119 3524 1175 calice
3555 1121 3822 1184 mittitur;

2236 1213 2328 1267 sed
2362 1211 2424 1266 ﬁt
2449 1213 2668 1284 sanguis
2689 1212 3098 1268 consecratione
3137 1210 3372 1266 cmlesti.
3405 1229 3424 1263 ι
3461 1210 3542 1266 Ae
3575 1221 3698 1280 post
3725 1211 3830 1265 ali-

2235 1313 2435 1374 quanta
2475 1321 2488 1357 :
2545 1323 2564 1355 ι
2610 1304 2915 1375 Antequam
2964 1312 3338 1368 consecretur,
3391 1303 3556 1373 panis
3585 1313 3703 1368 est;
3733 1303 3826 1359 ubi

2235 1401 2414 1448 autem
2447 1393 2610 1448 verba
2641 1393 2840 1450 Christi
2870 1393 3218 1458 accesSerint,
3253 1407 3450 1463 corpus
3486 1403 3572 1449 est
3599 1393 3826 1449 Christi.

2235 1485 2300 1540 Et
2335 1495 2460 1540 ante
2489 1487 2650 1540 verba
2673 1485 2896 1552 Christi,
2927 1485 3066 1541 calix
3093 1493 3177 1540 est
3202 1485 3310 1539 vini
3331 1494 3385 1540 et
3413 1499 3570 1554 aqua:
3593 1486 3786 1555 plenus
3807 1502 3826 1540 :

2235 1575 2325 1631 ubi
2362 1575 2527 1631 verba
2558 1575 2758 1630 Christi
2785 1587 3008 1645 operata
3037 1575 3262 1638 fuerint,
3295 1574 3366 1630 ibi
3397 1577 3626 1646 sanguis
3657 1575 3828 1630 efﬁci-

2235 1681 2343 1727 tur.
2377 1669 2579 1724 Deinde
2607 1670 2720 1739 ipse
2749 1669 3010 1725 Dominus
3034 1667 3194 1724 Jesus
3217 1668 3468 1724 Christus
3501 1667 3834 1724 testiﬁcatus

541 1787 626 1831 est
665 1776 808 1846 quod
834 1783 1025 1830 natura
1065 1766 1344 1830 formavit,
1368 1765 1461 1818 sed
1493 1759 1638 1832 quod
1663 1757 1968 1815 benedictio
1991 1772 2126 1813 cono
2156 1760 2201 1819 Β
2229 1768 2313 1814 est
2337 1759 2492 1815 nobis
2517 1761 2662 1829 quod
2682 1775 2882 1830 corpus
2894 1773 3052 1814 suum
3082 1758 3377 1828 accipimus
3395 1769 3449 1813 et
3467 1760 3824 1826 sanguinem.

543 1869 798 1932 secravit,
827 1865 952 1936 quia
983 1859 1362 1918 benedictione
1391 1863 1582 1909 natura
1611 1861 1867 1908 mutatur.
1893 1869 1922 1902 μ»

610 1959 705 2014 IX.
745 1960 814 2014 At
851 1958 975 2028 quia
1009 1961 1136 2008 sunt
1161 1948 1404 2007 nonnulli
1453 1947 1538 2002 his
1591 1945 1884 2014 aliquanto,
1911 1950 1969 1997 ut
2022 1941 2128 1998 sibi

539 2053 816 2116 videntur,
845 2045 1220 2120 prudent-iores
1248 2050 1414 2110 atque
1461 2036 1848 2106 religiosiores,
1875 2033 1964 2103 qui
1999 2047 2128 2086 ear-

540 2157 666 2199 nem
717 2140 932 2211 quidem
977 2136 1161 2191 dicant
1209 2147 1330 2188 esse
1377 2129 1598 2190 Christi,
1623 2141 1728 2182 non
1761 2133 1940 2180 tamen
1976 2123 2124 2178 illam

539 2234 785 2306 quamde
803 2230 1018 2300 Virgine
1044 2237 1230 2284 sancta
1253 2223 1502 2281 Christus
1523 2221 1637 2291 ipse
1655 2217 1916 2287 suscepit,
1946 2216 2126 2306 inqua

537 2305 735 2395 passus
771 2333 874 2388 est,
907 2329 960 2375 et
987 2335 1014 2372 a
1045 2316 1275 2373 mortuis
1324 2311 1640 2375 resurrexit,
1669 2323 1828 2380 quant
1867 2307 1934 2362 ad
1961 2305 2130 2362 etnlos

539 2431 662 2468 cum
697 2411 968 2480 triumpho
1009 2407 1252 2464 victoria:
1287 2403 1442 2458 vivus
1479 2411 1534 2456 et
1563 2415 1726 2455 verax
1755 2398 2002 2464 devexit;
2033 2396 2128 2451 sed

537 2506 828 2578 quamdam
857 2517 1073 2566 novam,
1099 2513 1260 2569 quam
1277 2494 1586 2551 benedictio
1615 2505 1805 2546 recens
1834 2503 2126 2545 consecra-

535 2599 614 2652 vit
645 2615 656 2649 :
685 2593 944 2665 praefatus
973 2595 1163 2647 doctor
1195 2585 1540 2657 apertissime
1571 2581 1762 2636 deﬁnit
1812 2582 2001 2634 horum
2043 2595 2128 2633 cr-

537 2704 740 2752 rorem,
761 2686 1044 2741 destruens
1075 2680 1334 2746 funditus,
1359 2675 1792 2744 catholicamque
1813 2672 1968 2726 [idem
1999 2671 2130 2725 vali-

537 2783 660 2838 dius
687 2779 980 2840 :editieans,
1007 2774 1240 2845 qualiter
1279 2771 1382 2825 hac
1409 2769 1474 2824 de
1499 2783 1578 2833 re,
1617 2766 1912 2822 secundum
1969 2764 2117 2820 Veri-

536 2882 727 2937 tatem,
758 2867 1100 2926 sentiendum
1127 2865 1216 2920 sit.
1241 2863 1332 2916 Ait
1361 2874 1596 2929 namque
1619 2877 1639 2912 ς
1681 2877 1699 2908 ι
1735 2857 1942 2926 Liquet
1965 2855 2130 2926 igitur

537 2965 682 3035 quod
713 2970 910 3033 printer
937 2967 1142 3013 natura:
1171 2955 1416 3010 ordinem
1447 2952 1610 3020 Virgo
1625 2948 1926 3020 generavit,
1945 2959 2000 3004 et
2025 2949 2129 3002 hoc

537 3057 682 3128 quod
707 3054 1023 3111 conﬁcimus
1051 3063 1248 3118 corpus
1283 3063 1350 3101 ex
1383 3045 1602 3116 Virgine
1629 3054 1728 3098 est.
1765 3062 1785 3096 ι
1823 3041 1888 3096 Et
1919 3041 2124 3112 .paucis

525 3146 840 3218 interjectis
871 3161 885 3198 :
923 3162 944 3195 ι
971 3141 1114 3198 Vera
1135 3141 1322 3210 utique
1345 3152 1472 3193 caro
1499 3135 1698 3190 Christi
1721 3149 1843 3204 quae
1863 3133 2120 3189 crueiﬁxa

535 3250 641 3305 est,
671 3254 792 3309 quae
818 3235 1030 3307 sepulta
1059 3243 1159 3290 est.
1194 3231 1332 3286 Vere
1374 3245 1504 3300 ergo
1528 3228 1715 3284 carnis
1747 3227 1891 3282 illius
1939 3241 2125 3282 sacra-

533 3341 778 3388 mentum
803 3339 914 3397 est;
949 3329 1063 3400 ipse
1093 3326 1237 3381 enim
1265 3323 1466 3379 clamat
1491 3320 1752 3375 Dominus
1783 3316 1976 3374 Jesus:
2016 3317 2126 3374 Hoc

533 3437 620 3480 est
653 3437 852 3494 corpus
880 3436 1078 3477 meum.
1121 3439 1136 3471 ι
1173 3418 1250 3472 Ex
1283 3415 1482 3486 quibus
1502 3413 1754 3470 omnibus
1775 3411 1894 3466 luce
1923 3411 2125 3466 clarius

535 3523 747 3570 constat
776 3513 1054 3569 Dominica
1103 3516 1458 3565 sacramenta.
1493 3519 1620 3560 vere
1651 3519 1772 3558 esse
1825 3518 2024 3572 corpus
2063 3517 2127 3556 ac

535 3604 855 3675 sanguinem
883 3603 1228 3667 Cliristi,non
1262 3597 1434 3655 solum
1462 3611 1559 3666 per
1589 3595 1806 3650 virtutis
1829 3593 2124 3650 efﬁcaciam

535 3709 594 3754 et
619 3695 956 3768 spiritualem
979 3693 1301 3764 potentiam,
1317 3690 1410 3746 sed
1426 3689 1589 3743 etiam
1614 3703 1711 3758 per
1737 3685 2124 3757 proprietatem

535 3785 805 3841 naturalis
833 3784 1080 3840 veritatis
1111 3781 1516 3852 integerrimam
1541 3795 1558 3844 ;
1591 3792 1689 3832 nec
1737 3776 1880 3832 aliud
1906 3776 2126 3832 omnino

538 3893 702 3949 quam
723 3877 968 3934 eamdem
997 3890 1218 3931 carnem
1244 3888 1407 3943 quam
1435 3871 1597 3943 Virgo
1614 3872 1679 3927 de
1709 3870 1912 3941 Spiritu
1937 3881 2125 3926 sancto

537 3969 808 4050 concepit,
837 3985 891 4032 et
922 3973 1230 4045 integritate
1271 3969 1604 4040 virginitatis
1649 3967 1870 4022 illibatae
1911 3981 2125 4036 perma-

535 4079 702 4127 nente
737 4076 934 4139 praeter
969 4066 1262 4120 humanam
1289 4058 1760 4124 consuetudinem,
1787 4071 1894 4112 non
1929 4065 2126 4126 prtulet‘

535 4167 824 4223 veritatem
852 4161 1100 4232 corporis
1123 4154 1594 4224 humani,.edidit;
1625 4166 1747 4221 quae
1773 4149 1948 4206 crucis
1969 4147 2120 4203 dam-

537 4271 665 4316 nata
692 4249 1007 4330 suspendio,
1041 4254 1234 4310 mortis
1263 4251 1480 4308 addicta
1527 4245 1812 4318 supplicio,
1839 4245 1934 4302 sed
1980 4251 2126 4314 post-

535 4355 758 4410 modum
806 4354 982 4408 beatze
1015 4343 1435 4404 resurrectionis
1493 4339 1794 4413 gloriﬁcata
1825 4337 2119 4407 triumpho,

2231 1847 2480 1919 Nunquid
2511 1851 2770 1908 debemus
2793 1851 2862 1907 de
2894 1849 3014 1920 ejus
3048 1849 3426 1906 testiﬁcatione
3443 1859 3501 1905 et
3529 1851 3638 1905 ﬁde
3663 1851 3828 1904 dubi-

2229 1945 2386 2000 tare?
2423 1961 2442 1996 ι
2465 1944 2597 1999 Etiu
2613 1943 2878 2014 superiori
2905 1943 3041 1998 libro
3069 1943 3142 1998 De
3161 1941 3521 1998 sacramentis
3551 1957 3566 1994 :
3593 1959 3614 1992 ι
3647 1940 3832 2006 Sicut,

2229 2034 2425 2104 inquit,
2451 2049 2612 2090 verus
2639 2043 2724 2090 est
2753 2034 2846 2088 Dei
2870 2033 3038 2089 Filius
3065 2033 3324 2088 Dominus
3345 2031 3506 2087 Jesus
3543 2030 3824 2094 Christus,

2229 2141 2338 2182 non
2367 2125 2822 2196 quemadmodum
2853 2126 3103 2182 homines
3123 2141 3222 2195 per
3243 2125 3494 2194 gratiam,
3524 2125 3620 2179 sed
3667 2126 3828 2194 quasi

2229 2217 2374 2273 illius
2397 2233 2460 2273 ex
2489 2218 2798 2273 substantia
2837 2218 3008 2288 patris
3035 2236 3056 2271 Δ;
3085 2218 3158 2271 ita
3187 2231 3312 2270 vera
3342 2231 3492 2280 caro,
3513 2217 3666 2272 sicut
3707 2217 3828 2286 ipse

2229 2313 2384 2376 dixit,
2405 2328 2570 2384 quam
2599 2313 2918 2384 accipimus.
2967 2311 3075 2368 Sed
3119 2312 3260 2368 forte
3303 2310 3499 2365 dicas:
3531 2307 3824 2374 Quomodo

2227 2401 2396 2457 vera?
2419 2401 2519 2469 Qui
2549 2402 2962 2458 similitudinem
2999 2402 3178 2465 video,
3215 2414 3322 2454 non
3347 2398 3504 2452 video
3537 2397 3826 2466 sanguinis

2229 2497 2530 2552 veritatem.
2557 2495 2740 2551 Primo
2767 2496 3008 2551 omnium
3033 2493 3140 2549 dixi
3161 2491 3258 2546 tibi
3285 2491 3354 2546 de
3379 2504 3638 2544 sermone
3659 2488 3824 2542 Chri-

2229 2588 2298 2644 sti
2323 2588 2415 2658 qui
2443 2595 2722 2658 operatur,
2761 2595 2818 2640 ut
2849 2585 3020 2656 possit
3045 2593 3255 2638 mutare
3288 2589 3343 2636 et
3383 2589 3710 2635 convertere
3731 2593 3826 2648 ge-

2228 2695 2360 2736 nera
2391 2679 2660 2734 instituta.
2703 2677 2926 2743 Deinde,
2977 2676 3063 2730 ubi
3115 2691 3222 2730 non
3277 2673 3516 2728 tulerunt
3569 2671 3826 2740 discipuli

2228 2772 2497 2828 dicentem
2528 2770 2802 2825 Christum
2829 2769 2972 2838 quod
2995 2779 3382 2843 caruemsuam
3407 2764 3566 2818 daret
3593 2763 3826 2816 mandu-

2229 2879 2356 2920 care
2389 2873 2444 2920 et
2493 2863 2810 2934 sanguinem
2839 2875 2996 2915 suum
3029 2859 3094 2912 ad
3126 2855 3442 2926 bibendum,
3469 2855 3824 2909 recedebant.

2231 2952 2308 3008 Ne
2337 2954 2500 3024 igitur
2515 2951 2696 3024 plures
2721 2952 2824 3008 hoc
2845 2951 3086 3006 facerent
3107 2948 3230 3021 [al.,
3259 2945 3552 3018 dicerent],
3575 2954 3632 3000 et
3659 2945 3822 3000 veluti

2232 3044 2452 3116 quidam
2499 3045 2693 3100 horror
2730 3051 2875 3098 esset
2921 3040 3154 3104 cruoris,
3183 3039 3280 3094 sed
3335 3045 3588 3092 maneret
3647 3043 3822 3105 gratia

2229 3135 2636 3205 redemptionis,
2669 3133 2791 3188 ideo
2821 3133 2886 3188 .in
2918 3131 3324 3188 similitudinem
3357 3128 3576 3198 quidem
3617 3127 3828 3195 accipis

2227 3236 2594 3292 sacramenta,
2619 3225 2714 3280 sed
2747 3239 2888 3280 vera:
2923 3233 3130 3278 naturae
3185 3221 3416 3292 gratiam
3453 3221 3826 3288 virtutemque

2229 3317 2600 3388 consequeris.
2657 3315 2770 3386 Ego
2818 3332 2957 3382 sum,
3005 3315 3200 3382 inquit,
3225 3311 3376 3376 panis
3411 3312 3582 3374 vivus,
3629 3311 3722 3380 qui
3761 3313 3828 3361 de

2227 3407 2353 3464 ιωιο
2376 3407 2636 3463 descendi.
2688 3407 2792 3463 Sed
2821 3422 2948 3462 caro
2981 3421 3086 3460 non
3123 3404 3399 3460 descendit
3428 3404 3494 3457 de
3533 3401 3698 3467 ctelo,
3721 3403 3824 3476 hoc

2227 3509 2564 3566 est,carnem
2594 3501 2646 3553 in
2676 3497 3140 3566 terrisassnmpsit
3171 3511 3234 3551 ex
3262 3495 3510 3562 Virgine.
3539 3494 3824 3560 Quomodo

2227 3606 2357 3662 ergo
2379 3590 2656 3646 descendit
2682 3590 2836 3660 panis
2872 3589 2938 3663 de
2975 3587 3148 3652 caelo,
3175 3595 3230 3642 et
3259 3586 3414 3656 panis
3456 3584 3658 3656 vivus?
3697 3585 3824 3654 quia

2229 3682 2368 3738 idem
2402 3681 2657 3737 Dominus
2690 3689 2872 3736 noster
2903 3679 3070 3734 .Jcsus
3107 3678 3356 3734 Christus
3373 3692 3604 3732 consors
3626 3685 3712 3731 est
3739 3677 3821 3729 di-

2225 3775 2468 3844 vinitatis
2497 3786 2552 3830 et
2574 3775 2816 3844 corporis
2842 3789 2858 3840 ;
2917 3783 2972 3828 et
2999 3781 3052 3826 tu
3080 3773 3170 3841 qui
3229 3771 3430 3840 accipis
3457 3785 3708 3834 carnem,
3735 3769 3820 3821 di-

2225 3871 2365 3926 vinae
2397 3869 2514 3938 ejus
2541 3868 2854 3924 substantia).
2883 3865 3227 3938 partieiparis
3253 3864 3534 3920 alimento.
3569 3883 3590 3914 ι
3636 3862 3692 3916 In
3723 3863 3820 3916 hac

2227 3960 2409 4030 itaque
2437 3961 2700 4014 sententia
2733 3957 2944 4029 liquido
2991 3955 3230 4012 declarat
3256 3954 3448 4010 beatus
3493 3952 3820 4008 Ambrosius

2227 4067 2396 4123 quare
2417 4051 2668 4122 superius
2700 4051 2902 4106 dixerit
2940 4049 3121 4104 carnis
3146 4047 3230 4103 vel
3252 4043 3538 4118 sanguinis
3563 4043 3816 4100 similitu-

2225 4143 2406 4199 dinem
2453 4143 2646 4208 videri,
2676 4158 2780 4198 non
2807 4143 3071 4212 speciem,
3099 4139 3227 4212 quia
3253 4137 3506 4194 videlicet
3534 4137 3816 4208 dispensa-

2227 4237 2364 4293 torie
2394 4236 2624 4306 species,
2657 4235 2706 4290 id
2729 4244 2832 4302 est,
2853 4235 3051 4290 veritas
3069 4233 3250 4288 carnis
3273 4247 3336 4286 ac
3357 4229 3646 4300 sanguinis
3663 4229 3718 4282 in
3737 4243 3816 4282 sa-

2223 4335 2502 4383 cramento
2514 4325 2663 4390 latet,
2678 4341 2744 4382 ne
2755 4326 2821 4391 si,
2837 4333 3008 4390 utest,
3021 4329 3327 4396 appareret,
3338 4321 3624 4376 horrorem
3635 4319 3814 4374 viden-

537 4446 802 4503 ctelorum
832 4441 1108 4513 superavit
1133 4437 1367 4508 fastigia,
1399 4410 1656 4504 sedetque
1677 4430 1894 4487 nuncin
1917 4437 2118 4484 aeterna
2149 4449 2198 4508 Ι)
2227 4419 2369 4475 tibus
2403 4434 2490 4474 res
2518 4418 2805 4474 incuteret.
2835 4435 2853 4469 ι
2885 4417 2941 4471 In
2973 4413 3402 4477 similitudinem,
3433 4412 3634 4481 inquit,
3667 4410 3816 4464 acci-

533 4537 718 4593 Patris
744 4537 988 4600 dextera,
1011 4532 1102 4587 ubi
1143 4546 1244 4602 pro
1273 4527 1431 4584 nobis
1451 4525 1606 4597 juxta
1645 4523 1940 4578 veridicum
1991 4533 2120 4588 apo-

538 4631 662 4685 stoli
695 4628 846 4683 Pauli
872 4641 1061 4682 vocem
1097 4622 1340 4696 pontifex
1391 4621 1444 4674 in
1481 4628 1744 4674 aeternum
1778 4614 1972 4678 factus,
2025 4627 2124 4682 pro

535 4721 774 4774 humana
797 4732 960 4773 carne
981 4715 1200 4772 sedulus
1221 4709 1548 4780 interpellat,
1573 4709 1666 4763 sed
1698 4721 1797 4777 per
1821 4701 2120 4758 naturalem

537 4813 755 4867 dcitatis
775 4811 1056 4866 veritatem
1087 4821 1310 4862 suorum
1345 4801 1575 4872 suscipit
1607 4798 1844 4854 fidelium
1893 4803 2036 4856 vota,
2071 4803 2126 4848 et

535 4905 676 4958 votis
699 4903 908 4966 annuit,
941 4916 1044 4972 pro
1071 4904 1340 4968 potestate
1369 4909 1432 4950 ac
1461 4891 1744 4962 majestate
1768 4886 2122 4943 divina.llinc

536 4995 637 5028 alia
667 4991 906 5028 nit-edam
937 4988 1176 5028 Αιιοίηιοῖε
1201 4983 1508 5028 tnctimmtia
1535 4995 1698 5028 gruter
1711 4979 1900 5028 Baden]
1929 4991 1986 5028 re
2015 4991 2119 5028 "0“

2225 4509 2308 4580 pis
2333 4509 2635 4574 veritatem,
2655 4525 2720 4563 ne
2743 4508 2854 4578 ipsa
2871 4507 3074 4562 veritas
3095 4505 3186 4560 tibi
3213 4503 3442 4560 incutiat
3469 4502 3808 4556 horrorem.»

2225 4601 2349 4656 ldco
2429 4598 2724 4654 similitudo
2779 4596 3133 4668 praetenditur
3191 4601 3250 4647 ut
3299 4591 3547 4654 veritatis
3621 4589 3813 4644 horror

2225 4690 2484 4763 pellatur;
2517 4705 2616 4744 nec
2645 4690 2815 4760 gratia
2863 4697 3040 4742 tamen
3087 4700 3228 4740 vera:
3274 4691 3506 4748 naturae,
3531 4679 3716 4735 carnis
3759 4688 3812 4731 et

2225 4781 2502 4854 sanguinis
2535 4779 2815 4846 minuitur,
2849 4779 2973 4834 dum
3007 4779 3108 4834 sub
3135 4775 3240 4829 alia
3289 4771 3646 4829 similitudine
3683 4784 3810 4822 vera

2224 4892 2351 4933 caro
2376 4885 2431 4932 et
2455 4891 2615 4930 verus
2644 4875 2864 4944 sanguis
2895 4871 3091 4928 Christi
3121 4867 3434 4941 percipitur.
3471 4865 3536 4919 Et
3557 4862 3812 4918 similitu-

2221 4969 2292 5026 do
2325 4969 2540 5028 quidem
2555 4968 2739 5023 carnis
2769 4981 2832 5022 ac
2862 4965 3161 5028 sanguinis,
3181 4961 3339 5028 panis
3364 4975 3428 5014 ac
3457 4959 3644 5010 vinum
3675 4954 3814 5009 dici-
