4040 5314
318 189 453 246 I589

1200 184 1400 241 LIBER
1441 185 1527 241 DE
1567 182 1893 242 CORPORE
1932 186 2017 241 ET
2054 185 2400 243 SANGUINE
2439 185 2731 243 CHRISTI.

3450 193 3589 248 1390

312 300 508 370 quibus
538 299 769 369 denique
799 298 1032 353 lmmana
1062 297 1363 354 substantia
1385 299 1698 354 ouotidiana
1722 298 1900 354 incre«
1929 287 1974 342 Λ
2006 305 2092 351 tus
2127 297 2480 352 nihilominus
2515 299 2766 354 Clemens
2802 300 3130 370 apostolicus
3166 303 3218 358 in
3258 303 3485 375 epistola
3518 306 3587 360 ad

313 402 492 446 tuenta
521 390 890 459 consequitur,
915 388 1064 452 dum,
1090 403 1186 459 per
1206 405 1384 444 escam
1407 399 1461 443 et
1483 398 1669 459 potum
1689 405 1900 444 assum-

311 493 429 552 pta,
466 482 519 535 in
570 497 788 537 carnem
835 490 890 536 et
937 481 1256 552 sanguinem
1307 490 1515 536 secreta
1565 479 1801 550 quadam
1846 479 1898 534 vi

313 583 520 628 naturte
553 573 774 644 trajecta
818 581 1229 628 convertuntur.
1263 573 1532 628 Caeterum
1574 574 1627 626 in
1672 572 1900 627 veritate

310 668 441 720 caro
465 675 519 720 et
557 665 776 736 sanguis
820 672 943 720 sunt
984 675 1105 734 post
1137 664 1600 720 consecrationem
1643 664 1799 734 panis
1845 669 1901 718 et

240 755 246 764 ’
310 761 519 826 vinum,
553 760 677 816 licet
699 760 866 815 lateat
901 760 1111 830 species
1135 761 1235 815 sub
1257 758 1618 829 praeordinata
1641 758 1900 812 divinitus

309 849 664 905 similitudine
705 849 996 904 visibilium
1056 865 1261 903 rerum.
1313 849 1467 904 Sicut
1515 849 1569 903 in
1627 845 1766 903 libro
1825 845 1900 903 De

308 950 497 997 sancta
538 941 805 996 Trinitate
834 940 1073 997 secundo
1104 941 1245 996 idem
1274 940 1502 996 antistes
1524 949 1855 1010 protestatur
1881 957 1894 994 :

314 1049 334 1083 ι
369 1032 533 1099 Quasi
565 1033 728 1088 homo
766 1032 898 1086 dicit
932 1047 1052 1102 quae
1082 1039 1212 1086 sunt
1246 1031 1500 1092 humana,
1534 1031 1659 1101 quia
1693 1031 1746 1085 in
1778 1045 1898 1085 mea

308 1125 615 1181 substantia
643 1124 965 1196 loquebatur
991 1142 1004 1178 :
1046 1123 1144 1178 Hic
1175 1133 1258 1178 est
1286 1124 1440 1194 panis
1477 1123 1627 1178 vivus
1657 1123 1747 1194 qui
1777 1124 1899 1177 des-

308 1217 492 1272 cendit
518 1217 584 1272 de
615 1217 786 1283 cmlo;
816 1217 974 1288 panis
1002 1216 1090 1272 hic
1119 1231 1250 1272 caro
1274 1226 1379 1283 est,
1411 1218 1545 1272 sicut
1575 1216 1690 1286 ipse
1716 1214 1854 1270 dixit
1880 1233 1893 1270 :

308 1307 409 1364 Hic
443 1309 622 1379 panis,
657 1325 814 1378 quem
842 1323 944 1380 ego
992 1308 1154 1371 dabo,
1214 1322 1346 1362 raro
1371 1321 1488 1361 mea
1533 1315 1637 1360 est.
1680 1324 1698 1358 ι
1747 1305 1811 1360 Et
1841 1305 1895 1360 in

306 1410 504 1455 octavo
536 1417 550 1454 :
600 1417 620 1452 ι
649 1400 965 1465 Videamus,
999 1399 1194 1468 inquit,
1221 1414 1289 1453 ne
1327 1407 1529 1453 terram
1572 1397 1718 1452 illam
1751 1397 1900 1452 dicat

307 1489 641 1544 adorandam
669 1491 954 1560 prephcta,
991 1505 1157 1560 quam
1179 1489 1440 1544 Dominus
1461 1486 1619 1544 Jcsus
1649 1487 1898 1542 Christus

309 1581 363 1635 in
393 1581 577 1636 carnis
603 1581 974 1651 assumptione
1024 1577 1294 1650 suscepit;
1333 1580 1513 1649 itaque
1557 1593 1654 1648 per
1689 1577 1899 1633 scabel-

306 1670 444 1735 lnm,
496 1680 641 1726 terra
689 1671 1048 1742 intelligitur;
1100 1685 1196 1742 per
1244 1679 1449 1726 terram
1505 1681 1723 1735 autem,
1768 1685 1898 1725 caro

305 1761 506 1816 Christi
565 1777 728 1832 quam
771 1763 1039 1831 hodieque
1085 1765 1137 1816 in
1197 1761 1470 1834 mysteriis
1521 1761 1830 1815 adoramus.
1871 1780 1892 1814 ι

306 1849 504 1905 Beatus
526 1853 856 1924 Augustinus
886 1853 938 1906 in
979 1852 1116 1906 libro
1154 1851 1227 1906 De
1250 1852 1430 1906 verbis
1450 1851 1659 1905 Domini
1688 1869 1701 1904 :
1734 1869 1751 1902 ι
1789 1851 1899 1906 Me-

305 1943 462 2010 mini,
495 1945 593 2011 ait,
627 1948 894 2001 sermonis
929 1947 1058 2011 mei,
1104 1945 1229 2015 quia
1270 1961 1394 2000 cum
1434 1946 1500 2001 de
1539 1946 1898 2001 sacramentis

307 2041 628 2100 tractarem,
660 2035 769 2090 dixi
802 2035 955 2090 vobis
982 2035 1146 2106 quod,
1173 2024 1298 2091 aute
1318 2037 1478 2091 verba
1505 2035 1728 2099 Christi,
1754 2035 1898 2106 quod

304 2124 534 2182 offertur
562 2128 718 2199 panis
749 2127 994 2190 dicatur;
1029 2127 1118 2181 ubi
1143 2127 1345 2180 Christi
1382 2127 1546 2180 verba
1578 2127 1895 2196 deprompta

304 2218 530 2285 fuerint,
552 2220 666 2290 jam
695 2235 800 2274 non
824 2219 998 2290 panis,
1032 2218 1125 2274 sed
1149 2234 1348 2288 corpus
1370 2217 1686 2290 appellatur.
1719 2217 1898 2286 Quare

303 2326 434 2382 ergo
478 2311 530 2366 in
569 2312 827 2369 Oratione
878 2312 1185 2376 Dominica,
1229 2327 1349 2379 qnze
1382 2319 1571 2380 postea
1614 2311 1894 2380 sequitur,

303 2401 402 2465 ait,
431 2419 619 2472 panem
649 2404 924 2458 nostrum?
953 2404 1155 2459 Panem
1199 2404 1449 2474 quidem,
1491 2403 1584 2458 sed
1625 2403 1900 2472 supersub—

301 2495 606 2549 stantialem
642 2511 660 2549 :
691 2510 794 2549 non
821 2506 903 2551 est
928 2497 1029 2550 iste
1066 2496 1222 2565 panis
1261 2496 1351 2566 qui
1385 2496 1532 2549 vadit
1567 2496 1618 2548 in
1658 2509 1890 2565 corpus;

304 2584 397 2639 sed
452 2585 539 2641 ille
579 2587 700 2641 vita:
743 2598 960 2642 πίοι-ηπ
999 2588 1154 2657 panis
1197 2587 1288 2656 qui
1321 2587 1516 2642 animae
1541 2597 1740 2642 nostra:
1771 2583 1897 2641 sub;

305 2676 561 2730 stantiam
594 2677 766 2732 fulcit.
805 2698 822 2730 ι
882 2679 958 2733 Ex
992 2680 1095 2734 hac
1137 2679 1302 2748 igitur
1346 2687 1455 2733 tam
1499 2679 1783 2749 perspicua
1827 2679 1897 2734 dc.

301 2776 644 2820 sacramento
676 2767 957 2822 Dominieo
979 2768 1248 2823 sententia
1299 2769 1461 2823 datur
1497 2768 1721 2839 intelligi
1751 2769 1894 2838 quod

301 2857 647 2912 consecratio
679 2857 764 2912 illa
808 2858 1214 2929 superi-adestis
1267 2875 1372 2912 non
1421 2859 1612 2914 umbra
1659 2861 1750 2926 sit,
1799 2861 1892 2915 sed

302 2963 436 3003 vere
468 2965 666 3022 corpus
691 2960 748 3006 et
801 2952 1042 3022 sanguis.
1097 2951 1193 3008 Ubi
1234 2962 1414 3006 autem
1456 2951 1655 3006 dicitur
1696 2966 1888 3021 panem

2000 387 2259 443 Iacobum
2292 391 2495 445 directa
2529 391 2582 445 in
2611 403 2715 461 Qua
2748 408 2807 448 se
2830 394 3054 463 apostoli
3085 395 3228 450 Petri
3279 397 3446 453 refert
3498 398 3584 452 itt-

2001 480 2201 536 didisse
2225 492 2515 552 prmct-pta,
2562 484 2796 553 imperat
2834 497 3104 554 quatenus
3142 488 3412 556 ministri,
3461 489 3590 546 reli-

2001 571 2156 640 quias
2185 589 2385 628 mensa:
2413 574 2704 630 Dominica‘.
2731 586 3093 643 assumentes,
3117 594 3236 650 qua!
3263 596 3324 635 ea
3353 581 3588 652 tempes-

2003 669 2113 716 tate
2141 664 2474 731 permaxime
2502 675 2896 721 consueverant
2936 667 3074 734 fieri,
3122 685 3151 721 a
3183 669 3408 740 reliquis
3449 673 3588 727 cibis

2001 754 2168 808 certis
2215 755 2554 811 abstinerent
2603 758 2860 814 horarum
2903 761 3232 827 interstitiis,
3276 773 3337 817 ut
3377 765 3588 821 scilicet

1999 846 2090 914 qui
2121 849 2279 901 tertia
2302 848 2407 903 diei
2439 849 2568 904 hora
2601 853 3053 921 communicaret,
3083 855 3146 910 ad
3173 847 3382 912 sextam
3414 875 3588 930 usque

1977 935 2296 1007 .jejunaret;
2336 942 2428 1011 qui
2456 956 2584 996 vero
2614 953 2788 1010 sexta,
2819 943 3037 1014 jejunus
3066 937 3470 1017 p'rzes'tolaretur
3492 967 3588 1003 no-

2001 1045 2155 1095 nam;
2187 1040 2240 1084 et
2271 1031 2362 1100 qui
2396 1047 2559 1099 noua,
2591 1031 2644 1087 in
2667 1049 2892 1104 vespera
2927 1036 3260 1092 reficeretur.
3287 1037 3423 1105 Quia
3456 1054 3587 1111 ergo

1999 1129 2120 1189 post
2153 1121 2558 1192 perceptionem
2602 1125 2982 1195 mysteriorum
3025 1131 3246 1185 statutis
3283 1140 3587 1202 teaporum

2001 1210 2292 1264 momentis
2317 1211 2478 1281 jussit
2504 1228 2533 1266 a
2570 1212 3374 1276 communibusobservandum
3419 1203 3589 1290 cibis,

1999 1300 2243 1368 nunquid
2291 1301 2468 1372 aliqua
2509 1304 2919 1362 distendebatur
2969 1297 3333 1368 sollicitudine
3390 1315 3456 1369 de
3501 1331 3590 1370 sa-

1999 1399 2403 1445 crameutorum
2454 1405 2720 1461 stercore,
2775 1397 2930 1465 quasi
2967 1401 3299 1468 pretiosiori,
3344 1397 3412 1460 ne
3450 1405 3590 1462 forte

1999 1481 2445 1537 commisceretur
2468 1484 2695 1539 aliorum
2735 1487 2978 1543 ciborum
3005 1481 3212 1556 viliori‘,
3233 1483 3388 1563 quod
3421 1497 3588 1552 hone-

2000 1570 2152 1625 stiori
2200 1571 2431 1628 forsitan
2483 1589 2701 1630 secessu
2753 1587 3028 1647 Oporteret
3068 1582 3324 1638 refundi?
3387 1585 3582 1642 Absit!

1929 1654 1973 1714 Β
2001 1660 2189 1748 Neque
2217 1665 2364 1718 enim
2390 1666 2456 1720 de
2485 1666 2860 1723 discernendis
2885 1673 3220 1729 stercoribus
3244 1675 3312 1729 ab
3343 1680 3588 1748 apostolo

2001 1744 2288 1826 acceperat
2332 1757 2701 1828 disciplinam,
2748 1774 2910 1830 quam
2954 1763 3042 1817 alii
3101 1751 3294 1821 itidem
3344 1744 3589 1837 apostolo

2002 1849 2284 1903 mandaret
2313 1849 2621 1916 tenendam,
2655 1851 2748 1906 sed
2775 1853 2840 1907 de
2865 1855 3073 1911 Sanctis
3105 1872 3306 1912 mensa:
3349 1859 3588 1914 Domini-

2000 1953 2076 1993 cae
2093 1937 2410 2010 fragmentis
2431 1943 2868 2012 przeceptionem,
2895 1962 3059 2016 quam
3082 1949 3295 2004 cmteris
3319 1952 3586 2017 traderet,

2000 2040 2305 2100 acceperat.
2339 2032 2470 2099 Qua:
2496 2049 2617 2088 cum
2646 2046 2846 2104 quanta
2876 2038 2986 2092 sint
3012 2040 3302 2097 sanctitate
3335 2031 3591 2100 reveren-

1999 2120 2183 2191 tiaque
2213 2123 2518 2185 tractanda,
2547 2125 2831 2180 evidenter
2861 2127 3122 2195 insinuat,
3149 2145 3270 2184 cum
3299 2133 3591 2204 participes

1998 2227 2188 2267 eorum
2214 2213 2280 2266 ad
2307 2229 2624 2270 comumnes
2642 2216 2785 2272 illico
2811 2233 2966 2275 escas
2995 2217 3257 2277 accedere
3281 2233 3446 2288 vetat,
3479 2243 3588 2281 non

1998 2311 2059 2356 ut
2088 2304 2484 2360 commistionis
2506 2317 2766 2362 caveatur
2790 2309 3129 2376 obscenitas;
3161 2329 3282 2383 quae
3318 2315 3362 2369 si
3396 2331 3590 2386 prove-

2000 2393 2144 2448 niret
2173 2395 2394 2450 minime
2425 2410 2568 2452 esset
2604 2400 2874 2464 cavenda,
2905 2402 2998 2456 sed
3037 2413 3093 2456 ut
3128 2405 3434 2461 sanctitatis
3473 2406 3590 2461 olli-

1998 2483 2167 2538 eiales
2191 2484 2256 2537 ad
2292 2486 2683 2553 parcimouiam
2717 2490 3144 2562 amplioremque
3174 2493 3310 2566 frugi
3341 2497 3465 2551 vitre
3508 2497 3590 2551 in-

1998 2573 2259 2630 formaret
2312 2577 2667 2648 diligentiam,
2723 2597 2786 2636 ac
2832 2600 2900 2638 ne
2950 2585 3214 2654 imperitis
3264 2587 3396 2644 falsa
3466 2591 3588 2661 epi-

1998 2666 2162 2720 nandi
2211 2668 2429 2722 occasio
2476 2669 2724 2736 daretur,
2772 2675 3211 2748 negligentesque
3258 2680 3589 2737 damnabilis

1999 2772 2153 2812 noxre
2179 2759 2501 2830 supplicium
2530 2773 2870 2833 sequeretur,
2903 2769 3046 2836 quod
3089 2770 3326 2824 minatur
3366 2773 3593 2842 Aposto-

1997 2847 2080 2904 lus
2108 2851 2435 2920 Corintltiis,
2469 2857 2559 2924 qui
2609 2855 2750 2911 inter
2790 2861 3056 2927 agendum
3108 2861 3317 2918 Domini
3375 2881 3591 2922 cmnam

1997 2938 2312 2997 effrenatius
2341 2943 2690 3015 indulgebant
2721 2947 2858 3016 gulte
2890 2948 3190 3016 illecebris;
3241 2953 3439 3023 quibus
3469 2957 3547 3010 ait
3574 2973 3588 3008 :

302 3043 900 3112 supersubsmuialem,
953 3061 1060 3099 non
1102 3045 1192 3115 qui
1239 3045 1388 3114 vadi;
1433 3045 1486 3098 in
1531 3059 1748 3114 corpus,
1778 3046 1890 3116 δερά
1918 3013 1964 3076 C
2004 3030 2192 3102 Itaque
2220 3035 2513 3105 quicunque
2542 3037 2932 3092 manducauerit
2961 3057 3150 3108 panem
3193 3042 3332 3097 Iumc
3374 3056 3420 3098 et
3453 3045 3590 3099 cali~

302 3132 396 3202 qui
441 3133 636 3188 anima:
675 3145 874 3190 nostra:
918 3134 1278 3190 substantiam
1328 3133 1502 3200 fulcit,
1541 3143 1691 3204 patet
1717 3135 1902 3204 utique

302 3221 431 3290 quia
483 3223 670 3278 Oratio
716 3223 996 3279 Dominica
1043 3240 1148 3278 non
1188 3223 1256 3278 de
1296 3223 1400 3279 isto
1439 3225 1720 3294 temporali
1763 3238 1902 3296 pane

302 3314 395 3384 qui
426 3315 478 3370 in
502 3331 700 3387 corpus
733 3316 880 3372 vadit
903 3325 957 3372 et
980 3316 1032 3370 in
1064 3331 1337 3371 secessum
1386 3315 1672 3380 emittiItr,
1727 3315 1896 3382 dicat,

303 3408 402 3464 sed
433 3407 501 3464 de
521 3407 610 3462 illo
637 3409 728 3478 qui
774 3418 1126 3464 consecratur
1159 3407 1356 3463 divinis
1384 3406 1587 3471 verbis,
1619 3414 1898 3477 sumptus-

302 3513 410 3569 que
455 3500 867 3556 fnleitanimam
901 3513 1164 3557 nostram.
1191 3500 1314 3569 Qui,
1340 3501 1469 3555 dum
1496 3497 1744 3564 oﬂ'ertur,
1776 3508 1901 3554 tan-

302 3594 581 3649 tummodo
625 3596 782 3665 panis
820 3604 905 3651 est
951 3603 1006 3650 et
1053 3593 1348 3666 temporale
1387 3593 1570 3647 carnis
1621 3592 1898 3647 moritura:

302 3684 639 3751 subsidium;
697 3695 820 3757 post
867 3685 1298 3741 consecrationis
1361 3698 1490 3738 vero
1551 3682 1895 3754 mysterium,

305 3789 440 3831 caro
493 3776 697 3832 Christi
734 3785 818 3832 est
853 3792 980 3831 vera
1025 3785 1080 3830 et
1130 3775 1438 3829 immortale
1490 3774 1661 3829 lidelis
1703 3774 1896 3828 anima:

302 3870 652 3941 presidium,
699 3871 925 3940 sicque,
971 3869 1072 3926 sub
1113 3867 1287 3923 forma
1334 3883 1496 3938 quam
1549 3866 1898 3922 invisibiliter

303 3962 610 4032 praetendit,
643 3961 872 4016 salutem
901 3962 1043 4031 quod
1076 3961 1316 4015 divinum
1347 3969 1432 4014 est
1473 3969 1733 4030 operatur
1763 3960 1896 4016 lide-

303 4052 429 4107 liter
453 4053 825 4123 percipientis,
852 4068 950 4107 nec
979 4067 1075 4122 per
1105 4051 1467 4122 aqualiculum
1499 4053 1728 4123 turpiter
1765 4067 1895 4124 ege-

303 4157 422 4200 stus
453 4145 613 4216 perit,
663 4147 757 4201 sed
809 4155 1124 4201 reverenter
1172 4145 1478 4214 iusumptus
1523 4146 1716 4198 animae
1761 4147 1891 4200 sub-

303 4238 562 4292 stantiam
589 4238 760 4292 fult-it.

2003 3141 2111 3177 rem
2143 3125 2322 3179 biberit
2352 3127 2565 3197 indigne
2628 3129 2895 3198 judicium
2917 3132 3018 3184 sibi
3051 3135 3332 3188 manduca!
3367 3147 3414 3190 et
3440 3124 3588 3202 bibit,

2003 3231 2103 3268 non
2135 3216 2437 3286 dijudicans
2467 3235 2656 3288 corpus
2699 3219 2931 3275 Domini.
2974 3223 3098 3279 ldco
3138 3242 3369 3297 namque
3407 3239 3594 3286 reatus

2002 3306 2193 3380 ingens
2223 3311 2584 3376 contrahitur,
2624 3313 2744 3368 imle
2782 3315 3075 3371 vehemens
3108 3330 3268 3386 poena
3308 3321 3593 3392 subsequi-

2004 3415 2107 3466 tur,
2147 3405 2292 3474 quod
2333 3407 2649 3476 mysterium
2699 3407 3035 3462 Dominieum
3081 3425 3187 3464 non
3230 3411 3589 3482 dijudicatur,

2001 3493 2054 3547 id
2083 3504 2185 3559 est,
2223 3510 2250 3547 a
2291 3493 2513 3564 reliquis
2557 3496 2693 3551 cibis
2732 3496 2956 3552 minimc
2992 3498 3339 3566 discernitur,
3373 3505 3590 3572 quando

2001 3586 2069 3640 ab
2107 3587 2404 3656 imperitis,
2453 3588 2562 3644 imo
2597 3589 2798 3660 impiis,
2835 3589 2886 3643 in
2927 3591 3229 3663 digestione
3269 3595 3474 3650 absolvi
3506 3595 3595 3666 ja-

1999 3687 2197 3734 ctatur.
2234 3678 2386 3735 Unde
2418 3679 2609 3759 beatus
2631 3682 2967 3752 Augustinus
2994 3684 3047 3739 in
3094 3684 3388 3757 Evangelio
3421 3686 3590 3743 Joan-

1999 3771 2107 3835 nis,
2156 3770 2484 3844 Quicunque,
2527 3773 2721 3844 inquit,
2759 3775 3152 3831 manducauerit
3190 3795 3375 3848 panem
3413 3776 3462 3834 et
3510 3781 3589 3834 bi-

1999 3861 2128 3916 berit
2156 3863 2369 3916 calicem
2399 3864 2631 3935 indigne,
2675 3881 2792 3919 reus
2831 3866 2929 3919 erit
2967 3870 3202 3938 corporis
3230 3880 3278 3923 et
3319 3872 3591 3942 sanguinis

1999 3953 2208 4010 Domini
2232 3969 2251 4006 :
2275 3956 2349 4010 De
2375 3957 2458 4011 his
2480 3966 2594 4012 erat
2627 3972 2826 4023 sermo,
2855 3974 2979 4013 cum
3005 3959 3106 4014 hoc
3129 3961 3418 4031 Apostolus
3443 3963 3590 4018 dice-

1997 4060 2104 4112 ret,
2137 4048 2227 4118 qui
2261 4049 2473 4103 Domini
2504 4065 2700 4120 corpus
2726 4050 2875 4105 velut
2896 4052 3189 4120 quemlibet
3212 4053 3375 4106 alium
3403 4054 3587 4108 cibum

1997 4139 2292 4194 indiscrete
2322 4139 2762 4210 uegligenterque
2787 4141 3096 4195 sumebant.
3134 4139 3229 4195 llic
3252 4157 3382 4209 ergo
3404 4142 3446 4195 si
3471 4157 3590 4196 cor-

1997 4231 2194 4303 ripitur
2233 4231 2324 4301 qui
2357 4245 2462 4284 non
2505 4231 2784 4300 dijudicat,
2821 4231 2922 4286 hoc
2964 4241 3067 4296 est,
3113 4247 3219 4286 non
3254 4233 3514 4286 discernit
3558 4247 3592 4288 τι

381 4329 449 4383 Χ,
493 4330 645 4398 Quod
693 4329 1020 4386 Paschasius
1064 4344 1298 4400 quoque,
1348 4329 1514 4385 (tit-ini
1564 4331 1887 4386 sacramenti
1922 4364 1970 4423 υ
1995 4322 2207 4378 caneris
2239 4322 2577 4377 Dominieum
2603 4337 2824 4393 corpus,
2857 4323 3134 4393 quomodo
3169 4323 3458 4378 damnatur
3498 4326 3591 4393 qui

305 4433 575 4479 scrutator
606 4423 1052 4495 diligentissimus
1073 4424 1455 4494 discussorque
1483 4423 1803 4488 catholicus,
1833 4423 1888 4478 in

307 4515 445 4570 libro
477 4530 595 4580 suo,
629 4525 688 4570 ut
722 4518 912 4571 beatus
934 4515 1268 4586 Augustinus
1303 4515 1540 4570 sensisse
1575 4515 1893 4585 comproba-

311 4613 417 4669 tur,
445 4605 497 4659 in
525 4620 634 4676 quo
663 4605 805 4660 inter
823 4616 1019 4660 caetera
1044 4607 1122 4660 sic
1145 4607 1216 4660 ait
1249 4624 1261 4659 :
1292 4623 1310 4656 ι
1345 4605 1618 4659 Frivolum
1635 4615 1717 4659 est
1739 4620 1890 4675 ergo,

309 4707 366 4750 ιη
398 4701 449 4752 in
481 4698 791 4769 apocrypho
821 4698 1039 4768 legitur,
1072 4696 1123 4751 in
1151 4698 1252 4752 hoc
1279 4697 1539 4768 mysterio
1563 4697 1802 4769 cogitare
1827 4698 1894 4752 de

310 4797 578 4854 stercore,
630 4802 697 4843 ne
745 4789 1162 4844 commisceatur
1217 4790 1268 4844 in
1322 4788 1626 4858 digestione
1671 4789 1895 4846 alterius

309 4881 432 4936 cibi.
467 4880 711 4951 Denique
739 4881 824 4935 ubi
863 4879 1155 4952 spiritualis
1183 4897 1306 4939 esca
1328 4921 1343 4943 ,
1378 4889 1433 4934 et
1467 4890 1626 4950 potus
1656 4880 1862 4952 percipi
1875 4911 1893 4922 -

311 4982 413 5040 tur,
442 4987 495 5030 et
517 4973 756 5044 Spiritus
775 4967 993 5029 sanctus
1018 4987 1113 5042 per
1134 4991 1258 5032 cum
1287 4976 1342 5028 in
1374 4973 1593 5027 homine
1613 4986 1892 5045 operatur.

309 5075 361 5102 ul
396 5068 437 5102 ci
467 5065 599 5102 ηιιῖιΙ
627 5064 680 5102 in
720 5078 784 5102 an
829 5066 999 5102 odlnln
1047 5070 1270 5102 mtrnnln
1315 5073 1394 5102 ρει
1446 5065 1808 5102 ίΓΩΙΙΩΓΔΙυηΙιιν
1840 5067 1893 5102 in

1998 4415 2066 4468 ad
2095 4415 2213 4485 ejus
2244 4428 2485 4468 mensam
2520 4414 2728 4484 [ingens
2757 4416 3014 4477 amicum,
3045 4415 3302 4470 inimicus
3330 4414 3539 4469 accedit
3568 4417 3593 4466 ἲ

1997 4506 2230 4562 Proinde
2266 4505 2440 4571 valde,
2490 4516 2551 4560 ut
2590 4507 2842 4576 superius
2873 4506 3130 4572 diximus,
3177 4507 3473 4560 cavendum
3509 4517 3597 4560 est

1997 4617 2067 4657 ne
2097 4617 2204 4657 non
2249 4600 2614 4666 discernatur,
2658 4601 2709 4656 id
2738 4611 2843 4668 est,
2882 4600 3178 4658 indiscrete
3204 4601 3288 4654 vel
3318 4601 3592 4672 negligen-

2001 4703 2083 4750 ter
2112 4703 2364 4750 sumatur
2425 4694 2764 4748 Dominieum
2811 4707 3032 4762 corpus,
3094 4693 3236 4765 quod
3284 4706 3391 4746 non
3437 4695 3600 4747 modo

1999 4787 2192 4841 mortis
2223 4792 2442 4839 teternze
2465 4784 2788 4855 supplicium
2819 4783 3177 4850 submovere,
3203 4797 3394 4837 verum
3431 4784 3603 4838 etiam

2000 4880 2228 4948 gratiam
2277 4877 2401 4930 vilte
2451 4877 2708 4946 perennis
2757 4876 2991 4932 ﬁdeliter
3045 4883 3324 4946 sumptum
3365 4876 3610 4930 creditur

2003 4971 2304 5044 impertire,
2360 4968 2505 5022 velut
2551 4969 2796 5038 ejusdem
2832 4974 3088 5030 muneris
3135 4977 3326 5026 auctor
3373 4973 3620 5024 testatur

2005 5066 2185 5102 .lim-nc
2216 5080 2228 5091 -
2261 5059 2317 5102 Si
2357 5061 2474 5102 nuis
2511 5060 2907 5102 nmnrfnrnnoril
2943 5075 3014 5102 ριν
3062 5068 3158 5102 qu-
3189 5073 3340 5102 nmm-
3385 5056 3520 5102 nium
3570 5062 3626 5102 in
