4040 5314
514 297 646 354 'll'i‘ol

1541 289 1847 346 DURANDI
1879 289 2167 347 ABBATIS
2209 289 2689 346 TltOAltNENSlS

3643 267 3778 349 i392

507 405 762 473 Curratur
791 417 932 485 lues,
990 419 1131 474 sicut
1179 417 1510 498 Augustiups
1550 416 1626 472 ait
1657 435 1668 470 :
1700 435 1717 466 ι
1753 415 1870 470 Erit
1915 399 2094 469 autem
2127 419 2171 472 Α
2199 415 2337 470 seris
2360 413 2844 484 blasphemiarum.
2867 412 2932 465 At
2953 429 3072 476 nos,
3096 411 3288 482 quibus
3312 429 3416 468 non
3440 413 3780 479 animosrtas,

510 507 585 562 illi
613 509 814 564 homini
843 524 1011 576 mors,
1045 526 1147 564 non
1189 507 1319 572 vita,
1357 505 1448 576 qui
1483 509 1794 562 mendacem
1824 505 2095 576 putaverit

508 597 708 656 Vitam.
751 620 770 654 ι
803 599 1111 656 Mendacem
1145 602 1341 672 quippe
1371 610 1522 672 putat
1551 599 1749 664 Vitam,
1783 597 1890 664 vel,
1919 613 2092 667 quan-

511 703 621 748 tum
655 691 708 745 in
739 707 796 746 se
820 701 924 756 est,
952 689 1098 752 facit,
1143 693 1232 762 qui
1260 691 1627 752 sacratissima
1659 707 1741 744 vei
1756 689 1821 744 ba
1866 687 2093 742 ltedein-

507 781 679 852 ptoris
707 781 1058 851 interpolare,
1093 783 1172 837 vel
1207 783 1341 838 falso
1381 782 1659 852 praesumit
1701 779 2044 850 interpretari
2075 796 2089 830 :

507 880 667 940 atque
694 885 789 940 per
821 871 921 924 hoc
953 870 1026 926 illi
1059 887 1228 934 mors,
1267 888 1373 925 non
1411 871 1519 924 vita
1556 871 1688 934 erit,
1726 871 1850 924 dum
1877 870 1942 922 de
1977 867 2092 922 Vita

506 959 665 1014 aliter
695 975 854 1029 quam
884 959 1002 1030 ipsa
1039 960 1156 1014 Vita
1203 959 1391 1024 sentit,
1438 976 1558 1030 qua:
1589 959 1704 1012 ait:
1746 955 1906 1011 Panis
1941 972 2090 1026 quem

504 1071 598 1122 ego
642 1053 833 1106 dedero
864 1070 988 1106 caro
1023 1069 1137 1108 mea
1176 1063 1248 1106 est
1292 1069 1386 1122 pro
1430 1051 1612 1106 mundi
1656 1051 1779 1104 vita.
1819 1047 1917 1102 llic
1962 1062 2092 1120 ergo

507 1139 685 1213 Specie
719 1153 875 1198 tenus
913 1141 1089 1212 panis,
1135 1143 1229 1198 sed
1274 1143 1325 1196 in
1363 1143 1592 1197 veritate
1640 1155 1769 1194 caro
1813 1137 2088 1204 Veritatis,

504 1243 558 1310 et
585 1233 693 1286 vita
728 1231 900 1286 ﬁdelis
933 1231 1142 1299 mundi,
1187 1231 1450 1302 judicium
1483 1247 1612 1286 vero
1645 1230 1901 1296 inﬁdelis,
1954 1220 2094 1285 sicut

504 1325 620 1394 ipsa
665 1321 880 1379 Veritas
916 1325 1000 1379 cui
1053 1324 1186 1380 ﬁdes
1217 1325 1518 1380 adhibenda
1565 1334 1671 1389 est,
1725 1333 1909 1396 aperte
1955 1339 2094 1394 prie:

504 1416 746 1486 scripsit,
791 1415 844 1468 in
884 1415 1101 1470 homine
1131 1417 1294 1472 vitam
1327 1431 1434 1470 non
1477 1421 1740 1480 stercora,
1787 1415 2090 1484 mentisque

504 1506 728 1561 nitelam
761 1521 866 1560 non
897 1507 1258 1578 corruptelam
1299 1511 1554 1578 operatur
1580 1505 1808 1561 ventris.
1840 1503 1938 1573 Qui
1963 1491 2094 1575 pro-

504 1599 630 1652 inde
687 1608 912 1654 vocatur
975 1599 1530 1668 supersu‘listantialis,
1586 1597 1713 1670 quia
1756 1585 2094 1670 superiorem

509 1685 656 1741 fovet
707 1686 1070 1742 substantiam
1130 1687 1394 1756 hominis,
1444 1697 1768 1758 vegetatque
1837 1703 1903 1742 ac
1965 1703 2092 1757 pro-

2195 506 2290 580 sed
2343 505 2589 560 veritatis
2638 503 2813 574 placet
2856 502 3160 566 sinceritas,
3211 503 3526 558 auctoritati
3580 516 3786 560 sancte

2197 593 2492 668 Scriptura:
2523 595 2797 659 cedentes,
2827 609 2892 649 ac
2919 609 3024 649 non
3053 610 3172 648 eam
3209 595 3504 650 secundum
3532 609 3664 660 nos,
3691 610 3784 651 ve—

2194 703 2314 744 rum
2349 697 2566 744 nostros
2611 687 2782 758 magis
2825 701 3015 742 sensus
3063 687 3132 741 ad
3177 700 3296 740 eam
3354 685 3782 752 conformantes,

2195 794 2297 835 nec
2333 777 2387 834 in
2411 779 2528 850 ejus
2574 779 2838 833 varietate
2883 776 3295 844 dissonantium,
3332 779 3428 833 sed
3467 777 3785 850 multiplicis

2195 867 2564 940 intelligentia:
2592 867 2764 924 lineas
2810 866 3216 938 amplectentes,
3259 867 3338 922 ita
3377 871 3786 946 sacramentum

2195 959 2534 1014 Dominicum
2583 959 2811 1032 ﬁguram
2860 957 3014 1030 juxta
3041 959 3241 1030 aliquid
3282 969 3334 1014 et
3369 960 3784 1024 similitudinem

2194 1067 2302 1107 non
2331 1065 2614 1121 negamus,
2645 1061 2703 1104 ut
2734 1050 2784 1104 in
2807 1052 3036 1104 veritate
3070 1060 3248 1104 tamen
3280 1065 3475 1120 corpus
3498 1049 3706 1106 Christi
3733 1058 3786 1105 et

2193 1143 2514 1214 sanguinem
2581 1139 2905 1216 naturaliter
2963 1142 3202 1218 existere
3260 1141 3640 1208 proﬁteantur.
3697 1141 3788 1195 Ait

2193 1221 2339 1306 enim
2388 1234 2686 1290 Corinthiis
2727 1227 3056 1302 Apostblus:
3124 1231 3544 1301 Quotiescunque
3597 1248 3782 1299 panem

2192 1325 2330 1378 hunc
2355 1321 2741 1376 manducabitis
2771 1330 2818 1375 et
2847 1319 3058 1373 calicem
3086 1320 3286 1384 bibatis,
3321 1327 3540 1373 mortem
3571 1320 3790 1396 Domini

2193 1405 2595 1470 annuntiabitis.
2635 1412 2786 1481 Quod
2810 1427 2877 1468 ex
2907 1411 3086 1468 verbis
3133 1411 3435 1467 derivatum
3487 1411 3787 1466 Dominicis

2195 1509 2334 1562 ratio
2372 1507 2658 1562 manifesta
2691 1507 2888 1576 prodit,
2919 1505 3116 1574 quibus
3153 1505 3342 1575 utique
3374 1493 3628 1560 Christus
3676 1507 3788 1558 suis

2193 1593 2474 1664 discipulis
2501 1595 2771 1666 passionis
2815 1609 2929 1650 sua:
2982 1595 3308 1649 mentionem
3362 1595 3634 1659 indicens,
3669 1593 3784 1646 ait:

2195 1687 2312 1742 Hoc
2344 1700 2415 1742 est
2443 1677 2644 1759 corpus
2669 1703 2863 1756 meum,
2903 1690 3038 1764 quod
3066 1705 3160 1760 pro
3189 1689 3327 1748 vobis
3371 1688 3635 1742 tradetur.
3683 1685 3789 1739 llic

507 1776 684 1840 vehit;
741 1775 884 1846 quod
942 1775 1183 1846 proiecto
1237 1787 1362 1833 ante
1416 1779 1884 1834 consecrationem
1930 1793 2090 1858 agere
2123 1779 2165 1840 Β
2193 1779 2332 1856 calix
2366 1781 2636 1850 sanguinis
2667 1781 2787 1846 mei,
2811 1782 2902 1852 qui
2922 1799 3014 1850 pro
3041 1780 3177 1834 vobis
3202 1779 3542 1848 e/fundetur;
3573 1779 3674 1832 hac
3705 1779 3788 1846 fn-

503 1869 695 1938 nequit
723 1877 970 1924 terrenus
993 1870 1150 1939 panis
1180 1871 1270 1940 qui
1305 1872 1358 1926 in
1390 1885 1587 1942 corpus
1617 1871 1806 1934 vadit:
1835 1873 1928 1928 sed
1965 1873 2086 1938 iste,

507 1959 765 2014 nimirum
819 1961 909 2029 qui
941 1963 1133 2016 anima:
1174 1963 1534 2019 substantiam
1567 1963 1740 2028 fulcit,
1772 1963 1863 2034 qui
1896 1965 2092 2040 merito

501 2051 616 2119 jam
643 2061 766 2123 post
795 2051 956 2108 verba
983 2041 1284 2121 Dominica,
1309 2068 1367 2109 ut
1385 2054 1718 2127 AuguStinus
1738 2055 1836 2124 ait,
1867 2067 2092 2110 vocatur

509 2144 712 2198 Christi
745 2160 962 2216 corpus,
994 2163 1099 2201 non
1129 2149 1304 2217 panis,
1350 2157 1534 2220 utpote
1559 2150 1611 2204 in
1649 2145 1793 2205 aliud
1828 2149 2092 2206 transfor-

509 2253 558 2289 m
603 2248 686 2292 tus
714 2237 1024 2306 cperatorio
1045 2238 1258 2294 crit-litus
1279 2237 1404 2308 jure
1425 2240 1695 2296 sacrandi.
1725 2242 1799 2296 De
1821 2256 1927 2311 quo
1949 2255 2092 2312 pane

506 2329 632 2397 quia
674 2329 970 2399 spiritualis
1008 2339 1094 2386 est
1128 2342 1181 2386 et
1225 2332 1348 2387 vitae
1385 2341 1635 2400 acterna),
1685 2348 1880 2404 magna
1934 2331 2092 2394 nobis

506 2421 772 2492 ingeritur
815 2423 1113 2478 necessitas
1151 2421 1482 2492 postulandi,
1535 2433 1593 2478 ut
1642 2423 1907 2492 scriptum
1958 2430 2085 2477 est:

506 2511 706 2568 Panem
733 2524 968 2570 nostrum
985 2515 1349 2586 quotidianum
1367 2515 1436 2569 da
1461 2516 1608 2569 nobis
1631 2515 1802 2570 hodie.
1831 2515 1886 2570 Si
1911 2515 2093 2586 quoti-

504 2595 700 2659 dianus
729 2613 833 2670 est,
865 2607 1103 2678 quotidie
1123 2622 1222 2678 pro
1249 2619 1398 2662 certo
1418 2617 1474 2662 et
1497 2610 1817 2678 qumrendus
1840 2617 1956 2674 est;
1993 2622 2092 2664 nec

505 2689 665 2752 debet
685 2699 1019 2755 intercedere
1041 2701 1294 2756 diuturna
1317 2714 1444 2756 eum
1467 2701 1681 2772 petendi
1703 2701 1912 2766 dilatio,
1935 2701 2092 2772 cujus

507 2787 722 2846 'constat
769 2791 947 2847 vitalis
996 2791 1361 2864 salutarisque
1408 2794 1602 2850 anima:
1655 2795 1956 2865 perceptio.
2015 2793 2092 2848 De

505 2871 796 2951 temporali
833 2892 1013 2940 autem
1041 2899 1181 2954 pane
1207 2894 1263 2940 et
1292 2885 1566 2940 communi
1595 2885 1902 2942 sollicitudo
1925 2885 2094 2942 inter-

509 2961 709 3024 dicitur
727 2970 815 3025 bis
833 2971 1013 3028 verbis
1039 2992 1053 3026 :
1082 2973 1212 3028 Noli
1235 2991 1262 3028 e
1279 2974 1492 3030 solliciti
1512 2992 1640 3044 esse,
1665 2977 1928 3032 dicentes:
1953 2975 2092 3042 Quid

506 3061 948 3130 mandicabimus,
994 3075 1083 3118 aut
1137 3065 1264 3136 quid
1313 3065 1602 3120 bibemus?
1638 3065 1867 3133 Quatrite
1919 3077 2094 3136 autem

507 3145 722 3222 regnum
753 3151 875 3220 Dei,
904 3162 951 3208 et
980 3155 1155 3208 omnia
1183 3156 1292 3210 lucc
1320 3155 1636 3226 adjicieutur
1663 3157 1828 3211 vobis.
1851 3155 2094 3228 Regnum
2123 3129 2167 3192 Ο

505 3243 603 3320 Dei
629 3242 878 3300 Christus
911 3255 1014 3312 est,
1053 3247 1192 3302 sicut
1221 3248 1485 3320 scriptum
1529 3256 1656 3304 est:
1711 3245 1946 3320 Regnum
1999 3248 2097 3304 Dei

505 3349 648 3391 intra
675 3355 760 3393 ros
790 3350 885 3394 est.
934 3339 1184 3396 Christus
1224 3350 1404 3396 autem
1431 3342 1587 3412 panis
1635 3354 1740 3406 est,
1769 3342 1910 3395 sicut
1959 3343 2098 3396 scri-

505 3423 660 3497 ptum
684 3440 767 3486 est
799 3445 814 3484 :
843 3431 956 3502 Ego
983 3449 1099 3486 sum
1121 3433 1272 3502 panis
1299 3434 1462 3496 vivus,
1489 3433 1576 3504 qui
1602 3438 1665 3487 de
1685 3431 1809 3486 caelo
1833 3432 2094 3486 descendi.

505 3522 622 3576 lloc
645 3539 782 3593 pauc
803 3525 1050 3594 quisquis
1077 3523 1304 3580 lideiiter
1326 3526 1554 3580 satiatus
1583 3525 1764 3592 fuerit,
1785 3523 2098 3578 defuturum

507 3601 611 3684 Sibi
642 3615 802 3684 panis
841 3617 1042 3672 terreni
1081 3617 1378 3671 subsidium
1430 3631 1536 3671 non
1581 3615 1810 3672 timebit.

1053 3707 1231 3764 PARS
1269 3705 1538 3780 ocima,

585 3797 678 3854 XI.
721 3795 919 3854 Verum
948 3801 1072 3870 quia
1112 3802 1164 3856 in
1220 3812 1500 3856 auctorum
1544 3799 1696 3856 libris
1730 3799 1854 3856 alibi
1903 3799 2098 3874 ﬁgura,

518 3891 645 3946 alibi
689 3891 983 3948 similitudo
1026 3895 1268 3962 corporis
1302 3904 1355 3950 et
1393 3895 1674 3966 sanguinis
1708 3895 1906 3950 Christi
1946 3912 2102 3968 repe-

515 3984 656 4037 ritur
698 3985 990 4048 inscrtum,
1042 4001 1348 4056 quanquam
1403 3987 1456 4042 id
1507 3985 1712 4040 nullum
1769 3971 1928 4042 recta:
1977 3985 2098 4042 ﬁdei

507 4065 707 4130 lall‘crat
745 4075 1136 4146 praejudiciuni,
1169 4077 1292 4132 inde
1321 4086 1498 4131 tamen
1525 4076 1629 4130 sibi
1663 4093 1896 4148 nequam
1930 4079 2101 4133 homi—

515 4185 612 4224 nes
628 4167 950 4224 defendeudi
967 4171 1172 4225 erroris
1192 4171 1382 4240 ingens
1399 4185 1456 4224 se
1478 4170 1811 4224 arbitrantur
1835 4171 2102 4240 reperisse

511 4261 902 4338 patrocinium.
943 4261 1187 4334 Dumque
1217 4261 1316 4316 sibi
1351 4261 1536 4316 volunt
1565 4262 1737 4316 videri
1787 4263 1942 4332 quasi
1990 4259 2102 4332 spi-

517 4355 772 4422 rituales,
799 4353 968 4410 multo
999 4355 1130 4426 ipsis
1174 4353 1481 4409 carnalibus
1523 4354 1888 4418 inueniuntur,
1921 4364 1978 4406 ut
2027 4339 2100 4412 ita

2193 1865 2291 1926 cite
2325 1873 2379 1925 in
2399 1889 2572 1946 meam
2607 1873 3174 1928 commemorationem.
3210 1865 3343 1939 Quia
3378 1883 3509 1942 ergo
3547 1870 3788 1926 Christus

2193 1951 2465 2036 resurgens
2494 1981 2558 2019 ea:
2588 1967 2807 2018 mortuis
2828 1965 2943 2034 jam
2969 1980 3066 2018 non
3093 1965 3336 2028 moritur,
3372 1979 3470 2029 per
3498 1963 3604 2016 hoc
3646 1962 3788 2016 illius

2193 2067 2423 2128 mortem
2440 2056 2677 2128 quotidie
2694 2057 3092 2122 aununtiamus,
3110 2065 3166 2110 ut
3177 2071 3275 2126 per
3285 2069 3402 2109 eam
3417 2051 3594 2109 Patris
3611 2043 3786 2130 propi

2195 2151 2473 2205 tiatiouein
2511 2149 2814 2220 promptius
2839 2158 3195 2220 provocantes
3217 2149 3594 2218 impetremus,
3617 2165 3682 2202 ac
3709 2149 3787 2202 sic

2191 2241 2428 2298 Salutai‘e
2461 2243 2798 2312 mysterium,
2818 2241 3008 2296 mortis
3033 2247 3118 2294 est
3153 2240 3442 2295 Dominicae
3464 2239 3786 2306 signiﬁcaui-

2195 2348 2322 2388 vum
2347 2333 2914 2406 recouciliationisque
2929 2333 3177 2388 humanae
3191 2331 3512 2390 cllcctivum.
3529 2333 3666 2400 Quis
3685 2333 3781 2402 igi-

2195 2423 2284 2481 tur
2308 2438 2464 2497 neget
2483 2427 2532 2482 id
2553 2425 2963 2481 similitudinem
2975 2424 3096 2504 jure
3111 2425 3214 2482 dici
3231 2469 3247 2494 ,
3268 2441 3360 2481 seu
3377 2427 3625 2498 ﬁguram,
3643 2427 3788 2496 quod

2193 2515 2466 2590 Unigeniti
2496 2519 2829 2589 passionem,
2858 2534 2976 2589 qua:
3017 2518 3183 2574 semel
3235 2517 3536 2592 praecessit,
3585 2533 3788 2589 reptat-

2192 2608 2414 2664 scatat?
2443 2610 2548 2665 Sed
2573 2611 2686 2664 lucc
2709 2609 3001 2664 similitudo
3051 2609 3130 2664 vel
3175 2610 3344 2682 ﬁgura
3377 2609 3538 2682 plena
3571 2622 3660 2666 est
3685 2611 3786 2665 ad-

2193 2701 2412 2754 modum
2454 2700 2682 2755 verilate
2731 2709 2785 2754 et
2827 2700 3020 2771 gratia.
3079 2699 3314 2756 Veritate
3356 2701 3605 2774 quidem,
3659 2703 3784 2771 quia

2194 2789 2374 2846 carnis
2424 2805 2487 2844 ac
2537 2791 2817 2862 sanguinis
2855 2789 3058 2845 Christi
3111 2789 3422 2856 dulcedine,
3471 2808 3580 2845 non
3623 2789 3789 2844 modo

2193 2881 2582 2953 potentialiter,
2615 2882 2710 2936 sed
2741 2881 3062 2938 naturaliter
3091 2883 3422 2954 approbatur
3455 2881 3782 2937 redundare.

2195 2971 2436 3029 Veritate
2457 2973 2601 3038 dico,
2625 2975 2750 3042 quia
2775 2973 2909 3028 nihil
2934 2973 2986 3028 in
3013 2990 3074 3027 ea
3100 2959 3278 3030 minus
3299 2983 3382 3030 est
3411 2973 3596 3029 ab'illa
3620 2990 3788 3030 carne

2199 3083 2318 3138 qua:
2346 3066 2512 3122 clavis
2558 3064 2745 3120 suﬁlxa
2776 3067 3030 3138 pependit
3067 3065 3120 3120 in
3151 3071 3354 3132 cruce,
3377 3082 3478 3122 nec
3518 3067 3666 3121 aliud
3705 3079 3788 3121 est

2201 3175 2361 3232 quam
2399 3160 2622 3232 sanguis
2663 3159 2753 3213 ille
2789 3160 2878 3228 qui
2918 3169 3140 3228 pertuso
3183 3159 3436 3230 proﬂuxit
3475 3175 3538 3214 ex
3595 3159 3786 3226 latere,

2203 3253 2348 3306 sicut
2391 3249 2729 3322 Augustinus
2771 3250 2838 3305 ad
2885 3247 3182 3323 t‘ieophytos
3225 3251 3487 3324 probatur
3541 3251 3784 3310 dixisse:

2206 3364 2224 3396 ι
2251 3343 2367 3398 Hoc
2393 3343 2560 3487 περὶ
2573 3353 2642 3409 te,
2675 3343 2956 3414 inquiens,
3001 3343 3055 3398 in
3083 3360 3244 3416 pane,
3274 3347 3416 3418 quod
3443 3347 3704 3416 pependit
3734 3348 3786 3399 in

2206 3429 2377 3487 ligno;
2409 3431 2477 3484 ho
2537 3427 2790 3487 accipite.
2826 3428 2879 3482 in
2921 3427 3115 3487 calice.
3151 3433 3296 3487 uuod
3335 3432 3578 3486 manavit
3609 3432 3676 3487 de
3707 3432 3786 3485 la-

2199 3428 2377 3501 ligno;
2409 3427 2519 3487 hoc!
2537 3427 2790 3498 accipite,
2826 3428 2879 3482 in
2921 3427 3115 3495 calice,
3151 3433 3296 3502 quod
3335 3432 3578 3486 manavit
3609 3432 3676 3487 de
3707 3432 3790 3485 la-

2201 3532 2337 3577 tere.
2372 3541 2389 3573 »
2423 3519 2490 3578 lit
2512 3519 2797 3576 manifeste
2821 3527 2990 3590 patet,
3015 3520 3147 3576 nihil
3179 3521 3233 3575 in
3255 3521 3398 3592 ligno
3418 3522 3564 3578 aliud
3589 3537 3792 3593 pepen-

2203 3617 2280 3673 dit
2307 3632 2468 3688 quam
2495 3631 2644 3682 caro,
2673 3615 2806 3670 nihil
2830 3615 2974 3669 aliud
3023 3615 3089 3670 de
3117 3611 3287 3668 latere
3337 3614 3580 3668 manavit
3625 3629 3788 3684 quam

2201 3711 2294 3782 qui
2324 3717 2441 3764 erat
2467 3709 2520 3764 in
2549 3724 2778 3778 corpore
2803 3708 3042 3778 sanguis.
3076 3705 3261 3761 Gratia
3295 3713 3476 3760 autem
3509 3703 3669 3776 plena
3699 3722 3788 3760 re.-

2203 3800 2438 3872 dundat;
2466 3797 2611 3868 quod
2649 3814 2746 3853 nos
2785 3797 3067 3868 temporali
3105 3796 3313 3852 solatur
3356 3811 3606 3865 munere,
3650 3805 3708 3849 ut
3737 3797 3790 3848 id

2202 3891 2420 3948 demum
2439 3891 2581 3964 quod
2605 3891 2894 3964 pnetendit
2924 3889 3159 3946 revelata
3185 3887 3588 3962 consequamur
3619 3889 3788 3954 faeie;

2203 3983 2376 4054 gratia
2407 3999 2642 4053 quoque,
2673 3999 2776 4052 qua
2805 3998 2901 4038 nos
2939 3979 3112 4052 Capiti
3145 3991 3329 4036 nostro
3365 3979 3690 4052 agglutinat,
3727 3998 3792 4034 ac

2204 4077 2329 4131 dum
2371 4075 2642 4130 tendimus
2682 4075 2746 4130 ad
2777 4073 3032 4144 patriam,
3065 4075 3144 4129 sic
3177 4089 3274 4128 nos
3299 4071 3512 4146 vegetat
3553 4090 3618 4128 ne
3653 4075 3790 4128 deti.

2205 4167 2416 4224 ciamus
2443 4167 2498 4222 in
2531 4167 2640 4222 via.
2666 4165 2910 4222 Veritate
2959 4175 3234 4237 postremo
3281 4165 3484 4236 pariter
3514 4173 3570 4222 et
3614 4171 3792 4236 gratia

2203 4245 2376 4330 ﬁgura
2433 4261 2550 4315 huic
2598 4259 2715 4314 sive
2762 4259 3062 4314 similitudo
3105 4269 3187 4313 est
3231 4259 3456 4321 referta,
3499 4260 3588 4314 ubi
3629 4259 3791 4313 illum

2205 4353 2560 4426 proculdubio
2585 4353 2940 4422 percipimus,
2973 4369 3068 4425 per
3103 4369 3260 4422 quem
3299 4353 3469 4426 gratia
3506 4361 3562 4408 et
3591 4357 3798 4408 veritas

516 4445 718 4513 dicam,
750 4445 1102 4510 carnaliores,
1133 4454 1211 4509 et,
1249 4445 1502 4515 quodest
1537 4445 1740 4510 verius,
1778 4439 2096 4510 deteriores,
2131 4475 2178 4536 ι)
2207 4445 2346 4501 facta
2378 4455 2493 4530 est,
2521 4454 2574 4499 et
2602 4445 2730 4500 illud
2761 4445 2899 4499 idem
2933 4435 3125 4510 totum,
3169 4445 3235 4500 de
3268 4462 3372 4515 quo
3416 4447 3794 4518 evangelicum

517 4537 776 4606 quoniam
801 4536 890 4592 ubi
929 4535 1221 4592 debuerant
1247 4536 1456 4591 altioris
1478 4535 1708 4608 gratiam
1733 4535 2100 4612 intelligentia:

517 4627 784 4696 pulsando
821 4629 1080 4693 ﬁdeliter,
1105 4627 1394 4698 qumrendo
1434 4615 1707 4704 humiliter
1753 4628 2098 4700 investigare,

515 4720 592 4774 ibi
616 4721 917 4791 decipulum
941 4721 1180 4792 perﬁdia:
1211 4721 1604 4792 abruptumque
1631 4720 1943 4792 perditionis
1963 4736 2099 4790 piae-

516 4813 766 4882 cipitium
791 4829 886 4884 per
916 4813 1270 4870 obstiuaciam
1301 4821 1598 4868 noscuntur
1633 4813 1949 4868 incurrisse.
1983 4809 2098 4865 Non

499 4907 662 4970 ,cuim
698 4907 750 4958 in
781 4905 1076 4976 Scriptnris
1105 4906 1587 4976 quidpropensius
1625 4913 1870 4974 oporteat
1924 4903 2096 4973 sequi,

517 4997 612 5050 sed
647 4997 777 5066 quid
817 4998 1042 5052 validius
1087 4998 1268 5068 inepte
1303 4997 1598 5068 epituletur
1635 4995 1806 5052 errori
1852 5005 2101 5068 satagunt

2206 4539 2414 4593 intonat
2455 4537 2821 4610 prteconium:
2857 4535 3079 4591 Verbum
3112 4555 3233 4590 caro
3257 4537 3454 4606 factum
3491 4547 3587 4606 cst,
3629 4551 3676 4592 et
3702 4539 3794 4592 lm-

2203 4632 2382 4686 bituvit
2427 4631 2482 4684 in
2533 4630 2724 4694 nobis;
2771 4640 2818 4684 et
2859 4631 3079 4685 uidimus
3115 4630 3338 4700 glor.'am
3381 4629 3518 4700 ejus,
3565 4631 3792 4700 gloriam

2201 4725 2354 4796 quasi
2387 4719 2653 4794 Unigeniti
2693 4739 2724 4774 α
2777 4713 2960 4787 Putre,
2989 4703 3206 4792 plenum
3255 4719 3426 4792 gratia
3466 4731 3513 4774 et
3547 4723 3792 4775 veritate.

2201 4813 2328 4869 Haec
2360 4815 2616 4869 nimirum
2640 4824 2722 4869 est
2748 4815 2943 4885 gratia,
2970 4829 3130 4884 quam
3161 4814 3285 4866 dum
3313 4813 3542 4868 mundus
3593 4815 3794 4876 nescit,

2203 4919 2425 4978 repente
2472 4909 2704 4977 accepit.
2745 4907 2868 4960 ilice
2911 4889 3130 4975 gratia,
3159 4922 3277 4976 qua:
3331 4905 3532 4959 nullum
3579 4907 3794 4962 invenit

2203 4989 2458 5052 meritum
2496 5007 2548 5052 et
2582 4985 2890 5068 prorogavit
2941 4985 3282 5068 beneﬁcium.
3341 4995 3464 5068 [huc
3509 5009 3792 5066 postremo
