4040 5314
245 290 385 350 £393

1133 290 1336 346 LIBER
1375 291 1462 348 DE
1495 295 1816 352 CORPORIS
1857 295 1942 352 ET
1987 293 2332 350 SANGL‘INE
2371 293 2666 350 CHRISTI.

3361 293 3492 348 1-391

315 405 426 464 ΧΠ.
465 405 729 464 Caeterum
755 415 811 460 ut
849 421 944 460 sua
975 405 1168 486 divinae
1195 417 1404 462 natura:
1435 419 1680 464 servetur
1708 423 1820 464 ma-
1851 390 1894 444 Α
1925 409 2177 478 mysteria
2225 389 2570 478 quibusdam-
2603 407 3050 463 intelleclualibus
3100 407 3310 463 iudieiis
3357 423 3496 477 prae-

239 497 438 568 iestas,
483 493 692 566 ipsique
740 496 952 552 sincera
1008 511 1114 552 non
1160 495 1472 552 obfuscetur
1523 499 1820 564 serenitas,

239 595 523 666 operosior
581 593 886 650 adhibenda
944 601 1028 648 est
1087 593 1395 663 diligentia,
1451 593 1824 664 subtiliterque

243 683 517 742 distinctio
552 683 842 740 verborum
879 681 1162 748 facienda,
1213 697 1280 738 ne
1305 681 1528 754 profana
1570 698 1823 738 sensuum

245 775 450 843 irrepat
497 771 764 836 confusio,
811 771 949 826 unde
1011 787 1267 844 perversa
1311 771 1589 828 consuevit
1621 771 1824 826 oboriri

243 865 528 922 dissensio.
563 863 698 920 llinc
728 866 929 920 ctenim
957 865 1045 920 illa
1085 865 1194 920 late
1233 879 1459 936 serpens
1497 863 1678 934 planta
1716 863 1828 918 Ma.

243 953 608 1022 nichreorum;
661 955 788 1012 hinc
831 955 1215 1026 spurcissimus
1259 955 1541 1026 pullulavit
1582 955 1830 1012 surculus

243 1047 606 1113 Arianorum;
661 1047 785 1102 inde
849 1063 1064 1118 quoque
1126 1045 1601 1102 innumerabilium
1662 1047 1836 1117 pestis

244 1137 603 1193 schismatum
645 1147 741 1192 aut
787 1139 1016 1210 sumpsit
1063 1139 1368 1204 exordium,
1413 1147 1508 1194 aut
1551 1140 1832 1210 usurpavit

245 1227 350 1282 sibi
387 1227 740 1300 suifragium;
777 1229 900 1283 inde
928 1231 1090 1286 etiam
1137 1231 1410 1286 moderns:
1445 1231 1714 1287 haereseos
1749 1231 1830 1284 in-

217 1317 494 1374 'centores
521 1319 775 1390 impiique
800 1319 1063 1390 dOgmatis
1090 1319 1414 1376 eonﬁatores
1441 1319 1664 1392 puritati
1705 1319 1828 1374 ﬁdei

241 1407 568 1463 calumniam
615 1417 836 1480 parant,
887 1407 1177 1474 divinoquc
1219 1409 1476 1480 mysterio
1521 1403 1828 1472 veritatem,

241 1507 503 1569 quantum
535 1499 589 1552 in
621 1499 749 1570 ipsis
780 1507 894 1562 est,
927 1497 1214 1569 deregant;
1251 1511 1314 1552 eo
1358 1497 1500 1568 quod
1531 1497 1828 1551 similitudo

242 1593 456 1646 dicatur
487 1589 800 1660 aliquando,
838 1591 920 1645 vel
954 1589 1146 1662 ﬁgura,
1188 1605 1252 1645 ac
1289 1591 1332 1644 si
1372 1590 1590 1660 aliquod
1631 1589 1701 1644 sit
1731 1587 1826 1658 lig-

242 1693 504 1752 mentnm,
531 1699 635 1740 non
655 1683 875 1740 veritas.
902 1683 1100 1739 Verum
1119 1683 1403 1752 diligenter
1423 1691 1685 1752 cauteque
1711 1695 1826 1752 per-

209 1759 212 1764 .
241 1792 470 1846 pensum
501 1775 580 1832 ire
602 1783 838 1848 oportet,
861 1775 1006 1848 quia,
1041 1783 1098 1830 ut
1125 1775 1274 1846 plura
1325 1775 1453 1840 alia,
1501 1773 1822 1845 homonyma

239 1875 365 1919 sunt
413 1865 522 1920 duo
571 1863 828 1922 vocabula
871 1867 1005 1934 hzec,
1053 1881 1284 1934 cumque
1337 1863 1684 1920 multifariam
1728 1881 1826 1936 pro

209 1939 212 1944 ’
242 1955 504 2010 varietate
533 1969 809 2020 sensuum,
827 1955 1021 2025 quibus
1034 1955 1395 2026 applicantur,
1411 1963 1612 2024 queant
1631 1955 1824 2024 accipi,

207 2039 216 2048 ”
241 2045 313 2100 ita
345 2057 526 2104 tamen
565 2063 950 2117 nonnunquam
975 2047 1025 2101 in
1068 2047 1260 2102 divinis
1291 2045 1634 2101 inveniuntur
1655 2046 1826 2115 posita

205 2127 458 2204 'litteris,
509 2148 566 2194 ut
615 2137 746 2192 nihil
800 2137 1014 2194 veritati
1047 2147 1274 2204 naturze,
1326 2137 1460 2192 nihil
1517 2137 1829 2194 substantiae

239 2227 590 2300 pra'judicent
615 2230 953 2302 proprietati,
993 2239 1050 2284 ut
1084 2239 1166 2286 est
1191 2229 1322 2286 illud
1357 2229 1408 2283 in
1433 2229 1668 2286 Genesi:
1705 2227 1826 2284 Non

237 2327 312 2372 est
330 2319 522 2372 bonum
541 2335 650 2374 esse
667 2319 922 2373 hominem
941 2319 1141 2386 solum;
1160 2319 1416 2388 faciamus
1434 2321 1480 2373 ei
1502 2319 1825 2390 adjutorium

237 2408 405 2462 simile
433 2409 538 2462 sui.
577 2407 674 2464 Ubi
701 2423 822 2464 cum
856 2409 967 2464 lieri
993 2409 1318 2480 adjutorium
1373 2409 1576 2465 homini
1609 2410 1824 2476 dicitur,

241 2513 376 2554 nova
411 2499 667 2552 nimirum
699 2499 904 2554 creatio
931 2497 1174 2554 mulieris
1199 2499 1515 2566 intimatur;
1549 2515 1668 2569 qua:
1694 2501 1828 2556 bene

239 2589 429 2644 similis
461 2589 780 2659 perhibetur
811 2591 950 2654 viro,
981 2591 1104 2661 quia
1127 2587 1370 2660 profecto
1391 2591 1492 2646 etsi
1525 2591 1575 2644 in
1605 2605 1734 2646 sexu
1757 2590 1829 2644 sit

239 2679 520 2744 discretio,
546 2679 678 2734 nihil
709 2687 889 2734 tamen
923 2687 1007 2735 est
1033 2679 1179 2734 aliud
1222 2679 1416 2735 mulier
1445 2695 1604 2750 quam
1643 2679 1826 2746 homo,

239 2770 426 2824 eadem
459 2769 660 2840 quippe
685 2777 898 2838 natura,
935 2771 1122 2826 eadem
1149 2772 1410 2838 conditio,
1438 2787 1558 2844 qua:
1587 2771 1675 2828 ubi
1721 2789 1824 2826 una

241 2861 466 2926 fuerint,
501 2861 646 2916 nulla
669 2863 930 2932 probatur
955 2863 1244 2918 dissensio.
1277 2861 1429 2918 Sicut
1460 2878 1590 2934 ergo
1636 2863 1826 2918 mulier

211 2947 214 2950 ’
241 2952 308 3007 de
333 2953 447 3007 viro
471 2967 580 3008 non
605 2952 749 3009 aliud
774 2969 934 3024 quam
965 2953 1152 3008 eadem
1175 2967 1304 3009 caro
1325 2953 1516 3009 similis
1540 2963 1621 3010 est
1643 2955 1826 3021 homo,

209 3035 317 3102 'ita
349 3045 415 3101 de
449 3061 581 3101 vero
610 3061 836 3116 corpore
885 3045 1107 3112 Christi,
1140 3047 1194 3100 in
1233 3061 1344 3118 quo
1397 3047 1606 3102 habitat
1649 3047 1829 3103 omnis

241 3135 518 3206 plenitudo
544 3135 864 3202 divinitatis,
921 3135 1322 3192 substantivum
1367 3153 1660 3210 verumque
1695 3153 1826 3193 cou-

207 3221 210 3224 ⁴
242 3237 348 3282 stat
381 3241 582 3298 corpus
605 3227 792 3298 ipsius,
824 3229 966 3300 quod
997 3228 1260 3300 religiosis
1299 3229 1353 3283 in
1379 3239 1563 3285 saneta
1591 3229 1825 3285 Ecclesia

207 3329 212 3338 ‘
243 3316 430 3374 oﬁiciis
462 3325 778 3384 tractamus,
811 3319 894 3374 cui
937 3319 1244 3390 appositum
1287 3335 1490 3376 nomen
1513 3319 1828 3394 pimiiitudi-

246 3409 328 3464 nis
351 3411 403 3464 in
437 3409 586 3466 nullo
613 3411 886 3466 contraire
927 3412 1204 3481 probatur.
1265 3411 1436 3467 Porro
1463 3413 1508 3468 si
1539 3413 1626 3469 cui
1681 3429 1828 3468 corn-

245 3501 456 3572 paratio
481 3501 581 3555 ista
617 3502 792 3555 minus
815 3501 1026 3556 videtur
1048 3501 1258 3568 elﬁcax,
1287 3512 1341 3557 et
1365 3501 1432 3556 ad
1461 3512 1724 3572 suscepta:
1752 3503 1826 3558 rei

247 3589 523 3659 negotium
567 3605 673 3646 non
713 3591 845 3647 satis
893 3591 1111 3657 idonea;
1165 3591 1248 3647 vel
1295 3592 1422 3646 illud
1457 3592 1826 3663 apostolicum,

248 3687 336 3740 ubi
371 3687 514 3740 nulla
557 3679 723 3740 fuerit
761 3685 1253 3756 ambiguitas,'non
1309 3686 1551 3756 ingratus
1601 3685 1828 3739 audiat:

205 3783 208 3786 ’
247 3778 314 3831 lu
344 3779 690 3832 simiiitudine
723 3777 990 3832 hominum
1027 3775 1218 3846 factus.
1259 3777 1359 3833 llic
1403 3791 1598 3833 nomen
1636 3775 1830 3832 simili-

249 3873 472 3938 tudinis,
507 3881 564 3928 ut
593 3874 935 3946 perspicuum
967 3881 1080 3938 est,
1113 3873 1348 3927 hominis
1393 3871 1676 3926 veritatem
1725 3887 1830 3928 non

245 3966 508 4020 excludit.
541 3967 791 4022 Christus
820 3966 964 4022 enim
997 3979 1158 4021 verus
1186 3966 1346 4021 homo
1377 3963 1499 4030 fuit,
1529 3963 1654 4020 licet
1683 3965 1736 4019 in
1761 3966 1831 4020 si-

253 4059 612 4114 militudinem
643 4060 919 4116 hominum
948 4061 1158 4115 dicatur
1197 4059 1336 4113 ﬁeri.

323 4153 460 4208 Xlll.
483 4156 556 4209 De
585 4153 752 4225 ﬁgura
775 4163 952 4209 autem
985 4155 1055 4209 ita
1079 4155 1132 4208 in
1157 4155 1346 4209 eodem
1368 4153 1836 4225 Apostololegitur

252 4245 376 4299 alibi
408 4263 419 4299 :
456 4245 560 4312 Qui
591 4263 706 4300 cum
733 4247 798 4300 sit
821 4245 1067 4318 splendor
1089 4247 1292 4317 gloriu',
1317 4257 1363 4301 et
1390 4247 1562 4318 ﬁgura
1592 4249 1833 4300 substan-

251 4335 342 4388 tia:
363 4337 499 4406 ejus.
535 4335 637 4393 llic
668 4339 1026 4410 superstitiosi
1075 4340 1363 4392 verborum
1416 4353 1652 4408 aucupes
1682 4337 1832 4393 frau-

1855 3099 1898 3155 C

251 4425 570 4496 dulentique
600 4427 846 4482 veritatis
897 4427 1236 4498 impostores,
1268 4435 1359 4480 aut
1389 4435 1625 4498 paterna:
1676 4427 1832 4482 Chri-
1862 4440 1910 4499 ι)

201 4503 210 4516 ³
250 4525 396 4571 stum
419 4517 736 4575 substantia:
760 4529 959 4575 exuant
980 4521 1195 4590 penitus
1225 4519 1510 4592 dignitate,
1537 4519 1842 4576 autdiviuo-

251 4619 596 4664 sacramento
621 4610 948 4665 calumniam
979 4611 1046 4664 de
1083 4609 1268 4681 ﬁgura:
1295 4611 1559 4665 vocabulo
1583 4611 1834 4666 desinant

253 4695 518 4770 irrogare.
549 4697 606 4756 Si
629 4701 775 4756 enim
807 4699 978 4772 ﬁgura
1011 4701 1100 4755 hic
1126 4701 1446 4756 substantia:
1470 4710 1552 4757 est
1595 4703 1832 4772 abnega-

255 4789 402 4856 tiva,
458 4806 567 4848 non
621 4801 707 4848 est
762 4792 927 4849 Filius
970 4793 1112 4862 quod
1159 4791 1349 4859 Pater,
1405 4809 1470 4848 ac
1519 4793 1598 4850 sic
1633 4793 1836 4849 Christi

205 4873 214 4958 ί
256 4890 656 4936 sacramentum
687 4881 812 4938 dum
842 4881 1094 4938 similiter
1126 4881 1328 4938 dicitur
1377 4881 1578 4953 ﬁgura,
1639 4883 1834 4938 umbra

256 4979 358 5034 est,
394 4986 501 5025 non
528 4973 748 5037 veritas,
776 4974 916 5030 sicut
941 4971 1070 5027 illud
1104 4973 1250 5029 unde
1303 4972 1471 5027 refert
1504 4971 1788 5045 Scriptura
1817 4991 1830 5028 :

259 5057 387 5115 Ιιωσ
412 5071 586 5116 autent
614 5063 790 5117 omnia
821 5063 876 5118 in
909 5063 1080 5134 ﬁgura
1110 5063 1479 5133 contingebant
1529 5065 1656 5121 illis.
1706 5063 1838 5131 Quae

207 5227 210 5230 ἢ
257 5151 473 5207 omnia?
503 5151 666 5208 Maris
691 5153 944 5212 videlicet
986 5139 1644 5228 multiplexbeneﬁcium,
1678 5153 1840 5210 nubis

259 5239 421 5296 indie
466 5243 837 5314 refrigerium,
882 5242 1184 5314 splendoris
1227 5245 1282 5298 in
1343 5253 1501 5300 nocte
1551 5246 1836 5311 solatium;

1927 501 2282 560 ttionstrabat,
2312 501 2455 570 quod
2501 499 2684 568 utique
2717 515 2824 551 non
2857 510 2996 552 erat.
3029 499 3180 555 [inde
3211 499 3502 569 Apostolus

1927 589 2060 644 alias
2088 606 2102 644 :
2139 609 2158 641 ι
2191 588 2324 643 Nolo
2343 603 2457 654 vos,
2489 589 2684 660 inquit,
2711 587 2977 660 ignorare,
3007 587 3227 656 fratres,
3255 589 3378 658 quia
3401 603 3498 661 pa-

1927 691 2037 736 tres
2064 681 2233 738 nostri
2255 681 2500 736 eamdem
2531 695 2708 736 escam
2742 682 3224 746 nianducavernnt,
3249 681 3514 737 eumdem-

1926 783 2112 844 putum
2157 774 2443 839 biberunt;
2482 793 2502 826 ι
2534 773 2780 828 eumdem
2815 774 3022 829 scilicet
3059 791 3153 846 per
3203 777 3500 844 potentiam

1929 865 2296 935 signiﬁcatita:
2353 863 2572 936 ﬁgurae,
2623 881 2728 920 non
2779 879 2874 936 per
2919 867 3200 920 veritatem
3233 866 3502 922 exhibita:

1931 965 2172 1022 naturai;
2208 955 2444 1027 alioquin
2496 957 2745 1013 Christus
2797 959 2970 1014 adhuc
3013 959 3066 1014 in
3117 969 3268 1014 vasta
3316 975 3504 1017 eremo

1931 1063 2128 1103 saxeus
2160 1048 2318 1118 riget,
2347 1047 2434 1104 ubi
2460 1045 2597 1120 lapis
2629 1037 2716 1104 ille
2747 1045 2984 1118 protinus
3029 1065 3294 1120 aquarum
3327 1051 3378 1106 in
3405 1067 3502 1106 sua

1933 1137 2071 1192 mole
2101 1147 2295 1207 torpet.
2321 1137 2594 1207 Scriptum
2625 1139 2822 1210 quippe
2849 1149 2931 1196 est
2961 1155 2974 1194 :
3013 1139 3168 1195 Petra
3195 1151 3366 1195 autem
3390 1152 3502 1196 erat

1931 1225 2206 1292 Christus;
2235 1227 2328 1281 sed
2357 1243 2462 1281 non
2509 1235 2658 1298 petra
2712 1232 2777 1284 de
2819 1229 3040 1302 Virgine
3067 1239 3194 1285 nata
3231 1230 3500 1286 Christus.

1899 1315 2056 1370 -ll-.ec
2087 1315 2248 1386 igitur
2301 1317 2472 1385 ﬁgura
2515 1317 2638 1386 jure
2681 1319 2882 1374 dicitur
2929 1321 3157 1387 umbra,
3205 1335 3328 1391 qua
3357 1321 3504 1376 aliud

1931 1407 2368 1479 prie-loquebatur
2397 1423 2556 1478 quam
2599 1421 2736 1466 erat.
2773 1409 2828 1466 Si
2877 1419 3056 1467 autem
3098 1411 3276 1467 Patris
3303 1409 3506 1480 Unigc—

1929 1497 2109 1558 nitus,
2163 1495 2230 1550 de
2287 1496 2396 1552 Deo
2445 1499 2612 1562 Deus,
2676 1501 2844 1570 ﬁgura
2889 1500 3008 1569 ejus
3049 1517 3080 1554 a
3109 1515 3216 1571 quo
3261 1501 3313 1555 in
3359 1501 3504 1556 nullo

1929 1583 2198 1656 discrepat
2229 1587 2548 1641 substantiae
2573 1587 2790 1655 dicitur,
2823 1603 2924 1644 nec
2953 1589 3131 1646 minus
3157 1605 3220 1646 eo
3245 1599 3326 1646 est
3347 1591 3506 1661 cujus

1929 1675 2100 1748 ﬁgura
2141 1675 2486 1748 praedicatur,
2536 1677 2704 1749 liquet
2731 1679 2974 1751 profecto
3007 1683 3148 1752 quod
3179 1691 3230 1738 et
3261 1683 3504 1739 divinum

1929 1777 2330 1824 sacramentum
2385 1769 2610 1841 ﬁguram
2662 1771 2766 1826 diei
2817 1769 3000 1838 liceat,
3039 1779 3094 1827 et
3147 1773 3282 1828 nihil
3327 1775 3506 1828 minus

1929 1873 1960 1912 a
1985 1857 2216 1912 veritate
2259 1857 2441 1914 carnis
2469 1857 2762 1914 Dominicte
2793 1861 3012 1915 habeat.
3046 1861 3222 1930 Atque
3269 1861 3383 1917 haec
3422 1872 3510 1918 est

1931 1947 2226 2002 D-minicte
2273 1947 2442 2017 ﬁgura
2489 1949 2836 2016 substantiae;
2887 1950 2976 2004 illa
3009 1965 3141 2006 vero
3183 1951 3352 2022 ﬁgura
3407 1951 3508 2006 fuit

1929 2035 2090 2106 huius
2147 2035 2351 2106 ﬁgurae.
2403 2036 2516 2092 Illic
2566 2039 2762 2109 quippe
2793 2039 2895 2094 fuit
2923 2040 3138 2106 umbra,
3169 2041 3258 2096 hic
3308 2041 3509 2096 veritas

1927 2137 2012 2184 est
2041 2129 2175 2198 ipsa.
2211 2128 2382 2184 Porro
2413 2129 2502 2184 hic
2548 2129 2694 2184 illam
2749 2132 2924 2187 sancti
2969 2131 3241 2188 Ambrosii
3291 2141 3510 2188 senten-

1931 2221 2058 2273 tiam
2091 2220 2330 2274 inserere
2363 2227 2724 2290 Opportunum
2734 2219 3116 2289 judicavimus,
3156 2235 3264 2293 qua
3285 2223 3520 2292 quidam.

1931 2309 1984 2362 in
2035 2309 2438 2378 derogationem
2475 2311 2648 2366 sancti
2681 2312 3044 2376 sacramenti,
3096 2313 3205 2366 imo
3261 2314 3316 2366 in
3352 2325 3505 2368 suam

1929 2401 2258 2473 perniciem,
2296 2413 2354 2460 ut
2401 2407 2606 2475 experti
2658 2421 2878 2472 sumus,
2919 2405 3244 2474 abutuntur;
3299 2408 3356 2462 in
3401 2422 3508 2477 qua

1929 2495 2055 2550 alibi
2091 2495 2388 2552 similitudo
2429 2498 2650 2568 pretiosi
2703 2498 2980 2569 sanguinis
3029 2497 3320 2566 scribitur,
3377 2497 3510 2554 alibi

1929 2599 2057 2640 vero
2083 2585 2250 2657 ﬁgura
2285 2587 2526 2658 corporis
2554 2595 2608 2641 et
2643 2588 2920 2658 sanguinis
2972 2589 3232 2658 ponitur;
3283 2587 3504 2658 quibus,

1929 2685 1986 2730 ut
2015 2679 2218 2732 dictum
2253 2687 2360 2745 est,
2389 2679 2632 2749 perversi
2663 2681 2864 2750 quique
2889 2679 2943 2734 in
2977 2695 3075 2736 suo
3101 2679 3298 2736 fortius
3319 2695 3510 2736 errore

1929 2769 2294 2840 implicantur,
2327 2771 2454 2826 dum
2488 2787 2594 2826 non
2647 2773 2883 2827 auctoris
2935 2787 3153 2828 sensum
3201 2773 3252 2826 in
3295 2773 3376 2827 eis
3413 2785 3514 2843 per

1929 2865 2373 2934 consequentiam
2427 2863 2696 2919 dictorum
2745 2865 3096 2935 perquirunt,
3131 2865 3224 2920 sed
3254 2879 3322 2920 ex
3351 2864 3510 2918 nudis

1930 2955 2109 3025 potius
2134 2955 2314 3010 verbis
2345 2969 2500 3010 suam
2533 2955 2584 3010 in
2617 2971 2722 3026 qua
2747 2955 2928 3012 detriti
2959 2966 3085 3011 sunt
3137 2955 3508 3026 insipientiam

1933 3057 2180 3104 astruere
2207 3047 2561 3110 contendunt,
2611 3063 2788 3117 exque
2841 3049 2974 3102 lauti
3015 3046 3250 3104 doctoris
3293 3045 3511 3100 nomine

1931 3139 2308 3196 auctoritatem
2355 3139 2458 3193 sibi
2493 3153 2829 3207 comparare,
2860 3154 2922 3193 ac
2951 3153 3048 3209 per
3087 3139 3188 3192 hoc
3235 3135 3510 3200 haeresim,

1931 3229 1986 3283 in
2015 3244 2122 3297 qua
2149 3227 2421 3296 languent,
2474 3237 2664 3280 contra
2708 3225 3003 3281 catholicos
3056 3227 3304 3280 nituntur
3327 3225 3512 3280 defen-

1933 3319 2082 3373 dere.
2113 3317 2261 3386 Quod
2288 3317 2600 3371 nullatenus
2626 3316 2900 3386 procedet,
2933 3329 3032 3370 nec
3055 3325 3114 3368 ut
3161 3313 3348 3370 volunt
3377 3329 3510 3369 cou-

1935 3406 2137 3476 tinget,
2187 3407 2282 3460 sed
2329 3407 2508 3477 potius
2559 3420 2644 3461 res
2695 3420 2816 3474 qua:
2867 3405 2918 3460 in
2957 3405 3310 3476 quaestionem
3365 3403 3514 3458 venit

1931 3495 2133 3550 clarius
2155 3495 2446 3564 elueeseet,
2479 3497 2522 3550 si
2551 3497 2822 3567 prioribus
2843 3495 3141 3566 posteriora
3173 3509 3511 3566 consequen-

1936 3597 2019 3642 ter
2051 3587 2243 3644 collata
2273 3589 2498 3651 fuerint,
2527 3597 2581 3644 et
2610 3605 2675 3644 ex
2709 3587 3142 3659 praecedentibus
3175 3587 3506 3656 subsequen-

1933 3681 2070 3736 tium
2099 3689 2256 3736 tenor
2279 3681 2566 3736 verborum
2618 3681 2722 3736 rite
2757 3679 3058 3736 intellectus
3079 3678 3374 3744 exstiterit;
3417 3678 3512 3746 qui

1933 3775 2006 3830 ita
2034 3787 2092 3830 se
2127 3773 2288 3828 habet
2316 3787 2330 3825 :
2357 3791 2378 3822 ‹
2421 3773 2528 3828 Sed
2575 3771 2714 3827 forte
2751 3771 2886 3826 dicis
2915 3791 2925 3825 :
2957 3769 3206 3842 Speciem
3235 3770 3514 3842 sanguinis

1934 3880 2040 3920 non
2069 3864 2254 3930 video;
2283 3864 2376 3919 sed
2407 3862 2816 3920 similitudinem
2847 3861 3030 3917 habet.
3081 3861 3235 3916 Sicut
3271 3860 3414 3915 enim
3443 3859 3516 3914 si-

1935 3957 2294 4014 militudinem
2335 3957 2528 4013 mortis
2575 3970 2674 4027 per
2725 3955 3052 4025 baptismum
3097 3951 3408 4022 suscepisti,
3439 3952 3526 4004 ita.

1933 4051 2097 4104 etiam
2135 4047 2537 4104 similitudinem
2561 4047 2782 4116 pretiosi
2807 4045 3088 4116 sanguinis
3123 4044 3283 4107 bibis,
3317 4051 3374 4096 ut
3397 4041 3516 4095 nul-

1935 4143 2018 4196 lus
2043 4143 2240 4198 horror
2263 4141 2473 4196 cruoris
2501 4141 2588 4203 sit,
2629 4149 2683 4194 et
2711 4139 2944 4210 pretium
2981 4145 3160 4191 tamen
3191 4135 3516 4204 redemptio-

1937 4235 2022 4290 nis
2051 4243 2327 4304 cperetur.
2362 4252 2379 4285 ι
2418 4231 2558 4287 Ecce
2585 4231 2724 4286 unde
2757 4239 2866 4286 tota
2897 4230 3163 4300 processit
3198 4227 3516 4298 quaestionis

1937 4326 2078 4380 inter
2105 4323 2426 4391 insipientes
2454 4323 2740 4384 dissensio,
2769 4321 2833 4376 de
2858 4322 3054 4391 quibus
3085 4319 3188 4374 diei
3219 4333 3316 4388 per
3345 4317 3516 4386 Spiri-

1937 4425 2049 4469 tum
2081 4425 2330 4470 saut‘tum
2382 4413 2436 4468 in
2483 4413 2750 4481 PrOpheta
2779 4411 3174 4468 clamatratio:
3215 4410 3358 4465 Diri!
3385 4410 3518 4462 insi-

1935 4509 2082 4577 piens
2109 4507 2164 4560 in
2198 4505 2354 4559 corde
2377 4521 2472 4559 suo
2496 4521 2515 4560 :
2542 4503 2664 4560 Non
2695 4513 2768 4558 est
2801 4503 2960 4558 Deus.
2988 4503 3252 4572 lusipiens
3275 4499 3520 4570 proiecto

1937 4605 2041 4664 est,
2075 4595 2167 4667 qui
2213 4595 2492 4650 Christum
2531 4593 2846 4658 divinitate,
2896 4601 3162 4661 quantum
3205 4591 3260 4646 iu
3307 4603 3364 4644 se
3413 4599 3518 4652 est,

1939 4687 2123 4754 exuit,
2155 4685 2282 4742 dum
2319 4700 2444 4741 eum
2497 4685 2784 4740 mentitum
2841 4683 3034 4750 fuisse,
3079 4681 3224 4752 quod
3263 4679 3316 4733 in
3357 4679 3524 4733 Deum

1943 4795 2052 4838 non
2103 4778 2249 4836 cadit
2299 4777 2484 4846 aliquo
2537 4775 2717 4840 modo,
2749 4789 2998 4831 asserere
3031 4789 3132 4831 non
3187 4771 3396 4834 metuit,
3437 4769 3532 4840 qui

1941 4870 2360 4931 similitudinem
2387 4869 2472 4924 vel
2501 4871 2730 4940 ﬁguram
2754 4877 2964 4924 tantum
2991 4881 3118 4926 esse
3137 4863 3302 4933 impie
3325 4862 3542 4930 dogma-

1945 4969 2118 5024 tizare
2138 4961 2446 5038 praesumit,
2471 4961 2616 5032 quod
2643 4959 2732 5014 ille
2751 4973 2880 5014 vere
2901 4973 3143 5019 carnem
3167 4963 3224 5010 et
3247 4967 3374 5008 vere
3415 4965 3546 5006 san-

1944 5063 2160 5133 guinem
2199 5071 2320 5112 esse
2345 5070 2501 5111 suum
2531 5053 2796 5127 probatur
2825 5063 3047 5121 aperte
3074 5045 3386 5126 protestari;
3411 5045 3558 5112 quod

1947 5153 2053 5208 tale
2082 5159 2170 5210 est
2195 5162 2260 5204 ac
2289 5148 2334 5202 si
2362 5145 2638 5202 diceretur
2677 5159 2707 5199 a
2739 5143 2968 5207 talibus.
3007 5160 3076 5206 et
3102 5141 3302 5201 taliter,
3340 5147 3445 5188 non
3472 5148 3561 5186 sa-

1946 5245 2246 5314 pientibus,
2277 5239 2370 5294 sed
2395 5235 2830 5310 desipientibus:
2864 5233 3010 5292 Non
3061 5250 3133 5297 est
3159 5232 3320 5288 Deus.
