  <div class='ocr_page' id='page_1' title='image "/cluster/home/n/w/nwhite01/storage/ocr_20150623/149/hvd.32044015473770/701.png"; bbox 0 0 4006 5282; ppageno 0'>
   <div class='ocr_carea' id='block_1_1' title="bbox 517 311 657 365">
    <p class='ocr_par' dir='ltr' id='par_1_1' title="bbox 517 311 657 365">
     <span class='ocr_line' id='line_1_1' title="bbox 517 311 657 365; baseline 0 0"><span class='ocrx_word' id='word_1_1' title='bbox 517 313 542 365; x_wconf 73' lang='grc'><strong>1</strong></span> <span class='ocrx_word' id='word_1_2' title='bbox 554 311 657 365; x_wconf 70' lang='grc'><strong>595</strong></span> 
     </span>
    </p>
   </div>
   <div class='ocr_carea' id='block_1_2' title="bbox 1578 266 2703 364">
    <p class='ocr_par' dir='ltr' id='par_1_2' title="bbox 1578 266 2703 364">
     <span class='ocr_line' id='line_1_2' title="bbox 1578 266 2703 364; baseline 0.003 -3"><span class='ocrx_word' id='word_1_3' title='bbox 1578 309 1880 364; x_wconf 64' lang='lat' dir='ltr'><strong>cunmm</strong></span> <span class='ocrx_word' id='word_1_4' title='bbox 1908 308 2195 363; x_wconf 53' lang='lat' dir='ltr'><strong>sanans</strong></span> <span class='ocrx_word' id='word_1_5' title='bbox 2227 308 2703 364; x_wconf 72' lang='lat' dir='ltr'><strong>&#39;l‘ltOAltNENSlS</strong></span> 
     </span>
    </p>
   </div>
   <div class='ocr_carea' id='block_1_3' title="bbox 3642 309 3767 364">
    <p class='ocr_par' dir='ltr' id='par_1_3' title="bbox 3642 309 3767 364">
     <span class='ocr_line' id='line_1_3' title="bbox 3642 309 3767 364; baseline -0.008 0"><span class='ocrx_word' id='word_1_6' title='bbox 3642 309 3767 364; x_wconf 63' lang='lat'><strong>{39‘}</strong></span> 
     </span>
    </p>
   </div>
   <div class='ocr_carea' id='block_1_4' title="bbox 502 424 3769 503">
    <p class='ocr_par' dir='ltr' id='par_1_4' title="bbox 502 424 3769 503">
     <span class='ocr_line' id='line_1_4' title="bbox 502 424 3769 503; baseline -0.001 -24"><span class='ocrx_word' id='word_1_7' title='bbox 502 424 1010 503; x_wconf 86' lang='lat' dir='ltr'><strong>quomodocunque</strong></span> <span class='ocrx_word' id='word_1_8' title='bbox 1040 424 1248 496; x_wconf 88' lang='lat' dir='ltr'><strong>prolato</strong></span> <span class='ocrx_word' id='word_1_9' title='bbox 1281 424 1552 490; x_wconf 74' lang='lat' dir='ltr'><strong>renititur,</strong></span> <span class='ocrx_word' id='word_1_10' title='bbox 1594 434 1652 479; x_wconf 89' lang='lat' dir='ltr'><strong>et</strong></span> <span class='ocrx_word' id='word_1_11' title='bbox 1681 424 1793 493; x_wconf 86' lang='lat' dir='ltr'><strong>ejus</strong></span> <span class='ocrx_word' id='word_1_12' title='bbox 1823 425 1998 495; x_wconf 83' lang='lat' dir='ltr'><strong>planis</strong></span> <span class='ocrx_word' id='word_1_13' title='bbox 2036 438 2100 478; x_wconf 87' lang='lat' dir='ltr'><strong>ac</strong></span> <span class='ocrx_word' id='word_1_14' title='bbox 2126 431 2176 487; x_wconf 71' lang='grc' dir='ltr'><strong>Α</strong></span> <span class='ocrx_word' id='word_1_15' title='bbox 2206 424 2419 477; x_wconf 90' lang='lat' dir='ltr'><strong>modum</strong></span> <span class='ocrx_word' id='word_1_16' title='bbox 2453 424 2758 494; x_wconf 79' lang='lat' dir='ltr'><strong>pertingere</strong></span> <span class='ocrx_word' id='word_1_17' title='bbox 2808 425 3085 489; x_wconf 85' lang='lat' dir='ltr'><strong>merearis,</strong></span> <span class='ocrx_word' id='word_1_18' title='bbox 3137 425 3408 479; x_wconf 76' lang='lat' dir='ltr'><strong>mediante</strong></span> <span class='ocrx_word' id='word_1_19' title='bbox 3445 424 3549 478; x_wconf 88' lang='lat' dir='ltr'><strong>ﬁde</strong></span> <span class='ocrx_word' id='word_1_20' title='bbox 3570 465 3585 488; x_wconf 91' lang='lat'><strong>,</strong></span> <span class='ocrx_word' id='word_1_21' title='bbox 3616 424 3682 476; x_wconf 83' lang='lat' dir='ltr'><strong>ad</strong></span> <span class='ocrx_word' id='word_1_22' title='bbox 3723 424 3769 476; x_wconf 89' lang='lat' dir='ltr'><strong>id</strong></span> 
     </span>
    </p>
   </div>
   <div class='ocr_carea' id='block_1_5' title="bbox 510 517 2094 589">
    <p class='ocr_par' dir='ltr' id='par_1_5' title="bbox 510 517 2094 589">
     <span class='ocr_line' id='line_1_5' title="bbox 510 517 2094 589; baseline -0.001 -17"><span class='ocrx_word' id='word_1_23' title='bbox 510 518 861 589; x_wconf 71' lang='lat' dir='ltr'><strong>simplicibus</strong></span> <span class='ocrx_word' id='word_1_24' title='bbox 890 519 1177 573; x_wconf 87' lang='lat' dir='ltr'><strong>sententiis</strong></span> <span class='ocrx_word' id='word_1_25' title='bbox 1203 517 1611 572; x_wconf 88' lang='lat' dir='ltr'><strong>calumniatur?</strong></span> <span class='ocrx_word' id='word_1_26' title='bbox 1640 518 1898 573; x_wconf 84' lang='lat' dir='ltr'><strong>Dominus</strong></span> <span class='ocrx_word' id='word_1_27' title='bbox 1921 518 2051 572; x_wconf 90' lang='lat' dir='ltr'><strong>dicit</strong></span> <span class='ocrx_word' id='word_1_28' title='bbox 2080 535 2094 570; x_wconf 92' lang='lat'><strong>:</strong></span> 
     </span>
    </p>
   </div>
   <div class='ocr_carea' id='block_1_6' title="bbox 502 607 2099 681">
    <p class='ocr_par' dir='ltr' id='par_1_6' title="bbox 502 607 2099 681">
     <span class='ocr_line' id='line_1_6' title="bbox 502 607 2099 681; baseline 0 -20"><span class='ocrx_word' id='word_1_29' title='bbox 502 608 640 681; x_wconf 26' lang='lat' dir='ltr'><strong>illoc</strong></span> <span class='ocrx_word' id='word_1_30' title='bbox 664 620 739 663; x_wconf 79' lang='lat' dir='ltr'><strong>est</strong></span> <span class='ocrx_word' id='word_1_31' title='bbox 769 626 957 678; x_wconf 77' lang='lat' dir='ltr'><strong>corpus</strong></span> <span class='ocrx_word' id='word_1_32' title='bbox 988 625 1192 674; x_wconf 86' lang='lat' dir='ltr'><strong>meum,</strong></span> <span class='ocrx_word' id='word_1_33' title='bbox 1225 609 1363 679; x_wconf 89' lang='lat' dir='ltr'><strong>quod</strong></span> <span class='ocrx_word' id='word_1_34' title='bbox 1410 625 1507 678; x_wconf 87' lang='lat' dir='ltr'><strong>pro</strong></span> <span class='ocrx_word' id='word_1_35' title='bbox 1544 608 1686 662; x_wconf 81' lang='lat' dir='ltr'><strong>vobis</strong></span> <span class='ocrx_word' id='word_1_36' title='bbox 1718 608 1989 673; x_wconf 81' lang='lat' dir='ltr'><strong>tradetur;</strong></span> <span class='ocrx_word' id='word_1_37' title='bbox 2017 607 2099 661; x_wconf 81' lang='lat' dir='ltr'><strong>hic</strong></span> 
     </span>
    </p>
   </div>
   <div class='ocr_carea' id='block_1_7' title="bbox 519 697 2095 770">
    <p class='ocr_par' dir='ltr' id='par_1_7' title="bbox 519 697 2095 770">
     <span class='ocr_line' id='line_1_7' title="bbox 519 697 2095 770; baseline -0.001 -17"><span class='ocrx_word' id='word_1_38' title='bbox 519 711 594 754; x_wconf 81' lang='lat' dir='ltr'><strong>est</strong></span> <span class='ocrx_word' id='word_1_39' title='bbox 619 701 834 769; x_wconf 76' lang='lat' dir='ltr'><strong>sanguis</strong></span> <span class='ocrx_word' id='word_1_40' title='bbox 863 716 1030 764; x_wconf 76' lang='lat' dir='ltr'><strong>meus,</strong></span> <span class='ocrx_word' id='word_1_41' title='bbox 1055 701 1143 770; x_wconf 82' lang='lat' dir='ltr'><strong>qui</strong></span> <span class='ocrx_word' id='word_1_42' title='bbox 1177 716 1270 769; x_wconf 84' lang='lat' dir='ltr'><strong>pro</strong></span> <span class='ocrx_word' id='word_1_43' title='bbox 1292 699 1434 753; x_wconf 79' lang='lat' dir='ltr'><strong>vobis</strong></span> <span class='ocrx_word' id='word_1_44' title='bbox 1456 700 1774 769; x_wconf 72' lang='lat' dir='ltr'><strong>effundatur.</strong></span> <span class='ocrx_word' id='word_1_45' title='bbox 1810 697 2095 765; x_wconf 82' lang='lat' dir='ltr'><strong>Comedite,</strong></span> 
     </span>
    </p>
   </div>
   <div class='ocr_carea' id='block_1_8' title="bbox 498 790 2097 869">
    <p class='ocr_par' dir='ltr' id='par_1_8' title="bbox 498 790 2097 869">
     <span class='ocr_line' id='line_1_8' title="bbox 498 790 2097 869; baseline -0.002 -20"><span class='ocrx_word' id='word_1_46' title='bbox 498 802 565 849; x_wconf 79' lang='lat' dir='ltr'><strong>et</strong></span> <span class='ocrx_word' id='word_1_47' title='bbox 589 791 760 869; x_wconf 75' lang='lat' dir='ltr'><strong>bibite.</strong></span> <span class='ocrx_word' id='word_1_48' title='bbox 780 790 866 846; x_wconf 82' lang='lat' dir='ltr'><strong>Et</strong></span> <span class='ocrx_word' id='word_1_49' title='bbox 912 792 1016 847; x_wconf 90' lang='lat' dir='ltr'><strong>hoc</strong></span> <span class='ocrx_word' id='word_1_50' title='bbox 1054 792 1198 867; x_wconf 88' lang='lat' dir='ltr'><strong>idem</strong></span> <span class='ocrx_word' id='word_1_51' title='bbox 1228 793 1281 846; x_wconf 84' lang='lat' dir='ltr'><strong>in</strong></span> <span class='ocrx_word' id='word_1_52' title='bbox 1310 793 1412 845; x_wconf 81' lang='lat' dir='ltr'><strong>mei</strong></span> <span class='ocrx_word' id='word_1_53' title='bbox 1441 792 1744 846; x_wconf 80' lang='lat' dir='ltr'><strong>memoriam</strong></span> <span class='ocrx_word' id='word_1_54' title='bbox 1775 792 1953 861; x_wconf 73' lang='lat' dir='ltr'><strong>facite.</strong></span> <span class='ocrx_word' id='word_1_55' title='bbox 2000 790 2097 846; x_wconf 88' lang='lat' dir='ltr'><strong>Isti</strong></span> 
     </span>
    </p>
   </div>
   <div class='ocr_carea' id='block_1_9' title="bbox 496 883 2098 961">
    <p class='ocr_par' dir='ltr' id='par_1_9' title="bbox 496 883 2098 961">
     <span class='ocr_line' id='line_1_9' title="bbox 496 883 2098 961; baseline 0.002 -26"><span class='ocrx_word' id='word_1_56' title='bbox 496 883 731 961; x_wconf 78' lang='lat' dir='ltr'><strong>dicunt,</strong></span> <span class='ocrx_word' id='word_1_57' title='bbox 756 883 1080 961; x_wconf 85' lang='lat' dir='ltr'><strong>Ambrosius</strong></span> <span class='ocrx_word' id='word_1_58' title='bbox 1106 884 1236 939; x_wconf 90' lang='lat' dir='ltr'><strong>dicit</strong></span> <span class='ocrx_word' id='word_1_59' title='bbox 1262 902 1275 937; x_wconf 92' lang='lat'><strong>:</strong></span> <span class='ocrx_word' id='word_1_60' title='bbox 1309 883 1643 955; x_wconf 76' lang='lat' dir='ltr'><strong>Sanguinem</strong></span> <span class='ocrx_word' id='word_1_61' title='bbox 1666 899 1774 939; x_wconf 90' lang='lat' dir='ltr'><strong>non</strong></span> <span class='ocrx_word' id='word_1_62' title='bbox 1798 884 1982 949; x_wconf 87' lang='lat' dir='ltr'><strong>video,</strong></span> <span class='ocrx_word' id='word_1_63' title='bbox 2003 886 2098 939; x_wconf 89' lang='lat' dir='ltr'><strong>sed</strong></span> 
     </span>
    </p>
   </div>
   <div class='ocr_carea' id='block_1_10' title="bbox 519 960 2097 1053">
    <p class='ocr_par' dir='ltr' id='par_1_10' title="bbox 519 960 2097 1053">
     <span class='ocr_line' id='line_1_10' title="bbox 519 960 2097 1053; baseline 0.003 -27"><span class='ocrx_word' id='word_1_64' title='bbox 519 960 927 1053; x_wconf 87' lang='lat' dir='ltr'><strong>similitudinem</strong></span> <span class='ocrx_word' id='word_1_65' title='bbox 946 960 1169 1053; x_wconf 69' lang='lat' dir='ltr'><strong>habet,</strong></span> <span class='ocrx_word' id='word_1_66' title='bbox 1208 974 1463 1031; x_wconf 76' lang='lat' dir='ltr'><strong>videlicet</strong></span> <span class='ocrx_word' id='word_1_67' title='bbox 1506 990 1573 1030; x_wconf 87' lang='lat' dir='ltr'><strong>ex</strong></span> <span class='ocrx_word' id='word_1_68' title='bbox 1620 976 1803 1031; x_wconf 86' lang='lat' dir='ltr'><strong>verbis</strong></span> <span class='ocrx_word' id='word_1_69' title='bbox 1848 976 2097 1046; x_wconf 84' lang='lat' dir='ltr'><strong>discipuli</strong></span> 
     </span>
    </p>
   </div>
   <div class='ocr_carea' id='block_1_11' title="bbox 521 1064 2092 1143">
    <p class='ocr_par' dir='ltr' id='par_1_11' title="bbox 521 1064 2092 1143">
     <span class='ocr_line' id='line_1_11' title="bbox 521 1064 2092 1143; baseline 0.005 -27"><span class='ocrx_word' id='word_1_70' title='bbox 521 1064 777 1143; x_wconf 75' lang='lat' dir='ltr'><strong>Magistro</strong></span> <span class='ocrx_word' id='word_1_71' title='bbox 806 1065 1295 1137; x_wconf 72' lang='lat' dir='ltr'><strong>cmlestiinjuriam</strong></span> <span class='ocrx_word' id='word_1_72' title='bbox 1326 1069 1719 1124; x_wconf 88' lang='lat' dir='ltr'><strong>contumaciter</strong></span> <span class='ocrx_word' id='word_1_73' title='bbox 1757 1069 2092 1139; x_wconf 83' lang='lat' dir='ltr'><strong>irrogantes;</strong></span> 
     </span>
    </p>
   </div>
   <div class='ocr_carea' id='block_1_12' title="bbox 517 1156 2097 1232">
    <p class='ocr_par' dir='ltr' id='par_1_12' title="bbox 517 1156 2097 1232">
     <span class='ocr_line' id='line_1_12' title="bbox 517 1156 2097 1232; baseline 0.004 -25"><span class='ocrx_word' id='word_1_74' title='bbox 517 1164 574 1207; x_wconf 90' lang='lat' dir='ltr'><strong>et</strong></span> <span class='ocrx_word' id='word_1_75' title='bbox 595 1170 727 1231; x_wconf 86' lang='lat' dir='ltr'><strong>cum</strong></span> <span class='ocrx_word' id='word_1_76' title='bbox 744 1156 1008 1225; x_wconf 87' lang='lat' dir='ltr'><strong>scriptum</strong></span> <span class='ocrx_word' id='word_1_77' title='bbox 1039 1157 1110 1211; x_wconf 89' lang='lat' dir='ltr'><strong>sit</strong></span> <span class='ocrx_word' id='word_1_78' title='bbox 1142 1176 1155 1232; x_wconf 68' lang='grc' dir='ltr'><strong><em>ς</em></strong></span> <span class='ocrx_word' id='word_1_79' title='bbox 1193 1157 1317 1212; x_wconf 84' lang='lat' dir='ltr'><strong>Non</strong></span> <span class='ocrx_word' id='word_1_80' title='bbox 1362 1170 1439 1213; x_wconf 73' lang='lat' dir='ltr'><strong>est</strong></span> <span class='ocrx_word' id='word_1_81' title='bbox 1474 1160 1766 1229; x_wconf 78' lang='lat' dir='ltr'><strong>discipulus</strong></span> <span class='ocrx_word' id='word_1_82' title='bbox 1799 1178 1955 1229; x_wconf 77' lang='lat' dir='ltr'><strong>super</strong></span> <span class='ocrx_word' id='word_1_83' title='bbox 1985 1178 2097 1214; x_wconf 88' lang='lat' dir='ltr'><strong>ma-</strong></span> 
     </span>
    </p>
   </div>
   <div class='ocr_carea' id='block_1_13' title="bbox 516 1248 2095 1325">
    <p class='ocr_par' dir='ltr' id='par_1_13' title="bbox 516 1248 2095 1325">
     <span class='ocr_line' id='line_1_13' title="bbox 516 1248 2095 1325; baseline 0.006 -27"><span class='ocrx_word' id='word_1_84' title='bbox 516 1248 763 1314; x_wconf 77' lang='lat' dir='ltr'><strong>gistrum,</strong></span> <span class='ocrx_word' id='word_1_85' title='bbox 794 1249 1171 1325; x_wconf 78' lang='lat' dir='ltr'><strong>auctoritatem</strong></span> <span class='ocrx_word' id='word_1_86' title='bbox 1207 1249 1446 1319; x_wconf 83' lang='lat' dir='ltr'><strong>Magistri</strong></span> <span class='ocrx_word' id='word_1_87' title='bbox 1484 1251 1729 1322; x_wconf 81' lang='lat' dir='ltr'><strong>discipuli</strong></span> <span class='ocrx_word' id='word_1_88' title='bbox 1761 1252 2095 1321; x_wconf 67' lang='lat' dir='ltr'><strong>praelatione,</strong></span> 
     </span>
    </p>
   </div>
   <div class='ocr_carea' id='block_1_14' title="bbox 488 1339 2097 1415">
    <p class='ocr_par' dir='ltr' id='par_1_14' title="bbox 488 1339 2097 1415">
     <span class='ocr_line' id='line_1_14' title="bbox 488 1339 2097 1415; baseline 0.007 -28"><span class='ocrx_word' id='word_1_89' title='bbox 488 1346 782 1403; x_wconf 70' lang='lat' dir='ltr'><strong>quantum</strong></span> <span class='ocrx_word' id='word_1_90' title='bbox 818 1339 871 1415; x_wconf 86' lang='lat' dir='ltr'><strong>in</strong></span> <span class='ocrx_word' id='word_1_91' title='bbox 904 1355 963 1395; x_wconf 91' lang='lat' dir='ltr'><strong>se</strong></span> <span class='ocrx_word' id='word_1_92' title='bbox 990 1349 1102 1405; x_wconf 80' lang='lat' dir='ltr'><strong>est,</strong></span> <span class='ocrx_word' id='word_1_93' title='bbox 1141 1340 1399 1406; x_wconf 89' lang='lat' dir='ltr'><strong>demunt;</strong></span> <span class='ocrx_word' id='word_1_94' title='bbox 1432 1342 1574 1396; x_wconf 89' lang='lat' dir='ltr'><strong>unde</strong></span> <span class='ocrx_word' id='word_1_95' title='bbox 1602 1358 1706 1396; x_wconf 91' lang='lat' dir='ltr'><strong>non</strong></span> <span class='ocrx_word' id='word_1_96' title='bbox 1752 1342 1931 1397; x_wconf 89' lang='lat' dir='ltr'><strong>minus</strong></span> <span class='ocrx_word' id='word_1_97' title='bbox 1961 1359 2097 1413; x_wconf 64' lang='lat' dir='ltr'><strong>pra:-</strong></span> 
     </span>
    </p>
   </div>
   <div class='ocr_carea' id='block_1_15' title="bbox 516 1428 2093 1505">
    <p class='ocr_par' dir='ltr' id='par_1_15' title="bbox 516 1428 2093 1505">
     <span class='ocr_line' id='line_1_15' title="bbox 516 1428 2093 1505; baseline 0.006 -25"><span class='ocrx_word' id='word_1_98' title='bbox 516 1428 684 1481; x_wconf 80' lang='lat' dir='ltr'><strong>lntum</strong></span> <span class='ocrx_word' id='word_1_99' title='bbox 710 1429 991 1503; x_wconf 79' lang='lat' dir='ltr'><strong>oli&#39;endunt</strong></span> <span class='ocrx_word' id='word_1_100' title='bbox 1018 1448 1180 1505; x_wconf 88' lang='lat' dir='ltr'><strong>quam</strong></span> <span class='ocrx_word' id='word_1_101' title='bbox 1206 1449 1326 1487; x_wconf 90' lang='lat' dir='ltr'><strong>eum</strong></span> <span class='ocrx_word' id='word_1_102' title='bbox 1350 1434 1443 1502; x_wconf 88' lang='lat' dir='ltr'><strong>qui</strong></span> <span class='ocrx_word' id='word_1_103' title='bbox 1467 1433 1640 1502; x_wconf 88' lang='lat' dir='ltr'><strong>ipsum</strong></span> <span class='ocrx_word' id='word_1_104' title='bbox 1671 1433 2003 1503; x_wconf 71' lang='lat' dir='ltr'><strong>praeferunt:</strong></span> <span class='ocrx_word' id='word_1_105' title='bbox 2038 1436 2093 1490; x_wconf 87' lang='lat' dir='ltr'><strong>in</strong></span> 
     </span>
    </p>
   </div>
   <div class='ocr_carea' id='block_1_16' title="bbox 485 1522 2093 1592">
    <p class='ocr_par' dir='ltr' id='par_1_16' title="bbox 485 1522 2093 1592">
     <span class='ocr_line' id='line_1_16' title="bbox 485 1522 2093 1592; baseline 0.006 -23"><span class='ocrx_word' id='word_1_106' title='bbox 485 1529 747 1589; x_wconf 89' lang='lat' dir='ltr'><strong>_ntroqne</strong></span> <span class='ocrx_word' id='word_1_107' title='bbox 798 1522 896 1586; x_wconf 86' lang='lat' dir='ltr'><strong>rei,</strong></span> <span class='ocrx_word' id='word_1_108' title='bbox 941 1522 1228 1592; x_wconf 81' lang='lat' dir='ltr'><strong>utrobique</strong></span> <span class='ocrx_word' id='word_1_109' title='bbox 1268 1524 1624 1579; x_wconf 85' lang='lat' dir='ltr'><strong>nihilominus</strong></span> <span class='ocrx_word' id='word_1_110' title='bbox 1678 1524 2093 1579; x_wconf 85' lang='lat' dir='ltr'><strong>condemnandi.</strong></span> 
     </span>
    </p>
   </div>
   <div class='ocr_carea' id='block_1_17' title="bbox 512 1596 2094 1687">
    <p class='ocr_par' dir='ltr' id='par_1_17' title="bbox 512 1596 2094 1687">
     <span class='ocr_line' id='line_1_17' title="bbox 512 1596 2094 1687; baseline 0.005 -22"><span class='ocrx_word' id='word_1_111' title='bbox 512 1614 586 1666; x_wconf 82' lang='lat' dir='ltr'><strong>At</strong></span> <span class='ocrx_word' id='word_1_112' title='bbox 612 1628 711 1687; x_wconf 87' lang='lat' dir='ltr'><strong>nos</strong></span> <span class='ocrx_word' id='word_1_113' title='bbox 748 1612 829 1685; x_wconf 88' lang='lat' dir='ltr'><strong>sic</strong></span> <span class='ocrx_word' id='word_1_114' title='bbox 859 1596 1205 1671; x_wconf 67' lang='lat' dir='ltr'><strong>honor-emus</strong></span> <span class='ocrx_word' id='word_1_115' title='bbox 1220 1631 1441 1670; x_wconf 88' lang='lat' dir='ltr'><strong>servum</strong></span> <span class='ocrx_word' id='word_1_116' title='bbox 1475 1628 1537 1671; x_wconf 88' lang='lat' dir='ltr'><strong>ut</strong></span> <span class='ocrx_word' id='word_1_117' title='bbox 1556 1633 1771 1687; x_wconf 84' lang='lat' dir='ltr'><strong>semper</strong></span> <span class='ocrx_word' id='word_1_118' title='bbox 1795 1627 1850 1673; x_wconf 91' lang='lat' dir='ltr'><strong>et</strong></span> <span class='ocrx_word' id='word_1_119' title='bbox 1880 1620 1933 1674; x_wconf 93' lang='lat' dir='ltr'><strong>in</strong></span> <span class='ocrx_word' id='word_1_120' title='bbox 1976 1633 2094 1673; x_wconf 90' lang='lat' dir='ltr'><strong>om-</strong></span> 
     </span>
    </p>
   </div>
   <div class='ocr_carea' id='block_1_18' title="bbox 516 1700 2093 1777">
    <p class='ocr_par' dir='ltr' id='par_1_18' title="bbox 516 1700 2093 1777">
     <span class='ocr_line' id='line_1_18' title="bbox 516 1700 2093 1777; baseline 0.005 -22"><span class='ocrx_word' id='word_1_121' title='bbox 516 1703 673 1757; x_wconf 84' lang='lat' dir='ltr'><strong>nibus</strong></span> <span class='ocrx_word' id='word_1_122' title='bbox 722 1700 1098 1775; x_wconf 76' lang='lat' dir='ltr'><strong>pr:eleramus,</strong></span> <span class='ocrx_word' id='word_1_123' title='bbox 1152 1715 1211 1760; x_wconf 88' lang='lat' dir='ltr'><strong>ut</strong></span> <span class='ocrx_word' id='word_1_124' title='bbox 1256 1717 1490 1777; x_wconf 87' lang='lat' dir='ltr'><strong>oportet,</strong></span> <span class='ocrx_word' id='word_1_125' title='bbox 1525 1707 1833 1774; x_wconf 89' lang='lat' dir='ltr'><strong>Dominum,</strong></span> <span class='ocrx_word' id='word_1_126' title='bbox 1865 1724 1965 1763; x_wconf 92' lang='lat' dir='ltr'><strong>nec</strong></span> <span class='ocrx_word' id='word_1_127' title='bbox 1990 1708 2093 1763; x_wconf 87' lang='lat' dir='ltr'><strong>Do-</strong></span> 
     </span>
    </p>
   </div>
   <div class='ocr_carea' id='block_1_19' title="bbox 2203 514 3769 587">
    <p class='ocr_par' dir='ltr' id='par_1_19' title="bbox 2203 514 3769 587">
     <span class='ocr_line' id='line_1_19' title="bbox 2203 514 3769 587; baseline -0.004 -16"><span class='ocrx_word' id='word_1_128' title='bbox 2203 519 2346 587; x_wconf 87' lang='lat' dir='ltr'><strong>quod</strong></span> <span class='ocrx_word' id='word_1_129' title='bbox 2386 518 2713 573; x_wconf 87' lang='lat' dir='ltr'><strong>intrinsecus</strong></span> <span class='ocrx_word' id='word_1_130' title='bbox 2762 518 2909 574; x_wconf 89' lang='lat' dir='ltr'><strong>latet.</strong></span> <span class='ocrx_word' id='word_1_131' title='bbox 2970 517 3077 573; x_wconf 89' lang='lat' dir='ltr'><strong>Sed</strong></span> <span class='ocrx_word' id='word_1_132' title='bbox 3129 517 3534 573; x_wconf 84' lang='lat' dir='ltr'><strong>similitudinem</strong></span> <span class='ocrx_word' id='word_1_133' title='bbox 3580 514 3769 577; x_wconf 85' lang='lat' dir='ltr'><strong>habet,</strong></span> 
     </span>
    </p>
   </div>
   <div class='ocr_carea' id='block_1_20' title="bbox 2201 608 3777 680">
    <p class='ocr_par' dir='ltr' id='par_1_20' title="bbox 2201 608 3777 680">
     <span class='ocr_line' id='line_1_20' title="bbox 2201 608 3777 680; baseline -0.001 -17"><span class='ocrx_word' id='word_1_134' title='bbox 2201 609 2349 664; x_wconf 89' lang='lat' dir='ltr'><strong>intus</strong></span> <span class='ocrx_word' id='word_1_135' title='bbox 2385 611 2583 665; x_wconf 88' lang='lat' dir='ltr'><strong>veritas</strong></span> <span class='ocrx_word' id='word_1_136' title='bbox 2606 610 2783 666; x_wconf 86' lang='lat' dir='ltr'><strong>carnis</strong></span> <span class='ocrx_word' id='word_1_137' title='bbox 2810 620 2861 665; x_wconf 89' lang='lat' dir='ltr'><strong>et</strong></span> <span class='ocrx_word' id='word_1_138' title='bbox 2889 610 3166 680; x_wconf 81' lang='lat' dir='ltr'><strong>sanguinis</strong></span> <span class='ocrx_word' id='word_1_139' title='bbox 3188 619 3271 664; x_wconf 91' lang='lat' dir='ltr'><strong>est</strong></span> <span class='ocrx_word' id='word_1_140' title='bbox 3293 625 3359 663; x_wconf 86' lang='lat' dir='ltr'><strong>ex</strong></span> <span class='ocrx_word' id='word_1_141' title='bbox 3389 623 3528 678; x_wconf 88' lang='lat' dir='ltr'><strong>pane</strong></span> <span class='ocrx_word' id='word_1_142' title='bbox 3572 617 3629 660; x_wconf 83' lang='lat' dir='ltr'><strong>et</strong></span> <span class='ocrx_word' id='word_1_143' title='bbox 3651 608 3777 661; x_wconf 83' lang='lat' dir='ltr'><strong>vino</strong></span> 
     </span>
    </p>
   </div>
   <div class='ocr_carea' id='block_1_21' title="bbox 2200 698 3777 770">
    <p class='ocr_par' dir='ltr' id='par_1_21' title="bbox 2200 698 3777 770">
     <span class='ocr_line' id='line_1_21' title="bbox 2200 698 3777 770; baseline -0.003 -16"><span class='ocrx_word' id='word_1_144' title='bbox 2200 700 2409 755; x_wconf 71' lang='lat' dir='ltr'><strong>cmlesti</strong></span> <span class='ocrx_word' id='word_1_145' title='bbox 2438 701 2654 770; x_wconf 84' lang='lat' dir='ltr'><strong>opiﬁcio</strong></span> <span class='ocrx_word' id='word_1_146' title='bbox 2680 702 2934 766; x_wconf 86' lang='lat' dir='ltr'><strong>mutatis;</strong></span> <span class='ocrx_word' id='word_1_147' title='bbox 2963 700 3094 756; x_wconf 83' lang='lat' dir='ltr'><strong>foris</strong></span> <span class='ocrx_word' id='word_1_148' title='bbox 3124 700 3439 762; x_wconf 88' lang='lat' dir='ltr'><strong>similitudo,</strong></span> <span class='ocrx_word' id='word_1_149' title='bbox 3464 714 3532 753; x_wconf 89' lang='lat' dir='ltr'><strong>ne</strong></span> <span class='ocrx_word' id='word_1_150' title='bbox 3582 698 3777 752; x_wconf 82' lang='lat' dir='ltr'><strong>horror</strong></span> 
     </span>
    </p>
   </div>
   <div class='ocr_carea' id='block_1_22' title="bbox 2169 789 3772 866">
    <p class='ocr_par' dir='ltr' id='par_1_22' title="bbox 2169 789 3772 866">
     <span class='ocr_line' id='line_1_22' title="bbox 2169 789 3772 866; baseline -0.002 -22"><span class='ocrx_word' id='word_1_151' title='bbox 2169 792 2376 866; x_wconf 74' lang='lat' dir='ltr'><strong>valeat</strong></span> <span class='ocrx_word' id='word_1_152' title='bbox 2416 794 2759 849; x_wconf 83' lang='lat' dir='ltr'><strong>accedentem</strong></span> <span class='ocrx_word' id='word_1_153' title='bbox 2782 793 3111 849; x_wconf 76' lang='lat' dir='ltr'><strong>confundere</strong></span> <span class='ocrx_word' id='word_1_154' title='bbox 3147 792 3349 846; x_wconf 91' lang='lat' dir='ltr'><strong>ostensi</strong></span> <span class='ocrx_word' id='word_1_155' title='bbox 3384 790 3616 845; x_wconf 88' lang='lat' dir='ltr'><strong>cruoris.</strong></span> <span class='ocrx_word' id='word_1_156' title='bbox 3671 789 3772 842; x_wconf 87' lang='lat' dir='ltr'><strong>Sed</strong></span> 
     </span>
    </p>
   </div>
   <div class='ocr_carea' id='block_1_23' title="bbox 2199 883 3775 953">
    <p class='ocr_par' dir='ltr' id='par_1_23' title="bbox 2199 883 3775 953">
     <span class='ocr_line' id='line_1_23' title="bbox 2199 883 3775 953; baseline -0.005 -12"><span class='ocrx_word' id='word_1_157' title='bbox 2199 886 2610 941; x_wconf 84' lang='lat' dir='ltr'><strong>similitudinem</strong></span> <span class='ocrx_word' id='word_1_158' title='bbox 2639 886 2830 948; x_wconf 86' lang='lat' dir='ltr'><strong>habet,</strong></span> <span class='ocrx_word' id='word_1_159' title='bbox 2869 884 3066 953; x_wconf 74' lang='lat' dir='ltr'><strong>inquit,</strong></span> <span class='ocrx_word' id='word_1_160' title='bbox 3110 884 3197 937; x_wconf 90' lang='lat' dir='ltr'><strong>ubi</strong></span> <span class='ocrx_word' id='word_1_161' title='bbox 3232 898 3336 937; x_wconf 91' lang='lat' dir='ltr'><strong>non</strong></span> <span class='ocrx_word' id='word_1_162' title='bbox 3389 883 3559 952; x_wconf 86' lang='lat' dir='ltr'><strong>ipsam</strong></span> <span class='ocrx_word' id='word_1_163' title='bbox 3613 896 3775 951; x_wconf 84' lang='lat' dir='ltr'><strong>quam</strong></span> 
     </span>
    </p>
   </div>
   <div class='ocr_carea' id='block_1_24' title="bbox 2198 974 3771 1048">
    <p class='ocr_par' dir='ltr' id='par_1_24' title="bbox 2198 974 3771 1048">
     <span class='ocr_line' id='line_1_24' title="bbox 2198 974 3771 1048; baseline -0.004 -16"><span class='ocrx_word' id='word_1_164' title='bbox 2198 979 2349 1048; x_wconf 87' lang='lat' dir='ltr'><strong>prius</strong></span> <span class='ocrx_word' id='word_1_165' title='bbox 2385 987 2611 1034; x_wconf 81' lang='lat' dir='ltr'><strong>testatus</strong></span> <span class='ocrx_word' id='word_1_166' title='bbox 2634 986 2716 1032; x_wconf 90' lang='lat' dir='ltr'><strong>est</strong></span> <span class='ocrx_word' id='word_1_167' title='bbox 2739 977 3021 1032; x_wconf 79' lang='lat' dir='ltr'><strong>veritatem</strong></span> <span class='ocrx_word' id='word_1_168' title='bbox 3051 977 3299 1043; x_wconf 82' lang='lat' dir='ltr'><strong>denegat,</strong></span> <span class='ocrx_word' id='word_1_169' title='bbox 3332 976 3424 1028; x_wconf 86' lang='lat' dir='ltr'><strong>sed</strong></span> <span class='ocrx_word' id='word_1_170' title='bbox 3452 975 3594 1043; x_wconf 89' lang='lat' dir='ltr'><strong>quod</strong></span> <span class='ocrx_word' id='word_1_171' title='bbox 3633 974 3771 1026; x_wconf 83' lang='lat' dir='ltr'><strong>aliud</strong></span> 
     </span>
    </p>
   </div>
   <div class='ocr_carea' id='block_1_25' title="bbox 2197 1064 3773 1137">
    <p class='ocr_par' dir='ltr' id='par_1_25' title="bbox 2197 1064 3773 1137">
     <span class='ocr_line' id='line_1_25' title="bbox 2197 1064 3773 1137; baseline -0.006 -11"><span class='ocrx_word' id='word_1_172' title='bbox 2197 1071 2252 1126; x_wconf 90' lang='lat' dir='ltr'><strong>in</strong></span> <span class='ocrx_word' id='word_1_173' title='bbox 2288 1070 2517 1125; x_wconf 87' lang='lat' dir='ltr'><strong>veritate</strong></span> <span class='ocrx_word' id='word_1_174' title='bbox 2547 1070 2639 1134; x_wconf 90' lang='lat' dir='ltr'><strong>sit,</strong></span> <span class='ocrx_word' id='word_1_175' title='bbox 2672 1069 2829 1123; x_wconf 88' lang='lat' dir='ltr'><strong>aliter</strong></span> <span class='ocrx_word' id='word_1_176' title='bbox 2857 1068 3028 1123; x_wconf 92' lang='lat' dir='ltr'><strong>oculis</strong></span> <span class='ocrx_word' id='word_1_177' title='bbox 3057 1068 3304 1122; x_wconf 85' lang='lat' dir='ltr'><strong>videatur</strong></span> <span class='ocrx_word' id='word_1_178' title='bbox 3324 1065 3567 1137; x_wconf 78' lang='lat' dir='ltr'><strong>profecto</strong></span> <span class='ocrx_word' id='word_1_179' title='bbox 3597 1064 3773 1119; x_wconf 79' lang='lat' dir='ltr'><strong>decla-</strong></span> 
     </span>
    </p>
   </div>
   <div class='ocr_carea' id='block_1_26' title="bbox 2198 1156 3772 1231">
    <p class='ocr_par' dir='ltr' id='par_1_26' title="bbox 2198 1156 3772 1231">
     <span class='ocr_line' id='line_1_26' title="bbox 2198 1156 3772 1231; baseline -0.004 -16"><span class='ocrx_word' id='word_1_180' title='bbox 2198 1170 2313 1225; x_wconf 87' lang='lat' dir='ltr'><strong>rat;</strong></span> <span class='ocrx_word' id='word_1_181' title='bbox 2344 1161 2639 1216; x_wconf 87' lang='lat' dir='ltr'><strong>similitudo</strong></span> <span class='ocrx_word' id='word_1_182' title='bbox 2685 1160 2851 1231; x_wconf 76' lang='lat' dir='ltr'><strong>igitur</strong></span> <span class='ocrx_word' id='word_1_183' title='bbox 2878 1160 3145 1222; x_wconf 82' lang='lat' dir='ltr'><strong>exterior,</strong></span> <span class='ocrx_word' id='word_1_184' title='bbox 3194 1158 3412 1213; x_wconf 78' lang='lat' dir='ltr'><strong>veritati</strong></span> <span class='ocrx_word' id='word_1_185' title='bbox 3440 1173 3545 1212; x_wconf 89' lang='lat' dir='ltr'><strong>non</strong></span> <span class='ocrx_word' id='word_1_186' title='bbox 3577 1156 3772 1226; x_wconf 67' lang='lat' dir='ltr'><strong>prmju-</strong></span> 
     </span>
    </p>
   </div>
   <div class='ocr_carea' id='block_1_27' title="bbox 2197 1248 3771 1310">
    <p class='ocr_par' dir='ltr' id='par_1_27' title="bbox 2197 1248 3771 1310">
     <span class='ocr_line' id='line_1_27' title="bbox 2197 1248 3771 1310; baseline -0.004 -4"><span class='ocrx_word' id='word_1_187' title='bbox 2197 1253 2342 1307; x_wconf 87' lang='lat' dir='ltr'><strong>dicat</strong></span> <span class='ocrx_word' id='word_1_188' title='bbox 2369 1253 2631 1306; x_wconf 89' lang='lat' dir='ltr'><strong>interiori.</strong></span> <span class='ocrx_word' id='word_1_189' title='bbox 2652 1252 2962 1307; x_wconf 90' lang='lat' dir='ltr'><strong>Similitndo</strong></span> <span class='ocrx_word' id='word_1_190' title='bbox 2985 1253 3098 1306; x_wconf 77' lang='lat' dir='ltr'><strong>[nec</strong></span> <span class='ocrx_word' id='word_1_191' title='bbox 3120 1266 3224 1305; x_wconf 90' lang='lat' dir='ltr'><strong>non</strong></span> <span class='ocrx_word' id='word_1_192' title='bbox 3256 1248 3433 1305; x_wconf 78' lang='lat' dir='ltr'><strong>differt</strong></span> <span class='ocrx_word' id='word_1_193' title='bbox 3461 1249 3771 1310; x_wconf 77' lang='lat' dir='ltr'><strong>veritatem,</strong></span> 
     </span>
    </p>
   </div>
   <div class='ocr_carea' id='block_1_28' title="bbox 2196 1340 3774 1412">
    <p class='ocr_par' dir='ltr' id='par_1_28' title="bbox 2196 1340 3774 1412">
     <span class='ocr_line' id='line_1_28' title="bbox 2196 1340 3774 1412; baseline -0.003 -16"><span class='ocrx_word' id='word_1_194' title='bbox 2196 1343 2291 1396; x_wconf 87' lang='lat' dir='ltr'><strong>sed</strong></span> <span class='ocrx_word' id='word_1_195' title='bbox 2337 1352 2607 1412; x_wconf 63' lang='lat' dir='ltr'><strong>praeparat</strong></span> <span class='ocrx_word' id='word_1_196' title='bbox 2657 1343 2849 1405; x_wconf 91' lang='lat' dir='ltr'><strong>ﬁdem,</strong></span> <span class='ocrx_word' id='word_1_197' title='bbox 2914 1341 3167 1395; x_wconf 79' lang='lat' dir='ltr'><strong>informat</strong></span> <span class='ocrx_word' id='word_1_198' title='bbox 3209 1340 3617 1404; x_wconf 89' lang='lat' dir='ltr'><strong>credulitatem;</strong></span> <span class='ocrx_word' id='word_1_199' title='bbox 3672 1355 3774 1391; x_wconf 82' lang='lat' dir='ltr'><strong>non</strong></span> 
     </span>
    </p>
   </div>
   <div class='ocr_carea' id='block_1_29' title="bbox 2168 1420 3770 1499">
    <p class='ocr_par' dir='ltr' id='par_1_29' title="bbox 2168 1420 3770 1499">
     <span class='ocr_line' id='line_1_29' title="bbox 2168 1420 3770 1499; baseline -0.004 -14"><span class='ocrx_word' id='word_1_200' title='bbox 2168 1420 2175 1423; x_wconf 58' lang='grc'><em>’</em></span> <span class='ocrx_word' id='word_1_201' title='bbox 2195 1430 2390 1485; x_wconf 87' lang='lat' dir='ltr'><strong>minuit</strong></span> <span class='ocrx_word' id='word_1_202' title='bbox 2404 1432 2747 1497; x_wconf 88' lang='lat' dir='ltr'><strong>beneﬁcium,</strong></span> <span class='ocrx_word' id='word_1_203' title='bbox 2775 1431 2868 1486; x_wconf 89' lang='lat' dir='ltr'><strong>sed</strong></span> <span class='ocrx_word' id='word_1_204' title='bbox 2885 1429 3123 1485; x_wconf 89' lang='lat' dir='ltr'><strong>cumulat</strong></span> <span class='ocrx_word' id='word_1_205' title='bbox 3146 1431 3396 1484; x_wconf 89' lang='lat' dir='ltr'><strong>meritum</strong></span> <span class='ocrx_word' id='word_1_206' title='bbox 3414 1446 3430 1494; x_wconf 87' lang='lat'><strong>;</strong></span> <span class='ocrx_word' id='word_1_207' title='bbox 3447 1428 3770 1499; x_wconf 71' lang='lat' dir='ltr'><strong>mysterium</strong></span> 
     </span>
    </p>
   </div>
   <div class='ocr_carea' id='block_1_30' title="bbox 2195 1520 3773 1591">
    <p class='ocr_par' dir='ltr' id='par_1_30' title="bbox 2195 1520 3773 1591">
     <span class='ocr_line' id='line_1_30' title="bbox 2195 1520 3773 1591; baseline 0 -18"><span class='ocrx_word' id='word_1_208' title='bbox 2195 1521 2368 1587; x_wconf 80' lang='lat' dir='ltr'><strong>velat,</strong></span> <span class='ocrx_word' id='word_1_209' title='bbox 2425 1537 2533 1576; x_wconf 88' lang='lat' dir='ltr'><strong>non</strong></span> <span class='ocrx_word' id='word_1_210' title='bbox 2586 1522 2777 1576; x_wconf 84' lang='lat' dir='ltr'><strong>adimit</strong></span> <span class='ocrx_word' id='word_1_211' title='bbox 2827 1522 3095 1591; x_wconf 73' lang='lat' dir='ltr'><strong>gratiam,</strong></span> <span class='ocrx_word' id='word_1_212' title='bbox 3144 1520 3289 1575; x_wconf 81' lang='lat' dir='ltr'><strong>fovet</strong></span> <span class='ocrx_word' id='word_1_213' title='bbox 3327 1521 3674 1575; x_wconf 88' lang='lat' dir='ltr'><strong>devotionem</strong></span> <span class='ocrx_word' id='word_1_214' title='bbox 3715 1534 3773 1573; x_wconf 85' lang='lat' dir='ltr'><strong>ac</strong></span> 
     </span>
    </p>
   </div>
   <div class='ocr_carea' id='block_1_31' title="bbox 2194 1611 3771 1685">
    <p class='ocr_par' dir='ltr' id='par_1_31' title="bbox 2194 1611 3771 1685">
     <span class='ocr_line' id='line_1_31' title="bbox 2194 1611 3771 1685; baseline -0.004 -17"><span class='ocrx_word' id='word_1_215' title='bbox 2194 1618 2389 1680; x_wconf 80' lang='lat' dir='ltr'><strong>nutrit,</strong></span> <span class='ocrx_word' id='word_1_216' title='bbox 2440 1615 2704 1669; x_wconf 89' lang='lat' dir='ltr'><strong>rationem</strong></span> <span class='ocrx_word' id='word_1_217' title='bbox 2758 1615 2898 1685; x_wconf 83' lang='lat' dir='ltr'><strong>piam</strong></span> <span class='ocrx_word' id='word_1_218' title='bbox 2950 1630 3057 1668; x_wconf 89' lang='lat' dir='ltr'><strong>non</strong></span> <span class='ocrx_word' id='word_1_219' title='bbox 3103 1611 3349 1682; x_wconf 89' lang='lat' dir='ltr'><strong>impedit,</strong></span> <span class='ocrx_word' id='word_1_220' title='bbox 3410 1611 3771 1665; x_wconf 86' lang='lat' dir='ltr'><strong>temeritatem</strong></span> 
     </span>
    </p>
   </div>
   <div class='ocr_carea' id='block_1_32' title="bbox 2195 1702 3781 1775">
    <p class='ocr_par' dir='ltr' id='par_1_32' title="bbox 2195 1702 3781 1775">
     <span class='ocr_line' id='line_1_32' title="bbox 2195 1702 3781 1775; baseline -0.003 -16"><span class='ocrx_word' id='word_1_221' title='bbox 2195 1715 2377 1771; x_wconf 87' lang='lat' dir='ltr'><strong>arcet,</strong></span> <span class='ocrx_word' id='word_1_222' title='bbox 2434 1707 2705 1775; x_wconf 82' lang='lat' dir='ltr'><strong>negotium</strong></span> <span class='ocrx_word' id='word_1_223' title='bbox 2761 1706 2953 1761; x_wconf 83' lang='lat' dir='ltr'><strong>salutis</strong></span> <span class='ocrx_word' id='word_1_224' title='bbox 2993 1716 3249 1771; x_wconf 73' lang='lat' dir='ltr'><strong>exercet;</strong></span> <span class='ocrx_word' id='word_1_225' title='bbox 3303 1705 3421 1759; x_wconf 83' lang='lat' dir='ltr'><strong>haec</strong></span> <span class='ocrx_word' id='word_1_226' title='bbox 3477 1702 3781 1759; x_wconf 77' lang='lat' dir='ltr'><strong>similitudo</strong></span> 
     </span>
    </p>
   </div>
   <div class='ocr_carea' id='block_1_33' title="bbox 516 1789 3775 1869">
    <p class='ocr_par' dir='ltr' id='par_1_33' title="bbox 516 1789 3775 1869">
     <span class='ocr_line' id='line_1_33' title="bbox 516 1789 3775 1869; baseline -0.001 -23"><span class='ocrx_word' id='word_1_227' title='bbox 516 1794 647 1848; x_wconf 88' lang='lat' dir='ltr'><strong>mini</strong></span> <span class='ocrx_word' id='word_1_228' title='bbox 696 1796 1023 1851; x_wconf 82' lang='lat' dir='ltr'><strong>sententiam</strong></span> <span class='ocrx_word' id='word_1_229' title='bbox 1087 1812 1153 1852; x_wconf 83' lang='lat' dir='ltr'><strong>ex</strong></span> <span class='ocrx_word' id='word_1_230' title='bbox 1209 1798 1388 1853; x_wconf 77' lang='lat' dir='ltr'><strong>verbis</strong></span> <span class='ocrx_word' id='word_1_231' title='bbox 1439 1798 1717 1869; x_wconf 87' lang='lat' dir='ltr'><strong>discipuli,</strong></span> <span class='ocrx_word' id='word_1_232' title='bbox 1766 1800 1861 1854; x_wconf 89' lang='lat' dir='ltr'><strong>sed</strong></span> <span class='ocrx_word' id='word_1_233' title='bbox 1914 1800 2091 1869; x_wconf 86' lang='lat' dir='ltr'><strong>potius</strong></span> <span class='ocrx_word' id='word_1_234' title='bbox 2121 1789 2166 1849; x_wconf 88' lang='grc' dir='ltr'><strong>Β</strong></span> <span class='ocrx_word' id='word_1_235' title='bbox 2194 1796 2421 1850; x_wconf 90' lang='lat' dir='ltr'><strong>attrahit</strong></span> <span class='ocrx_word' id='word_1_236' title='bbox 2454 1805 2505 1850; x_wconf 91' lang='lat' dir='ltr'><strong>te</strong></span> <span class='ocrx_word' id='word_1_237' title='bbox 2530 1811 2593 1850; x_wconf 86' lang='lat' dir='ltr'><strong>ac</strong></span> <span class='ocrx_word' id='word_1_238' title='bbox 2620 1795 2840 1860; x_wconf 86' lang='lat' dir='ltr'><strong>retinet,</strong></span> <span class='ocrx_word' id='word_1_239' title='bbox 2872 1804 2932 1850; x_wconf 91' lang='lat' dir='ltr'><strong>ut</strong></span> <span class='ocrx_word' id='word_1_240' title='bbox 2962 1795 3162 1850; x_wconf 87' lang='lat' dir='ltr'><strong>veritas</strong></span> <span class='ocrx_word' id='word_1_241' title='bbox 3190 1802 3241 1848; x_wconf 88' lang='lat' dir='ltr'><strong>te</strong></span> <span class='ocrx_word' id='word_1_242' title='bbox 3290 1801 3501 1849; x_wconf 88' lang='lat' dir='ltr'><strong>recreet</strong></span> <span class='ocrx_word' id='word_1_243' title='bbox 3542 1806 3610 1846; x_wconf 88' lang='lat' dir='ltr'><strong>ac</strong></span> <span class='ocrx_word' id='word_1_244' title='bbox 3656 1806 3775 1860; x_wconf 85' lang='lat' dir='ltr'><strong>pro-</strong></span> 
     </span>
    </p>
   </div>
   <div class='ocr_carea' id='block_1_34' title="bbox 517 1886 2090 1959">
    <p class='ocr_par' dir='ltr' id='par_1_34' title="bbox 517 1886 2090 1959">
     <span class='ocr_line' id='line_1_34' title="bbox 517 1886 2090 1959; baseline 0.004 -21"><span class='ocrx_word' id='word_1_245' title='bbox 517 1886 763 1955; x_wconf 85' lang='lat' dir='ltr'><strong>discipuli</strong></span> <span class='ocrx_word' id='word_1_246' title='bbox 812 1886 953 1940; x_wconf 91' lang='lat' dir='ltr'><strong>dicta</strong></span> <span class='ocrx_word' id='word_1_247' title='bbox 999 1902 1063 1940; x_wconf 84' lang='lat' dir='ltr'><strong>ex</strong></span> <span class='ocrx_word' id='word_1_248' title='bbox 1109 1887 1351 1959; x_wconf 81' lang='lat' dir='ltr'><strong>Magistri</strong></span> <span class='ocrx_word' id='word_1_249' title='bbox 1382 1890 1669 1944; x_wconf 85' lang='lat' dir='ltr'><strong>metiamur</strong></span> <span class='ocrx_word' id='word_1_250' title='bbox 1695 1890 1967 1955; x_wconf 89' lang='lat' dir='ltr'><strong>doctrina,</strong></span> <span class='ocrx_word' id='word_1_251' title='bbox 2005 1891 2090 1945; x_wconf 86' lang='lat' dir='ltr'><strong>eui</strong></span> 
     </span>
    </p>
   </div>
   <div class='ocr_carea' id='block_1_35' title="bbox 516 1975 2092 2050">
    <p class='ocr_par' dir='ltr' id='par_1_35' title="bbox 516 1975 2092 2050">
     <span class='ocr_line' id='line_1_35' title="bbox 516 1975 2092 2050; baseline 0.004 -22"><span class='ocrx_word' id='word_1_252' title='bbox 516 1975 771 2044; x_wconf 82' lang='lat' dir='ltr'><strong>nimirum</strong></span> <span class='ocrx_word' id='word_1_253' title='bbox 823 1978 1098 2047; x_wconf 83' lang='lat' dir='ltr'><strong>contraria</strong></span> <span class='ocrx_word' id='word_1_254' title='bbox 1149 1980 1354 2033; x_wconf 89' lang='lat' dir='ltr'><strong>sentire</strong></span> <span class='ocrx_word' id='word_1_255' title='bbox 1400 1995 1507 2034; x_wconf 89' lang='lat' dir='ltr'><strong>non</strong></span> <span class='ocrx_word' id='word_1_256' title='bbox 1556 1980 1750 2050; x_wconf 89' lang='lat' dir='ltr'><strong>potuit,</strong></span> <span class='ocrx_word' id='word_1_257' title='bbox 1792 1982 1837 2035; x_wconf 86' lang='lat' dir='ltr'><strong>si</strong></span> <span class='ocrx_word' id='word_1_258' title='bbox 1874 1982 2092 2050; x_wconf 90' lang='lat' dir='ltr'><strong>quidem</strong></span> 
     </span>
    </p>
   </div>
   <div class='ocr_carea' id='block_1_36' title="bbox 482 2069 2090 2142">
    <p class='ocr_par' dir='ltr' id='par_1_36' title="bbox 482 2069 2090 2142">
     <span class='ocr_line' id='line_1_36' title="bbox 482 2069 2090 2142; baseline 0.004 -19"><span class='ocrx_word' id='word_1_259' title='bbox 482 2069 812 2140; x_wconf 86' lang='lat' dir='ltr'><strong>.discipulus</strong></span> <span class='ocrx_word' id='word_1_260' title='bbox 847 2071 1092 2136; x_wconf 86' lang='lat' dir='ltr'><strong>veritatis</strong></span> <span class='ocrx_word' id='word_1_261' title='bbox 1117 2071 1238 2126; x_wconf 81' lang='lat' dir='ltr'><strong>fuit.</strong></span> <span class='ocrx_word' id='word_1_262' title='bbox 1274 2072 1385 2128; x_wconf 88' lang='lat' dir='ltr'><strong>Sed</strong></span> <span class='ocrx_word' id='word_1_263' title='bbox 1402 2072 1515 2142; x_wconf 72' lang='lat' dir='ltr'><strong>jam</strong></span> <span class='ocrx_word' id='word_1_264' title='bbox 1545 2075 1809 2129; x_wconf 87' lang='lat' dir='ltr'><strong>attentius</strong></span> <span class='ocrx_word' id='word_1_265' title='bbox 1839 2075 2090 2129; x_wconf 80' lang='lat' dir='ltr'><strong>conside-</strong></span> 
     </span>
    </p>
   </div>
   <div class='ocr_carea' id='block_1_37' title="bbox 515 2163 2093 2243">
    <p class='ocr_par' dir='ltr' id='par_1_37' title="bbox 515 2163 2093 2243">
     <span class='ocr_line' id='line_1_37' title="bbox 515 2163 2093 2243; baseline 0.005 -29"><span class='ocrx_word' id='word_1_266' title='bbox 515 2163 740 2216; x_wconf 85' lang='lat' dir='ltr'><strong>randum</strong></span> <span class='ocrx_word' id='word_1_267' title='bbox 772 2164 1044 2243; x_wconf 83' lang='lat' dir='ltr'><strong>quomodo</strong></span> <span class='ocrx_word' id='word_1_268' title='bbox 1078 2165 1160 2219; x_wconf 87' lang='lat' dir='ltr'><strong>vir</strong></span> <span class='ocrx_word' id='word_1_269' title='bbox 1188 2174 1388 2231; x_wconf 91' lang='lat' dir='ltr'><strong>tantus,</strong></span> <span class='ocrx_word' id='word_1_270' title='bbox 1421 2166 1513 2235; x_wconf 89' lang='lat' dir='ltr'><strong>qui</strong></span> <span class='ocrx_word' id='word_1_271' title='bbox 1554 2168 1608 2220; x_wconf 94' lang='lat' dir='ltr'><strong>in</strong></span> <span class='ocrx_word' id='word_1_272' title='bbox 1634 2166 1782 2221; x_wconf 91' lang='lat' dir='ltr'><strong>litem</strong></span> <span class='ocrx_word' id='word_1_273' title='bbox 1814 2168 1880 2222; x_wconf 88' lang='lat' dir='ltr'><strong>ab</strong></span> <span class='ocrx_word' id='word_1_274' title='bbox 1904 2167 2093 2222; x_wconf 82' lang='lat' dir='ltr'><strong>inlide-</strong></span> 
     </span>
    </p>
   </div>
   <div class='ocr_carea' id='block_1_38' title="bbox 510 2253 2092 2331">
    <p class='ocr_par' dir='ltr' id='par_1_38' title="bbox 510 2253 2092 2331">
     <span class='ocr_line' id='line_1_38' title="bbox 510 2253 2092 2331; baseline 0.004 -24"><span class='ocrx_word' id='word_1_275' title='bbox 510 2253 653 2309; x_wconf 88' lang='lat' dir='ltr'><strong>libus</strong></span> <span class='ocrx_word' id='word_1_276' title='bbox 688 2265 934 2321; x_wconf 84' lang='lat' dir='ltr'><strong>vocatur,</strong></span> <span class='ocrx_word' id='word_1_277' title='bbox 965 2273 992 2310; x_wconf 88' lang='lat' dir='ltr'><strong>a</strong></span> <span class='ocrx_word' id='word_1_278' title='bbox 1022 2272 1122 2311; x_wconf 89' lang='lat' dir='ltr'><strong>suo</strong></span> <span class='ocrx_word' id='word_1_279' title='bbox 1168 2268 1393 2314; x_wconf 91' lang='lat' dir='ltr'><strong>auctore</strong></span> <span class='ocrx_word' id='word_1_280' title='bbox 1434 2258 1663 2314; x_wconf 91' lang='lat' dir='ltr'><strong>Domino</strong></span> <span class='ocrx_word' id='word_1_281' title='bbox 1695 2271 1884 2315; x_wconf 91' lang='lat' dir='ltr'><strong>nostro</strong></span> <span class='ocrx_word' id='word_1_282' title='bbox 1925 2261 2092 2331; x_wconf 80' lang='lat' dir='ltr'><strong>magi-</strong></span> 
     </span>
    </p>
   </div>
   <div class='ocr_carea' id='block_1_39' title="bbox 513 2347 2091 2417">
    <p class='ocr_par' dir='ltr' id='par_1_39' title="bbox 513 2347 2091 2417">
     <span class='ocr_line' id='line_1_39' title="bbox 513 2347 2091 2417; baseline 0.003 -18"><span class='ocrx_word' id='word_1_283' title='bbox 513 2354 628 2400; x_wconf 82' lang='lat' dir='ltr'><strong>stro</strong></span> <span class='ocrx_word' id='word_1_284' title='bbox 648 2347 901 2417; x_wconf 81' lang='lat' dir='ltr'><strong>veritatis</strong></span> <span class='ocrx_word' id='word_1_285' title='bbox 927 2364 1032 2402; x_wconf 78' lang='lat' dir='ltr'><strong>non</strong></span> <span class='ocrx_word' id='word_1_286' title='bbox 1057 2349 1361 2414; x_wconf 88' lang='lat' dir='ltr'><strong>dissentiat,</strong></span> <span class='ocrx_word' id='word_1_287' title='bbox 1388 2349 1496 2403; x_wconf 92' lang='lat' dir='ltr'><strong>imo</strong></span> <span class='ocrx_word' id='word_1_288' title='bbox 1520 2350 1573 2403; x_wconf 91' lang='lat' dir='ltr'><strong>in</strong></span> <span class='ocrx_word' id='word_1_289' title='bbox 1597 2349 1847 2404; x_wconf 90' lang='lat' dir='ltr'><strong>omnibus</strong></span> <span class='ocrx_word' id='word_1_290' title='bbox 1862 2364 2091 2404; x_wconf 88' lang='lat' dir='ltr'><strong>concors</strong></span> 
     </span>
    </p>
   </div>
   <div class='ocr_carea' id='block_1_40' title="bbox 476 2436 2092 2513">
    <p class='ocr_par' dir='ltr' id='par_1_40' title="bbox 476 2436 2092 2513">
     <span class='ocr_line' id='line_1_40' title="bbox 476 2436 2092 2513; baseline 0.004 -24"><span class='ocrx_word' id='word_1_291' title='bbox 476 2496 479 2499; x_wconf 96' lang='lat'><em>_</em></span> <span class='ocrx_word' id='word_1_292' title='bbox 510 2436 856 2513; x_wconf 71' lang='lat' dir='ltr'><strong>existat‘.Qui</strong></span> <span class='ocrx_word' id='word_1_293' title='bbox 885 2439 1046 2508; x_wconf 86' lang='lat' dir='ltr'><strong>paulo</strong></span> <span class='ocrx_word' id='word_1_294' title='bbox 1078 2439 1327 2509; x_wconf 89' lang='lat' dir='ltr'><strong>superius</strong></span> <span class='ocrx_word' id='word_1_295' title='bbox 1368 2440 1482 2494; x_wconf 86' lang='lat' dir='ltr'><strong>ait:</strong></span> <span class='ocrx_word' id='word_1_296' title='bbox 1515 2458 1532 2491; x_wconf 70' lang='grc' dir='ltr'>ς</span> <span class='ocrx_word' id='word_1_297' title='bbox 1568 2439 1808 2495; x_wconf 90' lang='lat' dir='ltr'><strong>Didicisti</strong></span> <span class='ocrx_word' id='word_1_298' title='bbox 1839 2447 1897 2493; x_wconf 93' lang='lat' dir='ltr'><strong>ut</strong></span> <span class='ocrx_word' id='word_1_299' title='bbox 1937 2440 2092 2510; x_wconf 89' lang='lat' dir='ltr'><strong>panis</strong></span> 
     </span>
    </p>
   </div>
   <div class='ocr_carea' id='block_1_41' title="bbox 510 2525 2092 2607">
    <p class='ocr_par' dir='ltr' id='par_1_41' title="bbox 510 2525 2092 2607">
     <span class='ocr_line' id='line_1_41' title="bbox 510 2525 2092 2607; baseline 0.004 -28"><span class='ocrx_word' id='word_1_300' title='bbox 510 2540 709 2607; x_wconf 88' lang='lat' dir='ltr'><strong>corpus</strong></span> <span class='ocrx_word' id='word_1_301' title='bbox 749 2525 953 2597; x_wconf 37' lang='lat' dir='ltr'><strong>,Christi</strong></span> <span class='ocrx_word' id='word_1_302' title='bbox 993 2528 1073 2593; x_wconf 91' lang='lat' dir='ltr'><strong>ﬁt,</strong></span> <span class='ocrx_word' id='word_1_303' title='bbox 1123 2537 1173 2583; x_wconf 89' lang='lat' dir='ltr'><strong>et</strong></span> <span class='ocrx_word' id='word_1_304' title='bbox 1211 2530 1391 2584; x_wconf 87' lang='lat' dir='ltr'><strong>vinum</strong></span> <span class='ocrx_word' id='word_1_305' title='bbox 1422 2531 1475 2584; x_wconf 90' lang='lat' dir='ltr'><strong>in</strong></span> <span class='ocrx_word' id='word_1_306' title='bbox 1505 2529 1675 2586; x_wconf 80' lang='lat' dir='ltr'><strong>calice</strong></span> <span class='ocrx_word' id='word_1_307' title='bbox 1712 2529 1966 2595; x_wconf 89' lang='lat' dir='ltr'><strong>mittitur,</strong></span> <span class='ocrx_word' id='word_1_308' title='bbox 1996 2530 2092 2586; x_wconf 89' lang='lat' dir='ltr'><strong>sed</strong></span> 
     </span>
    </p>
   </div>
   <div class='ocr_carea' id='block_1_42' title="bbox 512 2617 2090 2688">
    <p class='ocr_par' dir='ltr' id='par_1_42' title="bbox 512 2617 2090 2688">
     <span class='ocr_line' id='line_1_42' title="bbox 512 2617 2090 2688; baseline 0.005 -19"><span class='ocrx_word' id='word_1_309' title='bbox 512 2617 574 2670; x_wconf 89' lang='lat' dir='ltr'><strong>ﬁt</strong></span> <span class='ocrx_word' id='word_1_310' title='bbox 617 2618 840 2688; x_wconf 76' lang='lat' dir='ltr'><strong>sanguis</strong></span> <span class='ocrx_word' id='word_1_311' title='bbox 866 2622 1278 2677; x_wconf 88' lang='lat' dir='ltr'><strong>consecratione</strong></span> <span class='ocrx_word' id='word_1_312' title='bbox 1332 2622 1562 2677; x_wconf 67' lang='lat' dir='ltr'><strong>caelesti.</strong></span> <span class='ocrx_word' id='word_1_313' title='bbox 1593 2643 1612 2675; x_wconf 75' lang='grc' dir='ltr'><strong><em>ι</em></strong></span> <span class='ocrx_word' id='word_1_314' title='bbox 1646 2622 1745 2679; x_wconf 89' lang='lat' dir='ltr'><strong>llic</strong></span> <span class='ocrx_word' id='word_1_315' title='bbox 1786 2638 1918 2679; x_wconf 85' lang='lat' dir='ltr'><strong>sane</strong></span> <span class='ocrx_word' id='word_1_316' title='bbox 1956 2623 2090 2679; x_wconf 88' lang='lat' dir='ltr'><strong>nihil</strong></span> 
     </span>
    </p>
   </div>
   <div class='ocr_carea' id='block_1_43' title="bbox 472 2707 2088 2784">
    <p class='ocr_par' dir='ltr' id='par_1_43' title="bbox 472 2707 2088 2784">
     <span class='ocr_line' id='line_1_43' title="bbox 472 2707 2088 2784; baseline 0.007 -25"><span class='ocrx_word' id='word_1_317' title='bbox 472 2746 475 2753; x_wconf 95' lang='lat'><strong>.</strong></span> <span class='ocrx_word' id='word_1_318' title='bbox 509 2718 596 2760; x_wconf 89' lang='lat' dir='ltr'><strong>est</strong></span> <span class='ocrx_word' id='word_1_319' title='bbox 629 2707 997 2778; x_wconf 66' lang='lat' dir='ltr'><strong>dissonantim,</strong></span> <span class='ocrx_word' id='word_1_320' title='bbox 1030 2712 1162 2765; x_wconf 90' lang='lat' dir='ltr'><strong>nihil</strong></span> <span class='ocrx_word' id='word_1_321' title='bbox 1204 2728 1425 2782; x_wconf 86' lang='lat' dir='ltr'><strong>prorsus</strong></span> <span class='ocrx_word' id='word_1_322' title='bbox 1452 2714 1594 2783; x_wconf 86' lang='lat' dir='ltr'><strong>quod</strong></span> <span class='ocrx_word' id='word_1_323' title='bbox 1639 2715 1909 2784; x_wconf 91' lang='lat' dir='ltr'><strong>discrepet</strong></span> <span class='ocrx_word' id='word_1_324' title='bbox 1938 2731 1968 2768; x_wconf 90' lang='lat' dir='ltr'><strong>a</strong></span> <span class='ocrx_word' id='word_1_325' title='bbox 2001 2729 2088 2769; x_wconf 86' lang='lat' dir='ltr'><strong>re-</strong></span> 
     </span>
    </p>
   </div>
   <div class='ocr_carea' id='block_1_44' title="bbox 510 2797 2090 2879">
    <p class='ocr_par' dir='ltr' id='par_1_44' title="bbox 510 2797 2090 2879">
     <span class='ocr_line' id='line_1_44' title="bbox 510 2797 2090 2879; baseline 0.007 -31"><span class='ocrx_word' id='word_1_326' title='bbox 510 2797 635 2865; x_wconf 74' lang='lat' dir='ltr'><strong>gula</strong></span> <span class='ocrx_word' id='word_1_327' title='bbox 664 2800 1271 2879; x_wconf 22' lang='lat' dir='ltr'><strong>lveritatiscatlroliue,</strong></span> <span class='ocrx_word' id='word_1_328' title='bbox 1306 2805 1440 2858; x_wconf 92' lang='lat' dir='ltr'><strong>nihil</strong></span> <span class='ocrx_word' id='word_1_329' title='bbox 1471 2805 1692 2860; x_wconf 87' lang='lat' dir='ltr'><strong>omnino</strong></span> <span class='ocrx_word' id='word_1_330' title='bbox 1739 2809 1883 2874; x_wconf 86' lang='lat' dir='ltr'><strong>quod</strong></span> <span class='ocrx_word' id='word_1_331' title='bbox 1912 2806 2090 2859; x_wconf 86' lang='lat' dir='ltr'><strong>verbis</strong></span> 
     </span>
    </p>
   </div>
   <div class='ocr_carea' id='block_1_45' title="bbox 514 2887 2089 2965">
    <p class='ocr_par' dir='ltr' id='par_1_45' title="bbox 514 2887 2089 2965">
     <span class='ocr_line' id='line_1_45' title="bbox 514 2887 2089 2965; baseline 0.007 -25"><span class='ocrx_word' id='word_1_332' title='bbox 514 2887 1126 2962; x_wconf 70' lang='lat' dir='ltr'><strong>Dominicazrepngnet</strong></span> <span class='ocrx_word' id='word_1_333' title='bbox 1164 2894 1468 2949; x_wconf 61' lang='lat' dir='ltr'><strong>sententiae.</strong></span> <span class='ocrx_word' id='word_1_334' title='bbox 1524 2895 1649 2949; x_wconf 80' lang='lat' dir='ltr'><strong>Haec</strong></span> <span class='ocrx_word' id='word_1_335' title='bbox 1700 2896 1862 2950; x_wconf 89' lang='lat' dir='ltr'><strong>verba</strong></span> <span class='ocrx_word' id='word_1_336' title='bbox 1911 2897 2089 2965; x_wconf 78' lang='lat' dir='ltr'><strong>potius</strong></span> 
     </span>
    </p>
   </div>
   <div class='ocr_carea' id='block_1_46' title="bbox 513 2979 2085 3055">
    <p class='ocr_par' dir='ltr' id='par_1_46' title="bbox 513 2979 2085 3055">
     <span class='ocr_line' id='line_1_46' title="bbox 513 2979 2085 3055; baseline 0.005 -24"><span class='ocrx_word' id='word_1_337' title='bbox 513 2979 797 3034; x_wconf 86' lang='lat' dir='ltr'><strong>Dominica</strong></span> <span class='ocrx_word' id='word_1_338' title='bbox 825 2983 1096 3052; x_wconf 86' lang='lat' dir='ltr'><strong>quomodo</strong></span> <span class='ocrx_word' id='word_1_339' title='bbox 1126 2985 1443 3055; x_wconf 88' lang='lat' dir='ltr'><strong>accipienda</strong></span> <span class='ocrx_word' id='word_1_340' title='bbox 1464 2986 1594 3053; x_wconf 90' lang='lat' dir='ltr'><strong>sint,</strong></span> <span class='ocrx_word' id='word_1_341' title='bbox 1623 2986 1766 3041; x_wconf 86' lang='lat' dir='ltr'><strong>dicta</strong></span> <span class='ocrx_word' id='word_1_342' title='bbox 1791 2987 2085 3041; x_wconf 88' lang='lat' dir='ltr'><strong>declarant.</strong></span> 
     </span>
    </p>
   </div>
   <div class='ocr_carea' id='block_1_47' title="bbox 470 3069 2089 3143">
    <p class='ocr_par' dir='ltr' id='par_1_47' title="bbox 470 3069 2089 3143">
     <span class='ocr_line' id='line_1_47' title="bbox 470 3069 2089 3143; baseline 0.006 -22"><span class='ocrx_word' id='word_1_343' title='bbox 470 3140 473 3143; x_wconf 12' lang='grc' dir='ltr'>δ</span> <span class='ocrx_word' id='word_1_344' title='bbox 511 3069 774 3143; x_wconf 82' lang='lat' dir='ltr'><strong>Dominus</strong></span> <span class='ocrx_word' id='word_1_345' title='bbox 809 3072 955 3128; x_wconf 88' lang='lat' dir='ltr'><strong>enitn</strong></span> <span class='ocrx_word' id='word_1_346' title='bbox 998 3074 1117 3128; x_wconf 85' lang='lat' dir='ltr'><strong>ait:</strong></span> <span class='ocrx_word' id='word_1_347' title='bbox 1154 3074 1269 3129; x_wconf 79' lang='lat' dir='ltr'><strong>Hoc</strong></span> <span class='ocrx_word' id='word_1_348' title='bbox 1293 3086 1367 3129; x_wconf 84' lang='lat' dir='ltr'><strong>est</strong></span> <span class='ocrx_word' id='word_1_349' title='bbox 1394 3093 1583 3143; x_wconf 82' lang='lat' dir='ltr'><strong>corpus</strong></span> <span class='ocrx_word' id='word_1_350' title='bbox 1626 3094 1828 3143; x_wconf 84' lang='lat' dir='ltr'><strong>meum;</strong></span> <span class='ocrx_word' id='word_1_351' title='bbox 1857 3079 2089 3131; x_wconf 80' lang='lat' dir='ltr'><strong>Ambro-</strong></span> 
     </span>
    </p>
   </div>
   <div class='ocr_carea' id='block_1_48' title="bbox 512 3160 2088 3236">
    <p class='ocr_par' dir='ltr' id='par_1_48' title="bbox 512 3160 2088 3236">
     <span class='ocr_line' id='line_1_48' title="bbox 512 3160 2088 3236; baseline 0.005 -23"><span class='ocrx_word' id='word_1_352' title='bbox 512 3160 626 3215; x_wconf 84' lang='lat' dir='ltr'><strong>sius</strong></span> <span class='ocrx_word' id='word_1_353' title='bbox 648 3177 752 3231; x_wconf 86' lang='lat' dir='ltr'><strong>qua</strong></span> <span class='ocrx_word' id='word_1_354' title='bbox 776 3164 987 3219; x_wconf 85' lang='lat' dir='ltr'><strong>ratione</strong></span> <span class='ocrx_word' id='word_1_355' title='bbox 1010 3165 1062 3219; x_wconf 93' lang='lat' dir='ltr'><strong>id</strong></span> <span class='ocrx_word' id='word_1_356' title='bbox 1092 3164 1266 3221; x_wconf 84' lang='lat' dir='ltr'><strong>valeat</strong></span> <span class='ocrx_word' id='word_1_357' title='bbox 1298 3167 1415 3221; x_wconf 87' lang='lat' dir='ltr'><strong>ﬁeri</strong></span> <span class='ocrx_word' id='word_1_358' title='bbox 1445 3166 1680 3221; x_wconf 84' lang='lat' dir='ltr'><strong>lucidius</strong></span> <span class='ocrx_word' id='word_1_359' title='bbox 1700 3168 1944 3236; x_wconf 75' lang='lat' dir='ltr'><strong>exponit,</strong></span> <span class='ocrx_word' id='word_1_360' title='bbox 1963 3169 2088 3221; x_wconf 84' lang='lat' dir='ltr'><strong>dum</strong></span> 
     </span>
    </p>
   </div>
   <div class='ocr_carea' id='block_1_49' title="bbox 512 3253 2088 3330">
    <p class='ocr_par' dir='ltr' id='par_1_49' title="bbox 512 3253 2088 3330">
     <span class='ocr_line' id='line_1_49' title="bbox 512 3253 2088 3330; baseline 0.006 -25"><span class='ocrx_word' id='word_1_361' title='bbox 512 3253 816 3311; x_wconf 82' lang='lat' dir='ltr'><strong>mutatione</strong></span> <span class='ocrx_word' id='word_1_362' title='bbox 841 3257 995 3326; x_wconf 89' lang='lat' dir='ltr'><strong>panis</strong></span> <span class='ocrx_word' id='word_1_363' title='bbox 1021 3273 1085 3313; x_wconf 85' lang='lat' dir='ltr'><strong>ac</strong></span> <span class='ocrx_word' id='word_1_364' title='bbox 1110 3258 1225 3313; x_wconf 87' lang='lat' dir='ltr'><strong>vini</strong></span> <span class='ocrx_word' id='word_1_365' title='bbox 1245 3258 1445 3314; x_wconf 85' lang='lat' dir='ltr'><strong>Christi</strong></span> <span class='ocrx_word' id='word_1_366' title='bbox 1473 3275 1669 3328; x_wconf 84' lang='lat' dir='ltr'><strong>corpus</strong></span> <span class='ocrx_word' id='word_1_367' title='bbox 1691 3270 1745 3315; x_wconf 92' lang='lat' dir='ltr'><strong>et</strong></span> <span class='ocrx_word' id='word_1_368' title='bbox 1771 3261 2088 3330; x_wconf 81' lang='lat' dir='ltr'><strong>sanguinem</strong></span> 
     </span>
    </p>
   </div>
   <div class='ocr_carea' id='block_1_50' title="bbox 510 3347 2090 3421">
    <p class='ocr_par' dir='ltr' id='par_1_50' title="bbox 510 3347 2090 3421">
     <span class='ocr_line' id='line_1_50' title="bbox 510 3347 2090 3421; baseline 0.004 -21"><span class='ocrx_word' id='word_1_369' title='bbox 510 3347 722 3402; x_wconf 63' lang='lat' dir='ltr'><strong>caelesti</strong></span> <span class='ocrx_word' id='word_1_370' title='bbox 778 3357 1011 3405; x_wconf 82' lang='lat' dir='ltr'><strong>testatur</strong></span> <span class='ocrx_word' id='word_1_371' title='bbox 1067 3351 1447 3408; x_wconf 87' lang='lat' dir='ltr'><strong>benedictione</strong></span> <span class='ocrx_word' id='word_1_372' title='bbox 1477 3353 1648 3418; x_wconf 86' lang='lat' dir='ltr'><strong>etlici;</strong></span> <span class='ocrx_word' id='word_1_373' title='bbox 1695 3354 1785 3421; x_wconf 82' lang='lat' dir='ltr'><strong>qui</strong></span> <span class='ocrx_word' id='word_1_374' title='bbox 1844 3352 1890 3406; x_wconf 86' lang='lat' dir='ltr'><strong>si</strong></span> <span class='ocrx_word' id='word_1_375' title='bbox 1949 3352 2090 3407; x_wconf 88' lang='lat' dir='ltr'><strong>hanc</strong></span> 
     </span>
    </p>
   </div>
   <div class='ocr_carea' id='block_1_51' title="bbox 509 3428 2088 3513">
    <p class='ocr_par' dir='ltr' id='par_1_51' title="bbox 509 3428 2088 3513">
     <span class='ocr_line' id='line_1_51' title="bbox 509 3428 2088 3513; baseline 0.004 -22"><span class='ocrx_word' id='word_1_376' title='bbox 509 3454 666 3493; x_wconf 88' lang='lat' dir='ltr'><strong>suam</strong></span> <span class='ocrx_word' id='word_1_377' title='bbox 707 3448 816 3501; x_wconf 88' lang='lat' dir='ltr'><strong>tam</strong></span> <span class='ocrx_word' id='word_1_378' title='bbox 846 3428 1192 3512; x_wconf 86' lang='lat' dir='ltr'><strong>perspicuam</strong></span> <span class='ocrx_word' id='word_1_379' title='bbox 1235 3443 1302 3498; x_wconf 91' lang='lat' dir='ltr'><strong>de</strong></span> <span class='ocrx_word' id='word_1_380' title='bbox 1332 3444 1561 3498; x_wconf 83' lang='lat' dir='ltr'><strong>veritate</strong></span> <span class='ocrx_word' id='word_1_381' title='bbox 1609 3444 1875 3499; x_wconf 85' lang='lat' dir='ltr'><strong>Dominici</strong></span> <span class='ocrx_word' id='word_1_382' title='bbox 1903 3458 2088 3513; x_wconf 86' lang='lat' dir='ltr'><strong>corpo-</strong></span> 
     </span>
    </p>
   </div>
   <div class='ocr_carea' id='block_1_52' title="bbox 511 3530 2089 3605">
    <p class='ocr_par' dir='ltr' id='par_1_52' title="bbox 511 3530 2089 3605">
     <span class='ocr_line' id='line_1_52' title="bbox 511 3530 2089 3605; baseline 0.004 -23"><span class='ocrx_word' id='word_1_383' title='bbox 511 3530 587 3583; x_wconf 88' lang='lat' dir='ltr'><strong>ris</strong></span> <span class='ocrx_word' id='word_1_384' title='bbox 615 3540 672 3585; x_wconf 92' lang='lat' dir='ltr'><strong>et</strong></span> <span class='ocrx_word' id='word_1_385' title='bbox 696 3533 978 3600; x_wconf 83' lang='lat' dir='ltr'><strong>sanguinis</strong></span> <span class='ocrx_word' id='word_1_386' title='bbox 1008 3536 1331 3589; x_wconf 90' lang='lat' dir='ltr'><strong>sententiam</strong></span> <span class='ocrx_word' id='word_1_387' title='bbox 1362 3535 1415 3587; x_wconf 92' lang='lat' dir='ltr'><strong>in</strong></span> <span class='ocrx_word' id='word_1_388' title='bbox 1439 3536 1629 3589; x_wconf 79' lang='lat' dir='ltr'><strong>eodem</strong></span> <span class='ocrx_word' id='word_1_389' title='bbox 1659 3549 1797 3605; x_wconf 88' lang='lat' dir='ltr'><strong>pene</strong></span> <span class='ocrx_word' id='word_1_390' title='bbox 1822 3533 2089 3589; x_wconf 88' lang='lat' dir='ltr'><strong>versiculo</strong></span> 
     </span>
    </p>
   </div>
   <div class='ocr_carea' id='block_1_53' title="bbox 510 3621 2087 3696">
    <p class='ocr_par' dir='ltr' id='par_1_53' title="bbox 510 3621 2087 3696">
     <span class='ocr_line' id='line_1_53' title="bbox 510 3621 2087 3696; baseline 0.003 -23"><span class='ocrx_word' id='word_1_391' title='bbox 510 3621 722 3687; x_wconf 75' lang='lat' dir='ltr'><strong>oblitus</strong></span> <span class='ocrx_word' id='word_1_392' title='bbox 765 3623 912 3679; x_wconf 88' lang='lat' dir='ltr'><strong>aliud</strong></span> <span class='ocrx_word' id='word_1_393' title='bbox 944 3625 1136 3688; x_wconf 88' lang='lat' dir='ltr'><strong>sensit,</strong></span> <span class='ocrx_word' id='word_1_394' title='bbox 1162 3634 1218 3679; x_wconf 93' lang='lat' dir='ltr'><strong>et</strong></span> <span class='ocrx_word' id='word_1_395' title='bbox 1246 3625 1405 3680; x_wconf 74' lang='lat' dir='ltr'><strong>aliter</strong></span> <span class='ocrx_word' id='word_1_396' title='bbox 1431 3626 1632 3688; x_wconf 88' lang='lat' dir='ltr'><strong>docuit,</strong></span> <span class='ocrx_word' id='word_1_397' title='bbox 1670 3626 1783 3696; x_wconf 89' lang='lat' dir='ltr'><strong>jam</strong></span> <span class='ocrx_word' id='word_1_398' title='bbox 1828 3640 1931 3679; x_wconf 91' lang='lat' dir='ltr'><strong>non</strong></span> <span class='ocrx_word' id='word_1_399' title='bbox 1980 3624 2087 3678; x_wconf 85' lang='lat' dir='ltr'><strong>Do-</strong></span> 
     </span>
    </p>
   </div>
   <div class='ocr_carea' id='block_1_54' title="bbox 459 3714 2147 3789">
    <p class='ocr_par' dir='ltr' id='par_1_54' title="bbox 459 3714 2147 3789">
     <span class='ocr_line' id='line_1_54' title="bbox 459 3714 2147 3789; baseline 0 -19"><span class='ocrx_word' id='word_1_400' title='bbox 459 3760 467 3770; x_wconf 85' lang='lat'><strong>.</strong></span> <span class='ocrx_word' id='word_1_401' title='bbox 510 3714 688 3789; x_wconf 82' lang='lat' dir='ltr'><strong>mino,</strong></span> <span class='ocrx_word' id='word_1_402' title='bbox 718 3715 813 3770; x_wconf 90' lang='lat' dir='ltr'><strong>sed</strong></span> <span class='ocrx_word' id='word_1_403' title='bbox 850 3716 953 3771; x_wconf 90' lang='lat' dir='ltr'><strong>sibi</strong></span> <span class='ocrx_word' id='word_1_404' title='bbox 986 3716 1086 3787; x_wconf 80' lang='lat' dir='ltr'><strong>ipsi</strong></span> <span class='ocrx_word' id='word_1_405' title='bbox 1118 3718 1429 3772; x_wconf 89' lang='lat' dir='ltr'><strong>contrarius</strong></span> <span class='ocrx_word' id='word_1_406' title='bbox 1457 3718 1670 3783; x_wconf 82' lang='lat' dir='ltr'><strong>existit;</strong></span> <span class='ocrx_word' id='word_1_407' title='bbox 1708 3717 1851 3787; x_wconf 89' lang='lat' dir='ltr'><strong>quod</strong></span> <span class='ocrx_word' id='word_1_408' title='bbox 1892 3716 2089 3771; x_wconf 82' lang='lat' dir='ltr'><strong>ridicu-</strong></span> <span class='ocrx_word' id='word_1_409' title='bbox 2144 3778 2147 3781; x_wconf 96' lang='lat'><em>_</em></span> 
     </span>
    </p>
   </div>
   <div class='ocr_carea' id='block_1_55' title="bbox 510 3802 1567 3875">
    <p class='ocr_par' dir='ltr' id='par_1_55' title="bbox 510 3802 1567 3875">
     <span class='ocr_line' id='line_1_55' title="bbox 510 3802 1567 3875; baseline 0.007 -21"><span class='ocrx_word' id='word_1_410' title='bbox 510 3802 627 3857; x_wconf 88' lang='lat' dir='ltr'><strong>lum</strong></span> <span class='ocrx_word' id='word_1_411' title='bbox 645 3813 726 3859; x_wconf 91' lang='lat' dir='ltr'><strong>est</strong></span> <span class='ocrx_word' id='word_1_412' title='bbox 753 3805 1024 3875; x_wconf 73' lang='lat' dir='ltr'><strong>cogitare,</strong></span> <span class='ocrx_word' id='word_1_413' title='bbox 1047 3808 1241 3861; x_wconf 89' lang='lat' dir='ltr'><strong>nedum</strong></span> <span class='ocrx_word' id='word_1_414' title='bbox 1274 3807 1567 3863; x_wconf 84' lang='lat' dir='ltr'><strong>aﬁirmare.</strong></span> 
     </span>
    </p>
   </div>
   <div class='ocr_carea' id='block_1_56' title="bbox 466 3893 2087 3969">
    <p class='ocr_par' dir='ltr' id='par_1_56' title="bbox 466 3893 2087 3969">
     <span class='ocr_line' id='line_1_56' title="bbox 466 3893 2087 3969; baseline 0.004 -21"><span class='ocrx_word' id='word_1_415' title='bbox 466 3926 483 3951; x_wconf 42' lang='grc' dir='ltr'><strong>;η</strong></span> <span class='ocrx_word' id='word_1_416' title='bbox 564 3893 700 3955; x_wconf 75' lang='lat' dir='ltr'><strong>XV.</strong></span> <span class='ocrx_word' id='word_1_417' title='bbox 735 3895 877 3967; x_wconf 81' lang='lat' dir='ltr'><strong>Ergo</strong></span> <span class='ocrx_word' id='word_1_418' title='bbox 921 3897 1207 3959; x_wconf 83' lang='lat' dir='ltr'><strong>videamus</strong></span> <span class='ocrx_word' id='word_1_419' title='bbox 1253 3900 1393 3969; x_wconf 90' lang='lat' dir='ltr'><strong>quod</strong></span> <span class='ocrx_word' id='word_1_420' title='bbox 1443 3901 1719 3969; x_wconf 88' lang='lat' dir='ltr'><strong>sequitur:</strong></span> <span class='ocrx_word' id='word_1_421' title='bbox 1759 3919 1776 3953; x_wconf 73' lang='grc' dir='ltr'>α</span> <span class='ocrx_word' id='word_1_422' title='bbox 1813 3899 1917 3957; x_wconf 88' lang='lat' dir='ltr'><strong>Sed</strong></span> <span class='ocrx_word' id='word_1_423' title='bbox 1948 3899 2087 3955; x_wconf 82' lang='lat' dir='ltr'><strong>forte</strong></span> 
     </span>
    </p>
   </div>
   <div class='ocr_carea' id='block_1_57' title="bbox 507 3985 2086 4059">
    <p class='ocr_par' dir='ltr' id='par_1_57' title="bbox 507 3985 2086 4059">
     <span class='ocr_line' id='line_1_57' title="bbox 507 3985 2086 4059; baseline 0.003 -20"><span class='ocrx_word' id='word_1_424' title='bbox 507 3985 683 4041; x_wconf 85' lang='lat' dir='ltr'><strong>dicis:</strong></span> <span class='ocrx_word' id='word_1_425' title='bbox 711 3985 960 4057; x_wconf 84' lang='lat' dir='ltr'><strong>Speciem</strong></span> <span class='ocrx_word' id='word_1_426' title='bbox 992 3989 1271 4059; x_wconf 78' lang='lat' dir='ltr'><strong>sanguinis</strong></span> <span class='ocrx_word' id='word_1_427' title='bbox 1300 4005 1405 4044; x_wconf 88' lang='lat' dir='ltr'><strong>non</strong></span> <span class='ocrx_word' id='word_1_428' title='bbox 1440 3990 1617 4055; x_wconf 91' lang='lat' dir='ltr'><strong>video,</strong></span> <span class='ocrx_word' id='word_1_429' title='bbox 1651 3990 1742 4044; x_wconf 89' lang='lat' dir='ltr'><strong>sed</strong></span> <span class='ocrx_word' id='word_1_430' title='bbox 1777 3990 2086 4044; x_wconf 88' lang='lat' dir='ltr'><strong>similitudi-</strong></span> 
     </span>
    </p>
   </div>
   <div class='ocr_carea' id='block_1_58' title="bbox 507 4070 2082 4152">
    <p class='ocr_par' dir='ltr' id='par_1_58' title="bbox 507 4070 2082 4152">
     <span class='ocr_line' id='line_1_58' title="bbox 507 4070 2082 4152; baseline 0.003 -21"><span class='ocrx_word' id='word_1_431' title='bbox 507 4091 632 4132; x_wconf 89' lang='lat' dir='ltr'><strong>nem</strong></span> <span class='ocrx_word' id='word_1_432' title='bbox 662 4077 848 4134; x_wconf 83' lang='lat' dir='ltr'><strong>babet.</strong></span> <span class='ocrx_word' id='word_1_433' title='bbox 890 4100 909 4133; x_wconf 76' lang='grc' dir='ltr'><strong><em>ι</em></strong></span> <span class='ocrx_word' id='word_1_434' title='bbox 939 4079 1039 4135; x_wconf 79' lang='lat' dir='ltr'><strong>Hic</strong></span> <span class='ocrx_word' id='word_1_435' title='bbox 1071 4081 1131 4134; x_wconf 82' lang='lat' dir='ltr'><strong>in</strong></span> <span class='ocrx_word' id='word_1_436' title='bbox 1156 4082 1345 4150; x_wconf 86' lang='lat' dir='ltr'><strong>primis</strong></span> <span class='ocrx_word' id='word_1_437' title='bbox 1371 4070 1590 4138; x_wconf 86' lang='lat' dir='ltr'><strong>attende</strong></span> <span class='ocrx_word' id='word_1_438' title='bbox 1618 4082 1760 4152; x_wconf 89' lang='lat' dir='ltr'><strong>quod</strong></span> <span class='ocrx_word' id='word_1_439' title='bbox 1794 4097 2082 4152; x_wconf 86' lang='lat' dir='ltr'><strong>personam</strong></span> 
     </span>
    </p>
   </div>
   <div class='ocr_carea' id='block_1_59' title="bbox 458 4166 2083 4241">
    <p class='ocr_par' dir='ltr' id='par_1_59' title="bbox 458 4166 2083 4241">
     <span class='ocr_line' id='line_1_59' title="bbox 458 4166 2083 4241; baseline 0.003 -20"><span class='ocrx_word' id='word_1_440' title='bbox 458 4216 463 4221; x_wconf 90' lang='lat'><strong>.</strong></span> <span class='ocrx_word' id='word_1_441' title='bbox 506 4166 793 4237; x_wconf 87' lang='lat' dir='ltr'><strong>cujuslibet</strong></span> <span class='ocrx_word' id='word_1_442' title='bbox 833 4167 1078 4241; x_wconf 78' lang='lat' dir='ltr'><strong>aﬂigurat</strong></span> <span class='ocrx_word' id='word_1_443' title='bbox 1120 4171 1301 4225; x_wconf 77' lang='lat' dir='ltr'><strong>idiotze</strong></span> <span class='ocrx_word' id='word_1_444' title='bbox 1346 4171 1620 4226; x_wconf 88' lang='lat' dir='ltr'><strong>dicentis:</strong></span> <span class='ocrx_word' id='word_1_445' title='bbox 1668 4171 1915 4241; x_wconf 80' lang='lat' dir='ltr'><strong>Speciem</strong></span> <span class='ocrx_word' id='word_1_446' title='bbox 1947 4187 2083 4226; x_wconf 87' lang='lat' dir='ltr'><strong>san-</strong></span> 
     </span>
    </p>
   </div>
   <div class='ocr_carea' id='block_1_60' title="bbox 505 4248 2085 4329">
    <p class='ocr_par' dir='ltr' id='par_1_60' title="bbox 505 4248 2085 4329">
     <span class='ocr_line' id='line_1_60' title="bbox 505 4248 2085 4329; baseline 0.003 -17"><span class='ocrx_word' id='word_1_447' title='bbox 505 4260 689 4329; x_wconf 77' lang='lat' dir='ltr'><strong>guinis</strong></span> <span class='ocrx_word' id='word_1_448' title='bbox 738 4248 847 4316; x_wconf 88' lang='lat' dir='ltr'><strong>non</strong></span> <span class='ocrx_word' id='word_1_449' title='bbox 904 4262 1089 4329; x_wconf 89' lang='lat' dir='ltr'><strong>video;</strong></span> <span class='ocrx_word' id='word_1_450' title='bbox 1138 4263 1223 4317; x_wconf 90' lang='lat' dir='ltr'><strong>cui</strong></span> <span class='ocrx_word' id='word_1_451' title='bbox 1261 4262 1552 4327; x_wconf 88' lang='lat' dir='ltr'><strong>dubitanti,</strong></span> <span class='ocrx_word' id='word_1_452' title='bbox 1600 4279 1701 4319; x_wconf 91' lang='lat' dir='ltr'><strong>nec</strong></span> <span class='ocrx_word' id='word_1_453' title='bbox 1750 4279 1865 4318; x_wconf 88' lang='lat' dir='ltr'><strong>rem</strong></span> <span class='ocrx_word' id='word_1_454' title='bbox 1898 4272 1956 4318; x_wconf 92' lang='lat' dir='ltr'><strong>ut</strong></span> <span class='ocrx_word' id='word_1_455' title='bbox 2001 4271 2085 4319; x_wconf 89' lang='lat' dir='ltr'><strong>est</strong></span> 
     </span>
    </p>
   </div>
   <div class='ocr_carea' id='block_1_61' title="bbox 504 4351 2081 4425">
    <p class='ocr_par' dir='ltr' id='par_1_61' title="bbox 504 4351 2081 4425">
     <span class='ocr_line' id='line_1_61' title="bbox 504 4351 2081 4425; baseline 0.001 -18"><span class='ocrx_word' id='word_1_456' title='bbox 504 4351 814 4422; x_wconf 84' lang='lat' dir='ltr'><strong>expendere</strong></span> <span class='ocrx_word' id='word_1_457' title='bbox 843 4353 1000 4424; x_wconf 75' lang='lat' dir='ltr'><strong>digne</strong></span> <span class='ocrx_word' id='word_1_458' title='bbox 1045 4353 1268 4421; x_wconf 85' lang='lat' dir='ltr'><strong>valenti,</strong></span> <span class='ocrx_word' id='word_1_459' title='bbox 1320 4356 1650 4425; x_wconf 90' lang='lat' dir='ltr'><strong>respondet:</strong></span> <span class='ocrx_word' id='word_1_460' title='bbox 1687 4374 1706 4407; x_wconf 71' lang='grc' dir='ltr'><strong><em>ι</em></strong></span> <span class='ocrx_word' id='word_1_461' title='bbox 1747 4356 1853 4410; x_wconf 88' lang='lat' dir='ltr'><strong>Sed</strong></span> <span class='ocrx_word' id='word_1_462' title='bbox 1888 4354 2081 4411; x_wconf 88' lang='lat' dir='ltr'><strong>simili-</strong></span> 
     </span>
    </p>
   </div>
   <div class='ocr_carea' id='block_1_62' title="bbox 2194 1881 3782 1956">
    <p class='ocr_par' dir='ltr' id='par_1_62' title="bbox 2194 1881 3782 1956">
     <span class='ocr_line' id='line_1_62' title="bbox 2194 1881 3782 1956; baseline -0.003 -16"><span class='ocrx_word' id='word_1_463' title='bbox 2194 1889 2377 1943; x_wconf 87' lang='lat' dir='ltr'><strong>vehat.</strong></span> <span class='ocrx_word' id='word_1_464' title='bbox 2411 1887 2643 1942; x_wconf 80' lang='lat' dir='ltr'><strong>Proinde</strong></span> <span class='ocrx_word' id='word_1_465' title='bbox 2679 1903 2808 1956; x_wconf 78' lang='lat' dir='ltr'><strong>ergo</strong></span> <span class='ocrx_word' id='word_1_466' title='bbox 2838 1901 3095 1941; x_wconf 85' lang='lat' dir='ltr'><strong>venerare</strong></span> <span class='ocrx_word' id='word_1_467' title='bbox 3121 1896 3175 1940; x_wconf 90' lang='lat' dir='ltr'><strong>et</strong></span> <span class='ocrx_word' id='word_1_468' title='bbox 3212 1885 3415 1939; x_wconf 88' lang='lat' dir='ltr'><strong>honora</strong></span> <span class='ocrx_word' id='word_1_469' title='bbox 3455 1884 3598 1938; x_wconf 86' lang='lat' dir='ltr'><strong>hanc</strong></span> <span class='ocrx_word' id='word_1_470' title='bbox 3627 1881 3782 1936; x_wconf 86' lang='lat' dir='ltr'><strong>simi-</strong></span> 
     </span>
    </p>
   </div>
   <div class='ocr_carea' id='block_1_63' title="bbox 2193 1975 3779 2047">
    <p class='ocr_par' dir='ltr' id='par_1_63' title="bbox 2193 1975 3779 2047">
     <span class='ocr_line' id='line_1_63' title="bbox 2193 1975 3779 2047; baseline -0.004 -14"><span class='ocrx_word' id='word_1_471' title='bbox 2193 1978 2471 2033; x_wconf 86' lang='lat' dir='ltr'><strong>litudinem</strong></span> <span class='ocrx_word' id='word_1_472' title='bbox 2525 1994 2685 2047; x_wconf 85' lang='lat' dir='ltr'><strong>quam</strong></span> <span class='ocrx_word' id='word_1_473' title='bbox 2743 1978 2923 2032; x_wconf 90' lang='lat' dir='ltr'><strong>divina</strong></span> <span class='ocrx_word' id='word_1_474' title='bbox 2978 1978 3262 2047; x_wconf 70' lang='lat' dir='ltr'><strong>praatendit</strong></span> <span class='ocrx_word' id='word_1_475' title='bbox 3314 1975 3677 2046; x_wconf 88' lang='lat' dir='ltr'><strong>dispensatio,</strong></span> <span class='ocrx_word' id='word_1_476' title='bbox 3717 1982 3779 2027; x_wconf 91' lang='lat' dir='ltr'><strong>ut</strong></span> 
     </span>
    </p>
   </div>
   <div class='ocr_carea' id='block_1_64' title="bbox 2195 2067 3777 2141">
    <p class='ocr_par' dir='ltr' id='par_1_64' title="bbox 2195 2067 3777 2141">
     <span class='ocr_line' id='line_1_64' title="bbox 2195 2067 3777 2141; baseline -0.004 -16"><span class='ocrx_word' id='word_1_477' title='bbox 2195 2072 2393 2141; x_wconf 77' lang='lat' dir='ltr'><strong>dignus</strong></span> <span class='ocrx_word' id='word_1_478' title='bbox 2417 2070 2739 2139; x_wconf 80' lang='lat' dir='ltr'><strong>quandoque</strong></span> <span class='ocrx_word' id='word_1_479' title='bbox 2767 2068 2863 2124; x_wconf 90' lang='lat' dir='ltr'><strong>ﬁas</strong></span> <span class='ocrx_word' id='word_1_480' title='bbox 2885 2070 2976 2138; x_wconf 91' lang='lat' dir='ltr'><strong>qui</strong></span> <span class='ocrx_word' id='word_1_481' title='bbox 3013 2069 3255 2123; x_wconf 88' lang='lat' dir='ltr'><strong>veritatis</strong></span> <span class='ocrx_word' id='word_1_482' title='bbox 3285 2083 3405 2136; x_wconf 84' lang='lat' dir='ltr'><strong>quae</strong></span> <span class='ocrx_word' id='word_1_483' title='bbox 3432 2067 3672 2137; x_wconf 90' lang='lat' dir='ltr'><strong>reposita</strong></span> <span class='ocrx_word' id='word_1_484' title='bbox 3694 2076 3777 2119; x_wconf 85' lang='lat' dir='ltr'><strong>est</strong></span> 
     </span>
    </p>
   </div>
   <div class='ocr_carea' id='block_1_65' title="bbox 2194 2161 3772 2231">
    <p class='ocr_par' dir='ltr' id='par_1_65' title="bbox 2194 2161 3772 2231">
     <span class='ocr_line' id='line_1_65' title="bbox 2194 2161 3772 2231; baseline -0.003 -13"><span class='ocrx_word' id='word_1_485' title='bbox 2194 2179 2301 2219; x_wconf 91' lang='lat' dir='ltr'><strong>non</strong></span> <span class='ocrx_word' id='word_1_486' title='bbox 2350 2161 2621 2217; x_wconf 80' lang='lat' dir='ltr'><strong>frauderis</strong></span> <span class='ocrx_word' id='word_1_487' title='bbox 2661 2162 2951 2227; x_wconf 87' lang='lat' dir='ltr'><strong>beneﬁcio,</strong></span> <span class='ocrx_word' id='word_1_488' title='bbox 3002 2163 3127 2230; x_wconf 89' lang='lat' dir='ltr'><strong>quia</strong></span> <span class='ocrx_word' id='word_1_489' title='bbox 3178 2161 3493 2216; x_wconf 79' lang='lat' dir='ltr'><strong>Mediatoris</strong></span> <span class='ocrx_word' id='word_1_490' title='bbox 3535 2161 3772 2231; x_wconf 84' lang='lat' dir='ltr'><strong>quodam</strong></span> 
     </span>
    </p>
   </div>
   <div class='ocr_carea' id='block_1_66' title="bbox 2195 2250 3773 2323">
    <p class='ocr_par' dir='ltr' id='par_1_66' title="bbox 2195 2250 3773 2323">
     <span class='ocr_line' id='line_1_66' title="bbox 2195 2250 3773 2323; baseline -0.002 -17"><span class='ocrx_word' id='word_1_491' title='bbox 2195 2253 2355 2308; x_wconf 90' lang='lat' dir='ltr'><strong>modo</strong></span> <span class='ocrx_word' id='word_1_492' title='bbox 2384 2253 2501 2307; x_wconf 89' lang='lat' dir='ltr'><strong>vice</strong></span> <span class='ocrx_word' id='word_1_493' title='bbox 2527 2252 2789 2323; x_wconf 78' lang='lat' dir='ltr'><strong>fungitur,</strong></span> <span class='ocrx_word' id='word_1_494' title='bbox 2826 2260 2885 2306; x_wconf 92' lang='lat' dir='ltr'><strong>ut</strong></span> <span class='ocrx_word' id='word_1_495' title='bbox 2923 2261 3171 2308; x_wconf 82' lang='lat' dir='ltr'><strong>amoveat</strong></span> <span class='ocrx_word' id='word_1_496' title='bbox 3196 2251 3499 2316; x_wconf 87' lang='lat' dir='ltr'><strong>horrorem,</strong></span> <span class='ocrx_word' id='word_1_497' title='bbox 3541 2250 3773 2322; x_wconf 71' lang='lat' dir='ltr'><strong>gratiam</strong></span> 
     </span>
    </p>
   </div>
   <div class='ocr_carea' id='block_1_67' title="bbox 2194 2344 3770 2417">
    <p class='ocr_par' dir='ltr' id='par_1_67' title="bbox 2194 2344 3770 2417">
     <span class='ocr_line' id='line_1_67' title="bbox 2194 2344 3770 2417; baseline 0 -19"><span class='ocrx_word' id='word_1_498' title='bbox 2194 2345 2477 2416; x_wconf 80' lang='lat' dir='ltr'><strong>largiatur.</strong></span> <span class='ocrx_word' id='word_1_499' title='bbox 2507 2344 2641 2400; x_wconf 88' lang='lat' dir='ltr'><strong>Hinc</strong></span> <span class='ocrx_word' id='word_1_500' title='bbox 2666 2345 2907 2415; x_wconf 77' lang='lat' dir='ltr'><strong>profecto</strong></span> <span class='ocrx_word' id='word_1_501' title='bbox 2947 2345 3326 2417; x_wconf 81' lang='lat' dir='ltr'><strong>subjungitur:</strong></span> <span class='ocrx_word' id='word_1_502' title='bbox 3367 2366 3393 2398; x_wconf 73' lang='grc' dir='ltr'>ι</span> <span class='ocrx_word' id='word_1_503' title='bbox 3425 2346 3582 2401; x_wconf 90' lang='lat' dir='ltr'><strong>Sicut</strong></span> <span class='ocrx_word' id='word_1_504' title='bbox 3627 2345 3770 2400; x_wconf 88' lang='lat' dir='ltr'><strong>enim</strong></span> 
     </span>
    </p>
   </div>
   <div class='ocr_carea' id='block_1_68' title="bbox 2193 2439 3771 2512">
    <p class='ocr_par' dir='ltr' id='par_1_68' title="bbox 2193 2439 3771 2512">
     <span class='ocr_line' id='line_1_68' title="bbox 2193 2439 3771 2512; baseline -0.001 -17"><span class='ocrx_word' id='word_1_505' title='bbox 2193 2441 2384 2496; x_wconf 91' lang='lat' dir='ltr'><strong>mortis</strong></span> <span class='ocrx_word' id='word_1_506' title='bbox 2412 2441 2821 2497; x_wconf 85' lang='lat' dir='ltr'><strong>similitudinem</strong></span> <span class='ocrx_word' id='word_1_507' title='bbox 2848 2456 2945 2512; x_wconf 90' lang='lat' dir='ltr'><strong>per</strong></span> <span class='ocrx_word' id='word_1_508' title='bbox 2989 2440 3318 2510; x_wconf 85' lang='lat' dir='ltr'><strong>baptismum</strong></span> <span class='ocrx_word' id='word_1_509' title='bbox 3358 2439 3667 2509; x_wconf 84' lang='lat' dir='ltr'><strong>suscepisti,</strong></span> <span class='ocrx_word' id='word_1_510' title='bbox 3698 2440 3771 2494; x_wconf 83' lang='lat' dir='ltr'><strong>ita</strong></span> 
     </span>
    </p>
   </div>
   <div class='ocr_carea' id='block_1_69' title="bbox 2192 2529 3773 2602">
    <p class='ocr_par' dir='ltr' id='par_1_69' title="bbox 2192 2529 3773 2602">
     <span class='ocr_line' id='line_1_69' title="bbox 2192 2529 3773 2602; baseline -0.004 -15"><span class='ocrx_word' id='word_1_511' title='bbox 2192 2532 2358 2589; x_wconf 89' lang='lat' dir='ltr'><strong>etiam</strong></span> <span class='ocrx_word' id='word_1_512' title='bbox 2422 2532 2832 2586; x_wconf 85' lang='lat' dir='ltr'><strong>similitudinem</strong></span> <span class='ocrx_word' id='word_1_513' title='bbox 2886 2531 3106 2600; x_wconf 90' lang='lat' dir='ltr'><strong>pretiosi</strong></span> <span class='ocrx_word' id='word_1_514' title='bbox 3155 2530 3434 2602; x_wconf 81' lang='lat' dir='ltr'><strong>sanguinis</strong></span> <span class='ocrx_word' id='word_1_515' title='bbox 3494 2529 3670 2592; x_wconf 88' lang='lat' dir='ltr'><strong>bibis,</strong></span> <span class='ocrx_word' id='word_1_516' title='bbox 3716 2539 3773 2582; x_wconf 90' lang='lat' dir='ltr'><strong>ut</strong></span> 
     </span>
    </p>
   </div>
   <div class='ocr_carea' id='block_1_70' title="bbox 2192 2620 3772 2691">
    <p class='ocr_par' dir='ltr' id='par_1_70' title="bbox 2192 2620 3772 2691">
     <span class='ocr_line' id='line_1_70' title="bbox 2192 2620 3772 2691; baseline -0.004 -12"><span class='ocrx_word' id='word_1_517' title='bbox 2192 2624 2369 2680; x_wconf 87' lang='lat' dir='ltr'><strong>nullus</strong></span> <span class='ocrx_word' id='word_1_518' title='bbox 2399 2623 2593 2679; x_wconf 86' lang='lat' dir='ltr'><strong>horror</strong></span> <span class='ocrx_word' id='word_1_519' title='bbox 2616 2622 2825 2678; x_wconf 85' lang='lat' dir='ltr'><strong>cruoris</strong></span> <span class='ocrx_word' id='word_1_520' title='bbox 2850 2622 2945 2688; x_wconf 89' lang='lat' dir='ltr'><strong>sit,</strong></span> <span class='ocrx_word' id='word_1_521' title='bbox 2975 2630 3028 2676; x_wconf 91' lang='lat' dir='ltr'><strong>et</strong></span> <span class='ocrx_word' id='word_1_522' title='bbox 3053 2620 3286 2691; x_wconf 89' lang='lat' dir='ltr'><strong>pretium</strong></span> <span class='ocrx_word' id='word_1_523' title='bbox 3339 2630 3517 2674; x_wconf 89' lang='lat' dir='ltr'><strong>tamen</strong></span> <span class='ocrx_word' id='word_1_524' title='bbox 3565 2620 3772 2674; x_wconf 81' lang='lat' dir='ltr'><strong>redem-</strong></span> 
     </span>
    </p>
   </div>
   <div class='ocr_carea' id='block_1_71' title="bbox 2191 2701 3770 2787">
    <p class='ocr_par' dir='ltr' id='par_1_71' title="bbox 2191 2701 3770 2787">
     <span class='ocr_line' id='line_1_71' title="bbox 2191 2701 3770 2787; baseline -0.004 -17"><span class='ocrx_word' id='word_1_525' title='bbox 2191 2716 2390 2787; x_wconf 87' lang='lat' dir='ltr'><strong>ptionis</strong></span> <span class='ocrx_word' id='word_1_526' title='bbox 2416 2724 2689 2785; x_wconf 86' lang='lat' dir='ltr'><strong>operetur.</strong></span> <span class='ocrx_word' id='word_1_527' title='bbox 2730 2734 2748 2766; x_wconf 77' lang='grc' dir='ltr'><strong>ι</strong></span> <span class='ocrx_word' id='word_1_528' title='bbox 2784 2714 2882 2769; x_wconf 79' lang='lat' dir='ltr'><strong>Hic</strong></span> <span class='ocrx_word' id='word_1_529' title='bbox 2912 2701 3517 2769; x_wconf 7' lang='lat' dir='ltr'><strong>etiamisimilitudinetn</strong></span> <span class='ocrx_word' id='word_1_530' title='bbox 3547 2710 3770 2781; x_wconf 82' lang='lat' dir='ltr'><strong>pretiosi</strong></span> 
     </span>
    </p>
   </div>
   <div class='ocr_carea' id='block_1_72' title="bbox 2192 2803 3774 2880">
    <p class='ocr_par' dir='ltr' id='par_1_72' title="bbox 2192 2803 3774 2880">
     <span class='ocr_line' id='line_1_72' title="bbox 2192 2803 3774 2880; baseline -0.006 -15"><span class='ocrx_word' id='word_1_531' title='bbox 2192 2810 2470 2880; x_wconf 77' lang='lat' dir='ltr'><strong>sanguinis</strong></span> <span class='ocrx_word' id='word_1_532' title='bbox 2514 2809 2627 2865; x_wconf 91' lang='lat' dir='ltr'><strong>bibi</strong></span> <span class='ocrx_word' id='word_1_533' title='bbox 2685 2808 2946 2874; x_wconf 88' lang='lat' dir='ltr'><strong>declarat,</strong></span> <span class='ocrx_word' id='word_1_534' title='bbox 2997 2815 3055 2862; x_wconf 93' lang='lat' dir='ltr'><strong>ut</strong></span> <span class='ocrx_word' id='word_1_535' title='bbox 3082 2806 3289 2861; x_wconf 90' lang='lat' dir='ltr'><strong>cruoris</strong></span> <span class='ocrx_word' id='word_1_536' title='bbox 3331 2813 3542 2859; x_wconf 86' lang='lat' dir='ltr'><strong>tantum</strong></span> <span class='ocrx_word' id='word_1_537' title='bbox 3577 2803 3774 2857; x_wconf 84' lang='lat' dir='ltr'><strong>horror</strong></span> 
     </span>
    </p>
   </div>
   <div class='ocr_carea' id='block_1_73' title="bbox 2191 2895 3770 2973">
    <p class='ocr_par' dir='ltr' id='par_1_73' title="bbox 2191 2895 3770 2973">
     <span class='ocr_line' id='line_1_73' title="bbox 2191 2895 3770 2973; baseline -0.006 -16"><span class='ocrx_word' id='word_1_538' title='bbox 2191 2902 2379 2973; x_wconf 90' lang='lat' dir='ltr'><strong>procul</strong></span> <span class='ocrx_word' id='word_1_539' title='bbox 2407 2902 2654 2966; x_wconf 89' lang='lat' dir='ltr'><strong>absistat,</strong></span> <span class='ocrx_word' id='word_1_540' title='bbox 2685 2901 2823 2956; x_wconf 89' lang='lat' dir='ltr'><strong>sicut</strong></span> <span class='ocrx_word' id='word_1_541' title='bbox 2847 2899 3038 2955; x_wconf 91' lang='lat' dir='ltr'><strong>mortis</strong></span> <span class='ocrx_word' id='word_1_542' title='bbox 3071 2897 3365 2953; x_wconf 76' lang='lat' dir='ltr'><strong>similitudo</strong></span> <span class='ocrx_word' id='word_1_543' title='bbox 3393 2896 3691 2965; x_wconf 89' lang='lat' dir='ltr'><strong>suscipitur</strong></span> <span class='ocrx_word' id='word_1_544' title='bbox 3715 2895 3770 2949; x_wconf 91' lang='lat' dir='ltr'><strong>in</strong></span> 
     </span>
    </p>
   </div>
   <div class='ocr_carea' id='block_1_74' title="bbox 2190 2986 3770 3065">
    <p class='ocr_par' dir='ltr' id='par_1_74' title="bbox 2190 2986 3770 3065">
     <span class='ocr_line' id='line_1_74' title="bbox 2190 2986 3770 3065; baseline -0.006 -16"><span class='ocrx_word' id='word_1_545' title='bbox 2190 2995 2479 3065; x_wconf 90' lang='lat' dir='ltr'><strong>baptismo,</strong></span> <span class='ocrx_word' id='word_1_546' title='bbox 2509 3010 2631 3048; x_wconf 92' lang='lat' dir='ltr'><strong>cum</strong></span> <span class='ocrx_word' id='word_1_547' title='bbox 2656 2993 2984 3063; x_wconf 88' lang='lat' dir='ltr'><strong>baptismum</strong></span> <span class='ocrx_word' id='word_1_548' title='bbox 3016 3006 3204 3046; x_wconf 88' lang='lat' dir='ltr'><strong>verum</strong></span> <span class='ocrx_word' id='word_1_549' title='bbox 3234 2990 3303 3044; x_wconf 90' lang='lat' dir='ltr'><strong>sit</strong></span> <span class='ocrx_word' id='word_1_550' title='bbox 3345 2997 3401 3043; x_wconf 94' lang='lat' dir='ltr'><strong>et</strong></span> <span class='ocrx_word' id='word_1_551' title='bbox 3450 2986 3640 3042; x_wconf 76' lang='lat' dir='ltr'><strong>efﬁcax</strong></span> <span class='ocrx_word' id='word_1_552' title='bbox 3680 3002 3770 3041; x_wconf 83' lang='lat' dir='ltr'><strong>sa-</strong></span> 
     </span>
    </p>
   </div>
   <div class='ocr_carea' id='block_1_75' title="bbox 2192 3076 3774 3149">
    <p class='ocr_par' dir='ltr' id='par_1_75' title="bbox 2192 3076 3774 3149">
     <span class='ocr_line' id='line_1_75' title="bbox 2192 3076 3774 3149; baseline -0.006 -9"><span class='ocrx_word' id='word_1_553' title='bbox 2192 3093 2557 3149; x_wconf 88' lang='lat' dir='ltr'><strong>cramentum,</strong></span> <span class='ocrx_word' id='word_1_554' title='bbox 2580 3092 2639 3138; x_wconf 91' lang='lat' dir='ltr'><strong>ut</strong></span> <span class='ocrx_word' id='word_1_555' title='bbox 2668 3084 2795 3137; x_wconf 90' lang='lat' dir='ltr'><strong>vitia</strong></span> <span class='ocrx_word' id='word_1_556' title='bbox 2822 3083 3035 3146; x_wconf 90' lang='lat' dir='ltr'><strong>obruat,</strong></span> <span class='ocrx_word' id='word_1_557' title='bbox 3063 3082 3187 3136; x_wconf 73' lang='lat' dir='ltr'><strong>vita:</strong></span> <span class='ocrx_word' id='word_1_558' title='bbox 3210 3080 3557 3135; x_wconf 87' lang='lat' dir='ltr'><strong>sanctitatem</strong></span> <span class='ocrx_word' id='word_1_559' title='bbox 3588 3076 3774 3132; x_wconf 80' lang='lat' dir='ltr'><strong>confe-</strong></span> 
     </span>
    </p>
   </div>
   <div class='ocr_carea' id='block_1_76' title="bbox 2198 3172 3771 3245">
    <p class='ocr_par' dir='ltr' id='par_1_76' title="bbox 2198 3172 3771 3245">
     <span class='ocr_line' id='line_1_76' title="bbox 2198 3172 3771 3245; baseline -0.005 -14"><span class='ocrx_word' id='word_1_560' title='bbox 2198 3185 2307 3241; x_wconf 91' lang='lat' dir='ltr'><strong>rat;</strong></span> <span class='ocrx_word' id='word_1_561' title='bbox 2339 3177 2575 3245; x_wconf 86' lang='lat' dir='ltr'><strong>alioquin</strong></span> <span class='ocrx_word' id='word_1_562' title='bbox 2607 3175 2649 3229; x_wconf 91' lang='lat' dir='ltr'><strong>si</strong></span> <span class='ocrx_word' id='word_1_563' title='bbox 2679 3190 2866 3230; x_wconf 87' lang='lat' dir='ltr'><strong>verutn</strong></span> <span class='ocrx_word' id='word_1_564' title='bbox 2912 3190 3019 3229; x_wconf 89' lang='lat' dir='ltr'><strong>non</strong></span> <span class='ocrx_word' id='word_1_565' title='bbox 3071 3183 3243 3235; x_wconf 89' lang='lat' dir='ltr'><strong>esset,</strong></span> <span class='ocrx_word' id='word_1_566' title='bbox 3297 3172 3534 3241; x_wconf 87' lang='lat' dir='ltr'><strong>qualiter</strong></span> <span class='ocrx_word' id='word_1_567' title='bbox 3562 3180 3771 3224; x_wconf 80' lang='lat' dir='ltr'><strong>tantum</strong></span> 
     </span>
    </p>
   </div>
   <div class='ocr_carea' id='block_1_77' title="bbox 2192 3261 3772 3341">
    <p class='ocr_par' dir='ltr' id='par_1_77' title="bbox 2192 3261 3772 3341">
     <span class='ocr_line' id='line_1_77' title="bbox 2192 3261 3772 3341; baseline -0.005 -20"><span class='ocrx_word' id='word_1_568' title='bbox 2192 3268 2317 3321; x_wconf 87' lang='lat' dir='ltr'><strong>boni</strong></span> <span class='ocrx_word' id='word_1_569' title='bbox 2350 3266 2619 3341; x_wconf 62' lang='lat' dir='ltr'><strong>deterret?</strong></span> <span class='ocrx_word' id='word_1_570' title='bbox 2644 3266 2709 3320; x_wconf 88' lang='lat' dir='ltr'><strong>Et</strong></span> <span class='ocrx_word' id='word_1_571' title='bbox 2737 3274 2918 3320; x_wconf 88' lang='lat' dir='ltr'><strong>tamen</strong></span> <span class='ocrx_word' id='word_1_572' title='bbox 2965 3264 3156 3319; x_wconf 90' lang='lat' dir='ltr'><strong>mortis</strong></span> <span class='ocrx_word' id='word_1_573' title='bbox 3205 3262 3501 3319; x_wconf 88' lang='lat' dir='ltr'><strong>similitudo</strong></span> <span class='ocrx_word' id='word_1_574' title='bbox 3549 3261 3772 3324; x_wconf 85' lang='lat' dir='ltr'><strong>dicitur,</strong></span> 
     </span>
    </p>
   </div>
   <div class='ocr_carea' id='block_1_78' title="bbox 2193 3344 3771 3427">
    <p class='ocr_par' dir='ltr' id='par_1_78' title="bbox 2193 3344 3771 3427">
     <span class='ocr_line' id='line_1_78' title="bbox 2193 3344 3771 3427; baseline -0.005 -14"><span class='ocrx_word' id='word_1_575' title='bbox 2193 3374 2315 3413; x_wconf 89' lang='lat' dir='ltr'><strong>cum</strong></span> <span class='ocrx_word' id='word_1_576' title='bbox 2357 3344 2569 3423; x_wconf 79' lang='lat' dir='ltr'><strong>tamen,</strong></span> <span class='ocrx_word' id='word_1_577' title='bbox 2601 3367 2658 3411; x_wconf 92' lang='lat' dir='ltr'><strong>ut</strong></span> <span class='ocrx_word' id='word_1_578' title='bbox 2703 3357 3038 3427; x_wconf 64' lang='lat' dir='ltr'><strong>praemissum</strong></span> <span class='ocrx_word' id='word_1_579' title='bbox 3068 3364 3171 3421; x_wconf 90' lang='lat' dir='ltr'><strong>est,</strong></span> <span class='ocrx_word' id='word_1_580' title='bbox 3200 3370 3327 3410; x_wconf 89' lang='lat' dir='ltr'><strong>vere</strong></span> <span class='ocrx_word' id='word_1_581' title='bbox 3362 3353 3608 3424; x_wconf 87' lang='lat' dir='ltr'><strong>peccatis</strong></span> <span class='ocrx_word' id='word_1_582' title='bbox 3636 3352 3771 3405; x_wconf 68' lang='lat' dir='ltr'><strong>alie—</strong></span> 
     </span>
    </p>
   </div>
   <div class='ocr_carea' id='block_1_79' title="bbox 2195 3444 3774 3516">
    <p class='ocr_par' dir='ltr' id='par_1_79' title="bbox 2195 3444 3774 3516">
     <span class='ocr_line' id='line_1_79' title="bbox 2195 3444 3774 3516; baseline -0.005 -12"><span class='ocrx_word' id='word_1_583' title='bbox 2195 3458 2281 3504; x_wconf 90' lang='lat' dir='ltr'><strong>rat</strong></span> <span class='ocrx_word' id='word_1_584' title='bbox 2308 3449 2607 3515; x_wconf 91' lang='lat' dir='ltr'><strong>interitum,</strong></span> <span class='ocrx_word' id='word_1_585' title='bbox 2635 3448 2928 3503; x_wconf 90' lang='lat' dir='ltr'><strong>virtutibus</strong></span> <span class='ocrx_word' id='word_1_586' title='bbox 2949 3455 3139 3502; x_wconf 68' lang='lat' dir='ltr'><strong>ortum,</strong></span> <span class='ocrx_word' id='word_1_587' title='bbox 3161 3445 3397 3516; x_wconf 68' lang='lat' dir='ltr'><strong>praebeat</strong></span> <span class='ocrx_word' id='word_1_588' title='bbox 3419 3452 3477 3499; x_wconf 92' lang='lat' dir='ltr'><strong>et</strong></span> <span class='ocrx_word' id='word_1_589' title='bbox 3499 3444 3774 3498; x_wconf 85' lang='lat' dir='ltr'><strong>ministret</strong></span> 
     </span>
    </p>
   </div>
   <div class='ocr_carea' id='block_1_80' title="bbox 2194 3532 3771 3611">
    <p class='ocr_par' dir='ltr' id='par_1_80' title="bbox 2194 3532 3771 3611">
     <span class='ocr_line' id='line_1_80' title="bbox 2194 3532 3771 3611; baseline -0.004 -19"><span class='ocrx_word' id='word_1_590' title='bbox 2194 3539 2607 3594; x_wconf 78' lang='lat' dir='ltr'><strong>incrementum.</strong></span> <span class='ocrx_word' id='word_1_591' title='bbox 2652 3536 2742 3592; x_wconf 91' lang='lat' dir='ltr'><strong>Sic</strong></span> <span class='ocrx_word' id='word_1_592' title='bbox 2789 3551 3004 3611; x_wconf 81' lang='lat' dir='ltr'><strong>quoque</strong></span> <span class='ocrx_word' id='word_1_593' title='bbox 3056 3551 3170 3590; x_wconf 87' lang='lat' dir='ltr'><strong>non.</strong></span> <span class='ocrx_word' id='word_1_594' title='bbox 3216 3534 3489 3589; x_wconf 89' lang='lat' dir='ltr'><strong>immerito</strong></span> <span class='ocrx_word' id='word_1_595' title='bbox 3544 3532 3771 3601; x_wconf 84' lang='lat' dir='ltr'><strong>pretiosi</strong></span> 
     </span>
    </p>
   </div>
   <div class='ocr_carea' id='block_1_81' title="bbox 2148 3623 3774 3707">
    <p class='ocr_par' dir='ltr' id='par_1_81' title="bbox 2148 3623 3774 3707">
     <span class='ocr_line' id='line_1_81' title="bbox 2148 3623 3774 3707; baseline -0.005 -24"><span class='ocrx_word' id='word_1_596' title='bbox 2148 3700 2152 3704; x_wconf 17' lang='lat'><strong><em>~</em></strong></span> <span class='ocrx_word' id='word_1_597' title='bbox 2191 3629 2467 3707; x_wconf 81' lang='lat' dir='ltr'><strong>sanguinis</strong></span> <span class='ocrx_word' id='word_1_598' title='bbox 2493 3628 2744 3683; x_wconf 87' lang='lat' dir='ltr'><strong>hauritur</strong></span> <span class='ocrx_word' id='word_1_599' title='bbox 2778 3627 3105 3690; x_wconf 89' lang='lat' dir='ltr'><strong>similitudo,</strong></span> <span class='ocrx_word' id='word_1_600' title='bbox 3149 3635 3208 3680; x_wconf 92' lang='lat' dir='ltr'><strong>ut</strong></span> <span class='ocrx_word' id='word_1_601' title='bbox 3244 3624 3455 3681; x_wconf 91' lang='lat' dir='ltr'><strong>cruoris</strong></span> <span class='ocrx_word' id='word_1_602' title='bbox 3488 3623 3774 3678; x_wconf 81' lang='lat' dir='ltr'><strong>auferatur</strong></span> 
     </span>
    </p>
   </div>
   <div class='ocr_carea' id='block_1_82' title="bbox 2190 3718 3771 3791">
    <p class='ocr_par' dir='ltr' id='par_1_82' title="bbox 2190 3718 3771 3791">
     <span class='ocr_line' id='line_1_82' title="bbox 2190 3718 3771 3791; baseline -0.004 -16"><span class='ocrx_word' id='word_1_603' title='bbox 2190 3722 2405 3791; x_wconf 87' lang='lat' dir='ltr'><strong>penitus</strong></span> <span class='ocrx_word' id='word_1_604' title='bbox 2436 3722 2663 3787; x_wconf 85' lang='lat' dir='ltr'><strong>horror,</strong></span> <span class='ocrx_word' id='word_1_605' title='bbox 2710 3729 2767 3776; x_wconf 93' lang='lat' dir='ltr'><strong>et</strong></span> <span class='ocrx_word' id='word_1_606' title='bbox 2816 3728 2994 3774; x_wconf 89' lang='lat' dir='ltr'><strong>tamen</strong></span> <span class='ocrx_word' id='word_1_607' title='bbox 3046 3719 3185 3775; x_wconf 86' lang='lat' dir='ltr'><strong>sicut</strong></span> <span class='ocrx_word' id='word_1_608' title='bbox 3212 3734 3373 3773; x_wconf 88' lang='lat' dir='ltr'><strong>verus</strong></span> <span class='ocrx_word' id='word_1_609' title='bbox 3407 3725 3493 3772; x_wconf 93' lang='lat' dir='ltr'><strong>est</strong></span> <span class='ocrx_word' id='word_1_610' title='bbox 3521 3718 3771 3785; x_wconf 78' lang='lat' dir='ltr'><strong>sanguis,</strong></span> 
     </span>
    </p>
   </div>
   <div class='ocr_carea' id='block_1_83' title="bbox 2188 3806 3769 3884">
    <p class='ocr_par' dir='ltr' id='par_1_83' title="bbox 2188 3806 3769 3884">
     <span class='ocr_line' id='line_1_83' title="bbox 2188 3806 3769 3884; baseline -0.006 -16"><span class='ocrx_word' id='word_1_611' title='bbox 2188 3816 2262 3869; x_wconf 86' lang='lat' dir='ltr'><strong>ita</strong></span> <span class='ocrx_word' id='word_1_612' title='bbox 2292 3829 2417 3869; x_wconf 89' lang='lat' dir='ltr'><strong>vere</strong></span> <span class='ocrx_word' id='word_1_613' title='bbox 2464 3813 2693 3884; x_wconf 90' lang='lat' dir='ltr'><strong>pretium</strong></span> <span class='ocrx_word' id='word_1_614' title='bbox 2720 3820 2976 3882; x_wconf 83' lang='lat' dir='ltr'><strong>operatur</strong></span> <span class='ocrx_word' id='word_1_615' title='bbox 3015 3808 3417 3879; x_wconf 79' lang='lat' dir='ltr'><strong>redemptionis“.</strong></span> <span class='ocrx_word' id='word_1_616' title='bbox 3477 3807 3633 3863; x_wconf 90' lang='lat' dir='ltr'><strong>Unde</strong></span> <span class='ocrx_word' id='word_1_617' title='bbox 3656 3806 3769 3874; x_wconf 89' lang='lat' dir='ltr'><strong>jam</strong></span> 
     </span>
    </p>
   </div>
   <div class='ocr_carea' id='block_1_84' title="bbox 2187 3898 3766 3973">
    <p class='ocr_par' dir='ltr' id='par_1_84' title="bbox 2187 3898 3766 3973">
     <span class='ocr_line' id='line_1_84' title="bbox 2187 3898 3766 3973; baseline -0.006 -15"><span class='ocrx_word' id='word_1_618' title='bbox 2187 3905 2255 3959; x_wconf 91' lang='lat' dir='ltr'><strong>de</strong></span> <span class='ocrx_word' id='word_1_619' title='bbox 2304 3902 2651 3959; x_wconf 80' lang='lat' dir='ltr'><strong>similitudine</strong></span> <span class='ocrx_word' id='word_1_620' title='bbox 2700 3902 3046 3973; x_wconf 89' lang='lat' dir='ltr'><strong>superducta,</strong></span> <span class='ocrx_word' id='word_1_621' title='bbox 3077 3899 3147 3954; x_wconf 90' lang='lat' dir='ltr'><strong>ob</strong></span> <span class='ocrx_word' id='word_1_622' title='bbox 3176 3907 3341 3955; x_wconf 71' lang='lat' dir='ltr'><strong>certae</strong></span> <span class='ocrx_word' id='word_1_623' title='bbox 3389 3899 3466 3952; x_wconf 89' lang='lat' dir='ltr'><strong>rei</strong></span> <span class='ocrx_word' id='word_1_624' title='bbox 3508 3898 3766 3968; x_wconf 77' lang='lat' dir='ltr'><strong>gratiam,</strong></span> 
     </span>
    </p>
   </div>
   <div class='ocr_carea' id='block_1_85' title="bbox 2186 3989 3779 4066">
    <p class='ocr_par' dir='ltr' id='par_1_85' title="bbox 2186 3989 3779 4066">
     <span class='ocr_line' id='line_1_85' title="bbox 2186 3989 3779 4066; baseline -0.006 -16"><span class='ocrx_word' id='word_1_625' title='bbox 2186 3996 2462 4065; x_wconf 87' lang='lat' dir='ltr'><strong>disputare</strong></span> <span class='ocrx_word' id='word_1_626' title='bbox 2488 3993 2748 4066; x_wconf 66' lang='lat' dir='ltr'><strong>praefatus</strong></span> <span class='ocrx_word' id='word_1_627' title='bbox 2774 3995 2963 4049; x_wconf 89' lang='lat' dir='ltr'><strong>doctor</strong></span> <span class='ocrx_word' id='word_1_628' title='bbox 2989 3993 3208 4058; x_wconf 90' lang='lat' dir='ltr'><strong>desinit,</strong></span> <span class='ocrx_word' id='word_1_629' title='bbox 3234 4001 3396 4061; x_wconf 89' lang='lat' dir='ltr'><strong>atque</strong></span> <span class='ocrx_word' id='word_1_630' title='bbox 3438 3991 3507 4044; x_wconf 91' lang='lat' dir='ltr'><strong>de</strong></span> <span class='ocrx_word' id='word_1_631' title='bbox 3534 3989 3779 4044; x_wconf 85' lang='lat' dir='ltr'><strong>veritate</strong></span> 
     </span>
    </p>
   </div>
   <div class='ocr_carea' id='block_1_86' title="bbox 2185 4079 3769 4156">
    <p class='ocr_par' dir='ltr' id='par_1_86' title="bbox 2185 4079 3769 4156">
     <span class='ocr_line' id='line_1_86' title="bbox 2185 4079 3769 4156; baseline -0.006 -15"><span class='ocrx_word' id='word_1_632' title='bbox 2185 4085 2440 4153; x_wconf 88' lang='lat' dir='ltr'><strong>naturali,</strong></span> <span class='ocrx_word' id='word_1_633' title='bbox 2468 4100 2590 4156; x_wconf 60' lang='lat' dir='ltr'><strong>quae</strong></span> <span class='ocrx_word' id='word_1_634' title='bbox 2629 4084 2908 4140; x_wconf 89' lang='lat' dir='ltr'><strong>Dominico</strong></span> <span class='ocrx_word' id='word_1_635' title='bbox 2954 4084 3095 4138; x_wconf 88' lang='lat' dir='ltr'><strong>inest</strong></span> <span class='ocrx_word' id='word_1_636' title='bbox 3143 4088 3504 4144; x_wconf 90' lang='lat' dir='ltr'><strong>sacramento,</strong></span> <span class='ocrx_word' id='word_1_637' title='bbox 3556 4079 3625 4134; x_wconf 86' lang='lat' dir='ltr'><strong>de</strong></span> <span class='ocrx_word' id='word_1_638' title='bbox 3660 4094 3769 4147; x_wconf 81' lang='lat' dir='ltr'><strong>qua</strong></span> 
     </span>
    </p>
   </div>
   <div class='ocr_carea' id='block_1_87' title="bbox 2185 4174 3777 4247">
    <p class='ocr_par' dir='ltr' id='par_1_87' title="bbox 2185 4174 3777 4247">
     <span class='ocr_line' id='line_1_87' title="bbox 2185 4174 3777 4247; baseline -0.006 -11"><span class='ocrx_word' id='word_1_639' title='bbox 2185 4180 2379 4245; x_wconf 88' lang='lat' dir='ltr'><strong>etiam,</strong></span> <span class='ocrx_word' id='word_1_640' title='bbox 2432 4189 2492 4233; x_wconf 89' lang='lat' dir='ltr'><strong>ut</strong></span> <span class='ocrx_word' id='word_1_641' title='bbox 2534 4176 2801 4247; x_wconf 77' lang='lat' dir='ltr'><strong>superius.</strong></span> <span class='ocrx_word' id='word_1_642' title='bbox 2827 4184 2993 4244; x_wconf 86' lang='lat' dir='ltr'><strong>patet,</strong></span> <span class='ocrx_word' id='word_1_643' title='bbox 3039 4183 3185 4229; x_wconf 90' lang='lat' dir='ltr'><strong>tanta</strong></span> <span class='ocrx_word' id='word_1_644' title='bbox 3242 4174 3475 4237; x_wconf 80' lang='lat' dir='ltr'><strong>dixerat,</strong></span> <span class='ocrx_word' id='word_1_645' title='bbox 3507 4182 3777 4227; x_wconf 83' lang='lat' dir='ltr'><strong>consuete</strong></span> 
     </span>
    </p>
   </div>
   <div class='ocr_carea' id='block_1_88' title="bbox 2187 4264 3775 4337">
    <p class='ocr_par' dir='ltr' id='par_1_88' title="bbox 2187 4264 3775 4337">
     <span class='ocr_line' id='line_1_88' title="bbox 2187 4264 3775 4337; baseline -0.008 -9"><span class='ocrx_word' id='word_1_646' title='bbox 2187 4271 2433 4328; x_wconf 88' lang='lat' dir='ltr'><strong>disserit.</strong></span> <span class='ocrx_word' id='word_1_647' title='bbox 2464 4289 2481 4321; x_wconf 73' lang='grc' dir='ltr'>ι</span> <span class='ocrx_word' id='word_1_648' title='bbox 2514 4268 2785 4335; x_wconf 79' lang='lat' dir='ltr'><strong>Didicisti,</strong></span> <span class='ocrx_word' id='word_1_649' title='bbox 2810 4266 3005 4337; x_wconf 84' lang='lat' dir='ltr'><strong>inquit,</strong></span> <span class='ocrx_word' id='word_1_650' title='bbox 3033 4266 3157 4336; x_wconf 88' lang='lat' dir='ltr'><strong>quia</strong></span> <span class='ocrx_word' id='word_1_651' title='bbox 3177 4265 3318 4335; x_wconf 80' lang='lat' dir='ltr'><strong>quod</strong></span> <span class='ocrx_word' id='word_1_652' title='bbox 3344 4264 3546 4333; x_wconf 88' lang='lat' dir='ltr'><strong>accipis</strong></span> <span class='ocrx_word' id='word_1_653' title='bbox 3570 4279 3775 4333; x_wconf 88' lang='lat' dir='ltr'><strong>corpus</strong></span> 
     </span>
    </p>
   </div>
   <div class='ocr_carea' id='block_1_89' title="bbox 2187 4343 3775 4429">
    <p class='ocr_par' dir='ltr' id='par_1_89' title="bbox 2187 4343 3775 4429">
     <span class='ocr_line' id='line_1_89' title="bbox 2187 4343 3775 4429; baseline -0.007 -12"><span class='ocrx_word' id='word_1_654' title='bbox 2187 4362 2386 4418; x_wconf 88' lang='lat' dir='ltr'><strong>Christi</strong></span> <span class='ocrx_word' id='word_1_655' title='bbox 2417 4369 2519 4416; x_wconf 88' lang='lat' dir='ltr'><strong>est.</strong></span> <span class='ocrx_word' id='word_1_656' title='bbox 2555 4380 2574 4413; x_wconf 84' lang='grc'><strong>›</strong></span> <span class='ocrx_word' id='word_1_657' title='bbox 2605 4359 2832 4429; x_wconf 76' lang='lat' dir='ltr'><strong>Corpus,</strong></span> <span class='ocrx_word' id='word_1_658' title='bbox 2866 4343 2987 4422; x_wconf 74' lang='lat' dir='ltr'><strong>ait,</strong></span> <span class='ocrx_word' id='word_1_659' title='bbox 3017 4365 3101 4412; x_wconf 78' lang='lat' dir='ltr'><strong>est</strong></span> <span class='ocrx_word' id='word_1_660' title='bbox 3136 4356 3277 4427; x_wconf 92' lang='lat' dir='ltr'><strong>quod</strong></span> <span class='ocrx_word' id='word_1_661' title='bbox 3316 4356 3520 4425; x_wconf 88' lang='lat' dir='ltr'><strong>accipis</strong></span> <span class='ocrx_word' id='word_1_662' title='bbox 3548 4355 3603 4409; x_wconf 88' lang='lat' dir='ltr'><strong>in</strong></span> <span class='ocrx_word' id='word_1_663' title='bbox 3631 4355 3775 4407; x_wconf 75' lang='lat' dir='ltr'><strong>veri-</strong></span> 
     </span>
    </p>
   </div>
   <div class='ocr_carea' id='block_1_90' title="bbox 502 4440 3777 4539">
    <p class='ocr_par' dir='ltr' id='par_1_90' title="bbox 502 4440 3777 4539">
     <span class='ocr_line' id='line_1_90' title="bbox 502 4440 3777 4539; baseline -0 -39"><span class='ocrx_word' id='word_1_664' title='bbox 502 4444 767 4513; x_wconf 88' lang='lat' dir='ltr'><strong>tudinem,</strong></span> <span class='ocrx_word' id='word_1_665' title='bbox 801 4445 1073 4515; x_wconf 86' lang='lat' dir='ltr'><strong>inquiens,</strong></span> <span class='ocrx_word' id='word_1_666' title='bbox 1104 4447 1284 4502; x_wconf 80' lang='lat' dir='ltr'><strong>habet.</strong></span> <span class='ocrx_word' id='word_1_667' title='bbox 1323 4468 1341 4500; x_wconf 76' lang='grc' dir='ltr'><strong><em>ι</em></strong></span> <span class='ocrx_word' id='word_1_668' title='bbox 1368 4447 1448 4503; x_wconf 84' lang='lat' dir='ltr'><strong>Ac</strong></span> <span class='ocrx_word' id='word_1_669' title='bbox 1467 4448 1511 4503; x_wconf 92' lang='lat' dir='ltr'><strong>si</strong></span> <span class='ocrx_word' id='word_1_670' title='bbox 1545 4448 1780 4504; x_wconf 89' lang='lat' dir='ltr'><strong>diceret:</strong></span> <span class='ocrx_word' id='word_1_671' title='bbox 1805 4448 1849 4504; x_wconf 90' lang='grc' dir='ltr'><strong>Ο</strong></span> <span class='ocrx_word' id='word_1_672' title='bbox 1876 4463 2081 4518; x_wconf 85' lang='lat' dir='ltr'><strong>pauper</strong></span> <span class='ocrx_word' id='word_1_673' title='bbox 2112 4485 2157 4539; x_wconf 70' lang='grc' dir='ltr'><strong>υ</strong></span> <span class='ocrx_word' id='word_1_674' title='bbox 2191 4463 2319 4518; x_wconf 88' lang='lat' dir='ltr'><strong>tate,</strong></span> <span class='ocrx_word' id='word_1_675' title='bbox 2345 4440 2428 4509; x_wconf 69' lang='lat' dir='ltr'><strong>cui</strong></span> <span class='ocrx_word' id='word_1_676' title='bbox 2469 4450 2763 4508; x_wconf 87' lang='lat' dir='ltr'><strong>similitudo</strong></span> <span class='ocrx_word' id='word_1_677' title='bbox 2791 4449 2987 4504; x_wconf 89' lang='lat' dir='ltr'><strong>militat</strong></span> <span class='ocrx_word' id='word_1_678' title='bbox 3010 4446 3433 4517; x_wconf 86' lang='lat' dir='ltr'><strong>dispensatione.</strong></span> <span class='ocrx_word' id='word_1_679' title='bbox 3463 4444 3680 4515; x_wconf 88' lang='lat' dir='ltr'><strong>Corpus</strong></span> <span class='ocrx_word' id='word_1_680' title='bbox 3713 4453 3777 4499; x_wconf 88' lang='lat' dir='ltr'><strong>ut</strong></span> 
     </span>
    </p>
   </div>
   <div class='ocr_carea' id='block_1_91' title="bbox 501 4534 2077 4609">
    <p class='ocr_par' dir='ltr' id='par_1_91' title="bbox 501 4534 2077 4609">
     <span class='ocr_line' id='line_1_91' title="bbox 501 4534 2077 4609; baseline 0.005 -23"><span class='ocrx_word' id='word_1_681' title='bbox 501 4534 742 4604; x_wconf 81' lang='lat' dir='ltr'><strong>ingenio,</strong></span> <span class='ocrx_word' id='word_1_682' title='bbox 774 4551 807 4589; x_wconf 93' lang='grc' dir='ltr'>ο</span> <span class='ocrx_word' id='word_1_683' title='bbox 831 4535 1018 4590; x_wconf 80' lang='lat' dir='ltr'><strong>eliicax</strong></span> <span class='ocrx_word' id='word_1_684' title='bbox 1048 4553 1239 4605; x_wconf 88' lang='lat' dir='ltr'><strong>sensu,</strong></span> <span class='ocrx_word' id='word_1_685' title='bbox 1283 4539 1373 4592; x_wconf 84' lang='lat' dir='ltr'><strong>vel</strong></span> <span class='ocrx_word' id='word_1_686' title='bbox 1399 4540 1538 4593; x_wconf 89' lang='lat' dir='ltr'><strong>sicut</strong></span> <span class='ocrx_word' id='word_1_687' title='bbox 1567 4539 1869 4609; x_wconf 86' lang='lat' dir='ltr'><strong>discipulis</strong></span> <span class='ocrx_word' id='word_1_688' title='bbox 1898 4541 2077 4594; x_wconf 87' lang='lat' dir='ltr'><strong>Domi-</strong></span> 
     </span>
    </p>
   </div>
   <div class='ocr_carea' id='block_1_92' title="bbox 501 4626 2076 4689">
    <p class='ocr_par' dir='ltr' id='par_1_92' title="bbox 501 4626 2076 4689">
     <span class='ocr_line' id='line_1_92' title="bbox 501 4626 2076 4689; baseline 0.005 -12"><span class='ocrx_word' id='word_1_689' title='bbox 501 4640 604 4679; x_wconf 91' lang='lat' dir='ltr'><strong>nus</strong></span> <span class='ocrx_word' id='word_1_690' title='bbox 629 4626 724 4689; x_wconf 89' lang='lat' dir='ltr'><strong>ait,</strong></span> <span class='ocrx_word' id='word_1_691' title='bbox 754 4626 987 4681; x_wconf 90' lang='lat' dir='ltr'><strong>inﬁrmis</strong></span> <span class='ocrx_word' id='word_1_692' title='bbox 1011 4628 1189 4683; x_wconf 90' lang='lat' dir='ltr'><strong>adhuc</strong></span> <span class='ocrx_word' id='word_1_693' title='bbox 1207 4641 1262 4684; x_wconf 90' lang='lat' dir='ltr'><strong>et</strong></span> <span class='ocrx_word' id='word_1_694' title='bbox 1290 4629 1467 4683; x_wconf 88' lang='lat' dir='ltr'><strong>divina</strong></span> <span class='ocrx_word' id='word_1_695' title='bbox 1485 4631 1719 4685; x_wconf 88' lang='lat' dir='ltr'><strong>nondum</strong></span> <span class='ocrx_word' id='word_1_696' title='bbox 1736 4640 2076 4686; x_wconf 88' lang='lat' dir='ltr'><strong>sacramenta</strong></span> 
     </span>
    </p>
   </div>
   <div class='ocr_carea' id='block_1_93' title="bbox 498 4718 2077 4783">
    <p class='ocr_par' dir='ltr' id='par_1_93' title="bbox 498 4718 2077 4783">
     <span class='ocr_line' id='line_1_93' title="bbox 498 4718 2077 4783; baseline 0.007 -16"><span class='ocrx_word' id='word_1_697' title='bbox 498 4730 694 4783; x_wconf 80' lang='lat' dir='ltr'><strong>capere</strong></span> <span class='ocrx_word' id='word_1_698' title='bbox 723 4718 1046 4783; x_wconf 88' lang='lat' dir='ltr'><strong>valentibus,</strong></span> <span class='ocrx_word' id='word_1_699' title='bbox 1072 4720 1122 4775; x_wconf 74' lang='grc' dir='ltr'><strong>Ο.</strong></span> <span class='ocrx_word' id='word_1_700' title='bbox 1148 4721 1313 4775; x_wconf 85' lang='lat' dir='ltr'><strong>stulte</strong></span> <span class='ocrx_word' id='word_1_701' title='bbox 1338 4731 1392 4776; x_wconf 89' lang='lat' dir='ltr'><strong>et</strong></span> <span class='ocrx_word' id='word_1_702' title='bbox 1435 4723 1587 4777; x_wconf 87' lang='lat' dir='ltr'><strong>tarde</strong></span> <span class='ocrx_word' id='word_1_703' title='bbox 1633 4723 1795 4777; x_wconf 91' lang='lat' dir='ltr'><strong>corde</strong></span> <span class='ocrx_word' id='word_1_704' title='bbox 1840 4724 1907 4778; x_wconf 89' lang='lat' dir='ltr'><strong>ad</strong></span> <span class='ocrx_word' id='word_1_705' title='bbox 1958 4738 2077 4778; x_wconf 80' lang='lat' dir='ltr'><strong>rre-</strong></span> 
     </span>
    </p>
   </div>
   <div class='ocr_carea' id='block_1_94' title="bbox 499 4809 2079 4886">
    <p class='ocr_par' dir='ltr' id='par_1_94' title="bbox 499 4809 2079 4886">
     <span class='ocr_line' id='line_1_94' title="bbox 499 4809 2079 4886; baseline 0.005 -24"><span class='ocrx_word' id='word_1_706' title='bbox 499 4809 754 4875; x_wconf 84' lang='lat' dir='ltr'><strong>dendum,</strong></span> <span class='ocrx_word' id='word_1_707' title='bbox 810 4812 1026 4869; x_wconf 88' lang='lat' dir='ltr'><strong>miraris</strong></span> <span class='ocrx_word' id='word_1_708' title='bbox 1058 4813 1202 4882; x_wconf 87' lang='lat' dir='ltr'><strong>quod</strong></span> <span class='ocrx_word' id='word_1_709' title='bbox 1231 4830 1427 4883; x_wconf 89' lang='lat' dir='ltr'><strong>corpus</strong></span> <span class='ocrx_word' id='word_1_710' title='bbox 1464 4815 1650 4879; x_wconf 90' lang='lat' dir='ltr'><strong>audis;</strong></span> <span class='ocrx_word' id='word_1_711' title='bbox 1687 4815 1828 4884; x_wconf 90' lang='lat' dir='ltr'><strong>quod</strong></span> <span class='ocrx_word' id='word_1_712' title='bbox 1860 4816 2079 4886; x_wconf 80' lang='lat' dir='ltr'><strong>sangui-</strong></span> 
     </span>
    </p>
   </div>
   <div class='ocr_carea' id='block_1_95' title="bbox 496 4898 2080 4971">
    <p class='ocr_par' dir='ltr' id='par_1_95' title="bbox 496 4898 2080 4971">
     <span class='ocr_line' id='line_1_95' title="bbox 496 4898 2080 4971; baseline 0.006 -22"><span class='ocrx_word' id='word_1_713' title='bbox 496 4912 623 4950; x_wconf 90' lang='lat' dir='ltr'><strong>nem</strong></span> <span class='ocrx_word' id='word_1_714' title='bbox 656 4898 831 4963; x_wconf 89' lang='lat' dir='ltr'><strong>audis,</strong></span> <span class='ocrx_word' id='word_1_715' title='bbox 873 4900 965 4954; x_wconf 89' lang='lat' dir='ltr'><strong>sed</strong></span> <span class='ocrx_word' id='word_1_716' title='bbox 989 4901 1249 4971; x_wconf 90' lang='lat' dir='ltr'><strong>speciem,</strong></span> <span class='ocrx_word' id='word_1_717' title='bbox 1284 4903 1334 4957; x_wconf 88' lang='lat' dir='ltr'><strong>id</strong></span> <span class='ocrx_word' id='word_1_718' title='bbox 1363 4913 1449 4958; x_wconf 89' lang='lat' dir='ltr'><strong>est</strong></span> <span class='ocrx_word' id='word_1_719' title='bbox 1480 4903 1764 4958; x_wconf 82' lang='lat' dir='ltr'><strong>veritatem</strong></span> <span class='ocrx_word' id='word_1_720' title='bbox 1801 4904 1984 4958; x_wconf 88' lang='lat' dir='ltr'><strong>carnis</strong></span> <span class='ocrx_word' id='word_1_721' title='bbox 2024 4912 2080 4959; x_wconf 92' lang='lat' dir='ltr'><strong>et</strong></span> 
     </span>
    </p>
   </div>
   <div class='ocr_carea' id='block_1_96' title="bbox 496 4988 2078 5036">
    <p class='ocr_par' dir='ltr' id='par_1_96' title="bbox 496 4988 2078 5036">
     <span class='ocr_line' id='line_1_96' title="bbox 496 4988 2078 5036; baseline 0 0"><span class='ocrx_word' id='word_1_722' title='bbox 496 4988 777 5036; x_wconf 78' lang='lat' dir='ltr'><strong>sanauinis</strong></span> <span class='ocrx_word' id='word_1_723' title='bbox 803 5004 923 5036; x_wconf 68' lang='lat' dir='ltr'><strong>(tum</strong></span> <span class='ocrx_word' id='word_1_724' title='bbox 972 4992 1116 5036; x_wconf 67' lang='lat' dir='ltr'><strong>intus</strong></span> <span class='ocrx_word' id='word_1_725' title='bbox 1163 5001 1267 5036; x_wconf 59' lang='lat' dir='ltr'><strong>pet,</strong></span> <span class='ocrx_word' id='word_1_726' title='bbox 1307 4993 1431 5036; x_wconf 74' lang='lat' dir='ltr'><strong>nnin</strong></span> <span class='ocrx_word' id='word_1_727' title='bbox 1462 5009 1565 5036; x_wconf 87' lang='lat' dir='ltr'><strong>nnn</strong></span> <span class='ocrx_word' id='word_1_728' title='bbox 1593 4996 1770 5036; x_wconf 74' lang='lat' dir='ltr'><strong>nrmlie</strong></span> <span class='ocrx_word' id='word_1_729' title='bbox 1827 5012 1931 5036; x_wconf 86' lang='lat' dir='ltr'><strong>nnn</strong></span> <span class='ocrx_word' id='word_1_730' title='bbox 1958 5011 2078 5036; x_wconf 62' lang='lat' dir='ltr'><strong>mar.</strong></span> 
     </span>
    </p>
   </div>
   <div class='ocr_carea' id='block_1_97' title="bbox 2182 4538 3775 4613">
    <p class='ocr_par' dir='ltr' id='par_1_97' title="bbox 2182 4538 3775 4613">
     <span class='ocr_line' id='line_1_97' title="bbox 2182 4538 3775 4613; baseline -0.007 -12"><span class='ocrx_word' id='word_1_731' title='bbox 2182 4543 2606 4613; x_wconf 85' lang='lat' dir='ltr'><strong>redemptionem</strong></span> <span class='ocrx_word' id='word_1_732' title='bbox 2653 4542 2827 4613; x_wconf 92' lang='lat' dir='ltr'><strong>pretio</strong></span> <span class='ocrx_word' id='word_1_733' title='bbox 2854 4550 3146 4612; x_wconf 82' lang='lat' dir='ltr'><strong>Operetur:</strong></span> <span class='ocrx_word' id='word_1_734' title='bbox 3180 4538 3497 4602; x_wconf 90' lang='lat' dir='ltr'><strong>similitudo,</strong></span> <span class='ocrx_word' id='word_1_735' title='bbox 3542 4547 3603 4591; x_wconf 92' lang='lat' dir='ltr'><strong>ut</strong></span> <span class='ocrx_word' id='word_1_736' title='bbox 3643 4540 3775 4591; x_wconf 80' lang='lat' dir='ltr'><strong>hor-</strong></span> 
     </span>
    </p>
   </div>
   <div class='ocr_carea' id='block_1_98' title="bbox 2184 4628 3773 4703">
    <p class='ocr_par' dir='ltr' id='par_1_98' title="bbox 2184 4628 3773 4703">
     <span class='ocr_line' id='line_1_98' title="bbox 2184 4628 3773 4703; baseline -0.004 -14"><span class='ocrx_word' id='word_1_737' title='bbox 2184 4635 2324 4689; x_wconf 91' lang='lat' dir='ltr'><strong>roris</strong></span> <span class='ocrx_word' id='word_1_738' title='bbox 2370 4634 2584 4688; x_wconf 67' lang='lat' dir='ltr'><strong>twdiutn</strong></span> <span class='ocrx_word' id='word_1_739' title='bbox 2629 4632 2980 4703; x_wconf 88' lang='lat' dir='ltr'><strong>propellatur,</strong></span> <span class='ocrx_word' id='word_1_740' title='bbox 3023 4640 3079 4685; x_wconf 88' lang='lat' dir='ltr'><strong>et</strong></span> <span class='ocrx_word' id='word_1_741' title='bbox 3132 4630 3434 4685; x_wconf 87' lang='lat' dir='ltr'><strong>devotionis</strong></span> <span class='ocrx_word' id='word_1_742' title='bbox 3475 4628 3773 4682; x_wconf 86' lang='lat' dir='ltr'><strong>sinceritas</strong></span> 
     </span>
    </p>
   </div>
   <div class='ocr_carea' id='block_1_99' title="bbox 2182 4719 3771 4789">
    <p class='ocr_par' dir='ltr' id='par_1_99' title="bbox 2182 4719 3771 4789">
     <span class='ocr_line' id='line_1_99' title="bbox 2182 4719 3771 4789; baseline -0.006 -11"><span class='ocrx_word' id='word_1_743' title='bbox 2182 4733 2521 4786; x_wconf 80' lang='lat' dir='ltr'><strong>exerceatur,</strong></span> <span class='ocrx_word' id='word_1_744' title='bbox 2557 4730 2633 4786; x_wconf 91' lang='lat' dir='ltr'><strong>nt,</strong></span> <span class='ocrx_word' id='word_1_745' title='bbox 2667 4722 2793 4777; x_wconf 90' lang='lat' dir='ltr'><strong>dum</strong></span> <span class='ocrx_word' id='word_1_746' title='bbox 2821 4721 2961 4789; x_wconf 83' lang='lat' dir='ltr'><strong>quod</strong></span> <span class='ocrx_word' id='word_1_747' title='bbox 2995 4736 3099 4776; x_wconf 88' lang='lat' dir='ltr'><strong>non</strong></span> <span class='ocrx_word' id='word_1_748' title='bbox 3125 4721 3288 4783; x_wconf 83' lang='lat' dir='ltr'><strong>videt,</strong></span> <span class='ocrx_word' id='word_1_749' title='bbox 3316 4719 3511 4783; x_wconf 88' lang='lat' dir='ltr'><strong>credit,</strong></span> <span class='ocrx_word' id='word_1_750' title='bbox 3547 4719 3771 4789; x_wconf 77' lang='lat' dir='ltr'><strong>dignius</strong></span> 
     </span>
    </p>
   </div>
   <div class='ocr_carea' id='block_1_100' title="bbox 2132 4806 3770 4886">
    <p class='ocr_par' dir='ltr' id='par_1_100' title="bbox 2132 4806 3770 4886">
     <span class='ocr_line' id='line_1_100' title="bbox 2132 4806 3770 4886; baseline -0.006 -13"><span class='ocrx_word' id='word_1_751' title='bbox 2132 4806 2136 4811; x_wconf 58' lang='grc'><em>’</em></span> <span class='ocrx_word' id='word_1_752' title='bbox 2180 4826 2501 4886; x_wconf 80' lang='lat' dir='ltr'><strong>assequatur</strong></span> <span class='ocrx_word' id='word_1_753' title='bbox 2533 4817 2675 4886; x_wconf 78' lang='lat' dir='ltr'><strong>quod</strong></span> <span class='ocrx_word' id='word_1_754' title='bbox 2699 4812 2980 4885; x_wconf 88' lang='lat' dir='ltr'><strong>pollicetur</strong></span> <span class='ocrx_word' id='word_1_755' title='bbox 2999 4822 3185 4883; x_wconf 89' lang='lat' dir='ltr'><strong>operta</strong></span> <span class='ocrx_word' id='word_1_756' title='bbox 3222 4812 3474 4882; x_wconf 84' lang='lat' dir='ltr'><strong>majestas</strong></span> <span class='ocrx_word' id='word_1_757' title='bbox 3495 4812 3770 4881; x_wconf 84' lang='lat' dir='ltr'><strong>mysterii.</strong></span> 
     </span>
    </p>
   </div>
   <div class='ocr_carea' id='block_1_101' title="bbox 2182 4902 3770 4980">
    <p class='ocr_par' dir='ltr' id='par_1_101' title="bbox 2182 4902 3770 4980">
     <span class='ocr_line' id='line_1_101' title="bbox 2182 4902 3770 4980; baseline -0.008 -15"><span class='ocrx_word' id='word_1_758' title='bbox 2182 4910 2440 4980; x_wconf 86' lang='lat' dir='ltr'><strong>Sequitur</strong></span> <span class='ocrx_word' id='word_1_759' title='bbox 2470 4926 2483 4960; x_wconf 90' lang='lat'><strong>:</strong></span> <span class='ocrx_word' id='word_1_760' title='bbox 2523 4925 2542 4957; x_wconf 71' lang='grc' dir='ltr'>ι</span> <span class='ocrx_word' id='word_1_761' title='bbox 2583 4907 2673 4961; x_wconf 75' lang='lat' dir='ltr'><strong>Vis</strong></span> <span class='ocrx_word' id='word_1_762' title='bbox 2699 4907 2839 4961; x_wconf 89' lang='lat' dir='ltr'><strong>scire</strong></span> <span class='ocrx_word' id='word_1_763' title='bbox 2867 4921 3027 4975; x_wconf 87' lang='lat' dir='ltr'><strong>quam</strong></span> <span class='ocrx_word' id='word_1_764' title='bbox 3055 4904 3233 4975; x_wconf 82' lang='lat' dir='ltr'><strong>verbis</strong></span> <span class='ocrx_word' id='word_1_765' title='bbox 3270 4902 3581 4957; x_wconf 74' lang='lat' dir='ltr'><strong>ctelestibus</strong></span> <span class='ocrx_word' id='word_1_766' title='bbox 3628 4917 3770 4954; x_wconf 78' lang='lat' dir='ltr'><strong>con-</strong></span> 
     </span>
    </p>
   </div>
   <div class='ocr_carea' id='block_1_102' title="bbox 2180 4990 3773 5036">
    <p class='ocr_par' dir='ltr' id='par_1_102' title="bbox 2180 4990 3773 5036">
     <span class='ocr_line' id='line_1_102' title="bbox 2180 4990 3773 5036; baseline 0 0"><span class='ocrx_word' id='word_1_767' title='bbox 2180 4998 2457 5036; x_wconf 67' lang='lat' dir='ltr'><strong>cunrntur?</strong></span> <span class='ocrx_word' id='word_1_768' title='bbox 2484 4997 2668 5036; x_wconf 75' lang='lat' dir='ltr'><strong>nnninn</strong></span> <span class='ocrx_word' id='word_1_769' title='bbox 2689 4996 2950 5036; x_wconf 51' lang='lat' dir='ltr'><strong>ntlsn‘cnnl</strong></span> <span class='ocrx_word' id='word_1_770' title='bbox 2983 4995 3162 5036; x_wconf 76' lang='lat' dir='ltr'><strong>vm-lm-</strong></span> <span class='ocrx_word' id='word_1_771' title='bbox 3197 4993 3333 5036; x_wconf 67' lang='grc' dir='ltr'><strong>ηἰιείι</strong></span> <span class='ocrx_word' id='word_1_772' title='bbox 3352 4993 3606 5036; x_wconf 56' lang='lat' dir='ltr'><strong>sacerdos</strong></span> <span class='ocrx_word' id='word_1_773' title='bbox 3624 5010 3635 5035; x_wconf 69' lang='grc' dir='ltr'><strong>ξ</strong></span> <span class='ocrx_word' id='word_1_774' title='bbox 3655 4990 3773 5036; x_wconf 65' lang='lat' dir='ltr'><strong>Fac</strong></span> 
     </span>
    </p>
   </div>
  </div>
