4006 5282
271 217 442 278 I397

1185 223 1383 280 LIBER
1417 225 1508 282 DE
1545 225 1868 286 CORPORE
1907 225 1996 284 ΕΤ
2042 227 2387 285 ΒᾹΝΕΠΙΝΕ
2425 229 2718 286 CHRISTI.

3439 227 3576 286 1398

269 337 598 406 sanguinis.
639 355 658 388 ι
687 335 884 408 Figura
918 335 1137 402 dicitur,
1181 353 1246 395 eo
1286 339 1560 410 quodjam
1597 351 1889 414 prtesente—
1920 357 1964 415 Α
1993 343 2202 412 plebem
2249 343 2496 401 redemit.
2529 365 2547 396 ι
2589 343 2724 399 Nota
2771 343 3056 416 diligenter
3099 343 3334 414 singula,
3388 353 3440 400 et
3469 345 3576 398 vim

271 441 388 486 tur
437 430 666 500 simplex
709 431 866 500 panis
909 437 965 485 et
1009 431 1138 486 vini
1173 432 1501 500 substantia,
1537 435 1678 490 unde
1711 435 1892 492 verbis

271 525 613 598 potentibus
641 525 880 582 coelestia
907 523 1042 580 effici
1069 525 1300 582 debeant
1332 523 1702 592 sacramenta,
1722 538 1775 584 ut
1807 545 1892 585 sa-

271 618 543 674 cerdotis
571 617 750 672 oratio
797 617 978 682 docet,
1012 627 1066 673 et
1099 617 1342 674 indicat:
1382 637 1402 672 ι
1433 618 1543 676 Fac
1591 621 1767 686 nobis,
1811 621 1894 676 in.

275 709 518 779 quiens,
549 711 691 764 lianc
715 709 1046 764 oblationem
1077 720 1274 764 ratam.
1314 731 1342 778 ι,
1368 711 1628 768 Videlicet
1655 721 1714 768 ut
1738 727 1891 770 suam

277 809 558 855 naturam
591 798 849 865 excellat;
890 817 910 851 ι
949 799 1348 865 rationabilem,
1383 821 1401 854 ι
1437 811 1494 856 ut
1517 802 1612 858 tibi
1641 803 1889 874 placeat;

283 911 306 944 ι
353 891 776 960 acceptabilem,
821 910 838 942 ι
871 901 930 947 ut
959 891 1114 948 nobis
1145 892 1424 964 proﬁciat;
1459 893 1545 949 vel
1580 912 1598 946 ς
1635 903 1832 960 ratam,
1869 913 1888 946 ι

277 992 353 1038 ut
393 999 430 1040 a
476 983 650 1052 ﬁgura
681 982 1102 1039 transformctur
1150 983 1206 1040 in
1237 983 1554 1052 veritatem;
1593 1003 1612 1038 ι
1653 985 1892 1040 rationa-

277 1075 492 1140 bilem,
526 1095 544 1128 ι
577 1084 638 1130 ut
666 1084 864 1131 nostrae
895 1075 990 1130 tibi
1029 1077 1372 1134 commendet
1399 1077 1696 1134 devotionis
1725 1077 1896 1134 servi-

283 1171 509 1232 tutem;
549 1182 568 1217 ‹
607 1165 1018 1236 acceptabilem,
1057 1175 1174 1222 rut
1224 1166 1456 1222 sufﬁciat
1505 1169 1572 1224 ad
1604 1168 1896 1240 impetran-

282 1257 432 1312 dam
487 1257 702 1314 caelitus
752 1259 1190 1329 propitiationem
1218 1279 1230 1314 :
1266 1279 1285 1312 ι
1318 1260 1421 1328 Qui
1453 1262 1659 1332 pridie,
1689 1261 1894 1333 inquit,

283 1363 473 1418 quam
526 1355 808 1418 pateretur
861 1349 1072 1419 accepit
1123 1366 1316 1418 panem
1371 1351 1428 1406 in
1485 1353 1733 1410 manibus
1781 1353 1896 1408 suis

283 1438 546 1502 sanctis,
591 1439 828 1510 respexit
863 1439 930 1494 ad
981 1439 1210 1506 coelum,
1261 1441 1330 1496 ad
1367 1451 1446 1507 te,
1481 1441 1643 1498 Pater
1675 1453 1893 1510 sancte,

283 1531 653 1600 omnipotens
679 1540 880 1588 aeterne
924 1532 1086 1598 Deus,
1121 1533 1330 1604 gratias
1373 1549 1540 1604 agens
1587 1535 1894 1603 benedixit,

287 1619 490 1691 fregit,
523 1619 864 1692 fractumque
896 1623 1158 1692 apostolis
1185 1633 1244 1678 et
1269 1625 1549 1695 discipulis
1586 1627 1700 1683 suis
1728 1629 1896 1682 tradi-

287 1709 400 1773 dit,
435 1709 660 1765 dicens:
693 1711 944 1782 Accipite,
976 1723 1024 1766 et
1051 1713 1186 1788 edite
1215 1729 1280 1768 ex
1315 1714 1412 1769 hoc
1444 1733 1658 1780 omnes;
1696 1717 1794 1770 hoc
1820 1728 1896 1772 est
1934 1708 1978 1762 Β

287 1802 444 1856 cnim
475 1817 664 1871 corpus
701 1819 892 1868 meum,
925 1805 1068 1874 quod
1087 1823 1181 1875 pro
1219 1808 1358 1862 robis
1397 1809 1771 1880 conp-fugetur.
1803 1809 1893 1866 Si-

287 1891 512 1946 militer
542 1901 594 1947 et
622 1893 844 1949 calicem
893 1906 1176 1966 postquam
1229 1909 1498 1956 coartatum
1531 1913 1635 1968 est,
1667 1903 1892 1959 fiiCt'llS:

287 1981 564 2052 Accipite,
594 1995 640 2038 et
669 1985 844 2053 bibite,
875 1988 960 2040 hic
989 2000 1064 2042 est
1103 1987 1222 2061 [al.,
1273 1991 1460 2064 enimj"
1479 1997 1690 2065 sanguis
1730 2013 1892 2052 meus.

290 2075 466 2141 Vide,
495 2075 586 2130 illa
616 2078 778 2132 verba
819 2079 998 2134 omnia
1025 2091 1153 2136 sunt
1181 2084 1526 2155 evangelista
1560 2101 1728 2156 usque
1751 2089 1894 2141 acci-

285 2166 424 2234 pi:e,
469 2167 586 2223 sive
625 2183 823 2239 corpus
853 2170 969 2226 sive
1017 2173 1360 2243 sanguinem.
1391 2175 1520 2232 Inde
1557 2178 1716 2233 verba
1769 2189 1896 2235 sunt

287 2257 528 2312 Christi.
583 2260 716 2315 Vide
762 2262 972 2333 singula
1023 2265 1183 2318 verba
1215 2284 1228 2320 :
1266 2285 1284 2318 ς
1325 2266 1428 2333 Qui
1461 2267 1658 2340 pridie,
1691 2269 1890 2340 inquit,

285 2365 466 2416 quam
497 2359 794 2420 pateretur,
821 2356 1030 2426 accepit
1059 2371 1274 2424 panem.
1309 2378 1327 2410 ι
1363 2361 1668 2430 Antequam
1703 2377 1896 2417 conse-

287 2449 491 2494 cretur
523 2443 682 2510 panis
711 2451 818 2509 est,
848 2445 936 2500 ubi
973 2455 1156 2502 autem
1197 2449 1362 2504 verba
1400 2451 1602 2506 Christi
1644 2467 1892 2508 accesse-

293 2532 445 2598 rint,
499 2549 698 2604 corpus
747 2546 832 2593 est
880 2539 1102 2596 Christi.
1135 2540 1379 2613 Denique
1428 2545 1550 2600 audi
1583 2547 1890 2602 dicentem:

294 2622 562 2694 Accipite,
591 2635 640 2680 et
666 2626 804 2682 edite
828 2645 894 2682 ex
922 2631 1020 2684 hoc
1050 2647 1258 2696 omnes;
1285 2634 1382 2687 ltoc
1422 2643 1496 2688 est
1539 2638 1675 2690 enim
1707 2653 1894 2707 corpus

291 2733 500 2772 metuit.
535 2719 600 2775 Et
633 2731 758 2776 ante
786 2725 950 2778 verba
979 2724 1204 2794 Christi,
1231 2727 1368 2782 calix
1401 2738 1482 2783 est
1519 2730 1624 2784 vini
1656 2741 1710 2784 et
1741 2746 1895 2800 aqu‘te

291 2809 528 2878 plenus;
563 2811 650 2867 ubi
669 2813 830 2867 verba
845 2813 1046 2869 Christi
1075 2827 1294 2885 operata
1325 2817 1541 2884 fuerint,
1575 2820 1646 2874 ibi
1673 2821 1894 2891 sanguis

290 2899 558 2966 efﬁcitur,
591 2903 680 2971 qui
726 2905 935 2973 plebem
973 2904 1219 2960 redemit.
1269 2907 1409 2978 Ergo
1459 2909 1632 2964 videie
1675 2909 1893 2980 quantis

267 2989 600 3063 generibus
627 3005 818 3067 potens
845 3007 930 3053 est
957 3013 1136 3054 sermo
1165 3001 1368 3057 Christi
1409 3003 1462 3057 in
1504 3005 1727 3059 adversa
1759 3019 1892 3059 con-

259 3075 262 3078 ’
295 3094 544 3140 vertere.
587 3085 830 3158 Denique
874 3087 997 3161 [ol.,
1032 3091 1248 3164 deinde]
1283 3093 1394 3163 ipse
1442 3093 1701 3150 Dominus
1739 3095 1892 3152 Jcsus

297 3177 636 3235 testiﬁcatus
663 3190 746 3236 est
781 3181 939 3238 nobis
963 3183 1108 3252 quod
1137 3199 1336 3256 corpus
1361 3201 1518 3241 suum
1566 3188 1896 3258 accipiamus

293 3277 356 3324 et
413 3269 761 3340 sanguinem.
813 3272 1068 3345 Nunquid
1118 3275 1375 3334 debemus
1423 3279 1490 3333 de
1537 3279 1654 3348 ejus
1697 3281 1800 3335 ﬁde
1841 3289 1898 3335 et

299 3361 696 3418 testificatione
729 3363 1012 3418 dubitare?
1055 3385 1073 3418 I
1119 3365 1220 3422 llic
1261 3368 1449 3424 beatus
1473 3368 1794 3424 Ambrosius
1829 3371 1896 3425 de

299 3453 409 3508 ﬁde
457 3464 516 3511 et
568 3455 946 3514 testificatione
986 3458 1186 3515 Christi
1241 3462 1552 3520 hmsitantes
1609 3463 1896 3520 manifeste

263 3535 616 3614 redarguit,
669 3560 970 3617 verumque
1015 3549 1214 3604 Christi
1265 3567 1491 3623 corpus,
1547 3569 1731 3609 verum
1779 3552 1896 3622 ejus

301 3637 660 3706 sanguinem,
715 3653 909 3707 panem
962 3649 1017 3695 et
1064 3643 1246 3697 vinum
1301 3654 1422 3714 post
1482 3647 1641 3701 verba
1693 3647 1896 3703 Christi

259 3717 262 3721 ’
299 3735 494 3794 aperta
526 3727 885 3796 confessione,
911 3732 1137 3796 asserit,
1167 3735 1386 3790 mutatis
1411 3735 1660 3792 videlicet
1687 3737 1896 3794 naturis

299 3820 550 3888 potentia
585 3821 848 3877 Dominici
897 3827 1187 3880 sermonis.
1229 3826 1570 3900 Quapmpter
1615 3829 1726 3900 jam
1773 3847 1896 3902 per-

259 3903 264 3908 ’
302 3909 556 3978 spicuum
587 3921 641 3966 et
683 3913 906 3970 evidens
949 3923 1034 3971 est
1082 3933 1252 3987 quare
1291 3921 1543 3990 superius
1589 3923 1895 3978 similitudi-

263 3997 270 4003 ’
303 4017 430 4057 nem
461 4003 664 4059 habere
690 4007 994 4077 sanguinis,
1039 4025 1146 4064 non
1199 4011 1434 4080 Speciem
1469 4013 1635 4070 videri
1674 4015 1890 4070 dixerit.

309 4113 328 4145 c
357 4093 622 4163 Bmc,‘ait,
649 4097 944 4154 similitudo
959 4101 1072 4156 sola
1095 4111 1176 4156 est
1199 4104 1620 4174 sanguinis,non
1639 4107 1889 4178 sanguis;

302 4188 398 4243 sed
427 4190 861 4258 similitudinem,
895 4192 1098 4264 inquit,
1129 4194 1320 4260 habet,
1351 4215 1368 4247 ι
1403 4195 1556 4265 cujus
1587 4213 1692 4251 non
1723 4199 1891 4254 videri

303 4278 824 4353 dixerat'speciem;
862 4285 1006 4354 quod
1038 4285 1082 4339 si
1111 4286 1356 4353 dixisset,
1401 4301 1550 4356 spem
1581 4289 1679 4344 sibi
1705 4290 1894 4346 salutis

1995 435 2280 490 verborum
2308 435 2568 506 pondera.
2605 434 2796 502 Verba,
2817 436 3008 505 inquit,
3035 435 3234 491 Christi
3259 445 3575 506 operantur,

2002 543 2019 577 ι
2055 527 2273 597 sanguis
2302 527 2532 582 efﬁcitur
2556 527 2645 599 qui
2673 529 2884 599 plebem
2907 529 3156 595 redemit,
3195 549 3214 582 ι
3250 529 3376 599 quia
3421 527 3580 584 nimi-

1995 633 2114 672 rum
2153 633 2258 673 non
2286 618 2424 674 alius
2460 627 2546 675 est
2583 620 2676 690 qui
2719 620 2970 684 eﬁlcitur,
3014 635 3175 690 quam
3227 620 3318 690 qui
3351 620 3580 676 redemit

1994 709 2234 779 sanguis.
2261 707 2598 782 Idemigitur
2623 709 2712 766 ille
2740 711 2914 778 fusus,
2944 721 3000 768 et
3031 711 3132 767 iste
3171 719 3416 766 sacratus
3439 726 3580 765 unus

1993 807 2078 854 est
2107 799 2498 856 unius-Christi
2550 803 2771 874 sanguis
2811 818 2990 870 verus,
3031 803 3157 858 licet
3203 803 3396 874 ﬁgura,
3421 800 3582 871 juxta

1995 890 2232 961 aliquid,
2273 891 2528 959 dicatur;
2579 908 2686 948 non
2739 905 2915 948 tamen
2977 894 3118 949 sicut
3169 907 3387 957 manna,
3435 892 3582 962 quoi

1997 997 2194 1052 corpus
2219 983 2416 1038 Christi
2451 999 2558 1038 non
2583 993 2724 1049 erat,
2748 985 2839 1040 sed
2871 984 3122 1054 signabat
3151 998 3164 1038 :
3195 992 3417 1055 propter
3436 981 3582 1053 quod

1995 1082 2051 1128 et
2083 1073 2272 1130 umbra
2301 1085 2546 1140 vocatur,
2594 1090 2716 1130 cum
2753 1074 3188 1130 substantialiter
3225 1089 3422 1130 manna
3458 1083 3579 1129 tan-

1997 1173 2110 1220 tum
2139 1164 2305 1220 fuisse
2331 1166 2606 1236 probatur.
2636 1167 2790 1222 Unde
2811 1166 3146 1237 Augustinus
3171 1185 3182 1220 :
3213 1165 3362 1222 «(Sed
3383 1179 3581 1221 manna

1997 1257 2188 1313 umbra
2215 1267 2362 1324 erat;
2399 1259 2500 1314 ista
2533 1259 2736 1316 ver-itas
2757 1251 2844 1315 est
2884 1277 2898 1311 :
2935 1257 3102 1314 Panis
3147 1276 3303 1329 quem
3349 1275 3442 1330 ego
3487 1258 3583 1312 de-

1967 1357 1970 1360 ί
1997 1351 2146 1417 dero,
2169 1367 2294 1406 caro
2323 1367 2438 1406 mea
2465 1363 2572 1418 est;
2603 1353 2687 1406 hic
2712 1364 2786 1407 est
2811 1353 2963 1423 panis
2993 1353 3058 1406 de
3083 1353 3217 1407 corio
3241 1351 3580 1406 descendens.

2001 1442 2136 1498 Mira
2184 1443 2342 1514 plane
2401 1447 2518 1499 res!
2572 1445 2728 1516 panis
2766 1445 3050 1500 descendit
3096 1445 3164 1500 de
3217 1443 3386 1510 cmlo,
3427 1443 3583 1514 panis

1971 1539 2213 1606 quoque
2258 1543 2344 1590 est
2389 1550 2557 1600 caro,
2616 1549 2746 1608 ergo
2779 1550 2908 1591 caro
2949 1535 3017 1591 de
3065 1535 3237 1600 cudo;
3281 1536 3424 1590 itane
3461 1535 3584 1590 est?

1998 1628 2078 1684 ita
2111 1628 2287 1699 plane,
2316 1629 2396 1683 sic
2423 1629 2570 1684 enim
2602 1629 2861 1699 scriptum
2895 1637 2977 1683 est
3009 1644 3024 1682 :
3068 1627 3172 1696 Qui
3221 1628 3486 1682 descendit
3517 1627 3582 1680 de

1999 1717 2125 1774 εωιο
2156 1719 2300 1788 ﬁlius
2329 1719 2578 1784 hominis,
2608 1721 2700 1790 qui
2727 1729 2806 1774 est
2837 1721 2894 1774 in
2929 1721 3076 1774 cozlo.
3113 1717 3344 1774 Videsne
3379 1725 3584 1790 quanta

1997 1812 2070 1868 sit
2119 1811 2300 1871 unitas
2369 1811 2669 1866 Dominicis.
2719 1825 2968 1882 personae
3024 1819 3336 1880 quantaque
3381 1809 3584 1864 veritas

1999 1903 2284 1973 utriusque
2325 1911 2537 1958 natura:
2591 1902 2646 1956 in
2697 1901 2982 1958 Dominioo
3030 1900 3282 1954 homine?
3340 1899 3394 1953 ln
3441 1897 3582 1954 cudo

1997 2008 2164 2058 caro,
2217 1993 2453 2048 Verbum
2505 1993 2556 2046 in
2611 2001 2790 2059 terra,
2845 1992 2956 2047 imo
2985 1991 3238 2046 Verbum
3267 2000 3321 2045 et
3366 2003 3496 2044 caro
3527 1989 3582 2042 in

1997 2081 2138 2138 ctelo
2167 2083 2309 2137 etin
2344 2091 2512 2148 terra,
2543 2082 2670 2152 quia
2701 2082 2958 2138 nimirum
3003 2097 3108 2138 una
3153 2082 3244 2136 Dei
3270 2080 3584 2136 cthomin-is

1995 2184 2092 2230 est-
2132 2173 2334 2230 Christi
2393 2174 2522 2230 Jcsu
2583 2189 2868 2245 persona;
2916 2175 3005 2229 hic
3067 2183 3384 2229 autemest
3429 2173 3584 2244 panis

1997 2267 2151 2320 vivus
2187 2281 2256 2322 ex
2285 2265 2460 2321 simila
2515 2277 2716 2322 nostra:
2762 2265 3144 2330 humanitatis,
3187 2274 3242 2320 et
3283 2265 3583 2320 divinitatis

1999 2373 2120 2412 rore
2172 2355 2488 2424 confectus;
2537 2359 2678 2413 sicut
2713 2358 2860 2414 enim
2899 2373 3131 2428 granum
3177 2357 3432 2413 frumenti
3493 2373 3584 2412 vo-

1999 2449 2144 2504 lubili
2217 2451 2402 2505 tritum
2458 2450 2600 2505 mola
2669 2450 3006 2520 respergitur
3067 2464 3238 2522 aqua,
3305 2460 3363 2505 ut
3429 2451 3582 2522 panis

2000 2543 2114 2608 fiat,
2149 2541 2220 2596 ita
2267 2541 2400 2596 illud
2452 2540 2706 2596 frumenti
2735 2556 2964 2610 granum
2999 2556 3098 2611 per
3132 2543 3582 2613 dispensatoriam

2001 2641 2228 2686 mortem
2261 2633 2316 2686 in
2349 2639 2550 2688 terram
2574 2631 2886 2698 deciduum,
2913 2633 3212 2688 utmultum
3230 2633 3450 2689 afferret
3473 2633 3584 2688 fru-

1961 2735 2141 2779 'ctum
2165 2725 2436 2781 stillicidia
2463 2725 2730 2780 irroratur
2759 2725 3083 2794 divinitatis,
3131 2736 3188 2782 ut
3223 2729 3294 2782 sit
3328 2727 3438 2796 jam
3473 2745 3578 2783 non

1997 2820 2124 2884 duo,
2156 2819 2250 2875 sed
2277 2835 2416 2874 unus
2443 2818 2618 2890 panis,
2653 2827 2814 2889 atque
2849 2819 2921 2874 ita
2949 2819 3119 2891 ﬁgura
3165 2821 3285 2886 Dei,
3319 2829 3374 2876 et
3411 2822 3580 2890 ﬁgura

1995 2911 2198 2978 carnis,
2229 2927 2336 2966 una
2371 2911 2442 2967 sit
2466 2911 2636 2982 ﬁgura
2671 2912 3082 2970 sacramentar’ii
3113 2914 3288 2982 panis,
3315 2929 3422 2968 non
3455 2914 3584 2968 l'uti-

1997 3003 2081 3068 lis,
2121 3003 2215 3060 sed
2251 3003 2408 3075 plena
2437 3003 2702 3059 veritatis.
2733 3005 2902 3071 Quem
2935 3004 3024 3059 illa
3053 3005 3246 3061 mulier
3273 3005 3584 3079 evangeliea

2001 3095 2172 3150 tribus
2201 3093 2390 3150 farina}
2441 3097 2575 3150 satis
2603 3096 2860 3162 occuluit,
2910 3097 3085 3166 quoad
3114 3095 3456 3153 suﬁicienter
3475 3097 3584 3153 fer-

1957 3197 2276 3243 ‘mentatus
2301 3187 2455 3242 fieret
2480 3186 2862 3244 accommodus
2909 3189 3095 3244 usibus
3147 3189 3418 3244 Immanis.
3471 3189 3583 3244 lion

2001 3283 2166 3355 igitur
2208 3282 2564 3354 spiritualiter
2609 3297 2746 3352 pane
2788 3282 3054 3352 digneque
3097 3290 3452 3352 praegustato,
3507 3282 3579 3337 ita

1999 3375 2327 3430 merebimur
2365 3373 2746 3444 concorporari
2787 3371 3007 3428 Christo
3031 3381 3092 3428 ut
3122 3374 3236 3442 ipse
3284 3373 3334 3426 in
3396 3371 3576 3436 nobis,

1998 3477 2052 3521 et
2094 3481 2190 3520 nos
2235 3465 2405 3520 simus
2433 3465 2486 3519 in
2524 3463 2662 3534 ipso,
2693 3463 2890 3534 fietque
2934 3479 3002 3518 ex
3032 3453 3420 3531 compluribus,
3473 3477 3574 3518 nor

1998 3555 2199 3626 plures,
2249 3557 2343 3611 sed
2373 3571 2510 3609 unus
2555 3554 2728 3626 panis,
2769 3567 2865 3623 per
2899 3549 3286 3608 consummatio
3331 3553 3578 3608 videlicet

1997 3655 2398 3702 sacramentum
2425 3645 2644 3699 unitatis
2671 3645 2722 3699 in
2749 3645 2867 3716 ipso
2895 3652 2950 3698 et
2980 3643 3032 3698 in
3057 3643 3232 3699 nobis.
3253 3643 3404 3699 Unde
3434 3643 3578 3711 Apo-

1997 3735 2166 3792 stolus
2195 3737 2272 3791 ait
2299 3753 2313 3790 :
2340 3735 2529 3807 Itaque
2561 3753 2697 3791 unus
2720 3735 2894 3808 panis,
2917 3751 3094 3790 unum
3112 3749 3298 3804 corpus
3322 3733 3472 3788 multi
3497 3751 3582 3787 su-

1999 3843 2134 3882 mus.
2173 3827 2366 3901 lugens
2397 3829 2558 3898 igitur
2609 3827 3126 3900 dependendusaest
3178 3825 3347 3891 labor,
3385 3823 3582 3880 oratio-

2000 3918 2190 3988 nisque
2217 3935 2344 3975 usus
2377 3917 2739 3989 frequentior,
2766 3916 2990 3972 colenda
3022 3915 3188 3969 animi
3219 3914 3451 3985 puritas,
3499 3928 3589 3968 se-

1998 4011 2192 4066 ctanda
2223 4027 2333 4083 prae
2383 4012 2636 4066 omnibus
2666 4003 2956 4066 charitatis
2989 4007 3185 4071 unitas,
3236 4020 3300 4060 ac
3349 4007 3428 4060 sic
3475 4004 3584 4059 [ηε-

1997 4106 2307 4174 quentanda
2341 4113 2502 4160 tanta:
2539 4105 2728 4176 gratiae
2773 4103 3004 4166 veritas;
3035 4099 3386 4168 quotidianus
3436 4099 3582 4152 enim

1957 4207 1960 4210 ’
1999 4199 2084 4254 hic
2103 4199 2256 4266 panis
2283 4205 2648 4266 nuncupatur,
2677 4195 2800 4251 cum
2830 4187 2880 4249 in
2911 4192 3165 4249 Oratione
3195 4189 3472 4244 Dominica
3501 4188 3584 4242 di-

1995 4287 2136 4342 citur
2162 4305 2174 4340 :
2209 4284 2410 4340 Panem
2437 4295 2672 4339 nostrum
2693 4283 3063 4354 quotidianum
3083 4287 3151 4334 da
3171 4280 3314 4334 nobis
3340 4279 3528 4333 hodie;
3555 4298 3573 4330 ς

303 4372 652 4445 pretiumque
692 4373 933 4430 funditus
963 4375 1345 4448 redemptionis
1385 4377 1704 4446 adorati-sset;
1742 4380 1891 4434 ideo—
1924 4401 1971 4460 ι)
2000 4377 2099 4432 Hic
2129 4377 2290 4432 Pater
2323 4376 2658 4446 Augustinus
2688 4375 2812 4427 talia
2835 4373 3181 4445 prosequitur
3213 4390 3224 4425 :
3261 4390 3279 4423 ι
3315 4371 3374 4425 Si
3405 4371 3583 4440 quoti-

303 4475 411 4530 qne
439 4461 660 4521 Christo
684 4464 810 4520 Jesu
846 4481 910 4521 ac
941 4466 1055 4521 suis
1082 4483 1202 4536 qua:
1225 4476 1350 4523 ante
1395 4467 1734 4538 praemiserat
1774 4485 1893 4526 ver-

265 4549 270 4553 “
305 4550 410 4620 bis,
437 4563 496 4609 et
517 4567 636 4626 post
665 4556 1000 4622 subdiderat,-
1033 4559 1344 4614 coutrarius
1367 4561 1589 4617 omnino
1634 4563 1894 4632 probare-

265 4637 274 4644 ”
307 4653 395 4699 tur
440 4663 579 4704 esse.
622 4649 756 4704 Cum
801 4665 929 4720 ergo
959 4650 1112 4706 dixit
1141 4653 1374 4721 speciem
1408 4669 1514 4708 non
1545 4655 1747 4720 videri,
1797 4656 1890 4711 sed

265 4733 270 4738 ’
305 4735 509 4792 habere
539 4733 970 4804 similitudinem,
993 4743 1314 4812 sanguinem
1349 4759 1535 4799 revera
1585 4745 1892 4802 nullatenus

265 4819 274 4830 ’
305 4840 428 4881 esse
457 4830 695 4900 negavit,
731 4831 797 4885 ad
831 4847 989 4900 quem
1025 4832 1252 4901 species,
1283 4832 1366 4886 vel
1388 4834 1684 4890 similitudo
1707 4836 1892 4891 viden-

309 4927 394 4971 tur
422 4921 636 4988 referri,
667 4931 720 4976 et
747 4923 892 4978 aliud
913 4923 963 4978 ei
995 4924 1253 4990 tribuere,
1287 4924 1370 4978 vel
1399 4941 1596 4997 negare
1618 4929 1700 4983 sui
1731 4927 1890 4982 dimi-

305 5011 556 5078 nutioite;
590 5014 865 5070 uam'licet
890 5031 992 5069 non
1037 5017 1285 5072 videatur
1314 5015 1367 5070 iu
1411 5032 1509 5073 sua
1540 5018 1740 5088 specie,
1767 5017 1892 5073 licet

305 5097 540 5169 aliquant
609 5103 852 5160 videatur
901 5120 1064 5172 quam
1129 5107 1418 5178 praetendit
1478 5108 1888 5164 similitudinem

305 5189 502 5222 "l"-t\nll
554 5209 655 5222 ,ιη-ιι
684 5197 814 5222 ἰζ’-ξ.
848 5206 1024 5222 ...υτ-ιιι.-
1071 5207 1246 5222 *ΑΙΔΑ.
1289 5212 1402 5222 ΑΠ’-.ιΑ.
1455 5200 1520 5222 λῖγ.
1555 5218 1580 5222 ν-
1647 5209 1683 5222 γε

1999 4472 2206 4534 dianus,
2257 4465 2531 4537 inquiens,
2571 4475 2655 4522 est
2697 4467 2875 4536 panis,
2909 4479 3010 4518 cur
3049 4471 3400 4533 post‘annum
3431 4461 3580 4516 illum

1998 4561 2168 4618 sumis
2209 4558 2662 4629 quemadmodum
2712 4556 2886 4611 (Ιτωεὶ
2919 4555 2971 4608 in
3003 4552 3210 4610 Orienti
3245 4551 3426 4608 facere
3449 4565 3579 4606 con.

1994 4650 2322 4709 sueverunt"
2343 4647 2550 4720 Accipe
2580 4648 2824 4718 quotidie
2849 4644 2991 4716 quod
3017 4643 3260 4716 quotidie
3287 4643 3479 4712 prosit,
3501 4643 3580 4697 sic

1993 4747 2114 4801 vive
2144 4753 2202 4800 ut
2234 4743 2476 4814 quotidie
2509 4742 2774 4797 merearis
2799 4737 3066 4808 accipere.
3097 4737 3200 4804 Qui
3255 4743 3376 4790 non'
3411 4751 3584 4792 inem-

1957 4845 1968 4852 ”
1996 4849 2082 4894 tur
2109 4835 2354 4908 quotidie
2381 4835 2654 4906 accipere,
2695 4849 2800 4888 non
2843 4841 3082 4886 meretur
3115 4835 3236 4898 post
3261 4841 3462 4882 annum
3494 4845 3586 4884 ac-

1994 4928 2195 4999 cipere.
2224 4925 2512 4995 Quomodo
2546 4925 2648 4983 Job
2667 4933 2891 4980 sanctus
2917 4935 3017 4992 pro
3047 4919 3172 4975 ﬁliis
3199 4915 3464 4972 oll‘erebat
3507 4933 3594 4972 sa-

1992 5021 2294 5077 crificium?
2327 5032 2396 5072 ne
2419 5015 2566 5076 forte
2597 5017 2802 5088 aliquid
2839 5013 2922 5070 vel
2958 5015 3014 5071 in
3044 5012 3208 5072 corde
3254 5017 3597 5094 peccassent.

1955 5127 1958 5132 '
1995 5113 2134 5186 Ergo
2166 5121 2220 5167 tu
2253 5109 2412 5166 audis
2443 5113 2593 5182 quod
2629 5113 3068 5181 quotiescunque
3095 5095 3201 5164 hcc
3231 5099 3600 5168 sacrificium,

2167 5206 2208 5222 ﬂ
2283 5202 2380 5222 ,ἔμε
2627 5217 2661 5222 κ-
2687 5207 2748 5222 κα·
2818 5203 2966 5222 n-.._!
3017 5204 3028 5216 ⁸
3111 5193 3334 5222 -.ιιι-ΑΙεή
3385 5194 3603 5222 ῃΑ.ιι²ζ.;
