4006 5282
533 93 670 148 i399

1478 110 1481 113 ν
1548 126 1551 133 η
1596 78 2216 149 υῐιιΑΝυιΑιιιιΑτιε
2256 78 2736 151 ΤιιοΑιιΝιῖδειε

3658 78 3693 128 Ι
3703 80 3716 127 ἑ
3727 78 3802 129 (ισ

530 209 673 260 dicta
713 214 903 261 contra
951 220 1046 261 eos
1095 205 1365 275 praecipue
1405 204 1497 274 qui
1553 211 1671 272 post
1717 216 1907 259 novem
1939 214 2109 257 annos
2134 174 2347 265 Aquia
2388 197 2588 263 voluit,
2622 197 2796 265 potuit
2838 196 3042 265 absque
3085 186 3247 249 dubio
3288 193 3434 265 quod
3487 192 3629 248 dixit
3690 193 3790 243 im-

532 297 705 351 semel
726 293 1127 351 centumuith
1146 312 1161 359 ;
1180 304 1243 350 et
1268 310 1389 350 cum
1421 293 1754 349 inﬁdelitatis
1789 300 2106 360 arguuntur,

498 408 503 411 ·
530 388 894 443 humilitatem
922 385 1280 449 mentiuntur,
1318 386 1409 454 qui
1436 385 1493 440 si:
1530 383 1849 441 humilitatis
1876 382 2048 453 gratia
2075 399 2107 438 a

504 480 880 525 sacramento
922 479 1114 525 sancto
1159 484 1281 525 sese
1314 469 1726 537 suspenderent,
1768 483 2105 537 nequaquam

528 578 783 634 perversa
808 562 1110 626 sentiendo,
1143 572 1197 618 et
1234 562 1287 617 in
1320 562 1431 616 luto
1462 575 1679 630 nupera:
1711 560 1983 615 hazrescos
2004 558 2107 614 im-

526 656 791 723 pudenter
814 653 1116 709 haesitando
1147 662 1332 709 contra
1364 652 1504 709 idem
1529 661 1928 707 sacramentum
1975 668 2102 722 pro-

525 748 729 805 cacitcr
764 748 1124 817 disputarem.
1170 748 1240 801 Ait
1286 761 1415 809 nos,
1464 745 1661 815 quibus
1695 746 1799 801 alia
1835 747 2101 801 sententia

524 849 630 901 est,
662 839 709 893 si
746 834 1009 901 munditia
1041 839 1222 893 cordis
1263 853 1383 893 cum
1414 838 1724 893 innocentia
1759 839 1939 907 operis
1968 854 2100 894 con-

524 930 711 993 sentit,
762 928 961 985 divinis
1019 928 1334 998 frequenter
1369 929 1758 998 participcmur
1808 930 2099 999 mysteriis.

526 1020 585 1075 Si
616 1036 746 1076 vero
776 1021 1024 1091 capitalia
1056 1028 1317 1091 premunt
1333 1020 1560 1076 crimina
1602 1036 1632 1074 a
1660 1021 1887 1084 sanctis,
1914 1029 2102 1075 nonut

524 1111 580 1165 in
628 1111 862 1180 peccatis
913 1126 1357 1181 perseveremus,
1416 1110 1816 1176 abstineamus;
1878 1112 1972 1166 sed
2030 1126 2101 1168 ne

521 1217 688 1271 super
726 1202 889 1271 impia
945 1202 1247 1257 temeritate
1295 1202 1635 1267 damnemnr,
1684 1204 1730 1260 si
1762 1203 2100 1273 impudenter

519 1292 844 1348 mortalibus
887 1292 1190 1347 attaminati
1252 1293 1396 1347 vitiis
1449 1294 1516 1347 ad
1575 1293 1688 1363 ipsa
1751 1310 1850 1349 nos
1901 1310 2098 1365 praesu-

521 1387 720 1441 menda
754 1386 1158 1456 immergamns.
1203 1386 1346 1457 Ergo
1375 1388 1442 1442 ad
1480 1396 1692 1456 tempus
1718 1387 2096 1444 abstinendum

521 1485 605 1530 est
632 1477 704 1531 ita
741 1492 770 1530 a
808 1477 1035 1541 sanctis,
1081 1477 1174 1532 sed
1207 1477 1524 1547 pmnitentia
1572 1478 1723 1533 ocius
1769 1478 2091 1543 adhibenda,

518 1576 581 1622 ut
608 1570 872 1625 c‘cssaudo
915 1585 944 1624 a
976 1571 1154 1635 malls,
1200 1572 1466 1641 dignaque
1509 1572 1878 1629 satisfactione
1927 1575 2091 1630 vitam

518 1658 828 1714 mandando
877 1674 906 1712 a
956 1660 1217 1729 peccatis,
1267 1672 1574 1732 satagamns
1621 1663 1881 1718 amissam
1939 1680 2094 1735 repa-

519 1748 690 1803 rtndo
728 1751 957 1819 gratiam
1005 1762 1467 1808 sacramentorum
1515 1756 1894 1811 communione
1945 1757 2091 1827 digni

519 1841 849 1911 quandoque
883 1842 1134 1898 inveniri.
1162 1843 1265 1911 Qui
1298 1856 1479 1901 autem
1524 1847 1592 1902 ab
1643 1847 1728 1902 his
1776 1848 2095 1906 criminibus

513 1930 601 1985 vel
652 1931 776 1985 vita:
832 1932 1139 1989 innocentia
1184 1934 1442 1991 immunis
1486 1946 1591 2003 est,
1625 1938 1717 1992 vel
1758 1938 1919 2009 digna
1971 1949 2095 2009 post

514 2018 722 2089 lapsum
771 2020 1090 2090 pauitentia
1138 2022 1502 2097 sqbsequeute
1535 2026 1841 2097 indemptns
1870 2027 2095 2084 eﬂ’ectus

513 2120 618 2175 est,
649 2112 730 2167 sic
750 2112 1065 2182 frequenter
1095 2123 1259 2185 atque
1296 2131 1420 2171 cum
1451 2117 1757 2173 humilitate
1791 2121 2091 2175 communi-

510 2213 616 2267 cet,
649 2212 707 2258 ut
740 2215 795 2260 et
827 2205 1200 2261 inﬁrmitatem
1240 2223 1393 2263 suam
1443 2210 1734 2281 diligenter
1762 2214 2091 2279 consideret,

509 2303 566 2348 et
591 2310 621 2348 a
646 2296 906 2363 minimis,
942 2298 1239 2367 opitulante
1266 2300 1399 2364 Deo,
1432 2302 1670 2371 peccatis
1714 2304 1990 2359 abstinere
2024 2305 2092 2359 de

509 2397 724 2442 czetero.
758 2388 1011 2456 festinet,
1034 2393 1208 2463 deque
1254 2393 1348 2448 Dei
1382 2394 1751 2450 misericordia
1785 2396 2103 2452 nullatenus.

508 2478 783 2550 desperet,
814 2483 927 2553 qui,
954 2485 1365 2553 utquotidianis
1391 2486 1631 2555 lapsibus
1668 2490 1870 2545 nostris
1910 2492 2083 2560 quoti-

510 2568 733 2625 dianum
764 2585 1090 2641 procuraret.
1109 2575 1431 2641 remedium,
1465 2577 1689 2634 caeleste
1726 2581 1829 2633 hoc
1862 2595 2090 2635 nomn-

510 2677 617 2729 que
656 2679 762 2718 non
794 2667 1098 2732 annuatim,
1143 2668 1236 2721 sed
1286 2667 1473 2722 diatim
1526 2669 1809 2740 agendum,
1865 2674 2089 2727 remotis

508 2754 805 2820 veteribus,
832 2755 1064 2811 instituit
1093 2759 1421 2813 sacriﬁcium
1452 2775 1560 2830 quo
1585 2760 1831 2815 crebrius
1860 2762 1998 2832 pasti
2023 2778 2088 2817 ac

507 2843 741 2898 subinde
770 2843 953 2900 refecti
1004 2846 1345 2913 innovemur,
1396 2848 1629 2919 ﬁdeique
1657 2852 1829 2920 gratia
1856 2851 2084 2907 illustre-

506 2949 652 3001 mnr,
674 2937 1126 3004 quemadmodum
1151 2939 1225 2995 ait
1250 2939 1409 2995 Pater
1432 2942 1769 3010 Augustinus
1794 2960 1807 2998 :
1838 2963 1856 2994 ι
1887 2944 2083 2999 Acces-

506 3039 700 3084 serunt
726 3027 895 3088 τιυὐωὶ
919 3033 987 3087 ad
1014 3032 1292 3088 Christum
1325 3044 1383 3090 ut
1412 3036 1791 3107 cruciﬁgerent
1816 3052 1831 3092 :
1865 3054 1965 3093 nos
1992 3056 2085 3094 ac-

466 3174 469 3177 .
511 3122 772 3178 cedamus
796 3132 861 3203 ut.
898 3139 1094 3195 corpus
1124 3124 1240 3194 ejus
1288 3129 1616 3199 accipiamus
1666 3139 1721 3185 et
1745 3132 2085 3202 ειιιιειιὶεειη.

470 3272 471 3275 η
502 3209 584 3266 llli
608 3212 674 3268 de
701 3215 961 3270 cruciﬁxo
983 3218 1355 3273 contenebrati
1386 3228 1513 3273 sunt
1538 3237 1553 3272 :
1584 3235 1682 3275 nos
1711 3221 2099 3275 manducando-

502 3312 564 3360 et
592 3304 829 3361 bibendo
877 3306 1241 3376 Cruciﬁxnm,
1296 3309 1681 3365 illuminamur.
1732 3330 1751 3362 ι
1802 3310 1945 3368 Ecce
1998 3313 2086 3368 hic

504 3395 649 3453 nulla
676 3399 934 3455 scribitur
973 3399 1161 3471 ﬁgura.
1204 3401 1296 3456 sed
1340 3412 1527 3471 aperte
1558 3404 1869 3459 manducari
1897 3404 2085 3459 Cruci-

502 3486 643 3543 ﬁxus
678 3497 843 3559 atque
878 3489 987 3545 bibi
1026 3490 1361 3559 perhibetur.
1400 3482 1541 3548 Alibi
1576 3507 1791 3563 quoque
1814 3495 1889 3549 ait
1919 3511 1934 3548 :
1973 3514 1990 3546 ι
2028 3492 2081 3549 In

500 3587 843 3634 sacramento
899 3581 1184 3636 credentes
1244 3577 1497 3638 biberunt
1550 3586 1866 3655 sanguinem
1920 3601 2082 3656 quem

502 3664 762 3721 fuderunt
783 3669 1098 3737 saevientes.
1132 3691 1149 3724 ι
1190 3671 1288 3727 Hic
1324 3690 1538 3744 quoque
1573 3676 1780 3732 nullum
1828 3677 2080 3732 Sillillllﬂ?

501 3755 646 3810 diuis
686 3756 976 3814 offenditur
1023 3762 1302 3830 nubilum,
1353 3766 1445 3819 sed
1493 3768 1744 3821 eumdem
1793 3767 1845 3821 in
1897 3783 2079 3823 sacra-

500 3855 686 3902 mento
742 3847 881 3903 dicti.
930 3858 1054 3904 sunt
1105 3849 1309 3907 bibisse
1359 3853 1725 3924 sanguinem,
1768 3857 2076 3923 credentes,

458 3953 660 4008 iquem
711 3941 995 3997 sasvientes
1033 3941 1308 3999 fuderunt.
1362 3944 1425 4002 Et
1470 3946 1522 4001 in
1579 3948 1719 4004 libro
1769 3947 2078 4005 Confessio-

499 4044 670 4085 num:
705 4049 725 4083 ι
771 4031 883 4098 Ille,
918 4033 1110 4104 inquit,
1159 4044 1283 4092 tuus
1315 4040 1505 4094 unicus
1547 4041 1781 4096 redemit
1826 4057 1913 4098 me
1958 4058 2080 4099 san-

501 4123 662 4194 guine
682 4140 811 4191 suo;
846 4140 953 4182 non
977 4127 1377 4185 calumnientur
1398 4131 1805 4203 mihisuperbi,
1818 4135 2075 4205 quoniam

2212 286 2381 356 plere,
2414 302 2747 357 carnemque
2792 301 2945 340 suam
2988 285 3142 355 nobis
3188 286 3239 340 in
3280 299 3462 340 escam
3506 292 3561 338 et
3613 293 3790 353 potum

2207 377 2487 449 praebere;
2538 377 2683 447 quod
2745 377 2994 447 quamvis
3042 376 3252 449 ratione
3310 375 3566 430 videatur
3616 372 3795 425 minus

2208 478 2573 540 compertum,
2604 468 2712 523 ﬁde
2732 478 2915 549 tamen
2944 476 3158 523 constat
3177 467 3398 522 omnino
3418 465 3789 537 perspicuum.

2207 559 2670 627 Quemadmodum
2729 560 2874 638 enim
2927 559 3202 615 credimus
3272 558 3505 615 Verbum
3568 572 3793 610 carnem

2184 651 2432 725 factum,
2463 661 2519 706 et
2549 651 2915 707 indubitanter
2960 660 3241 716 tenemus,
3289 651 3383 707 sed
3434 649 3675 719 qualiter
3720 649 3787 703 sit

2186 730 2351 797 nulla
2384 743 2596 799 ratione
2626 743 2913 797 novimus:
2949 743 3023 798 ita
3075 752 3129 797 et
3164 730 3227 798 in
3280 742 3569 797 Dominico
3599 755 3784 821 sacra-

2204 842 2386 889 mento
2409 849 2626 906 panem,
2655 834 2745 905 qui
2771 834 3033 899 cernitur,
3064 833 3197 889 nihil
3221 833 3364 889 aliud
3394 848 3557 904 quam
3584 831 3783 886 Christi

2201 939 2441 991 carnem,
2496 940 2617 995 qua:
2647 924 2965 993 percipitur,
3018 923 3390 992 intelligimus,
3424 914 3650 976 tametsi
3685 922 3785 974 hoc

2201 1029 2398 1086 capere
2421 1013 2505 1068 vel
2544 1014 2814 1070 disserere
2859 1028 3213 1085 nequeamus.
3254 1012 3365 1066 [loc
3396 1018 3578 1066 autem
3610 1009 3787 1063 credi-

2200 1123 2353 1174 mus,
2374 1108 2629 1177 quoniam
2663 1108 2777 1178 ipsa
2808 1108 2996 1163 eadem
3031 1104 3224 1160 divina!
3264 1105 3485 1159 virtutis
3523 1101 3783 1162 efﬁcacia,

2199 1215 2319 1271 qua:
2346 1199 2636 1255 Douiinicre
2667 1197 3069 1254 incarnationis
3094 1197 3302 1252 exstitit
3336 1194 3597 1258 creatrix,
3622 1193 3783 1261 hujus

2199 1304 2413 1362 quoque
2439 1288 2679 1344 caelestis
2719 1288 3042 1343 sacramenti
3075 1303 3289 1357 semper
3332 1287 3403 1341 sit
3438 1284 3649 1347 eﬂicax,
3691 1300 3783 1354 po-

2201 1391 2429 1451 tensque
2484 1380 2780 1452 operatrix.
2834 1377 2929 1435 His
2972 1379 3141 1449 igitur
3184 1387 3405 1449 prapter
3447 1374 3778 1451 perﬁdorum

2203 1472 2565 1536 insolentiam,
2622 1471 2809 1543 paucis
2853 1468 3071 1540 quidem
3130 1483 3229 1539 pro
3274 1468 3352 1523 rei
3403 1464 3780 1537 magnitudine

2200 1563 2485 1633 minusque
2527 1562 2794 1619 accuratis
2838 1577 2937 1631 pro
2983 1558 3284 1629 majestatis
3338 1558 3643 1628 dignitate,
3687 1557 3780 1610 sed

2193 1651 2406 1708 libratis
2450 1662 2565 1706 rata
2624 1652 2871 1706 veritatis
2925 1652 3201 1721 aequitate,
3256 1648 3553 1720 praeliliatis
3602 1647 3781 1717 potius

2194 1760 2357 1815 quam
2408 1745 2698 1815 peroratis,
2737 1744 3096 1814 quorumdam
3149 1741 3509 1797 temeritatem
3561 1756 3776 1810 compc-

2195 1851 2371 1902 scere,
2414 1846 2576 1906 atque
2613 1835 2840 1891 habenis
2888 1834 3165 1890 modestia:
3212 1843 3517 1902 temperare
3553 1831 3777 1901 dignum

2196 1930 2346 1996 duxi,
2400 1939 2459 1984 ut
2501 1928 2913 1984 immoderatius
2953 1928 3120 1983 divini
3167 1925 3496 1983 sacramenti
3538 1923 3778 1977 altitudi-

2194 2038 2318 2078 nem
2347 2021 2679 2094 perscrutari
2724 2035 3061 2090 nequaquam
3097 2026 3449 2089 pnesumant,
3506 2032 3574 2069 ne
3603 2014 3773 2066 olli-n-

2194 2132 2308 2172 sam
2343 2118 2443 2172 sub
2469 2117 2691 2172 obtentu
2715 2115 2935 2185 pietatis
2970 2114 3272 2176 incurrant,
3296 2112 3497 2181 quibus
3530 2106 3778 2163 suﬁicere

2193 2207 2351 2261 debet
2380 2223 2512 2277 pura
2558 2207 2681 2263 ﬁdei
2724 2204 3065 2276 simplicitas,
3114 2211 3169 2257 et
3198 2202 3264 2256 ab
3294 2200 3536 2270 antiquis
3576 2199 3771 2253 tradita

2190 2306 2246 2351 et
2270 2297 2336 2352 ab
2364 2312 2555 2353 eorum
2582 2296 2988 2353 successoribus
3018 2295 3084 2349 ad
3110 2309 3209 2348 nos
3233 2306 3400 2362 usque
3424 2290 3772 2352 transmissa;

2191 2403 2293 2443 nec
2318 2389 2551 2443 humana
2587 2388 2639 2441 in
2670 2387 2865 2441 divinis
2886 2394 2971 2440 est
3001 2384 3255 2440 sectanda
3288 2381 3611 2451 loquacitas,
3636 2381 3782 2435 unde

2189 2491 2273 2536 est
2323 2480 2411 2534 illa
2442 2480 2582 2536 beati
2635 2478 2824 2533 Hilarii
2854 2477 3167 2533 sententia:
3205 2495 3223 2528 ι
3277 2474 3392 2529 Non
3426 2483 3533 2538 est,
3580 2473 3775 2542 inquit,

2188 2570 2426 2625 humano
2450 2579 2549 2624 aut
2573 2569 2754 2624 saeculi
2786 2584 2950 2624 sensu
2986 2569 3038 2622 in
3073 2568 3164 2621 Dei
3208 2565 3369 2621 rebus
3414 2563 3771 2635 loquendum,

2187 2678 2287 2718 nec
2310 2678 2406 2733 per
2438 2661 2965 2730 violentiam,atque
3007 2656 3404 2728 imprudentem
3432 2656 3781 2726 praedicatio-

2189 2772 2334 2822 nem,
2388 2756 2693 2812 cmlcstium
2749 2756 3030 2812 dictorum.
3072 2753 3288 2808 sanitati
3343 2752 3558 2814 alienae,
3611 2758 3777 2819 atque

2188 2852 2363 2923 impia:
2412 2851 2780 2923 intelligentia:
2818 2850 3187 2920 extorquenda
3229 2847 3565 2918 perversitas
3607 2852 3710 2900 est.
3749 2863 3771 2895 ι

2192 2940 2318 2996 Haec
2360 2939 2483 2995 illos
2535 2940 2753 3011 proprie
2802 2938 3071 2993 sententia
3119 2934 3338 3006 respicit
3388 2934 3479 3004 qui
3530 2932 3775 2987 humano

2188 3048 2352 3088 sensu
2398 3031 2710 3087 celestibns
2742 3030 2905 3113 dictis
2932 3027 3241 3107 violentiam
3273 3024 3512 3081 inferunt
3544 3032 3776 3079 extorta:

2188 3125 2509 3195 impietatis,
2555 3125 2684 3178 dum
2724 3122 2965 3178 divinum
2995 3128 3395 3175 sacramentum
3423 3126 3550 3173 nota
3584 3116 3775 3185 depra-

2186 3232 2313 3276 vant
2352 3219 2721 3292 turpitudinis.
3192 3258 3201 3265 .

2741 3311 2919 3367 PARS
2950 3308 3202 3364 SEXTA.

2258 3407 2419 3464 XVII.
2461 3406 2602 3463 Sunt
2655 3412 2836 3467 autem
2874 3401 3043 3457 multa
3095 3402 3149 3454 in
3203 3394 3537 3465 Scripturis,
3558 3408 3681 3463 qua?
3730 3391 3772 3445 si

2183 3498 2556 3555 vehementius
2587 3503 2911 3565 exaggerata
2941 3492 3162 3554 fuerint,
3199 3504 3302 3543 non
3351 3484 3509 3555 opem
3555 3480 3771 3546 salutis,

2183 3594 2280 3650 sed
2305 3606 2550 3647 errarent
2584 3588 2819 3644 inferant
2861 3584 3200 3657 perditionis,
3244 3596 3343 3635 nec
3374 3588 3572 3633 acuant
3616 3575 3772 3630 intel-

2181 3684 2409 3747 lectutn,
2444 3682 2540 3738 sed
2578 3680 2777 3736 mentis
2806 3676 3138 3732 confundant
3168 3673 3457 3733 intuitum;
3490 3669 3543 3723 in
3572 3668 3771 3738 quibus

2180 3779 2487 3851 quicunque
2533 3776 2748 3830 modum
2795 3777 3162 3830 reservarunt,
3196 3768 3249 3822 in
3298 3764 3543 3822 Ecclesia
3580 3762 3771 3817 catho-

2179 3872 2285 3927 lica
2315 3869 2700 3941 perstiterunt;
2741 3866 2831 3937 qui
2863 3880 2992 3922 vero
3026 3862 3449 3933 pereﬁluxerunt
3484 3858 3773 3914 obturata-

2178 3978 2284 4033 que
2318 3959 2594 4031 insipienti
2624 3958 2786 4014 corde
2833 3957 2886 4011 iu
2944 3953 3363 4025 cegitationibus
3399 3955 3769 4009 evanuerunt,

2180 4053 2234 4109 in
2287 4050 2620 4122 multiplices
2666 4047 2924 4103 falsitatis
2964 4045 3277 4116 phantasias
3328 4040 3564 4098 devoluti
3621 4049 3771 4103 sunt,

2181 4143 2687 4213 hmresiarchesqne
2732 4139 2931 4205 eﬁ‘ecti,
2981 4138 3275 4194 schismata
3320 4146 3376 4191 et
3422 4133 3781 4191 concisiones

496 4214 675 4286 ιιοείιο
692 4218 923 4287 pretium
948 4235 1125 4274 meum
1153 4231 1209 4277 et
1235 4223 1526 4290 manduco,
1557 4235 1613 4280 et
1638 4227 1784 4292 bibo,
1812 4236 1868 4283 et
1888 4244 2073 4301 erogo,

2189 4236 2401 4307 operati
2428 4244 2571 4292 sunt.
2620 4234 2756 4291 Cum
2802 4249 2954 4304 ergo,
2995 4242 3053 4287 ut
3088 4231 3290 4287 dictum
3326 4237 3431 4296 est,
3481 4228 3773 4282 innumera

495 4314 553 4358 et
578 4319 787 4377 pauper
808 4309 968 4378 cupio
993 4314 1226 4367 saturari
1270 4328 1454 4371 exeo.
1489 4336 1508 4368 ι
1560 4318 1700 4375 Ecce
1737 4320 2074 4393 Augustinus

495 4395 779 4453 Christum
803 4399 1004 4469 cogitat
1031 4403 1263 4469 pretium
1312 4420 1491 4471 suum,
1535 4422 1769 4479 eumque
1814 4426 1876 4466 se
1923 4427 2075 4466 man-

493 4486 693 4543 ducare
716 4489 868 4555 dicit,
898 4492 1025 4561 quia
1070 4492 1224 4550 cibus
1268 4505 1373 4563 est,
1405 4508 1463 4555 et
1505 4499 1712 4567 bibere,
1761 4503 1886 4572 quia
1916 4515 2074 4574 potus

491 4586 597 4642 est,
648 4588 836 4679 utpote
874 4597 1004 4639 caro
1050 4593 1117 4641 et.
1155 4588 1409 4659 sanguis,
1458 4599 1515 4645 et
1563 4607 1816 4664 erogare,
1864 4598 2075 4667 episco-

491 4682 594 4734 pus
634 4681 781 4724 enim
830 4681 972 4737 erat,
1014 4684 1068 4728 et
1096 4689 1386 4747 pauperem
1418 4695 1617 4751 cupere
1659 4698 1726 4738 ex
1764 4697 1830 4739 θο
1857 4694 2073 4739 satura-

493 4757 563 4823 ri,
590 4759 723 4828 quia
764 4761 983 4823 humilis
1030 4771 1308 4827 nesciebat
1348 4771 1629 4830 fastidium
1680 4776 1847 4831 divini
1883 4793 2070 4834 sacra-

490 4850 687 4906 menti.

560 4939 701 4997 XVI.
740 4942 869 5000 Haec
895 4945 1056 5018 igitur
1076 4949 1310 5009 ﬁdeliter
1343 4964 1398 5012 et
1422 4972 1557 5013 eum»
1597 4959 1846 5015 ﬁdelibus
1870 4913 2068 5017 creda-

489 5048 632 5101 mus,
684 5043 746 5089 nt
795 5038 1168 5095 manducando
1206 5042 1535 5103 Cruciﬁxnm
1583 5058 1643 5104 et
1676 5051 1912 5108 bibendo
1940 5068 2068 5109 cum

406 5150 409 5151 ν
487 5122 597 5179 illis
626 5126 895 5183 veraciter
920 5127 1310 5199 illuminemur,
1335 5152 1401 5192 ne
1426 5153 1524 5207 per
1544 5139 1916 5197 inlidelitatem
1941 5158 2064 5198 cum

488 5213 672 5282 impiis
692 5218 1134 5282 obtenebremur;
1155 5224 1269 5282 qui.
1287 5228 1533 5282 videlicet
1558 5233 1821 5282 inﬁdeles-
1852 5238 2061 5282 ωπηριςι

2178 4331 2291 4386 sint
2317 4329 2613 4400 Scriptura:
2652 4342 2823 4383 sacrae
2862 4325 3140 4397 mysteria,
3172 4338 3292 4394 qua
3322 4319 3563 4377 revereri
3593 4318 3775 4387 magis

2175 4421 2432 4478 mortales
2459 4436 2621 4491 quam
2649 4418 2879 4474 scrutari
2911 4425 3180 4487 oporteat,
3212 4428 3380 4485 pauca
3422 4411 3514 4467 hic
3546 4410 3614 4465 ad
3651 4409 3767 4463 evi-

2175 4512 2413 4567 dentiam
2442 4509 2518 4563 rei
2549 4510 2859 4574 subtexam,
2902 4522 2969 4562 ex
3007 4507 3205 4577 quibus
3233 4515 3318 4559 est
3364 4503 3454 4558 illa
3498 4503 3568 4555 de
3596 4514 3765 4553 voca-

2176 4604 2323 4659 tione
2373 4602 2641 4674 gentium,
2693 4598 3109 4668 Judaeorumque
3156 4594 3459 4667 repulsione
3510 4590 3762 4647 districta

2172 4693 2478 4750 divinitatis
2519 4706 2748 4749 censura
2797 4691 2852 4745 in
2897 4704 3213 4759 quamcum
3260 4684 3458 4739 Paulus
3482 4680 3771 4752 apostolus

2170 4784 2575 4856 opportunitate
2601 4780 2984 4852 disputationis
3019 4777 3350 4849 impegisset,
3404 4788 3502 4828 nec
3554 4786 3612 4825 se
3660 4785 3759 4822 ex-

2169 4874 2477 4947 plananda,
2526 4887 2699 4941 neque
2730 4885 2827 4925 nos
2866 4870 2945 4925 eis
2980 4867 3253 4937 capienda:
3283 4862 3527 4919 suﬁicere
3572 4858 3755 4929 pervi-

2168 4967 2368 5032 disset,
2393 4966 2445 5020 in
2476 4963 2891 5021 admirationem
2911 4960 3082 5014 divini
3106 4957 3300 5013 secreti
3328 4962 3548 5024 repente
3570 4966 3753 5004 erum.

2168 5076 2303 5130 peris
2329 5078 2357 5113 τ·
2395 5057 2461 5123 0,
2499 5057 2695 5131 inquit,
2748 5054 2971 5109 altitudo
3016 5054 3317 5108 divitiarum
3381 5047 3650 5119 sapientia
3703 5054 3753 5096 et

2166 5152 2398 5206 scientia:
2444 5149 2566 5213 Dei,
2595 5164 2751 5219 quam
2780 5143 3318 5214 incomprehensibilia
3368 5151 3488 5195 sunt
3539 5138 3755 5208 judicia

2166 5241 2283 5282 niue
2334 5249 2381 5282 οι
2408 5238 2795 5282 ἱηιορςιίηηὺὶίρι
2822 5238 2918 5282 m'm
2945 5236 3057 5282 eius
3077 5237 3097 5282 1
3137 5234 3241 5282 Sed
3269 5244 3323 5282 et
3366 5232 3491 5282 illud
3525 5231 3592 5282 de
3628 5228 3748 5282 alii-
