4006 5282
175 67 203 81 α

261 122 392 179 MOI

1182 113 1384 172 LIBER
1417 113 1505 172 DE
1529 112 1854 173 CORPORIS
1880 111 1966 169 ΕΤ
2003 106 2349 167 SANGUINE
2377 102 2672 164 CHRISTI.

3349 87 3526 162 ~itas

257 238 426 293 altera
456 238 674 308 quidem
715 249 842 306 pars
877 231 946 288 ad
988 233 1312 287 reddendam
1340 230 1702 301 quaestionum
1750 243 1841 286 soo
1867 240 1914 298 Α
1944 226 2067 280 bibit
2106 222 2624 294 meunﬁsanguinem
2653 221 2706 274 in
2750 234 2832 274 me
2877 225 3048 272 manet
3075 225 3122 272 et
3165 233 3259 287 ego
3298 219 3351 272 in
3390 219 3522 285 illo;

239 332 516 387 .Iutionem
547 331 806 400 paratior,
832 329 1001 383 altera
1027 341 1156 379 vero
1177 331 1256 379 est
1292 327 1360 378 ad
1392 323 1513 379 fidei
1554 322 1836 393 integrita-

259 434 366 480 tem
397 422 736 493 propensior.
770 419 876 474 Sed
916 434 979 472 ea
1012 418 1264 472 nimirum
1299 417 1462 472 evicit
1489 429 1608 484 qua:
1638 415 1706 468 ad
1747 427 1838 467 ver

235 513 473 568 ritatein
516 508 965 581 praeponderavit.
1007 507 1084 562 .lta
1127 522 1343 577 quoque
1383 515 1438 560 et
1484 499 1586 560 hoc
1615 504 1839 558 caeleste

232 613 656 659 sacramentum
704 599 1036 655 credendum
1078 607 1161 653 est
1215 599 1393 670 potius
1443 611 1608 668 quam
1659 589 1839 649 discu-

231 736 233 738 -
259 698 518 752 tiendum.
545 694 728 752 Satius
753 703 837 748 est
862 693 1008 747 enim
1035 691 1236 762 aliquid
1254 689 1660 745 dissimulanter
1687 688 1838 756 igno-

232 804 378 844 rare
425 803 590 858 quam
625 786 754 857 quid
801 786 1086 840 inhoneste
1137 786 1205 839 de
1253 797 1312 838 re
1375 791 1522 837 tanta
1583 779 1834 844 dilIinire,

231 883 377 950 .quia
414 880 654 936 inaltero
679 877 1109 949 prtesumptiouis
1137 885 1222 932 cst
1244 875 1562 947 periculum,
1588 873 1640 926 in
1663 873 1836 927 altero

253 971 563 1028 sobrietatis
603 969 886 1025 catholicae
933 967 1224 1039 negotium.
1262 966 1412 1022 [infe
1460 967 1650 1020 beatus
1697 963 1832 1036 Gre-

251 1061 439 1130 gorius
470 1063 582 1114 ait:
623 1073 643 1109 t
679 1058 833 1124 Quod
865 1070 932 1110 ex
976 1071 1115 1127 agno
1158 1064 1402 1110 remanet
1458 1054 1579 1124 igne
1615 1054 1837 1108 combu-

233 1149 450 1211 vrimus,
475 1148 688 1218 quando
716 1147 819 1203 hoc
849 1148 991 1216 quod
1023 1148 1089 1200 de
1118 1146 1379 1218 mysterio
1407 1145 1522 1213 ejus
1551 1151 1837 1215 penetrare

231 1255 360 1294 non
402 1253 709 1309 possumus,
767 1235 1020 1308 potestati
1058 1237 1231 1291 sancti
1280 1235 1517 1307 Spiritus
1561 1233 1838 1288 humiliter

253 1347 616 1395 reservamus,
648 1339 830 1384 utnon
851 1329 1086 1398 superbe
1105 1328 1232 1399 quis
1260 1329 1456 1382 audeat
1485 1327 1567 1382 vel
1591 1337 1838 1411 contem:

235 1437 402 1485 .tzere,
435 1423 518 1477 vel
542 1421 862 1477 denuntiare
889 1421 1034 1491 quod
1086 1434 1192 1474 non
1243 1419 1526 1490 intelligit,
1582 1421 1677 1474 sed
1733 1419 1836 1473 hoc

253 1513 359 1584 igni
399 1513 600 1580 tradat,
644 1528 768 1566 cum
811 1511 1039 1582 Spiritui
1081 1522 1271 1567 sancto
1317 1519 1575 1566 reservat.
1617 1529 1636 1561 ι
1697 1507 1837 1580 Ergo

249 1605 391 1674 quod
436 1604 551 1674 ipsa
596 1618 691 1674 per
717 1617 778 1658 se
818 1602 1028 1658 Veritas
1056 1603 1122 1658 de
1149 1617 1248 1658 suo
1283 1610 1474 1657 sancto
1501 1613 1731 1670 corpore
1778 1608 1832 1653 et
1867 1589 1908 1646 Β

249 1697 514 1768 sanguine
544 1694 807 1754 delinitit.
842 1696 1150 1760 credamus,
1181 1694 1458 1763 quodque,
1493 1701 1552 1746 ut
1584 1691 1839 1747 credere-

235 1798 358 1853 .tur,
393 1801 490 1856 per
518 1783 831 1855 Scripturas
861 1785 1118 1840 divinitus
1165 1785 1458 1856 inspiratas
1499 1781 1717 1854 dignata
1755 1791 1836 1836 ρει

249 1880 516 1942 revelare,
546 1877 911 1947 profiteantur.
949 1875 1032 1930 Ab
1079 1874 1162 1930 his
1195 1875 1338 1929 nulla
1387 1884 1636 1930 recenter
1664 1886 1839 1927 emcr-

251 1979 410 2036 9eute
458 1969 712 2038 opinione
751 1967 1088 2032 oscitantur;
1131 1981 1230 2038 pro
1280 1965 1364 2020 his
1401 1979 1619 2035 quoque
1651 1962 1837 2019 defen-

251 2059 444 2113 dendis
473 2061 732 2130 quidquid
771 2069 853 2116 est
885 2073 1088 2126 narum,
1116 2058 1376 2130 quidquid
1412 2058 1627 2122 virium,
1662 2056 1756 2111 sed
1782 2065 1840 2112 et

231 2149 571 2218 sanguinem
616 2150 817 2220 ipsum,
862 2151 908 2206 si
957 2149 1030 2204 ita
1081 2163 1170 2205 res
1197 2149 1386 2220 exigit,
1443 2146 1836 2217 impendamus.

250 2234 389 2292 Caro
429 2240 575 2295 enim
620 2254 747 2295 vera
784 2251 890 2309 est,
937 2254 1208 2310 verosque
1257 2239 1482 2309 sanguis
1515 2238 1716 2296 Christi
1751 2253 1838 2294 sa-

231 2343 341 2382 .cra
373 2329 644 2388 confectio
677 2332 832 2404 panis
860 2343 914 2390 et
939 2333 1070 2399 vini,
1099 2349 1219 2404 quae
1245 2347 1343 2403 per
1372 2332 1684 2403 mysterium
1712 2343 1837 2400 pas-

251 2420 459 2477 sionem
509 2425 677 2494 ips'us
732 2435 1090 2498 repraesentat
1142 2425 1441 2497 Unigeniti,
1482 2439 1690 2496 proque
1745 2439 1839 2481 su-

252 2519 514 2572 mentium
559 2517 784 2582 meritis,
822 2519 945 2575 vita:
988 2519 1048 2576 fit
1097 2521 1447 2591 stipendium,
1497 2521 1612 2576 sive
1646 2518 1835 2589 iudicii

253 2628 415 2669 causa
445 2611 693 2682 singulis.
726 2611 879 2678 Quod
917 2612 964 2668 si
1001 2612 1086 2669 his
1124 2613 1289 2670 altius
1328 2615 1458 2685 quid
1485 2629 1584 2684 pro
1616 2627 1836 2686 perver-

251 2703 410 2757 sitate
441 2701 828 2757 ebullientium
865 2701 1242 2758 hmreticorum
1296 2703 1588 2760 refellenda
1639 2703 1831 2774 depro-

251 2810 400 2849 mere
429 2808 654 2850 necesse
699 2793 792 2860 sit,
841 2794 1072 2866 idipsum
1113 2811 1329 2868 quoque
1379 2799 1596 2853 modum
1640 2799 1838 2866 proba-

250 2885 374 2940 bilis
403 2901 512 2941 non
560 2885 790 2941 excedat
842 2887 1090 2954 rationis,
1141 2902 1241 2945 nec
1285 2889 1460 2960 gratia
1508 2889 1838 2946 desutuatur

236 2975 579 3046 plenissima:
610 2977 933 3042 honestatis,
963 2993 1086 3034 nam
1111 2980 1178 3034 ad
1208 2996 1370 3037 omne
1397 2981 1662 3036 redundat
1699 2997 1838 3051 pra:-

233 3068 471 3139 stigium
520 3067 816 3140 impietatis
867 3068 1087 3140 aliquod
1124 3070 1218 3126 ubi
1253 3071 1520 3141 suspicari
1550 3072 1835 3142 vestigium

251 3158 624 3230 turpitudinis,
658 3159 748 3214 ubi
779 3160 1026 3216 consistit
1053 3161 1224 3216 forma
1253 3162 1554 3232 disciplina:
1577 3161 1833 3227 caelestis,

249 3252 526 3323 decusque
555 3253 1088 3310 totius‘sanctitatis.
1137 3253 1236 3310 IIis
1284 3254 1470 3326 itaque
1520 3270 1646 3326 qua:
1694 3254 1837 3311 dicta

243 3353 376 3399 sunt
432 3351 534 3414 pt‘o
591 3344 752 3399 modo
807 3352 1011 3400 exui-tie
1067 3345 1426 3416 quatstionis,
1481 3355 1538 3402 et
1591 3345 1839 3402 sufficere

245 3435 412 3491 credo
437 3435 541 3496 bis.
573 3435 771 3504 quibus
799 3437 999 3492 veritas
1021 3436 1220 3508 placet,
1255 3453 1361 3493 non
1399 3435 1683 3508 prolixitas
1714 3431 1840 3494 ora-

245 3527 475 3592 tionis:
515 3527 737 3596 cepiosa
788 3528 1090 3584 divinorum
1135 3531 1566 3586 testimoniorum
1615 3544 1683 3586 ex
1730 3529 1840 3586 Pa-

246 3629 390 3674 trum
422 3618 586 3673 dictis
623 3628 892 3689 excerpta
945 3621 1239 3676 adnectere
1271 3621 1518 3692 exempla
1555 3622 1834 3692 proposui,

245 3710 447 3780 quibus
519 3707 704 3765 ﬁdeles
771 3711 974 3781 quique
1050 3711 1263 3783 plenius
1338 3712 1613 3768 informati
1683 3727 1838 3767 suam

247 3810 507 3857 tueantur
532 3801 947 3866 credulitatem,
984 3813 1038 3857 et
1067 3803 1397 3874 perfidorum
1428 3805 1674 3861 securius
1714 3805 1840 3860 Stib-

243 3903 483 3950 sannent
537 3893 869 3964 impietatem
919 3903 975 3950 et
1018 3897 1262 3968 objectas
1317 3898 1497 3954 acrius
1539 3898 1842 3969 propellant

243 3988 600 4057 questiones.

315 4081 505 4136 XVIII.
551 4080 886 4154 Augustinus
905 4096 1036 4156 ergo
1069 4084 1146 4138 ait
1183 4083 1238 4139 in
1281 4083 1421 4140 libro
1455 4083 1793 4140 Psalmorum
1823 4103 1834 4140 :

250 4191 268 4225 ‹
318 4172 629 4230 Ferebatur
681 4175 736 4230 in
785 4172 1038 4232 manibus
1085 4163 1240 4232 suis:
1279 4176 1380 4233 hoc
1413 4191 1565 4241 vero,
1617 4175 1838 4244 fratres,

1943 321 2216 392 quomodo
2263 316 2591 373 intellecturi
2635 327 2823 370 sumus
2872 314 3010 369 hoc?
3059 310 3308 384 Nunquid
3357 315 3523 369 etiam

1942 412 2062 467 illos
2089 409 2385 482 poterimus
2407 408 2495 463 hic
2519 407 2769 478 accipere
2798 406 2864 460 de
2887 403 3082 477 quibus
3095 403 3526 474 dicitApostolus

1935 506 2084 576 quod
2102 503 2368 578 judicium
2399 501 2502 557 sibi
2533 500 2862 556 manducant
2891 509 2946 552 et
2967 495 3179 562 bibunt,
3209 513 3328 553 cum
3351 498 3525 567 ipsam

1939 613 2156 653 carnem
2195 595 2542 658 manducent,
2592 600 2651 648 et
2699 593 2872 663 ipsum
2926 590 3247 661 sanguinem
3302 589 3528 645 bibant?

1904 704 1908 706 '
1935 687 2189 758 Nunquid
2219 685 2409 750 Judas,
2439 683 2679 755 Magistri
2703 681 2956 738 venditor
2981 690 3034 735 et
3059 680 3288 734 traditor
3309 679 3525 750 impius,

1907 779 2186 850 quamvis
2235 777 2691 848 primumipsum
2749 774 3001 829 manibus
3049 773 3167 844 ejus
3214 771 3526 828 confectum

1909 875 2340 926 sacramentum
2374 869 2555 925 carnis
2577 875 2631 923 et
2655 866 2940 936 sanguinis
2982 864 3098 934 eius
3147 879 3269 920 cum
3312 865 3528 920 ereteris

1937 960 2236 1033 discipulis,
2261 960 2402 1014 sicut
2431 957 2674 1029 apertius
2696 956 2870 1012 Lucas
2893 955 3226 1029 evangelista
3248 953 3526 1019 declarat,

1939 1056 2286 1111 manducaret
2313 1062 2370 1109 et
2396 1053 2630 1117 biberet,
2657 1051 2858 1106 mansit
2889 1051 2944 1104 in
2967 1050 3206 1112 Christo.
3235 1049 3332 1102 aut
3369 1047 3529 1102 Chri-

1938 1146 2054 1205 ειυς
2085 1149 2137 1204 in
2169 1144 2272 1203 eo?
2307 1166 2325 1200 ι
2360 1145 2492 1202 Item
2537 1143 2874 1216 Augustinus
2905 1160 2918 1196 :
2971 1158 2990 1193 t
3037 1141 3150 1196 I'Ioc
3183 1151 3352 1197 totum
3382 1139 3528 1209 quod

1910 1239 2206 1296 'D'ominus
2241 1235 2308 1293 de
2334 1251 2498 1292 carne
2541 1245 2597 1290 et
2639 1234 2901 1306 sanguine
2951 1249 3048 1289 suo
3091 1232 3303 1287 locutus
3329 1241 3431 1299 est,
3473 1243 3530 1288 et

1911 1330 2086 1402 quod
2108 1331 2233 1386 hinc
2256 1327 2423 1382 voluit
2457 1327 2684 1396 intelligi
2713 1324 3132 1380 manducatorcs
3163 1333 3216 1378 ct
3253 1333 3528 1394 potatores

1939 1424 2118 1480 carnis
2158 1432 2211 1476 ct
2266 1420 2546 1491 sanguinis
2595 1419 2718 1484 sui;
2770 1418 2873 1473 huc
2921 1433 3054 1490 ergo
3106 1427 3275 1472 totmn
3326 1418 3395 1472 ad
3425 1418 3529 1472 hoc

1942 1516 2096 1569 nobis
2127 1513 2303 1579 valeat
2331 1521 2392 1566 ut
2443 1525 2662 1566 carnem
2710 1519 2762 1565 et
2809 1508 3126 1580 sanguinem
3161 1508 3365 1563 Christi
3418 1525 3526 1562 non

1935 1609 2162 1664 edamus
2191 1615 2400 1661 tantum
2434 1605 2486 1658 in
2511 1602 2872 1668 sacratiieiitti,
2903 1600 3046 1671 quod
3086 1610 3140 1656 et
3185 1600 3338 1654 multi
3377 1599 3527 1666 mali,

1938 1695 2033 1752 sed
2060 1708 2228 1765 usque
2268 1693 2336 1749 ad
2361 1692 2586 1762 spiritus
2621 1691 3088 1763 participationem
3133 1691 3530 1746 manducemus

1910 1795 1917 1826 έ
1937 1796 1993 1842 et
2019 1786 2293 1850 bibamus,
2317 1792 2373 1838 ut
2406 1783 2458 1840 in
2491 1782 2702 1838 Domini
2727 1797 2958 1851 corpore
2985 1788 3244 1852 tanquam
3283 1781 3529 1835 membra

1909 1891 2278 1942 'maneamus,
2336 1885 2392 1931 et
2441 1891 2546 1930 non
2612 1872 3046 1930 scandalizentur
3094 1872 3310 1928 etiamsi
3375 1870 3530 1927 multi

1938 1971 2101 2027 modo
2131 1970 2414 2026 nobiscum
2448 1969 2776 2023 manducent
2817 1977 2872 2023 et
2919 1967 3107 2022 bibant
3159 1967 3533 2038 temporaliter

1911 2068 2304 2125 sacramenta,
2335 2057 2426 2129 qui
2459 2057 2738 2114 habebunt
2773 2055 2962 2112 initiae
3002 2066 3293 2112 tormenta.
3331 2076 3354 2111 ι
3397 2055 3531 2113 Item

1914 2167 2100 2223 supra
2133 2169 2146 2206 :
2185 2171 2203 2204 ι
2243 2150 2356 2222 Ego
2385 2168 2499 2206 sum
2525 2151 2678 2220 panis
2708 2151 2874 2216 vivus,
2899 2151 2990 2221 qui
3013 2149 3078 2203 de
3100 2150 3228 2204 cwlo
3259 2150 3530 2205 descendi.

1917 2245 2016 2300 De
2060 2243 2202 2299 cutio
2248 2243 2525 2300 descendit
2573 2252 2630 2296 et
2683 2255 2912 2308 inanna;
2967 2241 3064 2296 sed
3115 2255 3310 2296 manna
3340 2228 3532 2296 umbra

1923 2341 2074 2400 crat,
2107 2337 2207 2391 ista
2245 2335 2450 2392 veritas
2486 2347 2610 2391 cst:
2651 2333 2708 2389 Si
2742 2334 2858 2405 quis
2883 2332 3282 2387 manducauerit
3323 2349 3390 2388 ex
3434 2335 3534 2389 hoc

1895 2485 1900 2492 ,
1937 2443 2095 2497 pane,
2116 2426 2243 2481 eive!
2272 2426 2328 2481 in
2351 2435 2628 2489 attritum,
2669 2435 2716 2480 et
2739 2425 2892 2494 panis
2919 2439 3194 2495 quemrego
3217 2421 3379 2490 dabo,
3407 2441 3533 2480 caro

1917 2533 2053 2574 mea
2075 2528 2148 2573 est
2185 2534 2279 2588 pro
2309 2517 2492 2571 mundi
2533 2518 2659 2571 vita.
2709 2515 2824 2572 Hoc
2867 2515 3087 2587 quando
3117 2524 3342 2586 caperet
3379 2529 3533 2580 caro,

1917 2614 2080 2683 .quod
2106 2612 2456 2683 dixitpanem
2487 2611 2744 2668 carnem?
2791 2621 3023 2668 vocatur
3061 2625 3190 2666 caro
3232 2610 3376 2679 quod
3427 2625 3536 2664 non

1921 2706 2080 2776 'capit
2116 2719 2268 2770 caro,
2312 2714 2369 2760 et
2399 2707 2520 2761 ideo
2552 2704 2726 2773 magis
2763 2719 2872 2760 non
2919 2703 3065 2774 capit
3091 2717 3243 2768 caro,
3273 2691 3403 2773 quia
3438 2688 3538 2756 vo-

1935 2805 2094 2852 catur
2118 2812 2247 2852 caro
2275 2813 2290 2851 :
2327 2797 2431 2852 hoc
2455 2797 2600 2852 enim
2629 2798 3052 2861 exhorruerunt,
3091 2795 3194 2851 hoc
3223 2810 3332 2850 non
3376 2807 3537 2866 posse

1919 2890 2058 2946 tieri
2085 2898 2428 2960 putaverunt.
2478 2910 2498 2942 ι
2541 2889 2608 2945 Et
2653 2890 2815 2961 paulo
2866 2888 3164 2959 superius:
3225 2907 3244 2941 ι
3281 2887 3537 2958 Nunquid

1941 2999 2045 3038 non
2068 2984 2358 3050 morimur,
2393 2979 2615 3049 fratres,
2658 2983 2752 3053 qui
2803 2983 3196 3039 manducamus
3243 2997 3438 3052 panem
3469 2983 3538 3036 dc

1921 3073 2079 3129 .caalo
2114 3073 2576 3128 descendentem?
2617 3073 2697 3128 sic
2748 3082 2876 3135 sunt
2928 3073 3004 3126 illi
3039 3071 3236 3128 mortui
3277 3072 3538 3140 quemad-

1940 3165 2158 3221 modum
2196 3180 2294 3221 nos
2325 3180 2515 3220 smnus
2560 3164 2830 3220 morituri.
2878 3163 3017 3218 Nam
3063 3162 3433 3234 temporaliter
3478 3171 3538 3216 et

1925 3259 1996 3314 .hi
2029 3258 2272 3330 profecto
2298 3257 2601 3314 morientur
2633 3257 2724 3327 qni
2748 3257 3024 3312 Christum
3052 3245 3412 3321 mandaram,
3437 3255 3536 3310 sed

1919 3352 2125 3407 .vivent
2151 3351 2204 3405 in
2236 3360 2523 3410 a'ternum.
2547 3351 2673 3420 quia
2702 3348 2967 3406 Christus
2995 3357 3080 3406 est
3105 3349 3214 3404 vita
3237 3355 3464 3403 aiterna.
3488 3361 3535 3402 λι

1926 3447 1998 3501 In
2028 3444 2260 3500 eodem:
2299 3462 2318 3496 ι
2350 3441 2490 3498 Caro
2523 3458 2627 3497 non
2661 3445 2882 3511 prodest
2903 3441 3215 3513 quidquam,
3263 3442 3404 3496 sicut
3457 3438 3540 3495 illi

1943 3537 2348 3602 intellexerunt,
2401 3550 2507 3591 non
2555 3537 2695 3592 sicut
2745 3536 2954 3606 egodo
2995 3535 3061 3590 ad
3096 3533 3541 3590 manducandum.

1940 3645 2162 3687 carnem
2204 3644 2398 3685 meam.
2438 3627 2625 3684 sltem
2661 3644 2676 3681 :
2708 3645 2727 3680 ο
2770 3626 2946 3682 Vitam
2983 3627 3151 3684 habes
3177 3634 3436 3682 aeternam
3481 3623 3537 3679 in

1944 3723 2344 3779 ministratione
2379 3721 2628 3792 corporis
2656 3731 2710 3777 et
2737 3720 3030 3792 Sanguinis
3067 3721 3172 3787 tui;
3204 3728 3260 3774 et
3285 3735 3386 3774 nos
3419 3729 3542 3773 cre—

1923 3817 2121 3873 edimus
2144 3824 2199 3871 et
2227 3815 2582 3888 cognovimus
2613 3815 2738 3884 quia
2784 3823 2836 3868 tu
2870 3828 2928 3869 es
2959 3811 3212 3868 Christus
3239 3809 3410 3866 Filius
3441 3809 3535 3866 Dei

1942 3908 2075 3972 vivi,
2104 3906 2158 3961 id
2189 3915 2273 3961 est
2309 3908 2437 3977 quia
2466 3906 2580 3977 ipse
2602 3906 2713 3960 vita
2761 3911 2968 3960 aeterna
3005 3914 3063 3958 tu
3097 3917 3176 3967 es,
3212 3910 3266 3958 et
3299 3916 3405 3956 non
3438 3901 3538 3956 das

1943 3999 1998 4054 in
2024 4013 2190 4055 carne
2211 4007 2268 4054 et
2303 3998 2566 4070 sanguine
2592 4010 2681 4051 tuo
2711 3995 2812 4051 nisi
2855 3995 2999 4065 quod
3029 4008 3109 4049 es.
3142 4012 3160 4045 ι
3193 3991 3291 4047 llic
3320 4002 3539 4046 sterco-

1927 4088 2185 4143 ‘rianistte
2221 4089 2445 4142 audiant
2485 4087 2618 4157 quid
2669 4095 2852 4141 tantus
2885 4085 3081 4140 doctor
3113 4084 3301 4139 dicat:
3360 4101 3378 4135 ι
3417 4080 3537 4135 Non

1943 4179 2042 4236 das
2071 4180 2126 4234 in
2167 4193 2334 4234 carne
2359 4187 2412 4234 et
2440 4179 2705 4250 sanguine
2732 4184 2848 4244 tuo,
2882 4177 2986 4232 nisi
3033 4175 3178 4248 quod
3209 4191 3286 4230 es.
3339 4194 3358 4227 ι
3414 4173 3541 4229 Vita

246 4268 523 4337 quomodo
555 4279 738 4339 posset
762 4267 878 4324 fieri
910 4269 963 4323 in
999 4269 1216 4324 homine
1237 4270 1358 4339 quis
1380 4268 1678 4340 intelliget?
1705 4269 1839 4337 Quis
1873 4287 1922 4348 υ
1943 4273 2294 4343 mlerna‘ipse
2337 4289 2420 4339 es,
2468 4283 2522 4328 et
2555 4273 2716 4328 vitam
2748 4281 3030 4335 (uernam,
3082 4268 3226 4341 quod
3275 4281 3358 4333 es,
3406 4268 3534 4332 das‘;

246 4361 391 4414 enim
435 4368 691 4431 portatur
740 4362 792 4416 in
836 4363 1090 4418 manibus
1118 4361 1269 4418 suis?
1325 4360 1572 4417 Manibus
1610 4363 1838 4418 aliorum

247 4459 428 4520 potest
472 4452 680 4522 portari
729 4453 908 4518 homo,
949 4453 1201 4508 manibus
1230 4455 1343 4508 suis
1378 4469 1537 4509 nemo
1569 4464 1838 4524 portatur.

247 4542 534 4610 Quomodo
566 4544 899 4616 intelligatur
929 4547 982 4600 in
1013 4547 1130 4620 ipso
1159 4547 1326 4602 David
1366 4548 1661 4603 secundum
1695 4549 1839 4604 litte-

253 4655 362 4692 iain
408 4654 518 4694 non
568 4639 904 4707 invenimus;
948 4639 1001 4695 in
1031 4639 1249 4695 Christo
1293 4650 1472 4695 autem
1511 4641 1836 4696 inveninms.

251 4727 555 4784 Ferebatur
584 4730 727 4784 enim
775 4731 1025 4786 Christus
1074 4729 1127 4786 in
1173 4730 1423 4787 manibus
1471 4730 1586 4787 suis
1625 4733 1840 4802 quando

252 4819 642 4875 contrahendans
697 4822 868 4892 ipsum
919 4837 1117 4892 corpus
1169 4837 1351 4887 suum,
1407 4821 1480 4877 ait
1527 4839 1541 4876 :
1598 4823 1715 4879 Hoc
1762 4833 1838 4879 est

254 4927 441 4981 corpus
478 4927 672 4966 meum.
705 4913 1002 4971 Ferebatur
1047 4913 1177 4973 illud
1217 4930 1418 4984 corpus
1477 4915 1532 4970 in
1591 4920 1840 4975 manibus

252 4999 380 5064 suis,
408 5001 524 5071 ipsa
555 5011 636 5056 est
661 5003 930 5060 humilitas
972 5001 1184 5064 Domini
1237 5005 1414 5061 nostri
1442 5004 1570 5062 Jesu
1613 5005 1836 5076 Christi,

252 5091 365 5162 ipsa
416 5094 643 5192 moultum
681 5095 1094 5155 commendatur
1142 5098 1478 5158 hominibus.
1518 5121 1537 5153 ι
1589 5102 1658 5159 Et
1718 5115 1840 5177 post

250 5199 414 5252 pauca
462 5185 579 5238 ait:
631 5205 648 5238 ι
687 5189 1047 5247 Accesserant
1079 5194 1230 5248 enini
1263 5188 1331 5243 ad
1370 5189 1518 5246 illum
1570 5193 1740 5253 Juilmi
1782 5205 1840 5250 ut

1944 4381 2051 4421 non
2097 4375 2364 4428 stercora,
2393 4364 2538 4434 quod
2578 4376 2800 4426 nones,
2854 4363 2910 4417 in
2951 4375 3122 4418 carne
3158 4369 3212 4415 et
3249 4358 3535 4430 sanguine,

1941 4455 2034 4527 qui
2060 4472 2130 4512 ex
2162 4464 2216 4511 te
2237 4463 2340 4512 est.
2373 4455 2507 4510 Item
2535 4454 2870 4526 Augustinus
2895 4471 2909 4508 :
2935 4471 2956 4505 ί
2994 4452 3234 4509 Locutus
3261 4457 3345 4505 est
3376 4448 3536 4504 nobis

1945 4551 2204 4607 Dominus
2227 4549 2295 4605 de
2322 4563 2550 4618 corpore
2577 4555 2636 4602 et
2664 4547 2932 4619 sanguine
2950 4529 3318 4616 suo,quorum
3339 4555 3542 4611 corpus

1933 4644 2300 4705 dixitescam,
2322 4649 2375 4695 et
2395 4639 2725 4710 sanguinem
2743 4648 2954 4708 potum.
2969 4636 3386 4695 Saerameutum
3407 4631 3542 4688 lide-

1942 4736 2073 4792 lium
2094 4743 2396 4809 agnoscunt
2427 4730 2631 4788 ﬁdeles.
2657 4729 2794 4786 Cum
2817 4744 2947 4800 ergo
2959 4726 3356 4789 commendans
3379 4723 3550 4780 talem

1943 4842 2124 4884 escam
2150 4833 2208 4881 et
2240 4823 2402 4879 talem
2439 4829 2651 4890 potum,
2677 4820 2886 4876 diceret
2914 4837 2927 4874 :
2953 4821 3084 4881 Nisi
3106 4815 3554 4875 manducaui-itis

1943 4935 2154 4975 carnem
2179 4930 2370 4978 meam,
2403 4921 2452 4964 et
2479 4897 2711 4966 biberitis
2737 4911 3056 4982 sanguinem
3078 4915 3274 4971 meum,
3319 4919 3425 4958 non
3456 4905 3559 4959 ha-

1944 5013 2124 5069 bebitis
2170 5009 2329 5065 vitam
2364 5005 2418 5058 in
2465 5005 2608 5060 vobis
2629 5017 2652 5057 :
2679 5012 2734 5060 et
2764 5006 2866 5061 hoc
2895 5004 3110 5066 diceret
3139 5003 3209 5058 de
3242 4997 3388 5061 Vita.
3426 4997 3560 5066 quis

1943 5107 2080 5164 alius
2110 5117 2275 5178 quam
2309 5099 2421 5169 ipsa
2458 5097 2619 5153 Vita?
2641 5098 2746 5153 erit
2793 5108 2980 5155 autem
3023 5103 3104 5160 illi
3139 5089 3347 5153 homini
3379 5103 3566 5158 mors,

1943 5212 2049 5251 non
2081 5198 2218 5258 vita,
2267 5189 2357 5260 qui
2404 5190 2726 5245 mendacem
2759 5195 3043 5262 putaverit
3083 5192 3282 5248 vitam.
3312 5178 3566 5237 Scanda-
