4006 5282
514 297 651 353 1105

1585 292 1886 358 υυιιλδοι
1938 291 2228 348 ΑιιΒΑτιδ
2267 288 2748 348 TliOARNENSlS

3629 299 3767 355 HM

521 429 574 474 et
649 414 800 470 vobis
857 413 1110 469 daturus?
1159 410 1214 466 Si
1265 427 1385 480 ergo
1435 411 1668 464 ri'lct‘itt's
1715 408 1878 463 ﬁlium
1928 409 2096 463 homi-
2123 416 2169 472 Α
2201 410 2374 477 ipsum
2408 407 2679 461 hominem
2718 406 2895 461 videat
2929 406 3159 463 artiﬁcio
3189 408 3426 465 cmlestis
3465 411 3770 469 miscricor-

514 511 594 564 nis
631 507 991 562 ascendentem
1026 505 1116 557 ubi
1153 513 1261 556 erat
1300 501 1482 572 prius?
1507 501 1644 568 Quid
1671 501 1771 554 sibi
1809 501 1922 553 vult
1951 500 2092 554 hoc?

512 603 673 657 Certe
709 599 798 669 qui
849 597 1056 667 integer
1101 594 1396 650 ascendere
1445 593 1651 662 potuit,
1697 591 1944 646 consumi
1985 605 2090 644 non

515 691 706 762 potuit.
743 690 882 760 Ergo
913 688 979 742 de
1013 701 1240 756 corpore
1273 693 1328 740 et
1358 686 1617 754 sanguine
1650 697 1748 737 suo
1769 682 1916 736 dedit
1941 681 2094 736 nobis

514 784 784 839 salubrem
817 780 1186 840 refectionem.
1211 787 1266 832 et
1303 786 1410 831 tam
1443 790 1693 844 magnam
1728 773 1962 827 breviter
1984 771 2093 826 sol-

475 897 480 901 λ
515 879 592 930 vit
624 876 691 931 de
726 890 822 929 sua
862 873 1173 943 integritate
1199 872 1579 942 quaestionem.
1617 887 1635 921 1
1671 869 1801 922 item
1841 866 2098 936 Augusti-

514 985 617 1024 nus
642 986 656 1024 :
703 987 721 1019 ι
758 966 850 1021 llle
879 977 1002 1021 tuus
1026 965 1218 1020 unicus
1245 962 1476 1019 redemit
1499 976 1583 1015 me
1614 959 1877 1029 sanguine
1900 946 2014 1017 Suo.
2044 966 2098 1014 et

512 1061 690 1130 cogito
712 1059 944 1129 pretium
979 1073 1159 1112 meum
1200 1065 1256 1112 et
1288 1057 1575 1116 manduco,
1601 1062 1656 1109 et
1678 1052 1821 1108 bibo.
1861 1069 1881 1103 ι
1915 1050 2095 1106 Alibi:

519 1170 538 1202 i
596 1150 760 1206 Recte
800 1163 930 1220 ergo
973 1148 1074 1203 sub
1127 1162 1219 1202 ara
1273 1157 1542 1218 martyres
1575 1142 1930 1207 collocantur,
1973 1139 2099 1209 quia

513 1258 678 1314 super
723 1258 872 1297 aram
921 1241 1171 1296 Christus
1213 1240 1528 1309 imponitur,
1580 1246 1728 1292 recte
1758 1235 1858 1290 sub
1908 1233 2100 1288 altario

511 1334 780 1403 justorum
830 1331 1069 1386 membra
1127 1329 1490 1405 requiescunt,
1537 1327 1664 1397 quia
1722 1339 1887 1396 super
1932 1322 2103 1377 altare

516 1439 714 1494 corpus
765 1423 974 1479 Domini
1026 1419 1284 1488 oﬁertur;
1340 1437 1442 1477 nec
1490 1419 1760 1475 immerito
1795 1415 1922 1478 .iilic
1968 1412 2101 1485 justi

517 1513 754 1568 vindicta
779 1513 1060 1582 sanguinis
1096 1513 1424 1583 postulatur,
1459 1510 1548 1566 ιιι.ιί
1586 1510 1752 1566 etiam
1788 1521 1885 1578 pro
1913 1519 2102 1576 pecca-

520 1605 726 1661 toribus
751 1606 950 1662 Christi
981 1607 1200 1678 sanguis
1223 1605 1532 1660 eﬁ'unditur.
1579 1623 1600 1658 ›

592 1698 731 1754 XIX.
797 1699 1034 1755 Sanctus
1085 1715 1300 1770 quoque
1346 1699 1579 1770 Cyrilius
1641 1711 1762 1773 cum
1835 1710 1900 1749 ει.
1963 1693 2103 1764 apud

2167 496 2296 552 ;dia:
2327 495 2524 552 Christi
2555 513 2753 566 corpus
2779 496 3049 552 eﬁ‘ectum.
3083 517 3102 550 ι
3133 499 3197 553 Ει
3227 501 3420 556 beatus
3441 500 3768 572 Gregorius:

2204 606 2227 642 ο
2256 590 2546 654 Debemus,
2579 591 2774 660 inquit,
2809 606 3048 660 przcsens
3075 593 3352 658 sascolum,
3378 594 3463 648 vel
3487 597 3614 664 quia
3644 612 3773 651 con-

2164 721 2168 726 .
2196 680 2451 748 spicimus
2479 681 2785 748 deﬂuxisse,
2831 691 2940 736 tota
2967 691 3148 737 mente
3176 693 3527 739 contemnere
3556 694 3612 739 et
3635 701 3774 755 quo-

2165 771 2400 824 .tidiaua
2455 771 2565 826 Deo
2627 771 2989 842 lacrymarum
3061 773 3327 830 sacriﬁcia
3357 815 3373 840 ,
3429 776 3777 845 quotidiana

2198 863 2380 918 carnis
2424 861 2540 930 ejus
2591 872 2646 918 et
2699 863 2979 934 sanguinis
3028 864 3234 920 hostias
3286 865 3590 922 immolare.
3651 866 3779 922 llaec

2173 968 2430 1023 namque
2479 954 2824 1024 singulariter
2863 955 2999 1026 [al.,
3053 957 3385 1029 singularis]
3434 958 3657 1013 victima
3709 959 3779 1015 ab

2199 1052 2402 1098 aeterno
2457 1043 2678 1098 interitu
2735 1044 2973 1098 animam
3022 1044 3234 1111 salvat,
3286 1062 3406 1116 qua:
3436 1046 3583 1101 illam
3623 1047 3781 1102 nobis

2200 1143 2427 1190 mortem
2457 1131 2729 1205 Unigeniti
2753 1149 2848 1205 per
2895 1137 3205 1206 mysterium
3255 1147 3636 1208 repraesentat;
3690 1139 3782 1207 qui

2202 1221 2330 1278 licet
2356 1240 2582 1294 surgens
2612 1241 2643 1279 a
2676 1226 2902 1282 mortuis
2921 1225 3030 1296 jam
3077 1243 3182 1282 non
3223 1229 3454 1282 moritur
3477 1269 3494 1294 ,
3530 1237 3587 1283 et
3634 1243 3783 1282 mors

2201 1319 2250 1374 ei
2293 1320 2435 1375 ultra
2482 1337 2591 1376 non
2623 1321 3013 1386 dominabitur,
3047 1331 3225 1377 tamen
3260 1322 3313 1376 in
3342 1323 3522 1392 seipse
3555 1321 3784 1376 immor-

2203 1414 2384 1468 taliter
2417 1424 2580 1484 atque
2609 1414 3094 1485 incorruptibiliter
3121 1415 3311 1471 vivens
3329 1455 3344 1482 ,
3369 1431 3471 1487 pro
3499 1416 3656 1471 nobis
3691 1417 3786 1470 ite-

2205 1520 2323 1559 rum
2379 1505 2433 1559 in
2477 1507 2579 1561 hoc
2609 1505 2880 1577 mysterio
2901 1520 3068 1560 sacra:
3095 1505 3385 1562 oblationis
3431 1506 3780 1570 immolatur;

2203 1600 2320 1665 ejus
2344 1597 2542 1668 quippe
2573 1598 2644 1652 ibi
2675 1613 2876 1668 corpus
2905 1597 3163 1662 sumitur,
3205 1597 3324 1668 ejus
3358 1613 3490 1652 caro
3517 1599 3572 1653 in
3605 1598 3785 1669 populi

2203 1679 2380 1741 Salute
2407 1689 2662 1756 partitur,
2692 1688 2809 1758 ejus
2837 1688 3080 1757 sanguis,
3125 1702 3228 1742 non
3257 1686 3368 1756 jam
3399 1689 3453 1742 in
3483 1705 3680 1742 manus
3707 1689 3786 1757 in-

491 1790 792 1870 ‘Ephesum
839 1791 1226 1862 congregatis;
1269 1807 1288 1841 ι
1324 1771 1751 1852 Αιιηυηιίιιηιθεξ
1793 1786 1987 1856 inquit,
2026 1800 2102 1839 se.
2135 1771 2178 1831 Β
2207 1777 2467 1844 ﬁdelium,
2498 1779 2592 1834 sed
2632 1778 2684 1834 in
2721 1793 2818 1834 ora
2851 1777 3088 1832 ﬁdelium
3121 1777 3385 1832 funditur.
3428 1796 3447 1831 ι
3483 1777 3542 1832 in
3572 1777 3786 1847 dialogo

489 1885 752 1950 cundum
781 1899 998 1941 carnem
1046 1892 1276 1939 mortem
1315 1885 1574 1954 nnigcnili
1626 1883 1743 1938 Filii
1787 1883 1907 1946 Dei,
1941 1881 1992 1936 id
2021 1888 2105 1936 est

518 1975 646 2032 Jesu
699 1976 934 2041 Christi,
983 1985 1039 2032 et
1079 1977 1538 2033 resurrectionem
1565 1977 1684 2046 ejus
1727 1985 1783 2030 et
1834 1975 1888 2030 in
1939 1971 2107 2029 ccelos

521 2066 897 2122 ascensionem
943 2068 1148 2137 pariter
1200 2066 1524 2122 conﬁtentes
1573 2065 1912 2122 incruentam
1967 2060 2108 2116 cele-

522 2158 746 2213 bramus
775 2157 829 2213 in
872 2157 1122 2214 ecclesiis
1151 2156 1404 2214 sacrificii
1448 2155 1786 2213 servitutem.
1819 2153 1910 2210 Sic
1938 2154 2106 2210 etiam

520 2253 590 2310 ad
620 2252 874 2325 mysticas
900 2252 1302 2308 henedictiones
1348 2250 1678 2316 accedimus,
1706 2259 1761 2309 et
1801 2247 2110 2306 sanctiﬁca-

524 2359 666 2410 mur,
698 2343 992 2415 participes
1020 2343 1191 2399 sancti
1223 2342 1468 2413 corporis
1498 2350 1552 2397 et
1584 2341 1802 2412 pretiosi
1829 2337 2109 2410 sanguinis

520 2436 769 2502 Christi,
800 2437 1044 2493 omnium
1077 2447 1325 2493 nostrum
1355 2434 1720 2506 redemptoris
1754 2432 1963 2500 eﬂ'ecti;
1999 2445 2108 2487 non

493 2546 584 2593 ut
645 2553 987 2594 communem
1033 2553 1258 2593 carnem
1287 2537 1709 2609 participantes,
1741 2535 1884 2605 quod
1936 2533 2102 2590 absit!

493 2671 498 2681 .
523 2643 626 2685 nec
649 2637 709 2684 ut
733 2627 835 2683 viri
865 2628 1188 2685 sanctilicati
1214 2637 1269 2684 et
1293 2627 1470 2684 Verbo
1492 2625 1789 2694 conjuncti,
1814 2623 2109 2681 secundum

523 2718 842 2790 dignitatem
887 2719 1116 2775 unitatis
1140 2759 1155 2786 ,
1193 2727 1288 2774 aut
1336 2719 1479 2774 sicut
1519 2717 1754 2772 divinam
1785 2713 2112 2786 possidentis

528 2811 956 2878 habitationem,
1007 2811 1102 2868 sed
1154 2826 1283 2866 vere
1331 2809 1738 2866 viviﬁcatricem
1769 2850 1784 2875 ,
1834 2817 1890 2864 et
1942 2808 2111 2878 ipsius

534 2902 698 2957 Verbi
748 2903 1022 2974 propriam
1075 2903 1295 2958 iactant.
1330 2921 1350 2956 ι
1403 2903 1466 2956 Et
1511 2886 1703 2957 beatus
1747 2901 2108 2957 Ambrosius:

533 3011 555 3046 α
607 2993 745 3048 Caro
772 3011 885 3049 mea
914 3012 1026 3050 vere
1055 3004 1129 3050 est
1170 2995 1346 3060 cibus,
1395 3004 1444 3049 et
1479 2994 1692 3064 sanguis
1723 3009 1866 3048 meus
1895 3009 2010 3048 vere
2035 3002 2110 3048 est

529 3102 702 3160 potus.
735 3089 963 3148 Carnem
997 3089 1184 3154 audis,
1213 3088 1528 3159 sanguinem
1561 3087 1746 3153 audis,
1786 3087 1978 3142 mortis
2005 3086 2111 3141 Do-

531 3183 746 3240 minicze
788 3189 1126 3240 sacramenta
1174 3182 1505 3252 cognoscis,
1525 3179 1795 3236 divinitati
1823 3179 2118 3236 calumnia-

533 3276 646 3331 ris?
691 3275 829 3330 Audi
860 3274 1128 3330 dicentem
1158 3273 1332 3345 ipsum
1364 3287 1379 3327 :
1415 3272 1641 3342 Spiritus
1671 3289 1882 3356 carnem
1919 3281 1967 3328 et
1996 3288 2116 3328 ossa

534 3385 641 3423 non
687 3368 859 3445 habet.
912 3365 1024 3424 Nos
1064 3377 1246 3422 autem
1293 3367 1721 3438 quotiescunque
1774 3373 2116 3421 sacramenta

533 3459 834 3526 sumimus,
865 3474 986 3529 quae
1034 3473 1134 3530 per
1163 3466 1370 3514 sancta:
1414 3458 1676 3513 orationis
1703 3457 2022 3530 mysterium
2063 3455 2118 3510 in

533 3569 758 3610 carnem
800 3552 1256 3625 lransﬁgurantur
1284 3559 1337 3607 et
1377 3551 1715 3624 sanguinem,
1747 3557 1980 3606 mortem
2008 3547 2118 3604 Do-

535 3645 669 3701 mini
699 3645 1112 3714 annuntiamus.
1150 3664 1168 3696 1
1204 3643 1321 3699 liuc
1359 3658 1528 3714 usque
1561 3643 1751 3698 beatus
1779 3640 2115 3706 Ambrosius,

537 3733 592 3788 in
628 3732 781 3802 cujus
811 3732 990 3787 verbis
1021 3729 1476 3786 considerandum
1509 3736 1593 3784 est
1635 3728 1779 3798 quod
1814 3728 1892 3784 ait
1933 3742 2117 3782 sacra-

538 3831 750 3888 menta,
791 3822 843 3877 id
871 3830 958 3878 est
998 3837 1194 3893 panem
1219 3831 1274 3876 et
1303 3820 1508 3886 vinum,
1545 3836 1668 3890 quae
1695 3837 1726 3874 a
1752 3819 2014 3875 sacranda
2044 3818 2120 3873 ita

510 3913 645 3972 .dici
674 3920 842 3983 patet,
877 3928 974 3983 per
1017 3919 1221 3968 sancta:
1249 3910 1511 3967 orationis
1543 3909 1858 3982 mysterium
1908 3909 1962 3963 in
2005 3923 2121 3963 car-

531 3987 1077 4074 nemtransﬁgurari
1105 4011 1162 4058 et
1197 4001 1546 4072 sanguinem,
1577 4001 1702 4070 quia
1749 3999 1988 4071 profecto
2012 4041 2027 4065 ,
2063 4007 2122 4054 ut

539 4109 706 4164 supra
743 4093 818 4149 ait
847 4093 1182 4166 Augustinus
1217 4111 1230 4148 :
1262 4112 1281 4146 ι
1313 4093 1444 4149 Post
1469 4093 1632 4148 verba
1659 4107 1830 4148 sacra:
1860 4090 2123 4147 orationis

539 4205 648 4244 non
673 4186 786 4258 jam
815 4188 972 4257 panis
1001 4195 1056 4242 et
1087 4187 1308 4251 vinum,
1358 4194 1418 4240 ut
1461 4193 1586 4255 pote
1636 4184 1688 4238 in
1736 4183 1881 4238 aliud
1912 4182 2120 4237 εωΙιιειί

537 4282 744 4346 virtute
795 4280 1056 4336 translata
1078 4321 1094 4347 ,
1142 4267 1236 4337 sed
1264 4295 1395 4336 caro
1416 4287 1471 4333 et
1499 4277 1719 4348 sanguis
1752 4275 1954 4332 Christi
1998 4291 2121 4331 cre-

538 4376 765 4440 duntur,
801 4389 896 4444 per
935 4389 1055 4444 qua:
1087 4382 1316 4429 mortem
1347 4371 1465 4441 ejus
1491 4370 1898 4426 annuntiamus.
1931 4387 1952 4421 ι
1988 4367 2125 4422 ilinc

537 4467 703 4522 etiam
731 4466 994 4523 Eusebius
1016 4465 1325 4521 Emissenus
1355 4482 1367 4518 :
1400 4482 1418 4516 ι
1453 4463 1712 4527 Recedat,
1743 4462 1938 4531 inquit,
1962 4475 2121 4516 onme
2151 4485 2200 4547 ο

540 4559 878 4616 inlidelitatis
918 4558 1260 4630 ambiguum,
1315 4555 1749 4628 quandoquidem
1788 4555 1880 4624 qui
1928 4560 2118 4607 auctor

537 4658 626 4705 est
651 4649 912 4716 muneris,
943 4649 1056 4721 ipse
1097 4648 1259 4704 etiam
1301 4655 1358 4703 et
1399 4645 1551 4702 testis
1577 4653 1660 4699 est
1687 4644 1952 4698 veritatis.
1979 4640 2117 4702 Nam

542 4741 829 4798 invisibilis
875 4743 1131 4797 sacerdos
1175 4739 1416 4797 visibiles
1463 4747 1743 4794 creaturas
1792 4735 1846 4791 in
1874 4735 2120 4791 substan-

543 4831 675 4888 tiam
706 4819 1027 4902 corporiset
1055 4830 1335 4902 sanguinis
1371 4829 1490 4904 sui,
1536 4827 1702 4886 verbo
1746 4841 1878 4891 suo,
1913 4833 2122 4881 secreta

542 4931 814 4994 potestate
835 4923 1105 4978 convertit
1131 4921 1204 4976 ita
1225 4921 1452 4988 dicens:
1481 4920 1710 4990 Accipite
1746 4928 1794 4973 et
1823 4918 1996 4984 edite;
2027 4917 2126 4972 hoc

543 5025 622 5072 est
645 5030 835 5085 corpus
857 5030 1060 5079 meum,
1089 5019 1145 5068 et
1191 5011 1620 5067 sanctiﬁcatione
1656 5009 1880 5078 repetita
1913 4997 1926 5061 ἑ
1971 5008 2125 5062 Acci-

546 5108 651 5140 ..διο
693 5114 739 5140 nl
787 5103 972 5140 Ιιίιιὸιοο
1016 5104 1096 5140 Ιιὸρ
1126 5112 1198 5140 ac!
1234 5103 1444 5140 cnnnno’c
1472 5118 1613 5140 "sane
1672 5101 1810 5140 Ῐεῖιοση
1842 5099 1906 5140 ml
1941 5107 2126 5140 nulum

2141 3142 2457 3232 Cputatur.
2524 3179 2544 3212 ο
2603 3157 2742 3212 Beda
2807 3152 3156 3210 nihilominus
3208 3165 3223 3206 :

2206 1883 2421 1940 quoque
2480 1869 2663 1925 Basilii
2712 1877 2876 1940 atque
2922 1867 3149 1924 Joannis
3199 1869 3271 1924 ita
3321 1867 3525 1939 legitur
3563 1883 3590 1922 ε
3633 1887 3653 1921 ι
3690 1867 3790 1936 Qui

2205 1975 2420 2016 sursum
2457 1961 2608 2016 sedet
2654 1960 2706 2015 iu
2755 1961 2978 2016 dextera
3031 1958 3243 2026 Patris,
3308 1959 3566 2014 sacriﬁcii
3608 1968 3787 2014 tamen

2180 2059 2451 2120 tempore
2477 2049 2756 2105 hominum
2787 2049 3038 2105 manibus
3073 2049 3403 2112 continetur,
3450 2048 3791 2118 traditurque

2185 2143 2444 2199 .lambere
2473 2141 2812 2212 cupientibus
2843 2155 2988 2217 eum,
3021 2148 3076 2195 et
3105 2155 3228 2195 eum
3256 2139 3612 2194 veneratione
3639 2153 3789 2193 eom-

2208 2236 2390 2309 plecti.
2429 2255 2447 2289 ›
2480 2236 2586 2291 Sed
2607 2243 2662 2290 et
2693 2234 2884 2308 doctor
2907 2232 3058 2288 Leo:
3095 2251 3113 2283 ι
3149 2232 3322 2297 Tunc,
3372 2231 3487 2297 ait,
3537 2229 3793 2285 sacriﬁcii

2209 2329 2407 2386 munda
2435 2338 2517 2384 est
2545 2327 2776 2394 oblatio,
2812 2334 2867 2382 et
2909 2325 3296 2381 misericordia:
3323 2331 3508 2379 sancta
3539 2321 3792 2394 largitio,

2187 2419 2428 2490 quando
2460 2419 2516 2473 hi
2547 2417 2640 2488 qui
2669 2416 2772 2472 ista
2805 2415 3136 2487 dependunt,
3165 2413 3293 2484 Quid
3321 2420 3621 2482 operentur
3647 2410 3796 2465 intel-

2210 2511 2416 2582 ligunt,
2463 2524 2585 2564 nam
2619 2506 2835 2570 dicente
2865 2505 3092 2562 Domino
3127 2525 3142 2560 :
3184 2503 3304 2560 Nisi
3355 2502 3796 2559 mandarat-eritis

2190 2617 2419 2658 .carnem
2444 2598 2572 2653 Filii
2599 2599 2824 2657 hominis
2857 2607 2904 2652 et
2936 2597 3164 2653 biberitis
3193 2597 3306 2668 ejus
3332 2597 3667 2666 sanguinem,
3696 2610 3795 2647 non

2211 2695 2462 2750 habebitis
2487 2695 2647 2747 vitam
2674 2692 2729 2745 in
2758 2690 2928 2756 vobis,
2958 2689 3036 2746 sic
3058 2704 3226 2744 sacrae
3253 2703 3454 2744 mensae
3487 2686 3796 2742 communi-

2197 2805 2338 2845 -care
2363 2788 2606 2852 debetis,
2642 2796 2700 2840 ut
2735 2784 2868 2840 nihil
2897 2798 3120 2855 prorsus
3162 2783 3228 2838 de
3276 2783 3503 2836 veritate
3556 2777 3799 2848 corporis

2212 2881 2413 2939 Christi
2451 2889 2504 2937 et
2544 2878 2823 2950 sanguinis
2850 2876 3159 2948 ambigatis.
3192 2870 3304 2928 lioc
3331 2873 3474 2928 enim
3507 2887 3606 2926 ore
3634 2870 3798 2924 sumi-

2192 2986 2325 3043 -tur,
2364 2974 2508 3045 quod
2563 2973 2667 3028 ﬁde
2714 2969 2986 3033 creditur,
3017 2978 3074 3023 et
3119 2967 3320 3022 frustra
3366 2965 3434 3018 ab
3487 2963 3596 3018 illis
3649 2977 3798 3014 amnt

2216 3067 2592 3140 reSpondetur,
2627 3079 2655 3119 a
2681 3063 2875 3134 quibus
2903 3069 3096 3117 contra
3124 3059 3176 3115 id
3203 3057 3344 3128 quod
3373 3055 3658 3125 accipitur,
3696 3053 3803 3106 dis-

3287 3169 3305 3202 r
3354 3147 3608 3216 Quotidie
3622 3187 3637 3209 ,
3695 3146 3800 3210 ait,

2217 3252 2466 3308 Christus
2496 3249 2634 3304 tollit
2661 3255 2903 3319 peccata'
2926 3243 3144 3310 mundi,
3179 3242 3428 3310 lavatque
3462 3255 3564 3294 nos
3600 3253 3632 3292 a
3674 3252 3803 3308 pec-

2218 3347 2354 3401 catis
2387 3343 2586 3400 nostris
2618 3343 2669 3396 in
2703 3339 2969 3410 sanguine
3010 3352 3139 3403 suo;
3183 3351 3304 3391 cum
3352 3333 3592 3402 ejusdem
3631 3331 3804 3385 beata

2218 3436 2489 3510 passionis
2542 3431 2810 3489 memoria.
2854 3429 3179 3500 replicatur,
3213 3441 3335 3480 cum
3389 3423 3546 3494 panis
3595 3431 3652 3478 et
3696 3422 3805 3476 vini

2219 3509 2468 3584 creatura
2512 3527 2565 3580 in
2615 3529 3014 3579 sacramentum
3064 3517 3242 3573 carnis
3281 3523 3336 3570 et
3376 3512 3658 3583 sanguinis
3692 3509 3807 3578 ejus

2220 3619 2474 3680 ineﬁ‘ain
2505 3617 2737 3690 Spiritus
2764 3610 3194 3669 sanctiﬁcatione
3231 3605 3590 3668 transfertur;
3621 3603 3806 3671 siCque

2221 3728 2418 3784 corpus
2450 3720 2505 3766 et
2543 3707 2766 3781 sanguis
2795 3705 2936 3760 illius
2961 3718 3067 3758 non
3096 3701 3236 3756 inter
3277 3696 3570 3753 inﬁdelium
3618 3707 3807 3748 manus

2223 3807 2290 3861 ad
2324 3783 2627 3875 perniciem
2683 3799 2920 3870 ipsorum
2966 3791 3247 3855 occiditur,
3279 3798 3332 3845 et
3379 3785 3668 3848 funditur,
3717 3783 3806 3875 sed

2225 3874 2460 3951 ﬁdelium
2490 3908 2586 3948 ore
2611 3904 2762 3946 suam
2792 3887 3023 3944 sumitur
3049 3885 3101 3939 in
3127 3881 3376 3939 salutem.
3415 3899 3434 3933 ›
3481 3874 3807 3932 Paschasius

2225 4002 2392 4042 vero:
2429 4002 2447 4037 ι
2479 3983 2618 4053 Ergo
2669 3994 2792 4036 cum
2845 3975 3104 4032 Dominus
3147 3972 3225 4027 ait
3266 3985 3282 4024 :
3334 3967 3452 4023 Hoc
3499 3977 3575 4021 est
3622 3980 3806 4034 corpus

2224 4092 2430 4141 meum;
2459 4085 2508 4129 et
2540 4073 2624 4127 hic
2651 4081 2724 4126 est
2751 4067 2966 4138 sanguis
2993 4079 3160 4128 meus,
3188 4075 3292 4117 non
3324 4058 3484 4113 aliam
3514 4065 3649 4126 puto
3680 4053 3808 4108 insi-

2225 4165 2419 4223 nuasse
2455 4179 2673 4220 carnem
2704 4175 2864 4232 quam
2896 4156 3189 4228 propriam,
3217 4160 3270 4208 et
3302 4166 3423 4221 qua:
3465 4157 3592 4203 nata
3634 4156 3722 4201 est
3745 4145 3810 4198 de

2225 4260 2391 4315 Maria
2415 4258 2654 4329 Virgine,
2685 4264 2741 4310 et
2762 4251 3015 4325 pependit
3037 4245 3363 4310 in'cruceni;
3390 4257 3565 4311 neque
3593 4239 3811 4310 sangui-

2226 4368 2348 4407 nem
2371 4351 2534 4406 alium
2563 4362 2724 4419 quam
2746 4345 2839 4416 qui
2871 4343 3022 4398 fusus
3044 4349 3127 4396 est
3152 4355 3222 4394 ex
3247 4336 3436 4399 latere,
3465 4343 3520 4388 et
3549 4343 3678 4385 tunc
3698 4337 3813 4384 erat

2227 4447 2279 4501 in
2313 4444 2528 4516 proprio
2557 4453 2802 4510 corpore.
2847 4454 2864 4488 ι
2915 4431 3220 4489 Amalarius
3247 4428 3412 4484 etiam
3453 4425 3507 4480 in
3535 4424 3675 4478 libro
3699 4419 3812 4476 Dﬁi~

2223 4515 2481 4595 ciorum:
2516 4555 2533 4586 t
2567 4533 2622 4588 ln
2665 4545 2834 4603 pane,
2879 4527 3084 4596 inquit,
3131 4519 3526 4580 commendavit
3568 4515 3813 4572 Christus

2223 4643 2420 4697 corpus
2447 4640 2602 4680 suum
2627 4664 2640 4688 ,
2681 4631 2735 4677 et
2761 4620 2814 4674 in
2842 4617 3012 4674 calice
3040 4615 3355 4685 sanguinem
3380 4624 3539 4666 suum
3575 4607 3764 4664 dicens
3796 4636 3810 4672 ε

2222 4717 2507 4782 Comedite,
2537 4725 2584 4770 et
2633 4713 2818 4777 bibite;
2859 4711 2973 4765 lucc
3007 4708 3412 4777 quotiescunque
3454 4700 3712 4770 feceritis,
3757 4697 3814 4750 in

2223 4812 2326 4868 mei
2358 4809 2663 4865 memoriam
2689 4804 2914 4877 facietis.
2947 4801 3046 4856 Hic
3087 4798 3356 4854 credimus
3393 4802 3644 4848 naturam
3689 4789 3816 4844 sim-

2224 4905 2419 4978 plicem
2449 4901 2603 4973 panis
2629 4908 2683 4954 et
2711 4898 2818 4952 vini
2848 4893 2983 4948 verti
3014 4893 3066 4948 in
3105 4899 3352 4945 naturam
3399 4881 3813 4945 rationabilem,

2227 4975 2436 5054 scilicet
2461 4991 2704 5060 corporis
2739 4999 2794 5042 et
2834 4983 3114 5054 sanguinis
3143 4978 3373 5035 Domini.
3416 4975 3551 5030 Mira
3581 4988 3715 5042 ergo
3763 4982 3817 5025 et

2229 5103 2426 5140 magna
2452 5094 2536 5140 est
2576 5092 2775 5138 sancta:
2813 5077 3064 5134 Ecclesia:
3094 5075 3260 5138 ﬁdes,
3303 5086 3423 5140 quae
3448 5065 3819 5138 spiritualihus
