4006 5282
253 363 390 422 “05

1035 378 1050 392 ’
1128 364 1328 421 LIBER
1361 366 1448 423 DE
1485 366 1808 424 CORPOllE
1844 369 1930 426 ET
1971 367 2319 426 SANGUINE
2353 365 2648 424 CHRISTI.

3370 361 3511 422 H06

249 473 405 530 bilem
445 471 705 530 Dotninici
737 473 978 544 corporis
1005 482 1058 531 et
1089 478 1370 548 sanguinis
1410 479 1678 533 demuzari
1730 496 1826 534 na-
1854 469 1898 523 Α
1925 483 2072 539 dere.
2111 502 2129 536 ι
2156 483 2295 538 Ecce
2318 481 2445 552 quid
2471 479 2814 551 supradictus
2837 478 2938 546 vir,
2970 486 3187 537 secutus
3208 493 3304 549 per
3328 480 3511 535 omnia

248 574 458 630 turam;
499 568 638 634 quod
681 566 826 620 enim
866 567 921 620 in
973 565 1116 621 aliud
1159 569 1408 634 vertitur,
1455 568 1597 624 aliud
1639 570 1822 640 procul

246 655 404 710 dubio
430 671 591 726 quam
623 655 829 720 fuerat,
857 666 1081 727 repente
1127 659 1388 726 habetur;
1417 661 1639 730 proinde
1666 663 1822 733 panis

243 755 297 801 et
327 747 507 801 vinum
534 763 652 817 qum
675 748 992 811 deferuntur
1011 749 1076 804 ad
1099 749 1289 817 altare,
1317 753 1605 823 verbisque
1627 769 1822 809 conse-

243 846 466 892 crantur
514 838 680 894 divini
734 840 1032 895 sacerdotis
1091 856 1217 908 ore,
1275 843 1376 899 etsi
1434 845 1719 900 videantur
1766 845 1820 900 in

243 927 406 996 priori
428 944 531 999 qua
561 929 877 985 deferuntur
898 933 1102 1001 specie,
1134 933 1332 989 Christi
1367 945 1541 991 tamen
1565 935 1820 1007 substan-

245 1019 446 1076 tialiter
474 1037 671 1094 corpus
691 1031 747 1078 et
767 1026 991 1096 sanguis
1020 1028 1313 1082 creduntur
1335 1044 1486 1096 esse,
1516 1045 1621 1084 non
1644 1030 1821 1099 aliqua

199 1155 204 1164 .
244 1109 634 1180 phantasmatis
674 1129 845 1168 vacua
909 1115 1181 1184 imagine,
1227 1118 1320 1172 sed
1371 1120 1822 1188 quemadmodum

245 1201 434 1255 beatus
457 1202 795 1269 Ambrosius,
826 1213 883 1260 et
911 1215 1132 1261 sanctus
1160 1205 1450 1279 Gregorius
1471 1217 1633 1279 atque
1657 1209 1824 1264 Euse-

243 1290 384 1358 bius,
415 1302 746 1365 sanctusque
769 1295 908 1350 Beda
940 1298 1052 1353 suis
1077 1297 1290 1368 scriptis
1317 1300 1606 1365 tradidere,
1639 1315 1823 1355 rerum

246 1383 619 1452 temporalium
649 1385 701 1438 in
729 1385 994 1440 viviticam
1026 1387 1205 1442 carnis
1228 1396 1283 1442 et
1316 1388 1592 1460 sanguinis
1614 1404 1824 1444 veram-

241 1485 346 1540 que
393 1480 641 1527 naturam
688 1473 902 1530 caelitus
951 1477 1279 1544 mutatione;
1327 1478 1479 1547 cujus
1516 1479 1821 1549 perceptio,

240 1575 360 1631 quae
385 1560 447 1616 ﬁt
485 1562 719 1618 humano
755 1581 879 1629 ore,
911 1581 1032 1620 cum
1071 1567 1315 1623 interiori
1350 1584 1513 1625 sensu
1555 1570 1826 1626 mediante

240 1655 366 1720 ﬁde,
389 1656 600 1712 animas
630 1658 916 1714 sinceriter
951 1659 1329 1730 accipientium
1360 1669 1417 1717 et
1456 1677 1683 1732 corpora
1709 1677 1824 1718 ete-

239 1747 358 1804 lesti
403 1760 660 1806 venustat
697 1751 1092 1808 benedictione.
1139 1752 1245 1810 Sed
1289 1754 1406 1810 iure
1436 1756 1649 1812 nonnisi
1677 1771 1708 1811 a
1739 1771 1825 1811 sa-

237 1843 451 1911 pienter
481 1843 730 1899 lidelibus
767 1845 910 1900 valet
932 1845 998 1901 ad
1027 1845 1288 1917 liquidum
1337 1848 1488 1918 capi,
1531 1849 1728 1919 quibus
1769 1847 1823 1904 id

192 2000 195 2001 7
235 1930 378 1987 Deus
416 1949 514 2004 per
558 1933 817 2006 Spiritum
869 1945 1118 1992 sanctum
1152 1953 1336 2004 suum,
1366 1939 1484 1995 sine
1511 1954 1618 2010 quo
1665 1955 1824 1996 nemo

234 2030 412 2092 potest
452 2023 663 2092 dicere,
710 2025 965 2082 Dominus
1003 2027 1161 2095 Iesu,
1212 2030 1496 2100 dignanter
1528 2031 1822 2099 revelavit,

234 2111 462 2182 gloriam
507 2129 721 2185 quoque
754 2117 862 2171 Deo
907 2116 1137 2174 ﬁdeliter
1166 2119 1419 2176 dantibus
1442 2161 1458 2187 ,
1489 2137 1554 2177 ac
1597 2121 1827 2179 ﬁrmiter

232 2205 584 2263 credentibus
607 2248 622 2274 ,
666 2209 791 2280 quia
822 2210 1182 2282 quodcunque
1214 2212 1444 2268 voluerit
1487 2221 1664 2282 potest
1699 2230 1830 2285 ope-

233 2298 342 2352 rari
401 2297 580 2353 ﬁdelis
631 2299 746 2370 ipse
797 2301 851 2354 in
903 2300 1155 2358 omnibus
1207 2303 1389 2359 verbis
1431 2303 1576 2369 suis,
1618 2305 1711 2376 qui
1770 2313 1828 2359 ut

231 2388 498 2458 scr'iptnm
541 2396 625 2444 est
662 2407 675 2444 :
733 2388 889 2444 Facit
927 2405 1142 2462 magna,
1171 2400 1226 2445 et
1257 2391 1662 2459 inscrutabilia;
1707 2408 1828 2463 qttze

231 2478 276 2535 si
307 2494 417 2535 non
439 2478 619 2534 valent
642 2479 706 2534 ad
743 2480 958 2551 plenum
990 2467 1396 2554 comprehendi,
1420 2483 1618 2541 debent
1649 2483 1824 2541 tamen

229 2569 349 2625 sine
393 2569 578 2639 aliquo
623 2572 822 2627 mentis
866 2573 1120 2646 scrupulo
1163 2575 1310 2630 credi
1355 2577 1423 2630 ad
1461 2575 1752 2649 integrum.

301 2659 426 2716 XX.
457 2660 607 2718 Licet
652 2662 819 2735 igitur
865 2663 980 2720 bare
1035 2664 1284 2722 suﬁicere
1316 2667 1672 2736 crediderim,
1706 2686 1826 2740 qua:

229 2751 297 2810 de
323 2751 674 2822 antiquorum
702 2753 924 2809 Patrum
951 2755 1112 2812 dictis
1135 2768 1390 2827 excerpta
1421 2757 1509 2812 hic
1529 2773 1826 2829 congerere

227 2845 459 2910 curavi,
492 2845 669 2902 adhuc
714 2854 894 2902 tamen
947 2848 1076 2918 quid
1131 2848 1422 2907 Fulbertus
1473 2851 1826 2910 Carnotensis

225 2937 558 3008 episcopus,
587 2938 757 2994 nostri
799 2941 1057 3010 temporis
1101 2957 1267 3014 sagax
1307 2928 1363 3000 et
1417 2959 1545 3000 acer
1587 2946 1820 3016 philoso-

223 3028 400 3097 phus,
429 3029 528 3084 sed
569 3028 691 3094 ﬁde,
723 3031 850 3097 vita,
878 3032 1226 3103 moribusque
1251 3035 1639 3106 discipulorum
1669 3038 1825 3092 Chri-
1883 3057 1886 3059 λ

224 3116 296 3173 sti
324 3117 657 3189 discipulus,
689 3135 753 3175 ac
779 3121 844 3176 de
869 3136 926 3176 re
949 3123 1182 3179 senserit
1214 3134 1268 3180 et
1297 3125 1576 3196 scripserit
1603 3129 1819 3182 adnota-

227 3217 342 3264 tum
371 3211 458 3266 ire
487 3227 592 3268 non
625 3211 893 3284 ingratum
925 3214 1200 3273 duximus.
1242 3217 1335 3274 Ait
1374 3221 1519 3275 enim
1557 3220 1699 3276 inter
1722 3237 1826 3277 ca:-

224 3310 390 3358 tera:
435 3321 456 3355 ι
488 3303 625 3371 Quia
669 3320 868 3377 corpus
917 3323 1075 3362 suum
1125 3310 1267 3380 quod
1312 3312 1478 3368 semel
1527 3329 1628 3383 pro
1670 3314 1826 3370 nobis

222 3395 482 3453 Christus
510 3395 773 3453 oﬁ'erebat
815 3400 868 3454 in
921 3401 1174 3470 pretium,
1219 3403 1378 3473 paulo
1412 3412 1534 3474 post
1561 3420 1592 3459 a
1625 3407 1824 3462 nostris

223 3487 438 3545 visibus
461 3488 772 3546 sublaturus
793 3500 912 3547 erat
936 3491 990 3546 in
1013 3493 1232 3560 ctelum,
1267 3510 1334 3549 ne
1359 3495 1554 3551 sublati
1581 3498 1825 3568 corporis

221 3578 613 3635 lraudaremur
633 3581 884 3651 prasenti
914 3583 1233 3650 munimine,
1257 3587 1500 3656 corporis
1528 3596 1582 3643 et
1609 3589 1825 3660 sangui-

222 3677 312 3728 nis
365 3672 454 3728 sui
507 3673 701 3745 pignus
749 3673 992 3731 salutare
1035 3676 1190 3732 nobis
1233 3679 1481 3748 reliquit;
1511 3696 1616 3735 non
1645 3659 1824 3737 inanis

221 3761 478 3834 mysterii
499 3763 822 3834 symbolum,
846 3766 940 3822 sed
966 3767 1381 3842 compaginante
1413 3769 1618 3841 Spiritu
1635 3769 1823 3828 sancto

221 3867 430 3924 corpus
467 3851 594 3925 [al.,
627 3852 874 3928 Christi].
907 3853 1126 3921 Verum,
1153 3859 1297 3928 quod
1325 3861 1632 3929 quatidiana
1664 3874 1825 3916 vene-

222 3945 488 4010 ratione,
531 3945 632 3999 sub
675 3945 902 4001 visibilis
937 3956 1201 4003 creatura:
1233 3948 1439 4017 forma,
1479 3949 1825 4008 invisibiliter

217 4037 402 4093 virtus
433 4046 641 4092 secreta
686 4037 740 4093 in
784 4039 926 4096 acris
975 4026 1306 4098 solemnibus
1335 4051 1609 4115 operatur.
1643 4064 1662 4097 ι
1693 4043 1825 4101 Post

218 4152 400 4208 pauca
433 4154 450 4190 :
500 4155 518 4188 ι
553 4135 690 4205 Quid
715 4148 894 4194 autem
920 4139 1201 4211 indignum
1232 4142 1342 4198 Deo
1359 4141 1592 4210 judicari
1621 4153 1820 4214 potest,

218 4228 314 4297 qui
356 4236 576 4283 uterum
612 4229 845 4298 Virginis
881 4230 1079 4297 subiit,
1119 4231 1166 4287 si
1211 4233 1513 4302 virginibus
1557 4235 1824 4290 creaturis

217 4323 577 4382 infunditur?
599 4323 719 4397 [al.,
747 4323 888 4398 quaa]
913 4333 968 4381 et
986 4325 1112 4381 licet
1141 4325 1402 4398 simplicis
1429 4336 1636 4383 naturae
1663 4308 1823 4398 paulo

216 4427 352 4475 ante
426 4419 724 4488 praeferant
793 4419 1114 4490 imaginem,
1184 4420 1527 4490 postmodum
1581 4420 1824 4477 ccelestis

1925 576 2113 632 Patres
2135 576 2410 646 antiquos,
2443 573 2662 628 dixerit.
2695 571 2818 627 [late
2856 586 3070 641 quoque
3113 581 3239 626 sunt
3286 568 3513 626 Joannis

1923 667 2296 740 Chrysostomi
2347 666 2414 722 de
2455 681 2515 720 re
2539 664 2730 720 eadem
2763 678 2961 719 sensa:
3010 681 3028 713 ι
3071 660 3315 724 Praesens
3344 660 3514 717 ludas

1883 821 1888 826 ,
1923 769 2064 826 erat,
2099 759 2316 815 Christo
2343 759 2557 813 dicente
2583 772 2598 811 :
2633 755 2734 810 llic
2762 765 2834 810 est
2866 753 3080 825 sanguis
3108 771 3273 820 metu,
3306 755 3394 824 qui
3417 770 3513 824 pro

1882 844 1888 850 ’
1923 853 2101 908 multis
2130 853 2447 922 eﬂundeIur.
2479 850 2595 914 Dic,
2628 847 2787 914 Jtnla,
2819 863 2979 917 quem
3021 846 3237 917 triginta
3273 845 3514 900 denariis

1925 943 2258 999 vendidisti?
2302 941 2409 998 Iste
2445 950 2529 996 est
2560 941 2802 1010 sanguis,
2836 939 2902 993 de
2927 953 3033 1008 qno
3069 953 3191 991 cum
3220 935 3514 1010 Pharisaeis

1882 1021 1884 1024 ’
1924 1049 2080 1112 pacta
2121 1034 2410 1118 fecistiaO
2457 1007 2687 1092 Christi-
2721 1007 3126 1088 misericOrdia!
3161 1028 3204 1084 0
3239 1026 3390 1118 Iuda:
3421 1007 3516 1080 ιιέ-

1925 1129 2161 1186 ntential
2198 1127 2292 1184 llle
2339 1141 2464 1181 eum
2507 1124 2729 1195 triginta
2768 1120 3006 1178 denariis
3044 1117 3422 1191 paciscebatur
3453 1120 3517 1168 ut

1925 1221 2207 1288 venderet,
2257 1228 2310 1272 et
2349 1219 2598 1275 Christus
2628 1217 2676 1271 ei
2717 1214 3033 1286 sanguinem
3074 1226 3234 1282 quem
3271 1207 3516 1263 vendidit

1925 1312 2209 1368 olferebat.
2246 1331 2264 1365 ι
2299 1311 2364 1366 Et
2391 1319 2513 1380 post
2538 1307 2833 1363 nonnulla:
2869 1325 2887 1357 ι
2919 1304 3070 1360 Nunc
3093 1302 3182 1356 ille
3206 1307 3403 1371 praesto
3428 1304 3513 1353 est.

1924 1403 2195 1468 Christus,
2243 1403 2334 1472 qui
2388 1401 2534 1456 illam
2583 1398 2796 1455 ornavit
2849 1411 3123 1460 mensam;
3151 1394 3265 1463 ipse
3294 1404 3511 1462 quoque

1924 1503 2212 1549 consecrat
2241 1494 2420 1548 istam.
2466 1491 2580 1546 Non
2619 1489 2767 1544 enim
2793 1487 2954 1544 homo
2980 1494 3086 1552 est,
3117 1485 3206 1555 qui
3239 1482 3513 1554 proposita

1925 1583 2123 1640 Christi
2154 1597 2350 1652 corpus
2375 1580 2504 1635 facit
2525 1588 2580 1634 et
2605 1577 2922 1648 sanguinem
2943 1617 2958 1641 ,
2981 1576 3074 1632 sed
3097 1574 3186 1629 ille
3213 1573 3304 1643 qui
3332 1572 3518 1628 cruci-

1877 1669 1879 1672 ⁴
1928 1677 2069 1747 ﬁxus
2107 1689 2206 1746 pro
2245 1672 2404 1728 nobis
2432 1681 2513 1727 est
2551 1668 2824 1725 Christus.
2867 1664 3180 1722 Sacerdotis
3222 1679 3317 1720 ore
3345 1661 3510 1718 verba

1928 1765 2300 1837 proferuntur,
2332 1771 2385 1818 et
2412 1762 2506 1818 Dei
2549 1762 2748 1816 virtute
2794 1765 3206 1824 consecrantur,
3237 1764 3291 1811 et
3312 1752 3510 1826 gratia,

1925 1859 2023 1912 hoc
2045 1868 2143 1923 est,
2174 1856 2273 1923 ait,
2301 1847 2490 1925 corpus
2528 1869 2722 1918 nteant,
2764 1851 2866 1906 hoc
2888 1848 3054 1904 verbo
3079 1847 3355 1920 pr0posita
3384 1860 3515 1900 con-

1925 1961 2235 2018 secrantur;
2261 1958 2315 2004 et
2332 1949 2472 2004 sicut
2499 1962 2602 2002 vox
2633 1946 2744 2011 illa,
2768 1959 2888 2014 quae
2909 1941 3041 1998 dicit
3073 1960 3086 1996 :
3119 1961 3137 1992 ‹
3165 1939 3426 2002 Crescite,
3457 1947 3516 1992 et

1927 2042 2350 2112 multiplicamini
2369 2082 2382 2106 ,
2422 2059 2440 2092 ι
2469 2038 2637 2096 semel
2667 2036 2884 2108 quidem
2913 2035 3056 2090 dicta
3087 2043 3204 2099 est,
3245 2032 3338 2087 sed
3365 2031 3513 2086 omni

1927 2145 2168 2206 tempore
2197 2131 2628 2190 sentiteﬁ‘ectnm
2651 2131 2716 2184 ad
2745 2127 3151 2200 generationem
3183 2143 3195 2178 :
3226 2125 3297 2178 ita
3325 2133 3382 2178 et
3409 2137 3514 2176 vox

1928 2228 2017 2283 illa
2040 2226 2206 2282 semel
2232 2225 2448 2296 quidem
2479 2224 2623 2278 dicta
2656 2229 2777 2288 est,
2807 2219 2903 2275 sed
2942 2233 3038 2288 per
3070 2231 3260 2272 omnes
3295 2228 3514 2269 mensas

1928 2317 2185 2374 Ecclesia:
2232 2331 2402 2384 usilue
2443 2315 2511 2370 ad
2553 2312 2876 2371 hodiernum
2905 2310 3082 2374 diem,
3122 2315 3176 2361 ct
3226 2319 3397 2375 usque
3442 2303 3513 2358 ad

1885 2412 2044 2483 '_ejus
2080 2411 2368 2466 adventura
2406 2415 2632 2478 pra-stat
2673 2397 2945 2460 sacrilicio
2991 2399 3332 2455 ﬁrmitatem.
3376 2415 3395 2448 ι
3445 2394 3513 2450 Et

1927 2515 2048 2577 post
2083 2503 2384 2559 nonnulla:
2438 2519 2457 2552 ι
2502 2499 2582 2554 Ad
2618 2508 2866 2555 sanctum
2908 2506 2962 2551 et
3011 2491 3252 2549 terribile
3305 2488 3513 2545 sacrili-

1926 2599 2069 2654 cium
2095 2611 2373 2668 properas,
2396 2593 2656 2648 erubesce
2681 2589 2968 2647 oblati0nis
2997 2602 3214 2651 arcana,
3243 2585 3331 2640 ubi
3367 2584 3514 2640 occi-

1927 2710 2021 2749 sus
2044 2691 2352 2763 propositus
2382 2700 2466 2745 est
2492 2689 2743 2746 Christus
2771 2707 2784 2743 :
2819 2698 2876 2744 et
2908 2704 3006 2742 cur
3039 2687 3254 2742 occisus
3292 2686 3411 2740 est?
3449 2691 3513 2739 ut

1927 2784 2167 2841 etnlestia
2196 2782 2464 2853 paciﬁcet.
2509 2800 2528 2834 ι
2562 2779 2691 2836 Item
2722 2789 2842 2851 post
2866 2794 3074 2850 pauca:
3107 2798 3124 2830 ι
3165 2777 3334 2834 ,ἰυᾱωὶ
3362 2774 3514 2832 Chri-

1926 2886 2066 2931 stum
2092 2874 2277 2930 crucili
2290 2881 2502 2936 xerunt,
2533 2882 2589 2927 et
2610 2880 2787 2926 tamen
2819 2871 2908 2925 ille
2933 2869 3160 2924 eﬁ‘usum
3190 2864 3510 2939 sanguinem

1926 2967 1992 3020 ad
2023 2965 2256 3020 salutem
2281 2979 2494 3030 eorum,
2522 2962 2614 3034 qui
2641 2960 2976 3026 etInderunt,
3005 2961 3152 3032 larga
3185 2959 3384 3030 pietate
3407 2957 3518 3011 lar-

1926 3058 2088 3128 gitur.
2121 3076 2138 3110 ι
2172 3057 2252 3112 Ad
2290 3057 2592 3126 neophytus
2627 3069 2843 3124 quoque
2876 3053 2950 3108 ait
2985 3071 2999 3108 :
3049 3073 3065 3106 ε
3110 3052 3322 3106 Mortuo
3350 3040 3510 3115 Jesu,

1851 3176 1898 3240 ρ
1927 3158 1982 3203 et
2005 3149 2182 3202 adhuc
2212 3148 2264 3202 in
2287 3161 2446 3201 cruce
2467 3147 2734 3216 pendente
2753 3145 3092 3216 approximat
3121 3144 3300 3208 miles,
3325 3143 3511 3198 laurea

1929 3241 2071 3295 latus
2098 3237 2401 3308 percussit,
2433 3247 2488 3292 et
2516 3235 2713 3292 exinde
2763 3252 2900 3304 aqua
2933 3235 3085 3290 ﬁnxit
3140 3244 3194 3290 ct
3235 3234 3456 3304 Sanguis
3495 3251 3508 3286 :

1927 3345 2092 3384 unum
2133 3328 2474 3398 baptismatis
2505 3327 2836 3399 symbolum,
2883 3327 3026 3380 aliud
3054 3328 3399 3381 sacramenti.
3432 3326 3511 3380 Ex

1927 3419 2100 3474 latere
2148 3418 2312 3489 igitur
2379 3432 2476 3472 suo
2527 3417 2779 3473 Christus
2839 3418 3127 3471 aulilieavit
3176 3417 3509 3479 Ecclesium.

1926 3511 2066 3566 sicut
2093 3511 2159 3566 de
2187 3510 2353 3564 latere
2382 3508 2512 3564 Atla:
2536 3509 2728 3578 coniux
2765 3509 2872 3563 Eva
2909 3509 3116 3578 prolata
3145 3518 3254 3573 est;
3284 3519 3336 3562 et
3370 3509 3513 3563 sicut

1927 3609 1979 3664 in
2028 3623 2222 3679 sopore
2270 3606 2601 3676 quiescentis
2650 3606 2782 3660 Adze
2835 3605 2977 3660 Deus
3026 3605 3072 3659 la
3100 3604 3210 3659 eris
3273 3604 3511 3657 membra

1926 3700 2214 3771 patefecit,
2248 3699 2330 3754 sic
2370 3697 2528 3752 modo
2561 3705 2680 3767 post
2710 3706 2937 3752 mortem
2983 3711 3180 3766 aquam
3233 3694 3388 3750 nobis
3416 3693 3515 3746 do-

1926 3791 2076 3845 navit
2108 3798 2164 3846 et
2203 3790 2542 3860 sanguinem.
2589 3787 2776 3843 Videte
2814 3804 2945 3859 ergo
2982 3803 3091 3858 quo
3137 3801 3237 3842 nos
3271 3787 3396 3841 cibo
3427 3802 3512 3838 sa-

1927 3880 2138 3938 tietatis
2160 3881 2386 3936 enutrit.
2415 3877 2534 3948 Ipse
2574 3877 2732 3934 nobis
2761 3877 2866 3933 cibi
2915 3877 3218 3932 substantia
3259 3887 3374 3940 est,
3429 3884 3512 3928 at-

1924 3988 2031 4044 que
2057 3972 2482 4036 nutrimentum;
2526 3987 2651 4026 nam
2683 3969 2824 4024 sicut
2849 3970 3042 4024 mulier
3066 3968 3370 4024 aﬁ‘ectionis
3417 3985 3513 4020 na-

1928 4073 2046 4118 tura
2085 4072 2346 4134 cogente,
2381 4063 2624 4132 genitum
2673 4061 2819 4116 alere
2862 4060 2942 4116 sui
2989 4060 3146 4114 lactis
3183 4057 3514 4113 fecunditate

1926 4154 2173 4220 festinat,
2206 4163 2261 4208 et
2299 4153 2549 4208 Christus
2577 4168 2713 4221 quos
2755 4152 2868 4221 ipse
2918 4159 3204 4220 regenerat
3239 4164 3338 4203 suo
3387 4164 3512 4201 san-

1925 4246 2089 4316 guine
2132 4258 2346 4313 semper
2388 4243 2614 4298 enutrit.
2653 4261 2673 4294 ›
2714 4242 2782 4296 Ει
2810 4241 2980 4296 alibi:
3037 4258 3057 4292 σ
3106 4240 3348 4294 Mortuus
3396 4247 3508 4301 est,

1929 4337 2123 4406 inquit,
2139 4336 2407 4397 Christus,
2435 4344 2493 4389 ut
2518 4333 2610 4388 tibi
2636 4332 3096 4388 immortalitatem
3121 4329 3512 4386 donaret.Esu-

1925 4427 2036 4492 riit,
2056 4435 2113 4481 ut
2138 4435 2190 4479 te
2212 4440 2308 4480 sua
2319 4439 2484 4479 carne
2504 4424 2749 4479 satiaret.
2765 4421 2967 4490 Sitivit,
2983 4431 3038 4476 nt
3055 4432 3104 4476 te
3115 4420 3374 4492 sanguine
3390 4436 3511 4486 pro-

218 4508 391 4565 Verhi
432 4508 864 4563 sanctiﬁcatione
888 4508 1163 4578 inspiratis
1187 4509 1444 4579 majestas
1471 4523 1596 4565 vera
1629 4507 1825 4565 diffun-

1928 4519 2046 4588 prio
2068 4525 2298 4587 potaret.
2321 4535 2339 4567 ι
2372 4516 2536 4572 Item:
2565 4535 2584 4567 ι
2609 4514 2933 4571 Mandueare
2956 4513 3202 4577 voluisti,
3233 4511 3404 4566 lactus
3429 4520 3514 4564 est

217 4601 394 4666 ditur,
439 4606 496 4654 et
519 4599 662 4670 quod
684 4599 978 4654 substantia
1012 4599 1168 4670 panis
1195 4609 1250 4655 et
1280 4601 1388 4656 vini
1418 4601 1643 4671 parebat
1672 4609 1825 4656 exte-

218 4691 362 4759 rius,
382 4689 504 4759 jam
525 4704 722 4760 corpus
745 4689 948 4746 Christi
969 4699 1022 4746 et
1045 4692 1264 4763 sanguis
1286 4693 1355 4747 sit
1378 4693 1626 4748 interius.
1653 4693 1822 4750 Gusta

218 4781 436 4852 itaque,
471 4788 526 4836 et
565 4795 719 4836 sume
759 4796 980 4852 panem,
1025 4783 1152 4838 vita:
1176 4784 1453 4840 interioris
1483 4783 1821 4851 alimentum,

1930 4610 2026 4665 tibi
2058 4623 2266 4664 mensa.
2299 4607 2491 4664 Bibere
2520 4607 2767 4674 voluisti,
2804 4606 2979 4661 factus
3004 4614 3088 4660 est
3115 4603 3207 4659 tibi
3239 4601 3511 4673 poculum,

1925 4699 2067 4756 sicut
2096 4700 2210 4770 ipse
2241 4699 2316 4753 ait
2347 4713 2361 4752 :
2391 4698 2496 4764 Qui
2531 4698 2815 4752 manducat
2849 4712 3060 4752 carnem
3097 4709 3299 4758 meum,
3325 4703 3371 4746 et
3430 4694 3508 4745 bi-

1926 4793 1998 4846 bit
2029 4791 2338 4862 sanguinem
2374 4808 2578 4854 meum,
2615 4790 2671 4844 in
2726 4805 2806 4844 me
2845 4799 3017 4842 manet
3050 4797 3095 4842 et
3131 4801 3223 4855 ego
3267 4785 3322 4838 in
3371 4801 3454 4838 eo.
3489 4803 3508 4838 ι

217 4890 330 4931 non
361 4881 487 4928 arte
518 4873 740 4945 pistoria
768 4875 1172 4943 fermentatum,
1202 4877 1296 4933 sed
1325 4879 1620 4937 incarnatae
1644 4880 1825 4935 Deita-
1924 4885 1994 4941 Et
2039 4887 2230 4941 beatus
2273 4883 2568 4956 Gregorius
2599 4899 2613 4936 :
2651 4900 2668 4932 ι
2710 4880 2878 4951 Quis,
2927 4880 3141 4951 inquit,
3189 4877 3259 4930 sit
3299 4878 3521 4956 sanguis

218 4967 290 5022 tis
322 4964 499 5021 vitale
533 4966 885 5035 pulmentum.
919 4967 1084 5025 Sume
1107 4970 1459 5027 nihilominus
1481 4973 1687 5039 vinum,
1714 4988 1821 5027 non
1887 4963 1890 4968 ’
1923 4977 2093 5049 Agni,
2135 4989 2240 5029 non
2268 4951 2707 5044 jam'audiendo,
2747 4973 2844 5029 sed
2871 4971 3112 5030 bibendo
3141 4967 3395 5022 didiersti.
3420 4951 3524 5036 Qui

1398 5063 1492 5088 l--..:
1529 5067 1701 5088 -...--ε-
1734 5081 1792 5088 ..ι--
1965 5086 1970 5087 ,
2099 5070 2134 5087 ⁶Α
2175 5082 2329 5088 ,...----
2354 5078 2406 5088 --ι
2551 5081 2641 5088 α---
2674 5082 2735 5088 -..
2763 5076 2881 5088 νισι-ιι
2913 5083 2937 5088 ..
2959 5085 2997 5088 κ.
3026 5065 3134 5088 τι..-
3186 5060 3395 5088 ’.ιιοὶιὶιῐιὶ
3421 5078 3525 5088 ι.ιι..

218 5057 449 5088 ειηιοιιῖιιὴ
483 5057 688 5088 ΛιιΙΙΛιιΛ
717 5059 975 5088 nn'nnl-nm
1025 5065 1119 5088 ΑΑΑΙ
1151 5063 1212 5088 κ...
1241 5071 1389 5088 θην-Α..
