4006 5282
455 244 614 338 4427
1323 300 1330 306 .
1439 317 1442 324 ι
1620 243 1924 319 DURANDI
1959 241 2249 326 sanans
2274 232 2753 311 TROARNE’NSIS
2800 293 2802 302 ,
3569 285 3577 329 ζ
3627 236 3761 325 ttos

441 343 449 352 ’
481 343 867 426 vehementer,
902 375 1026 416 cum
1055 347 1463 435 Domintcaper
1488 375 1546 417 se
1575 346 1853 416 sulliciant'
1877 361 2036 414 verba
2056 397 2074 424 ,
2102 357 2150 416 Α
2181 355 2378 426 ubique
2439 341 2726 428 terrarum.
2785 349 2938 427 Unde
2973 351 3042 404 'et
3071 348 3359 424 Apostolus
3388 347 3466 428 ait
3497 365 3510 402 :
3546 345 3768 400 Tradidi

441 445 446 462 ¹
481 453 627 525 quod
659 453 764 508 alia
799 447 1138 508 extrinsecus
1168 437 1473 523 qua-ramus
1506 453 1573 507 ad
1620 452 1743 508 ﬁdei
1773 441 1932 524 hujus
1980 441 2073 505 lir-
2175 448 2316 501 vobis
2337 448 2397 498 in
2436 444 2639 514 primis,
2680 443 2821 514 quod
2874 453 2920 496 et
2963 441 3170 516 accepi;
3211 442 3459 512 quoniam
3493 437 3769 492 Dominus

441 531 730 602 imitatum
758 544 1036 616 exempla;
1071 545 1162 616 qui
1190 547 1334 601 enim
1362 546 1494 601 dicit
1521 565 1533 599 :
1565 545 1702 603 Caro
1730 563 1841 599 mea
1869 563 1979 600 vere
2000 555 2075 599 est
2130 543 2134 546 ’
2174 537 2330 593 Iesus
2378 537 2431 592 in
2485 542 2590 608 qua
2632 536 2797 590 nocte
2858 535 3164 589 tradebatur
3211 535 3410 602 accepit
3455 547 3684 601 patrm,
3722 540 3773 584 et

437 623 444 652 ί
482 638 646 701 cibus,
671 648 718 691 et
757 635 970 707 sanguis
997 643 1161 691 "meus
1195 654 1311 691 vere
1338 647 1411 691 est
1436 645 1590 708 pctus
1615 654 1632 702 ;
1659 646 1755 692 et:
1793 635 1902 702 Qui
1926 653 2078 690 man-
2141 619 2146 624 ’
2175 635 2375 706 gratias
2420 647 2576 702 agens
2629 629 2910 694 benedixit,
2961 639 3006 683 et
3053 624 3208 698 fregit
3251 626 3431 680 dicens
3477 639 3499 678 :
3539 623 3774 693 Accipite

483 728 642 782 ducat
667 743 880 782 carnem
921 743 1087 782 meam
1113 737 1126 794 ,
1149 738 1196 783 et
1237 727 1362 783 bibit
1388 729 1694 799 sanguinem
1725 745 1930 794 meum;
1968 733 2022 783 et
2057 743 2072 781 :
2174 737 2225 781 et
2260 725 2608 789 manducate;
2658 720 2753 777 hoc
2781 719 3079 789 est‘corpus
3125 734 3330 782 meum,
3367 718 3513 787 quod
3545 732 3645 786 pro
3685 732 3773 768 ro-

438 803 456 830 "
490 817 650 872 Panis
686 834 836 888 quem
869 835 962 888 ego
1000 818 1167 884 dabo,
1203 833 1326 874 caro
1365 835 1480 873 mea
1519 829 1636 884 est;
1662 828 1716 872 et
1751 835 1763 870 :
1796 817 1897 883 Qui
1921 827 2074 872 man-
2133 819 2137 823 ’
2180 817 2255 873 bis
2294 816 2550 870 tradetur.
2575 805 3093 883 Perpende,qu:eso,
3122 799 3466 880 prudentiam
3498 805 3776 875 accipien-

441 913 444 922 '
483 907 641 961 ducat
681 925 788 975 me,
825 909 933 978 ipse
973 909 1101 964 vivet
1148 921 1360 980 propter
1401 926 1521 974 me;
1565 918 1627 984 et
1674 923 1688 963 :
1728 909 1957 980 Accipite
2013 911 2077 963 et

2181 907 2266 970 tis,
2300 905 2789 974 auctoritatemque
2815 901 3100 957 considera
3131 897 3427 963 tradentis;
3457 895 3595 949 nihil
3622 910 3777 949 nam-

437 993 452 1004 "
484 1000 757 1064 comedite,
797 1001 894 1054 hoc
923 1005 1004 1054 est
1055 1017 1244 1071 corpus
1295 1015 1508 1068 meum;
1554 983 1784 1071 Accipite
1824 1012 1868 1055 et
1900 987 2077 1055 bibite.
2134 1001 2139 1008 ’
2180 1014 2284 1069 quc
2312 1013 2498 1053 eorum
2556 1011 2676 1066 quae
2721 1003 3009 1066 acceperat
3044 988 3380 1052 immutavit,
3432 985 3573 1040 nihil
3627 983 3774 1048 novi,

487 1088 589 1144 Hic
627 1100 702 1145 est
739 1093 956 1163 sanguis
1010 1109 1177 1159 meus,
1228 1094 1318 1163 qui
1363 1110 1458 1163 pro
1493 1091 1636 1147 vobis
1677 1093 2081 1163 elfundetur,‘et

439 1181 685 1256 i'cmtera
718 1169 862 1248 talia,
895 1183 1150 1239 nimirum
1183 1184 1344 1252 hujus
1374 1184 1448 1237 rei
1484 1185 1798 1239 l‘lrmitatetn
1841 1183 1991 1251 facit,
2014 1167 2082 1238 iet

442 1275 454 1360 ξ
485 1288 702 1356 omnem
730 1275 1017 1332 dubietatis
1040 1285 1280 1333 errorem
1310 1260 1623 1350 plenissime
1651 1264 1910 1333 absolvit.

1007 1437 1186 1494 PARS
1228 1438 1547 1494 SEPTIMA.

555 1558 704 1628 XXI.
737 1545 932 1630 verum
952 1547 958 1564 ἱ
976 1576 1102 1651 quia
1149 1545 1388 1631 nonnulli
1428 1584 1555 1630 sunt
1580 1537 1670 1643 qui
1707 1561 1824 1638 inec
1855 1555 2087 1630 fideliter
2135 1623 2140 1628 .

450 1651 799 1741 perpendere
839 1668 1064 1734 nolunt,
1083 1647 1158 1724 ad
1185 1667 1561 1738 exemplorum
1609 1667 1824 1736 copiam
1853 1666 2083 1722 redcun-
2120 1715 2158 1741 Α
2187 1641 2718 1741 ωθειθξτπξίιξιιιυυε
2742 1647 2808 1741 ξ⁵³
2843 1641 3532 1741 δέηξ¹ξξ¹¹ξῗςξξξ⁰⁰-¹-¹ξθίξεἐξ

449 1711 621 1796 ’⁴.ι..¹,ζ.
652 1737 772 1796 ,ως
797 1711 1146 1796 ,ιαμονῆςξξιηρ
1202 1759 1265 1796 ιι.
1301 1711 1390 1796 ,τίς
1419 1711 1556 1796 nm...
1597 1711 1929 1796 ,,.'§,...;’.m.,
1959 1727 2159 1796 “WB
2189 1729 2287 1790 sed
2336 1726 2617 1787 Dominica
2644 1727 2808 1782 verba
2855 1738 3059 1796 ponere
3084 1721 3294 1786 statuit,
3325 1730 3386 1774 ut
3428 1716 3534 1773 sibi
3567 1711 3782 1785 pondus

492 1758 622 1814 dum
651 1774 774 1815 esse
797 1760 1168 1816 decernimus.
1202 1759 1272 1815 Ut
1301 1760 1392 1828 qui
1417 1759 1557 1815 forte
1597 1759 1791 1814 rationi
1824 1774 1930 1814 non
1959 1773 2078 1813 cred

447 1919 452 1927 ν
492 1849 592 1916 dit,
623 1850 820 1906 saltem
866 1851 1192 1906 auctoritate
1247 1851 1542 1908 multorum
1589 1861 1952 1921 opprimatur.
1993 1852 2086 1908 Ait

452 1992 460 2022 ._
491 1942 662 2021 igitur
683 1943 948 2000 Eusebius
972 1943 1194 2000 doctor:
1229 1963 1246 1996 ι
1277 1942 1416 2000 Vere
1440 1944 1597 1999 unica
1619 1941 1860 2015 perfecta
1882 1943 2084 2023 hostia,

493 2019 600 2086 ﬁde
621 2032 936 2088 :estimanda
961 2073 977 2099 ,
1008 2048 1114 2087 non
1145 2033 1328 2103 specie
1349 2073 1367 2100 ,
1397 2048 1498 2089 nec
1527 2033 1786 2091 exteriori
1815 2020 2086 2090 censenda
2136 2069 2140 2074 ι

451 2192 458 2200 ,
495 2125 636 2192 visu,
668 2127 762 2186 sed
788 2126 1030 2208 interiori
1054 2126 1277 2195 etl‘ectu;
1303 2129 1445 2184 unde
1472 2129 1666 2184 merito
1688 2127 1926 2186 caelestis
1951 2141 2085 2183 con-

497 2218 682 2274 tlrtnat
713 2218 1041 2296 auctoritas,
1093 2220 1219 2292 quia
1270 2236 1404 2298 caro
1430 2237 1544 2275 mea
1583 2237 1698 2276 vere
1722 2231 1796 2276 est
1830 2220 1996 2285 cibus,
2029 2229 2087 2296 et

454 2383 458 2386 i
493 2309 713 2378 sanguis
748 2326 892 2366 meus
919 2328 1032 2384 vere
1057 2323 1131 2367 est
1167 2324 1342 2381 potus.
1375 2311 1561 2384 Itaque
1606 2313 1823 2382 quando
1861 2312 2087 2368 benedi-

453 2398 682 2479 ,cend:e
712 2401 894 2458 verbis
935 2402 1252 2458 cmlestihus
1297 2401 1565 2460 creaturae
1613 2405 1784 2462 sacris
1829 2396 2088 2460 altaribus

466 2559 468 2561 g
496 2487 883 2558 imponuntur,
917 2501 1209 2564 antequam
1239 2494 1582 2550 invocatione
1608 2493 1804 2550 summi
1856 2495 2089 2550 nominis

465 2635 468 2642 ,
496 2581 913 2651 consecrantur,
943 2585 1246 2641 substantia
1277 2585 1384 2642 illic
1409 2594 1493 2642 est
1525 2587 1680 2658 panis
1703 2595 1756 2642 et
1786 2587 1894 2641 vini
1919 2603 1933 2650 ;
1969 2594 2091 2656 post

457 2671 466 2756 ς
501 2673 668 2728 verba
695 2684 874 2731 autem
905 2675 1129 2743 Christi,
1165 2671 1363 2748 corpus
1405 2687 1491 2733 est
1527 2688 1581 2734 et
1611 2681 1834 2748 sangu's
1863 2677 2089 2734 Christi.

495 2761 636 2828 Quid
688 2764 898 2821 autem~
928 2767 1126 2822 mirum
1179 2777 1282 2835 est,
1329 2767 1376 2823 si
1423 2763 1507 2823 ea
1537 2784 1658 2840 quae
1709 2770 1874 2825 verbo
1919 2769 2093 2840 potuit

459 2843 470 2854 ’
499 2870 710 2920 creare,
740 2859 908 2915 verbo
938 2858 1112 2930 possit
1144 2870 1329 2917 creata
1350 2861 1703 2916 convertere?
1733 2861 1842 2916 imo
1867 2861 2092 2916 minoris

498 2947 716 3002 videtur
748 2949 994 3003 miraculi
1027 2965 1170 3015 esse,
1203 2951 1248 3006 si
1298 2952 1350 3006 id
1378 2952 1522 3020 quod
1549 2966 1612 3007 ex
1645 2951 1814 3006 nihilo
1839 2951 2092 3020 agnosci-

462 3035 468 3046 ”
500 3046 591 3092 tur
615 3037 943 3104 condidisse,
969 3037 1084 3108 jam
1107 3040 1383 3096 conditmn
1415 3042 1469 3096 in
1499 3040 1692 3096 melius
1722 3029 1898 3095 valeat
1937 3056 2091 3096 com~

500 3139 738 3185 mutare.
779 3149 799 3183 ι
843 3129 1114 3186 Praeterea
1143 3130 1469 3192 Hincmarus
1499 3132 1693 3204 praesul
1727 3133 1778 3189 in
1811 3132 1898 3188 illa
1929 3136 2094 3189 mira-

498 3221 592 3276 bili
625 3223 1006 3295 descriptione,
1039 3240 1203 3295 quam
1235 3221 1455 3282 veritice
1501 3225 1568 3282 ad
1616 3241 1800 3296 regem
1840 3219 2093 3284 Carolum

497 3313 687 3374 edidit.
716 3331 986 3386 quamque
1011 3316 1274 3374 ferculum
1301 3317 1608 3373 Salomonis
1633 3318 1816 3374 vocari
1839 3317 2093 3381 instituit,
2149 3377 2152 3380 ,

466 3409 468 3414 ’
499 3407 568 3462 de
596 3409 826 3465 veritate
865 3410 1040 3466 sancti
1081 3412 1435 3478 sacramenti,
1467 3421 1692 3468 caeteros
1725 3420 1948 3467 secutus
1987 3396 2094 3464 Pa-

503 3511 638 3568 tres,
668 3501 740 3557 ita
768 3502 845 3557 ait
873 3519 888 3558 :

497 3632 706 3703 Agnus,
745 3634 840 3690 tua:
869 3636 1079 3701 mundi,
1101 3637 1314 3706 proprio
1345 3652 1438 3692 nos
1460 3634 1678 3706 corpore
1698 3650 1916 3705 pascens
1937 3675 1953 3699 ,
1987 3679 1990 3682 .

576 3727 646 3781 In
672 3728 818 3781 nobis
841 3738 1082 3793 maneat;
1115 3731 1321 3783 mansio
1345 3739 1522 3784 nostra
1548 3729 1657 3798 ﬁet.

495 3818 707 3888 Agnus,
732 3820 849 3889 fons
882 3820 1025 3884 vitae,
1049 3821 1264 3890 proprio
1288 3837 1381 3875 nos
1407 3823 1662 3892 sanguine
1685 3830 1904 3890 potans,

575 3907 795 3980 Semper
815 3925 958 3964 more
977 3925 1073 3964 suo
1099 3910 1294 3964 debriet
1322 3921 1476 3982 atque
1504 3923 1670 3982 regat.

504 3997 611 4054 Hic
640 3999 782 4054 Deus
810 4001 1157 4070 omnipotens,
1183 4016 1276 4071 per
1296 4016 1451 4069 quens
1474 3999 1637 4057 Pater
1670 4002 1848 4056 omnia
1880 4002 2024 4072 fecit,

577 4089 817 4146 Naturas
840 4106 1016 4146 rerum
1041 4101 1229 4156 mutat,
1261 4102 1314 4145 ut
1337 4092 1448 4162 ipse
1468 4091 1624 4146 volet.

505 4180 615 4236 Hic
645 4197 799 4236 cruce
824 4192 1009 4236 nostra
1027 4191 1169 4236 creat
1193 4181 1420 4252 propriis
1449 4192 1498 4235 et
1525 4196 1744 4236 munera
1773 4179 1960 4235 verbis.

574 4271 666 4330 Fit
689 4287 836 4339 caro,
866 4289 929 4326 ac
953 4273 1192 4342 sanguis,
1223 4287 1357 4342 pane
1386 4271 1589 4340 liquore
1617 4287 1768 4326 suus.

470 4392 476 4398 ’
501 4362 572 4421 In
601 4379 911 4419 crucenam
935 4378 1124 4432 corpus
1147 4362 1317 4432 [bum
1342 4373 1440 4429 est,
1473 4365 1692 4433 sanguis
1725 4379 1927 4435 quoque
1949 4362 2097 4433 [usus

413 4465 421 4472 ’
511 4478 513 4482 Α
575 4455 794 4517 Clu-isti,
821 4470 940 4527 qua
960 4456 1016 4508 in
1038 4469 1184 4509 cana
1197 4453 1318 4525 jam
1347 4454 1487 4508 dedit
1513 4466 1636 4508 an.'e
1664 4455 1797 4508 suis.

475 4591 482 4602 ,
500 4545 638 4603 Cum
662 4565 754 4604 nos
776 4549 981 4620 indigni
1001 4550 1113 4606 tunc
1137 4563 1515 4610 memoramus,
1531 4548 1695 4618 'jussa
1721 4545 2030 4617 Redemptor

577 4641 891 4713 Emptorum
916 4643 1140 4714 pretium
1167 4655 1389 4697 munera
1424 4649 1606 4695 nostra
1639 4638 1793 4709 facit.

483 4755 490 4766 ’
579 4773 741 4830 xxu.
766 4773 832 4830 Ει
857 4775 1407 4846 in-Epicolumuiisita
1426 4775 1500 4830 ait
1525 4751 1542 4828 ε’
1567 4793 1584 4826 ι
1615 4770 1959 4829 Sacrificium
1979 4785 2101 4826 cor-

504 4866 656 4938 poris
702 4875 758 4921 et
806 4867 1085 4939 sanguinis
1121 4866 1325 4923 Christi
1355 4864 1570 4922 Domini
1611 4866 1678 4921 de
1703 4880 1845 4936 pane
1879 4874 1935 4918 et
1974 4863 2102 4919 vino

509 4971 648 4992 ςιηησι
692 4967 853 4992 snlcln

919 4957 1174 4992 iussn-1h“:
1209 4957 1639 4992 cnnnliﬂnulinna
1686 4971 1851 4992 III-uno
1901 4965 1950 4992 ΩΙ
1983 4969 2103 4992 νην-

2132 1077 2142 1098 ί
2184 1100 2241 1146 ut
2269 1097 2517 1144 recentes
2543 1083 2908 1152 scltismatici,
2935 1079 3212 1144 adnexuit,
3240 1076 3334 1134 sed
3383 1091 3450 1132 ea
3495 1075 3618 1146 ipsa
3655 1077 3777 1143 quae

2132 1170 2144 1248 ί
2183 1183 2488 1251 acceperat,
2523 1169 2673 1234 salva
2711 1189 2964 1234 sensuum
2995 1171 3301 1242 integritate
3355 1182 3421 1222 ac
3472 1166 3774 1222 verborum

2135 1271 2144 1278 “
2183 1273 2468 1344 dignitate,
2495 1279 2554 1326 ut
2582 1267 2828 1325 veritatis
2862 1263 3160 1342 discipulus
3190 1258 3495 1323 contexuit,
3529 1255 3622 1310 ubi
3659 1254 3780 1344 nul-

2183 1339 2292 1417 lam
2346 1361 2531 1434 ﬁgura:
2579 1360 2678 1415 vel
2717 1355 3086 1412 similitudinis
3135 1339 3466 1408 mentionem
3524 1339 3776 1414 interpo-

2184 1453 2314 1528 suit,
2343 1452 2468 1525 Qula
2511 1463 2614 1506 non
2656 1435 2784 1520 quid
2812 1446 3205 1520 signiﬁcarent,
3256 1440 3351 1502 sed
3407 1439 3541 1513 quid
3596 1444 3780 1536 essent

2185 1545 2463 1616 Dominica
2516 1537 2857 1601 sacramenta
2928 1545 3286 1610 proposuerat
3333 1535 3655 1590 intimatum
3702 1527 3780 1580 ire

2187 1635 2329 1694 male
2356 1619 2718 1698 tractantibus
2743 1647 2808 1687 ea
2843 1626 3165 1708 Corinthiis.
3181 1625 3447 1694 Quocirca
3509 1635 3622 1676 non
3656 1632 3775 1682 sua,

2189 1820 2537 1879 auctoritatis
2559 1828 2614 1874 et
2660 1825 2814 1872 tanto
2868 1819 3214 1870 sacramento
3265 1808 3507 1864 debitam
3563 1817 3780 1873 compa-

2190 1922 2340 1971 raret
2395 1909 2761 1969 reverentiam
2811 1909 2880 1963 de
2937 1904 3157 1960 nomine
3203 1899 3446 1972 Magistri
3491 1893 3776 1951 dicentis:

2143 2005 2150 2010 ’
2192 2004 2310 2062 Hoc
2349 2014 2426 2062 est
2474 2019 2665 2074 corpus
2712 2017 2906 2055 meum.
2958 1999 3098 2054 Vere
3127 1995 3328 2052 etenim
3382 1992 3491 2048 hoc
3527 1989 3776 2046 divinum

2149 2097 2152 2100 ’
2190 2105 2595 2153 sacramentum
2649 2107 2849 2163 corpus
2886 2100 2968 2147 est
3019 2087 3380 2151 Dominicum,
3409 2085 3467 2141 in
3518 2096 3632 2153 quo
3670 2079 3784 2154 vita

2191 2200 2375 2246 manet
2413 2186 2668 2260 perennis
2699 2183 2962 2241 omnium.
3014 2176 3167 2237 Unde
3187 2177 3526 2249 Augustinus
3545 2175 3663 2228 ait:
3695 2190 3714 2222 ι
3735 2167 3788 2223 οο

2138 2279 2142 2284 ’
2191 2279 2591 2340 sacramentum
2618 2267 2861 2346 pietatis!
2889 2287 2921 2326 ο
2942 2271 3151 2342 signum
3175 2266 3430 2322 unitatis!
3455 2265 3784 2320 ovinculutn

2191 2371 2503 2429 charitatis!
2538 2369 2630 2438 qui
2684 2366 2798 2421 vult
2825 2365 3026 2428 vivere,
3052 2362 3214 2417 habet
3248 2361 3337 2416 ubi
3383 2361 3555 2424 vivat,
3613 2359 3781 2442 habet

2193 2466 2334 2523 unde
2376 2464 2564 2529 vivat;
2611 2459 2852 2524 accedat,
2903 2467 2956 2513 et
2997 2455 3213 2520 credat;
3261 2453 3681 2523 incorporetur,
3724 2461 3788 2529 ut

2193 2553 2513 2610 viviﬁcetur.
2548 2527 2570 2605 s
2601 2549 2708 2606 Sed
2738 2549 2902 2603 multa
2926 2545 3367 2602 consideratione
3395 2543 3627 2615 dignum
3675 2527 3788 2604 est.

2192 2647 2334 2720 quod
2392 2647 2614 2714 dicitur,
2675 2663 2696 2699 ί
2748 2643 2913 2700 habet
2964 2641 3055 2697 ubi
3091 2642 3266 2706 vivat,
3321 2658 3341 2691 s
3405 2639 3538 2709 quia
3591 2653 3785 2694 revera

2193 2739 2445 2796 Christus
2475 2731 2748 2792 Aiulocalis
2805 2742 2910 2800 est,
2967 2732 3094 2788 vitae
3141 2731 3327 2796 locus,
3377 2730 3432 2785 iu
3478 2745 3592 2801 quo
3639 2730 3788 2784 vivat

2193 2826 2572 2895 Christianus;
2601 2846 2618 2880 ι
2652 2821 2826 2881 ὴεὼθι
2847 2823 2990 2879 unde
3017 2822 3181 2887 vivat,
3215 2842 3234 2874 s
3270 2821 3398 2891 quia
3433 2836 3543 2876 non
3569 2820 3790 2876 aliunde

2194 2938 2354 2994 quam
2381 2923 2448 2978 ab
2477 2922 2593 2991 ipso
2619 2927 2704 2976 est
2723 2918 2863 2983 vita;
2895 2936 2913 2968 ‹
2946 2916 3189 2979 accedat,
3223 2933 3241 2968 s
3270 2929 3399 2985 ergo
3418 2915 3530 2969 tide
3562 2928 3673 2970 non
3702 2927 3791 2984 pe-

2196 3022 2284 3086 de,
2313 3026 2368 3074 et
2399 3036 2418 3072 t
2448 3016 2635 3073 credat
2663 3035 2683 3068 ι
2718 3014 2902 3079 corde,
2933 3031 2951 3065 ι
2983 3012 3076 3081 qui
3100 3011 3444 3077 vultvivere;
3471 3011 3792 3081 incorpore-

2200 3121 2290 3168 tur
2324 3131 2342 3164 ι
2373 3126 2503 3167 vero
2525 3094 2994 3166 sacramentorum
3024 3105 3246 3171 virtute,
3271 3097 3331 3158 ut
3362 3121 3382 3156 ι
3424 3102 3738 3158 viviticetur
3765 3122 3783 3155 s

2199 3203 2482 3259 cbaritatis
2517 3201 2768 3266 veritate,
2797 3207 2852 3252 ut
2875 3212 2968 3268 per
2989 3197 3200 3266 signum
3231 3195 3458 3250 unitatis
3505 3195 3784 3270 pertingat

2199 3291 2266 3348 ad
2297 3292 2572 3364 praemium
2598 3275 3042 3358 incorruptionis,
3081 3286 3224 3355 quod
3254 3298 3414 3339 nemo
3451 3283 3615 3339 aliter
3663 3299 3794 3338 con-

2199 3385 2470 3456 sequitur,
2497 3383 2602 3439 nisi
2628 3381 2770 3437 eoin
2799 3395 2907 3452 quo
2952 3379 3202 3435 consistit
3248 3377 3408 3448 plena
3448 3377 3656 3431 veritas
3701 3390 3791 3429 sa-

2199 3486 2482 3535 cramento
2514 3475 2752 3547 pietatis.
2785 3473 2860 3529 Dc
2891 3471 3044 3543 cujus
3085 3469 3400 3525 sinceritate
3428 3467 3802 3522 Cassiodorus.

2200 3571 2256 3626 in
2283 3562 2491 3640 psalmo
2519 3565 2815 3624 centesimo
2844 3579 2987 3619 nono
3023 3562 3370 3635 prosequitur
3403 3561 3476 3630 τι(
3520 3558 3600 3613 Tu
3626 3575 3680 3612 es
3707 3577 3791 3637 sa-

2155 3726 2157 3728 η
2199 3657 2384 3716 cerdos
2410 3655 2463 3714 in
2502 3650 2753 3715 aeternum
2797 3657 3082 3720 secundum
3115 3655 3348 3709 ordinem
3385 3652 3790 3708 Melchisedech.

2200 3751 2299 3808 Cui
2328 3749 2472 3808 enim
2503 3757 2686 3820 potest
2721 3747 2989 3803 veraciter
3016 3745 3214 3815 aptari,
3244 3744 3347 3798 nisi
3397 3741 3634 3797 Domino
3681 3742 3785 3796 sal-

2152 3820 2162 3898 ί
2201 3842 2528 3914 κ’θωτίγῳιί
2561 3854 2757 3910 corpus
2785 3848 2841 3894 et
2888 3828 3206 3906 sanguinem
3254 3823 3409 3888 suum
3441 3833 3504 3886 in’
3541 3833 3700 3903 panis
3727 3846 3788 3883 ac

2202 3922 2316 3990 vini
2349 3923 2676 4003 erogatione’
2717 3928 3035 3985 salutariter
3085 3924 3444 3988 consecravit,
3479 3922 3628 3977 sicut
3680 3922 3789 3992 ipse

2159 4025 2162 4027 Α
2201 4029 2277 4083 ait
2316 4046 2328 4082 :
2366 4027 2487 4082 Nisi
2511 4022 2970 4088 ,manducaveritis
3011 4036 3221 4088 carnem
3265 4016 3398 4071 Filii
3458 4016 3692 4070 hominis
3744 4023 3788 4067 et

2160 4117 2162 4120 ’
2207 4122 2438 4177 biberitis
2493 4119 2609 4192 ejus
2659 4112 2971 4188 sanguinem
3001 4157 3016 4182 ,
3065 4131 3166 4169 non
3214 4110 3466 4166 habebitis
3509 4109 3675 4162 vitam
3740 4109 3790 4159 in

2156 4205 2158 4208 ’
2200 4213 2381 4270 vobis?
2412 4212 2520 4268 Sed
2549 4211 2600 4265 in
2648 4197 2753 4273 ista
2779 4207 2968 4274 carne,
3016 4215 3072 4262 et
3104 4203 3389 4276 sanguine,
3417 4200 3560 4256 nihil
3597 4212 3789 4255 cruen-
3865 4194 3880 4208 '

2204 4317 2339 4371 tum,
2373 4303 2507 4358 nilnil
2538 4299 2891 4372 corruptibile
2924 4313 3076 4353 mens
3101 4297 3336 4352 humana
3364 4292 3670 4362 concipiat,
3706 4307 3790 4352 ne,

2129 4420 2174 4480 ο
2204 4397 2346 4452 sicut
2388 4395 2527 4450 dicit
2577 4381 2904 4464 Apostolus,
2954 4389 3046 4462 qui
3105 4386 3388 4480 manducat
3439 4395 3634 4480 corpus
3684 4375 3789 4480 Po-

2204 4489 2333 4544 miui
2372 4487 2614 4559 indigne,
2656 4484 2929 4556 judicium
2985 4481 3083 4534 sibi
3139 4476 3455 4540 manducet;
3503 4472 3600 4528 sed
3655 4470 3790 4523 vivi—

2206 4581 2502 4638 ticatricem
2527 4579 2910 4642 substantiam,
2960 4585 3121 4643 atque
3169 4569 3459 4628 salutarem
3508 4575 3566 4620 et
3622 4564 3792 4635 ipsius

2203 4671 2368 4730 Verbi
2394 4670 2670 4744 propriam
2694 4669 2912 4732 factam,
2928 4681 3025 4736 per
3045 4678 3208 4736 quam
3227 4668 3578 4732 peccatorum
3607 4653 3795 4709 remis-

2203 4766 2284 4820 sio
2314 4773 2370 4819 et
2395 4743 2611 4818 aeterna:
2633 4745 2759 4816 rita:
2791 4748 3307 4828 dona‘praestantur.
3356 4770 3374 4802 ι
3425 4743 3574 4824 Bene
3607 4756 3790 4799 autem

2205 4857 2408 4912 dictum
2437 4865 2540 4921 est,
2561 4873 2581 4906 ο
2611 4853 2750 4908 nihil
2775 4858 3086 4913 cruentum,
3106 4837 3608 4910 nihilcorruptibile
3639 4851 3795 4893 mens

2207 4951 2440 4992 humano
2473 4946 2764 4992 mmnininl-
2805 4964 2823 4992 s
2850 4943 2975 4992 auia
3012 4939 3269 4992 nimirum
3296 4936 3387 4992 aui
3421 4934 3475 4988 in
3511 4929 3794 4988 Dominico
