4006 5282
183 250 316 346 “09

1088 245 1285 335 ιιῐιίειι
1320 275 1405 332 DE
1429 275 1752 332 CORPORIS
1794 275 1882 332 ET
1920 275 2267 334 SANGUINE
2297 276 2599 334 CHRISTI.

3299 279 3436 334 mo

182 395 335 458 modo
363 397 713 462 intellexere;
751 393 996 464 tantique
1038 393 1290 447 virtutem
1315 391 1663 454 sacramenti,
1694 399 1748 444 et
1778 398 1821 451 Α
1850 401 2131 448 cruentum
2163 392 2214 446 in
2253 400 2403 446 tanto
2427 382 2684 465 mysterio
2713 399 2929 462 oportet
2969 370 3148 455 credi,
3181 407 3248 447 ne
3290 392 3438 463 judi-

179 493 286 548 vim
320 494 587 545 dictorum
605 504 720 542 non
752 494 1045 556 potuerunt
1070 495 1378 554 penetrare.
1424 482 1548 536 Ideo
1587 497 1751 536 scan-

182 581 392 641 dalizati
415 581 667 635 dixerunt
695 594 709 634 :
738 577 918 631 Durus
942 585 1016 630 est
1061 576 1144 628 hic
1175 590 1343 628 sermo
1370 588 1385 638 ;
1417 573 1614 642 quibus
1639 572 1752 625 Au—

182 671 422 745 gustinus
447 683 514 725 eo
551 668 654 722 ioci
687 667 758 721 ita
807 665 984 720 dicit:
1034 681 1055 716 ε
1106 662 1316 718 Putatis
1356 662 1482 732 quia
1535 661 1602 715 de
1650 661 1754 716 hoc

181 775 404 833 corpore
439 761 581 830 quod
615 757 812 812 videtis
843 763 1024 826 partes
1057 753 1298 808 facturus
1326 753 1450 817 sim,
1478 762 1533 808 et
1584 766 1756 806 mem-

182 857 274 910 bra
305 865 422 906 mea
445 849 842 911 conscissurus,
873 855 929 901 et
958 845 1113 900 vobis
1151 843 1412 898 daturus?
1456 842 1617 897 Certe
1663 841 1752 912 qui

182 945 386 1012 integer
414 941 711 994 ascendere
740 938 934 1008 potuit,
963 935 1212 992 consumi
1259 949 1364 989 non
1393 935 1586 1005 potuit.
1615 932 1758 1004 Ergo

181 1033 245 1087 de
270 1043 495 1100 corpore
513 1036 569 1084 et
591 1029 852 1098 sanguine
881 1041 980 1082 suo
1006 1026 1152 1081 dedit
1180 1024 1335 1080 nobis
1364 1024 1624 1079 Dominus
1669 1037 1757 1078 sa-

181 1123 387 1178 lubrem
433 1120 800 1184 refectionem,
830 1128 885 1175 et
917 1126 1024 1172 tam
1057 1131 1305 1188 magnam
1331 1116 1572 1172 breviter
1596 1107 1764 1170 solvit

182 1216 246 1269 de
279 1213 375 1269 sua
428 1213 739 1284 integritate
766 1209 1137 1281 quaestionem.
1163 1229 1182 1262 ι
1213 1209 1356 1264 Bene
1375 1207 1534 1278 plane
1558 1207 1760 1264 dicitur

185 1325 203 1359 ε
239 1320 488 1376 magnam
513 1305 670 1360 solvit
701 1303 1078 1375 quaestionem,
1117 1319 1136 1355 ι
1173 1302 1266 1358 sed
1292 1300 1398 1357 illis
1418 1300 1507 1371 qui
1539 1313 1644 1354 non
1668 1313 1757 1354 re-

179 1396 390 1466 fugiunt
411 1395 696 1450 veritatem
727 1402 889 1464 atque
917 1393 1181 1447 Dominici
1223 1401 1554 1448 venerantur
1582 1401 1637 1446 et
1665 1405 1758 1446 ca-

178 1489 329 1560 piunt
357 1490 688 1543 sacramenti
713 1487 999 1552 virtdtem;
1039 1499 1165 1540 nam
1197 1484 1271 1539 illi
1303 1483 1396 1554 qui
1445 1483 1622 1539 adhuc
1663 1497 1756 1537 er-

179 1582 325 1637 ronei
355 1580 628 1644 dubitant,
649 1579 898 1650 aliudque
928 1591 1090 1650 quam
1117 1577 1317 1632 veritas
1336 1576 1497 1631 habet
1522 1563 1762 1630 senzien-i

180 1683 277 1740 tes,
311 1683 502 1729 contra
529 1673 700 1744 ipsam
732 1673 1031 1742 disputant,
1053 1668 1202 1726 nodo
1253 1665 1414 1724 tantre
1444 1657 1763 1739 quaestionis

174 1768 400 1822 necdum
427 1764 586 1820 soluti
611 1769 818 1830 errant,
838 1763 1032 1833 quibus
1056 1761 1312 1816 Dominus
1333 1758 1462 1814 dicit
1487 1773 1500 1813 :
1528 1744 1757 1828 Spiritus

171 1855 358 1928 estqui
407 1855 664 1926 viviﬁcat,
695 1869 817 1907 caro
855 1867 957 1906 non
1010 1851 1217 1924 prodest
1265 1847 1570 1926 quidquam.
1624 1843 1759 1902 Vere

171 1949 312 2003 enim
345 1945 483 2002 nihil
525 1945 599 2000 illi
644 1945 884 2016 prodest,
927 1943 1015 2014 qui
1043 1941 1281 1996 divinum
1311 1940 1414 1995 hoc
1440 1939 1757 2010 mysterium

172 2056 276 2094 non
301 2039 410 2094 vult
439 2036 744 2109 intelligere
780 2044 838 2090 ut
864 2043 1098 2104 oportet.
1140 2031 1408 2087 Caeterum
1442 2039 1589 2085 recte
1631 2042 1756 2083 cre-

173 2131 342 2195 denti,
367 2127 615 2200 et‘digne
639 2126 954 2196 percipienti
1002 2140 1099 2194 per
1135 2137 1350 2178 onmem
1382 2121 1602 2176 modum
1633 2134 1762 2190 pro-

175 2225 319 2287 dest;
369 2223 514 2276 nnde
553 2220 926 2290 Augustinus:
957 2235 976 2269 ι
1019 2216 1262 2281 Domine,
1293 2214 1552 2284 magister
1595 2213 1757 2280 bone,

171 2303 445 2384 quomodo
463 2329 593 2368 caro
617 2329 720 2367 non
756 2313 941 2380 podest
963 2308 1410 2380 quidquam,cum
1439 2313 1493 2361 tu
1520 2305 1758 2360 dixeris:

177 2408 298 2463 Nisi
323 2407 443 2480 quis
466 2403 857 2462 manducauerit
884 2421 1092 2458 carnem
1124 2419 1315 2466 meum,
1345 2410 1390 2456 et
1427 2399 1609 2455 biberit
1639 2415 1761 2453 san-

169 2502 382 2568 guinem
414 2515 612 2565 meum,
644 2515 744 2552 non
781 2497 985 2550 habebit
1018 2497 1070 2550 in
1103 2512 1156 2549 se
1180 2493 1376 2550 vitam?
1410 2509 1477 2548 an
1510 2494 1619 2546 vita
1651 2508 1759 2558 non

171 2593 396 2664 prodest
425 2589 761 2663 quidquam?
813 2589 877 2643 Et
932 2597 1150 2661 propter
1188 2586 1331 2656 quod
1377 2600 1564 2640 sumus
1613 2583 1758 2654 quod

169 2698 384 2748 sumus,
417 2682 523 2737 nisi
554 2691 611 2735 ttt
641 2679 935 2736 habeamus
959 2680 1124 2733 vitam
1164 2687 1426 2732 aeternam
1474 2692 1637 2746 quam
1671 2687 1758 2729 tua

171 2787 338 2827 carne
362 2769 676 2840 promittis?
702 2769 839 2837 Quid
888 2777 972 2823 est
997 2783 1151 2839 ergo,
1185 2782 1290 2821 non
1344 2765 1563 2836 prodest
1605 2765 1762 2833 quid-

176 2865 380 2933 quam?
440 2863 582 2917 Caro
620 2879 724 2917 non
752 2862 970 2932 prodest
991 2861 1320 2931 quidquam;
1353 2858 1446 2911 sed
1491 2858 1762 2926 quomodo

167 2953 244 3022 illi
287 2953 698 3009 intellexerunt.
733 2953 963 3007 Carnem
995 2951 1193 3022 quippe
1249 2951 1330 3005 sic
1382 2950 1764 3005 intellexerunt

166 3046 448 3117 quomodo
475 3045 528 3098 in
559 3044 820 3099 cadavere
847 3043 1158 3106 dilaniatur,
1185 3052 1278 3096 aut
1300 3042 1354 3097 in
1385 3041 1610 3096 rnacelio
1633 3056 1762 3096 ven~

167 3138 340 3205 ditur,
360 3154 470 3192 non
508 3151 707 3206 quomo
728 3136 778 3190 lo
806 3135 994 3205 spiritu
1022 3144 1319 3204 vegetatur.
1353 3155 1370 3186 ι
1404 3133 1610 3202 Quibus
1638 3149 1762 3204 pro-

167 3230 254 3282 cui
285 3229 459 3283 dubio
492 3226 698 3282 similes
719 3226 958 3280 moderni
987 3227 1223 3280 existunt
1258 3224 1626 3294 haeretici,qui
1655 3239 1762 3278 non

176 3320 435 3373 dissimili
467 3333 656 3372 errore
691 3317 924 3388 possessi
961 3319 1239 3370 veritatem
1271 3315 1538 3383 denegaut
1584 3313 1764 3368 Domi-

166 3408 277 3464 nici
317 3407 690 3473 sacramenti;
727 3405 800 3460 illi
831 3405 931 3477 ipsi
984 3405 1348 3475 repugnantes
1380 3402 1608 3458 Veritati
1644 3417 1764 3472 quze

163 3485 305 3553 dixit
331 3517 346 3556 :
381 3497 502 3552 Hoc
528 3508 600 3553 est
632 3515 818 3568 corpus
846 3512 1034 3550 meum.
1055 3493 1156 3562 Qui
1188 3495 1313 3547 dum
1346 3493 1490 3547 aliud
1511 3493 1652 3564 quod
1677 3505 1766 3546 ve-

161 3589 301 3644 ritas
334 3589 510 3642 habet
539 3587 640 3643 sibi
667 3589 898 3657 tingunt,
925 3585 992 3639 ab
1029 3584 1143 3654 ipsa
1179 3584 1393 3654 penitus
1422 3583 1650 3638 veritate
1673 3597 1767 3636 ex-

163 3692 350 3736 torres
386 3681 554 3743 ﬁunt,
577 3688 625 3734 et
658 3695 838 3733 veram
867 3678 1157 3733 Dominica:
1178 3675 1764 3744 comntunionis,cnjus

163 3773 333 3826 ﬁdem
371 3770 676 3842 refugiunt,
701 3769 927 3824 salutem
979 3768 1254 3821 amittunt.
1283 3765 1390 3820 Nec
1444 3765 1713 3820 imtnertto
1747 3782 1760 3818 :

163 3861 448 3917 excitatis
479 3875 712 3930 namque
768 3874 878 3912 sua:
933 3857 1172 3911 tenebris
1224 3855 1460 3926 undique
1495 3855 1763 3920 obvoluti,

162 3954 411 4025 ideoque
453 3951 672 4006 odibilis
720 3951 849 4004 vitio
896 3948 1302 4013 obstinationis,
1352 3948 1494 4018 quod
1552 3949 1766 4018 pmprie

161 4046 564 4101 haereticorum
614 4054 716 4110 est,
764 4043 1142 4113 praeoccupati,
1169 4042 1292 4097 dtttn
1319 4041 1558 4097 srieutize
1585 4044 1768 4113 singu-

159 4137 393 4193 laritate
427 4135 535 4190 sibi
559 4135 912 4208 applaudunt;
940 4135 1182 4190 divinum
1235 4118 1635 4189 ῡὰἦιίΐιίὸοτυιη
1681 4136 1765 4190 di-

160 4235 387 4282 ctorum
415 4226 600 4281 lumen
646 4242 752 4282 non
779 4228 1082 4287 attendunt,
1117 4239 1291 4294 neque
1343 4233 1614 4279 tantorum
1669 4225 1767 4279 do-

159 4329 386 4375 ctorum
415 4318 708 4376 sententiis
738 4319 1107 4389 acquiescuut,
1137 4315 1328 4385 quibus
1351 4331 1381 4370 e
1403 4316 1614 4371 diverso
1643 4327 1767 4371 cum

160 4413 266 4484 ipsi
319 4411 722 4468 miserabiliter
770 4418 973 4475 errant,
1027 4410 1229 4464 erroris
1281 4419 1460 4463 notam
1497 4410 1769 4465 ascribere
1799 4416 2209 4488 Ddocumenta,
2263 4412 2388 4485 quia
2436 4414 2565 4469 dicit

140 4506 399 4570 "audent,
435 4504 493 4557 in
532 4518 735 4557 morem
765 4502 1018 4556 videlicet
1053 4501 1514 4571 pln‘enetieorum,
1542 4501 1632 4571 qui
1662 4501 1772 4556 vio-

138 4597 334 4652 ‘lentia
387 4593 666 4666 passionis
713 4609 833 4648 cum
885 4610 980 4665 per
1007 4595 1186 4650 omnia
1235 4594 1522 4664 desipiant,
1581 4609 1769 4648 onmes

159 4690 264 4760 ipsi
307 4686 566 4743 insanire
616 4696 834 4742 econtra
894 4696 1102 4756 putant.
1180 4684 1331 4751 Quod
1383 4687 1424 4740 si
1478 4687 1770 4756 prudenter

154 4789 329 4849 atque
365 4774 656 4831 humiliter
697 4777 836 4830 inter
864 4786 1088 4832 caeteras
1135 4775 1463 4846 reliquorum
1488 4778 1766 4832 doctorum

155 4869 506 4932 sententias,
561 4867 661 4922 hoc
700 4882 912 4937 quoque
942 4869 1083 4937 quod
1120 4867 1408 4942 praedictus
1438 4869 1518 4922 vir
1549 4867 1764 4924 Cassio-

153 4966 334 5022 dorus
403 4961 576 5027 dicit,
625 4961 919 5018 voluissent
961 4963 1262 5025 advertere,
1322 4961 1388 5016 ad
1435 4962 1638 5017 erroris
1683 4961 1764 5016 sui

151 5058 472 5084 m_nl.n-An.
503 5052 891 5084 nnnrnnI:nnnnl
922 5053 1048 5084 cnl:v
1086 5066 1354 5086 cnnnl‘nlln
1396 5052 1659 5086 οηηῖηονο·
1693 5050 1762 5086 ηἶι

1857 484 1998 537 cium
2026 483 2150 549 sibi,
2199 499 2308 539 non
2349 483 2538 538 salutis
2584 483 2871 555 percipiat,
2920 483 3011 553 qui
3063 481 3244 537 taliter
3300 483 3439 539 forte

1856 574 2041 639 sentit,
2098 590 2204 629 non
2271 572 2576 644 dijudicans
2618 572 2910 627 salubriter
2952 586 3147 641 corpus
3199 571 3437 638 Domini,

1856 665 1998 736 quod
2030 663 2253 718 maximi
2305 679 2474 735 genus
2518 671 2603 719 est
2653 661 2864 734 flagitii.
2918 661 3073 717 Unde
3137 663 3438 716 acerrimus

1855 753 2159 824 disputator
2191 754 2524 824 Augustinus
2574 753 2628 810 in
2676 753 2816 808 libro
2863 749 2939 807 De
2986 753 3230 807 doctrina
3281 751 3444 808 Chri-

1856 847 2029 901 stiana
2059 844 2264 900 dixisse
2301 845 2573 900 invenitur
2613 847 2684 899 ita
2717 861 2731 898 :
2772 861 2790 894 ‹
2831 839 2954 896 Nisi
2998 843 3440 896 munducaveritis

1855 955 2062 994 carnem
2094 937 2224 992 Filii
2244 938 2487 1000 hominis,
2515 949 2561 992 et
2594 935 2826 990 biberitis
2848 935 2960 1006 ejus
2981 935 3311 1004 sanguinem,
3337 936 3456 988 non’

1855 1027 2107 1086 habebitis
2135 1032 2290 1085 vitam
2313 1031 2368 1085 in
2406 1031 2566 1084 vobis.
2596 1027 2852 1089 Facinus,
2885 1026 2968 1080 vel
2998 1025 3260 1094 ﬂagitium
3288 1025 3442 1079 video

1858 1120 2172 1192 turjubere,
2208 1121 2301 1175 sed
2329 1115 2657 1181 infidelibus,
2685 1117 2777 1185 qui
2804 1117 2945 1186 quod
2981 1116 3264 1171 dicebatur
3288 1115 3442 1170 noiea

1857 1211 1987 1265 bant
2015 1210 2270 1274 credere;
2314 1209 2428 1280 qui,
2456 1223 2580 1263 cum
2610 1207 2859 1262 audirent
2885 1223 2904 1260 :
2935 1205 3057 1261 Nisi
3087 1206 3440 1259 manducare-

1859 1297 1970 1356 ritis
1993 1319 2202 1356 carnem
2228 1299 2357 1354 Filii
2380 1300 2628 1364 hominis,
2652 1310 2700 1353 et
2723 1299 2951 1352 biberitis
2973 1298 3088 1368 ejus
3113 1299 3454 1367 sanguinem,

1858 1408 1960 1447 non
1982 1393 2234 1446 habebitis
2260 1392 2416 1446 vitam
2441 1392 2494 1445 in
2524 1390 2686 1456 vobis,
2725 1388 3066 1458 refugerunt,
3101 1389 3228 1459 quia
3262 1401 3452 1442 sacrae

1859 1490 2097 1538 mentum
2129 1483 2270 1550 quod
2301 1482 2480 1538 divina
2508 1485 2733 1552 parabat
2774 1483 3059 1554 sapientia,
3102 1483 3194 1538 sed
3224 1480 3455 1540 interim'

1858 1569 2163 1642 differebat,
2191 1591 2296 1631 non
2325 1583 2574 1646 poterant
2603 1582 2659 1628 ut
2686 1583 2811 1645 pote
2842 1575 3092 1630 carnales
3113 1569 3454 1646 intelligere,

1859 1669 1951 1724 sed
1988 1677 2210 1740 possent
2239 1668 2490 1722 nimirum
2526 1681 2644 1721 cum
2675 1666 2834 1721 Petro
2858 1676 2912 1720 et
2952 1667 3165 1723 caeteris
3187 1660 3455 1737 apostilis

1861 1762 1952 1834 qui
1985 1761 2340 1831 perstiterunt
2367 1760 2616 1825 fideliter,
2654 1759 2696 1814 si
2726 1759 2946 1827 vellent,
2969 1760 3211 1824 credere,
3240 1775 3444 1831 quous.

1861 1869 1965 1926 que
1987 1869 2108 1909 cum
2140 1853 2244 1908 illis
2269 1851 2568 1926 gloriﬁcato
2601 1852 2726 1907 Jesu
2757 1862 2811 1906 et
2837 1849 2963 1906 dato
2995 1836 3200 1922 Spiritu
3248 1845 3457 1907 conﬁr-’

1861 1943 1994 1998 mari
2031 1943 2443 1998 mercrenturin
2473 1942 2620 1997 onmi
2652 1943 2899 1996 veritate.
2944 1943 3012 1995 At
3057 1942 3182 2012 quia
3239 1942 3292 1996 itt
3333 1953 3445 1997 'au-

1860 2031 2058 2091 diendo
2089 2035 2494 2098 inconsiderati,
2554 2034 2605 2088 in
2665 2049 2770 2088 non
2815 2035 3105 2104 pra-bendo
3151 2027 3453 2088 Dominicis

1860 2117 2044 2182 verbis
2069 2127 2225 2181 ﬁdem
2260 2126 2384 2181 facti
2417 2134 2540 2180 sunt
2596 2125 3003 2196 indisciplinati,
3058 2107 3286 2198 contigit
3338 2125 3452 2181 illis

1862 2217 1968 2273 non
2003 2217 2141 2274 bene
2168 2233 2196 2271 a
2228 2218 2368 2272 bono
2403 2216 2658 2289 Magistro
2691 2217 2964 2283 recedere,
3017 2219 3069 2274 in
3100 2217 3253 2286 cujus
3281 2218 3445 2272 disci-

1860 2310 2046 2380 pulatu
2065 2309 2349 2364 noluerunt
2370 2309 2578 2364 ﬁrmam
2601 2309 2958 2364 constantiam
2984 2310 3238 2374 retinere,
3256 2309 3448 2366 offensi

1862 2401 2026 2455 verbo
2051 2401 2298 2470 equidem
2327 2401 2487 2466 duro,
2517 2411 2575 2454 ut
2595 2400 2695 2455 sibi
2741 2400 3049 2467 videbatur,
3099 2401 3193 2457 sed
3239 2410 3444 2472 tempe-

1865 2481 2031 2547 rando
2057 2501 2177 2564 post
2202 2493 2306 2546 non
2337 2491 2564 2546 ntuitmn
2611 2493 2842 2564 simplici
2889 2503 3252 2559 sacramento,
3302 2477 3450 2563 quod

1857 2583 1991 2654 jam,
2021 2583 2147 2639 licet
2167 2600 2271 2638 non
2305 2583 2608 2649 manifeste,
2640 2584 3055 2656 praidieabatur.
3091 2605 3111 2640 ι
3154 2585 3446 2641 νθτιιητιίιέ

1865 2692 1986 2729 men
2014 2675 2194 2730 taliter
2228 2677 2312 2730 his
2340 2693 2369 2730 ει
2419 2687 2736 2732 consectatu
2799 2678 3011 2732 Domini
3065 2678 3448 2733 recedentibus

1865 2766 2073 2821 facilius
2111 2765 2447 2832 iudulserim,
2475 2765 2566 2838 qui
2619 2769 2794 2823 adhuc
2842 2769 3118 2835 earnales,
3170 2765 3450 2824 carnalem

1864 2851 2136 2915 hozuinem
2171 2858 2446 2914 Christum
2482 2860 2663 2916 Jesum
2715 2861 2998 2916 Dominum
3045 2872 3351 2928 cernentes,
3381 2861 3447 2915 ad

1864 2967 2100 3024 superna
2130 2949 2320 3006 oculos
2341 2953 2523 3006 cordis
2576 2953 2832 3026 mysteria
2886 2955 3188 3009 contuenda
3237 2954 3451 3025 erigere

1868 3042 2096 3096 necdum
2134 3051 2408 3112 poterant,
2438 3059 2599 3112 quam
2623 3045 2792 3098 nostri
2828 3046 3084 3114 temporis
3113 3044 3451 3109 hominibus,

1866 3135 1920 3188 in
1942 3133 2140 3204 quibus
2186 3150 2284 3208 per
2313 3135 2579 3205 baptisma
2638 3133 2806 3191 eﬁusa
2861 3143 2945 3192 est
2999 3135 3235 3208 Spiritus
3278 3129 3450 3191 samti

1864 3223 2056 3294 gratia.
2083 3224 2173 3294 qui
2202 3235 2549 3280 sacrosancta
2582 3241 2786 3280 mensae
2810 3225 3051 3280 cmlestis
3079 3228 3332 3297 mysteria
3365 3217 3452 3277 di;

1865 3313 2007 3369 vinis
2035 3312 2265 3369 formata
2297 3314 2556 3381 oraculis,
2577 3326 2892 3371 sanctorum
2919 3332 3136 3386 quoque
3167 3315 3449 3371 doctorum

1865 3405 2134 3460 declarata
2161 3415 2323 3475 atque
2353 3405 2585 3461 lucidius
2620 3406 2866 3476 exposita
2907 3407 3193 3471 doctrinis,
3242 3408 3445 3478 apertis

1865 3494 2115 3550 roborata
2143 3495 2370 3552 ostentis
2417 3494 2830 3560 miraculorum,
2882 3510 2983 3550 nec
3009 3496 3183 3550 vereri
3215 3495 3450 3566 dignan-

1867 3596 1956 3643 tur
1985 3603 2085 3643 nec
2108 3587 2352 3653 credere,
2385 3588 2478 3644 sed
2521 3587 2722 3660 potius,
2749 3601 3001 3659 perversa
3033 3585 3278 3651 dicendo,
3315 3603 3450 3642 con-

1868 3679 2135 3734 tradicere
2188 3694 2253 3735 ac
2303 3678 2469 3733 multa
2523 3679 2812 3734 verborqu
2865 3676 3100 3749 turpimn
3152 3678 3447 3748 impietate.

1865 3774 1992 3842 quia
2017 3772 2233 3844 penitus
2263 3781 2536 3843 nequeunt
2561 3781 2826 3838 evertere,
2871 3771 3117 3826 nituntur
3145 3769 3447 3836 infamare;

1868 3882 1930 3920 ac
1951 3881 2047 3936 per
2073 3866 2196 3931 hoc,
2245 3865 2554 3936 ubicunque
2578 3875 2828 3937 possunt,
2856 3865 3091 3934 aliquam
3121 3863 3205 3920 vel
3239 3863 3292 3918 in
3325 3879 3449 3918 ver-

1867 3958 1950 4012 bis
1978 3957 2060 4011 vel
2086 3956 2139 4012 in
2167 3955 2450 4012 sententiis
2483 3957 2748 4028 majorum
2798 3957 3138 4013 occasionem
3188 3957 3450 4026 reperire,

1869 4050 2121 4121 injustam
2153 4065 2256 4104 non
2297 4048 2551 4104 desinunt
2589 4049 2912 4104 calumniam
2943 4046 3301 4111 concinnare;
3345 4046 3453 4101 sic-

1869 4153 1928 4196 ut
1958 4143 2010 4196 iu
2043 4143 2143 4197 hac
2172 4140 2349 4196 sanc:i
2377 4142 2682 4213 Augustini,
2725 4157 2886 4212 quam
2917 4140 3293 4210 proposuimus
3323 4131 3450 4192 sen-

1870 4232 2038 4286 tentia
2096 4241 2391 4286 noscuntur
2418 4230 2618 4296 facere,
2665 4245 2826 4300 quam
2871 4230 3074 4286 idcirco
3104 4229 3309 4299 gratius
3338 4243 3452 4282 atu-

1868 4325 2177 4395 plectuntur
2199 4339 2362 4396 quam
2395 4337 2588 4379 cretera
2622 4325 2762 4381 illius
2786 4325 2852 4382 de
2893 4324 3074 4380 divino
3108 4333 3451 4394 sacramento

2615 4431 2683 4468 :i
2747 4413 3032 4486 Flagitium
3105 4412 3185 4470 vel
3235 4411 3449 4493 facinus

1873 4507 2317 4577 videturjuhere.
2372 4527 2389 4559 ι
2425 4507 2530 4564 Sed
2557 4509 2748 4563 horum
2785 4509 3006 4580 perﬁdia
3040 4503 3332 4564 studiosius
3361 4525 3449 4564 re-

1873 4599 2114 4669 pudiata,
2141 4598 2271 4668 quid
2304 4609 2636 4654 memoratus
2663 4599 2853 4655 doctor
2881 4599 3099 4665 dixerit,
3130 4598 3211 4653 vel
3240 4598 3369 4669 quid
3400 4601 3456 4657 in

1873 4691 1986 4744 suis
2015 4689 2099 4744 his
2147 4689 2308 4745 dictis
2339 4690 2604 4757 senserit,
2637 4699 3040 4761 perscrutantes
3073 4690 3301 4746 ﬁdeliter
3356 4709 3455 4751 ex.

1870 4783 2189 4854 pendamus.
3439 4787 3443 4792 ‘

1943 4874 2130 4932 XXIII.
2163 4894 2181 4926 ι
2215 4876 2472 4946 Faernus,
2503 4874 2699 4947 inquit,
2718 4872 2805 4930 vel
2827 4874 3086 4943 ﬂagitium
3114 4873 3328 4930 videtur
3385 4880 3487 4954 λυ.

1871 4967 2019 5024 bere.
2057 4986 2076 5022 ι
2108 4965 2209 5023 Ubi
2237 4969 2290 5022 in
2315 4967 2506 5038 primis
2529 4966 2877 5024 considerare
2901 4963 3228 5038 placetquod
3253 4967 3508 5042 dictum
3591 5012 3594 5013 ν

2763 5055 2906 5088 ἔηὶωι
2974 5057 3268 5088 Ἦῖιὶιιιιηιιιιι
3301 5073 3388 5088 τι..

1871 5070 1951 5086 ΛΑ.
2011 5077 2028 5088 ο
2063 5057 2279 5088 ννῗλιιΙ-ιη
2306 5058 2497 5088 διιιιηαιιι
2561 5079 2577 5088 ι
2612 5073 2714 5088 nnn
