4006 5282
536 271 665 326 NH

1669 263 1976 346 DURANDI
2009 263 2297 322 ABBA’TIS
2326 263 2832 354 TROARNENSIS

3672 268 3798 324 Nil

533 393 660 459 quia
685 388 890 443 dictum
935 385 1007 440 ita
1051 390 1378 453 acceperunt
1407 383 1560 452 quasi
1594 383 1846 438 dentibus
1881 384 2120 437 voraturi
2151 391 2197 448 Α
2228 399 2324 438 sua
2374 385 2488 439 suis
2539 394 2786 438 servetur
2838 383 3102 439 dictarunt
3155 384 3461 455 proprietas
3500 386 3800 458 quibusque

532 488 722 537 essent
750 478 1050 537 Christum,
1084 477 1222 530 sicut
1270 489 1434 528 canes
1477 474 1656 527 vivum
1713 483 1875 544 atque
1928 489 2130 540 crucns

538 581 801 642 tumcum
832 565 1346 636 comprehenderint
1389 573 1585 642 vorant
1623 563 1856 634 leporem
1883 574 1974 618 aut
2001 580 2126 635 cere,

538 638 689 713 vum.
714 657 866 724 Quod
899 671 1005 710 non
1041 655 1308 731 procedit,
1343 638 1520 724 neque
1555 652 1695 708 ratio
1723 653 1980 733 admittit.
2013 653 2130 714 Fas

533 752 691 808 cinus
717 749 864 804 enim
890 757 974 803 est
1003 757 1060 801 et
1092 747 1295 817 grande
1320 745 1600 815 ﬂagitium,
1646 747 1749 800 hoc
1783 745 1856 824 ita
1907 759 2118 816 sapere,

533 844 676 912 quod
705 840 866 894 aliter
893 848 979 894 est
1004 837 1366 894 sentiendum.
1402 836 1667 893 Videlicet
1695 845 1754 892 ut
1782 851 1912 892 caro
1943 838 2120 891 Domi-

532 934 653 988 nica
687 932 758 985 ita
790 939 1011 1000 putetur
1042 928 1234 999 accipi.
1265 937 1325 983 nt
1347 942 1477 982 caro
1507 927 1814 982 communis
1837 927 1920 982 vel
1953 915 2121 982 alicu-

530 1021 931 1084 iuranimalis,
967 1035 1089 1073 cum
1142 1018 1323 1089 potius
1377 1033 1476 1088 per
1510 1027 1908 1078 sacramentum
1959 1015 2122 1086 spiri-

533 1112 755 1181 tualiter
795 1110 934 1166 sumi
963 1108 1231 1164 credenda
1269 1107 1360 1171 sit,
1392 1116 1447 1162 et
1484 1116 1663 1161 tamen
1701 1123 1804 1160 non
1832 1106 1933 1159 alia
1958 1120 2118 1176 quotam

530 1217 652 1272 qua:
678 1200 911 1271 passioni
939 1197 1229 1267 subiacuit,
1259 1196 1384 1252 licet
1421 1195 1586 1251 oblati
1637 1195 1848 1266 species
1874 1195 2121 1250 videatur

533 1292 718 1363 panis;
747 1289 887 1362 quod
921 1289 992 1343 ita
1024 1289 1205 1343 divina
1237 1288 1424 1356 utique
1474 1287 1881 1358 dispensatione
1925 1301 2122 1356 procu-

534 1361 712 1438 ratum
747 1397 867 1436 esse
888 1389 1105 1453 oportet
1165 1379 1398 1434 ﬁdeliter
1423 1379 1597 1447 credi,
1631 1387 1689 1431 ut
1719 1376 1984 1449 fragilitas
2024 1369 2126 1433 huc.

533 1490 716 1539 mana,
743 1489 862 1542 qua:
891 1473 1006 1527 suis
1028 1469 1284 1526 carnibus
1312 1485 1416 1526 non
1468 1469 1748 1526 consuevit
1795 1469 1962 1535 vesci,
2006 1470 2121 1540 ipso

530 1545 648 1618 visu
676 1562 811 1618 nihil
835 1562 1050 1618 hauriat
1080 1562 1220 1631 quod
1251 1563 1502 1626 horreat,
1534 1571 1588 1616 et
1613 1562 1678 1616 de
1697 1561 2121 1625 caetero,nihilo-

532 1641 711 1712 minus
739 1670 898 1724 quam
957 1654 1156 1708 veritas
1186 1651 1380 1717 habet,
1408 1667 1627 1707 carnem
1686 1651 1894 1706 Domini
1951 1649 2118 1706 nostri

2224 477 2376 533 locis.
2401 476 2535 533 Nam
2581 487 2639 531 ut
2690 488 2889 533 caetera
2943 489 3257 548 prmtcrcam
3289 495 3409 549 qua:
3457 481 3526 535 de
3578 482 3801 536 veritate

2223 569 2488 624 Dominici
2512 571 2760 642 corporis
2787 571 3112 640 approbatur
3136 571 3369 626 sensisse
3391 587 3458 628 ac
3502 573 3798 641 sanguinis,

2223 657 2353 712 illud
2379 659 2522 727 quod
2554 669 2743 729 contra
2774 660 3016 714 omnium
3046 660 3420 718 hmrcticorum
3467 663 3715 732 argutias
3753 672 3803 718 et

2221 759 2440 806 versuta
2469 760 2908 822 argumentorum
2939 751 3114 821 jacula
3141 740 3468 821 prmc'rpuum
3495 751 3801 808 sullicieas-

2222 855 2327 911 que
2386 841 2718 906 decernitur,
2747 841 2999 912 quodque
3029 841 3080 895 in
3111 841 3494 912 explanatione
3523 842 3802 912 cujusdam

2221 930 2416 1004 psalmi
2442 932 2680 988 edidisse
2705 931 3049 1002 cognoscitur
3077 931 3330 995 inseram,
3371 930 3656 987 undeluce
3696 931 3804 986 cla-

2223 1023 2337 1076 rius
2363 1033 2510 1092 patet
2543 1038 2664 1077 eum
2693 1034 3042 1077 sacramento
3068 1021 3348 1077 Dominico
3384 1023 3520 1076 nihil
3551 1024 3717 1077 inane
3755 1033 3805 1077 et

2222 1111 2468 1168 veritatis
2497 1128 2751 1178 vacuum,
2778 1113 2908 1168 nihil
2937 1113 3180 1169 sensisse
3223 1114 3512 1169 umbratile
3557 1125 3611 1168 et
3654 1114 3804 1168 fura-

2223 1211 2366 1267 tum;
2401 1203 2531 1274 quin
2564 1205 2744 1274 potius
2781 1205 3097 1276 designasse
3144 1221 3244 1275 per
3285 1207 3467 1262 omnia
3510 1221 3641 1261 vere
3689 1221 3805 1261 esse

2222 1292 2426 1348 Christi
2450 1310 2648 1365 corpus
2677 1294 3013 1359 naturale,et
3034 1296 3351 1365 sanguinem
3380 1296 3802 1359 substantivum,

2222 1386 2315 1454 qui
2347 1385 2503 1441 fusus
2537 1395 2621 1441 est
2653 1387 2706 1441 in
2759 1401 2942 1451 cruce,
2995 1402 3220 1442 munera
3253 1402 3373 1456 qua:
3416 1397 3806 1443 consecrantur

2226 1477 2278 1532 in
2309 1476 2481 1532 altare
2511 1477 2636 1531 licet
2663 1492 3050 1547 nonnunquam
3083 1477 3331 1531 videatur
3381 1477 3689 1548 approbare
3721 1477 3804 1530 in-

2222 1566 2313 1621 nui
2378 1565 2534 1622 nobis
2577 1567 2690 1636 ipsa
2740 1566 2966 1622 veritate
3008 1566 3230 1635 aliquid,
3285 1581 3386 1638 per
3443 1567 3590 1638 quod
3630 1567 3802 1622 eidem

2223 1658 2466 1730 pressius
2514 1657 2894 1724 inl‘ormcmur,
2923 1667 2979 1714 et
3021 1660 3195 1714 actius
3234 1659 3618 1723 inhaereamus,
3644 1673 3806 1729 opere

530 1746 657 1803 Jesu
700 1747 900 1803 Christi
937 1747 988 1799 in
1021 1753 1364 1800 sacramento
1395 1743 1677 1814 percipiat,
1709 1743 1776 1798 de
1829 1756 1936 1812 quo
1975 1741 2124 1809 Apo-
2149 1736 2196 1795 Β
2224 1745 2548 1802 faciendum.
2578 1747 2653 1802 Ita
2692 1764 2924 1819 namque
2948 1748 3022 1802 ait
3053 1751 3128 1820 (in
3177 1748 3311 1819 μαι.
3357 1749 3550 1820 xcvnt)
3583 1767 3598 1803 :
3637 1769 3657 1801 ι
3699 1749 3804 1804 An-

530 1839 704 1892 stolus
729 1838 806 1892 ait
833 1852 850 1889 :
885 1835 1000 1889 Etsi
1041 1850 1349 1889 noveramus
1391 1833 1677 1887 secundum
1702 1847 1912 1886 carnem
1935 1829 2118 1885 Jesum

531 1930 833 1996 Christum,
859 1929 950 1983 sed
980 1944 1115 1982 nunc
1129 1927 1248 1997 jam
1279 1943 1381 1981 non
1412 1927 1667 1980 novimus.
1707 1924 1804 1980 Ubi
1831 1925 2118 1978 veritatem

534 2030 827 2092 assumpta:
848 2035 916 2075 ex
943 2019 1104 2076 nobis
1133 2033 1236 2074 non
1261 2017 1495 2088 denegat
1526 2027 1757 2081 naturae,
1797 2018 1891 2072 sed
1935 2017 2120 2072 incor-

535 2110 947 2181 ruptibilitatem
991 2108 1260 2177 signiﬁcat
1288 2107 1342 2161 in
1372 2109 1538 2162 Deum
1569 2105 1726 2180 [Deo]
1758 2123 1851 2177 per
1875 2121 2122 2172 resurree

534 2204 768 2257 ctioncm
800 2199 1110 2272 gloriﬁcata:
1124 2198 1439 2254 substantia:
1453 2209 1672 2264 nostra},
1697 2213 1858 2268 quam
1886 2196 2121 2252 sicutest

533 2290 961 2362 incorruptibilis
1011 2290 1063 2345 in
1098 2289 1226 2352 Deo,
1262 2289 1334 2344 ita
1387 2289 1644 2344 nimirum
1693 2289 1792 2343 sub
1838 2287 2033 2342 visibili
2065 2294 2122 2342 et

538 2387 740 2441 usitata
765 2385 946 2456 specie
971 2381 1432 2452 incorruptibilem
1457 2383 1719 2437 sumimus
1743 2383 1794 2437 in
1817 2385 2122 2438 sacramen;

534 2486 610 2533 to.
635 2477 741 2533 Sed
768 2476 892 2530 huic
921 2484 1070 2530 tanto
1099 2468 1443 2529 sai-ramento
1465 2473 1876 2543 percipientium
1899 2464 2122 2528 confor4

537 2568 771 2632 mundae,
802 2575 859 2622 et
886 2564 1200 2636 coaptandze
1222 2574 1348 2619 sunt
1379 2572 1608 2630 mentes,
1636 2572 1696 2617 ttt
1718 2563 1859 2633 quod
1887 2563 2121 2618 sumitur

534 2658 588 2713 iu
628 2641 910 2729 mysterio,
963 2654 1156 2712 effectu
1211 2654 1464 2726 proficiat
1515 2654 1752 2722 interno,
1782 2655 2032 2711 videlicet
2061 2663 2122 2709 ut

533 2752 782 2822 quisquis
804 2758 968 2804 tanta:
994 2748 1281 2820 participat
1327 2747 1883 2813 sanctitati,mortuus
1921 2747 2121 2804 mundo

535 2853 590 2898 ct
618 2831 787 2906 vitiis,
813 2843 865 2897 iu
895 2842 1136 2896 novitate
1167 2841 1291 2895 vitae
1323 2839 1394 2894 de
1420 2848 1617 2895 caetero
1653 2840 1867 2895 studeat
1890 2855 2120 2896 conver-

539 2933 673 2988 sari.
704 2933 827 2988 ideo
850 2948 1086 3002 namque
1111 2931 1348 3002 signum,
1391 2930 1475 2985 vel
1505 2931 1675 2999 ﬁgura
1703 2932 1770 2986 ab
1800 2932 1988 2986 eodem
2039 2932 2125 2984 di-

535 3023 679 3076 citur
703 3021 1007 3092 Augustino
1052 3022 1106 3076 in
1139 3035 1301 3088 supra
1333 3031 1634 3074 memorato
1659 3018 1828 3084 libro,
1862 3019 1951 3074 ubi
2000 3019 2076 3074 ait
2103 3038 2116 3074 :

2221 1848 2351 1906 ceps
2378 1834 2553 1892 factus
2580 1853 2698 1892 sum
2727 1855 2740 1891 :
2771 1838 2934 1894 timeo
2962 1842 3193 1893 adorare
3223 1848 3448 1903 terram,
3479 1854 3548 1893 ne
3589 1839 3806 1894 damnet

2221 1940 2309 1980 me
2337 1926 2427 1997 qui
2468 1927 2594 1980 fecit
2622 1926 2817 1982 caelum
2863 1937 2919 1983 et
2963 1936 3193 1992 terram;
3247 1943 3437 1983 rursus
3480 1927 3652 1983 timeo
3700 1944 3802 1982 non

2221 2017 2450 2072 adorare
2464 2015 2755 2073 scabellum
2777 2019 2971 2088 pedum
2994 2018 3209 2073 Domini
3236 2019 3361 2086 mei,
3381 2018 3509 2088 quia
3525 2018 3657 2073 dicit
3679 2019 3801 2072 mihi

2221 2108 2463 2180 psalmus
2507 2127 2520 2163 :
2573 2108 2805 2164 Δάοι-ατε
2856 2109 3140 2164 scabellum
3192 2109 3379 2179 pedum
3426 2108 3564 2180 ejus.
3613 2107 3802 2176 Quaero

2230 2199 2360 2270 quid
2411 2202 2480 2257 sit
2509 2201 2798 2256 scabellum
2825 2201 3020 2271 pedum
3067 2199 3206 2270 ejus,
3236 2210 3290 2256 et
3324 2201 3455 2256 dicit
3479 2199 3614 2255 mihi
3661 2199 3804 2254 Scri-

2225 2287 2386 2366 ptura
2438 2291 2648 2348 :Terra
2703 2303 2776 2349 est
2814 2293 3095 2349 scabellum
3137 2293 3324 2364 pedum
3377 2310 3635 2348 ineorum.
3683 2293 3805 2347 Flu-

2222 2395 2416 2440 ctuans
2445 2395 2710 2441 converto
2736 2401 2824 2440 me
2849 2387 2916 2440 ad
2938 2385 3232 2447 Christum,
3264 2386 3388 2456 quia
3420 2386 3596 2458 ipsum
3623 2400 3804 2457 quacro

2221 2475 2333 2537 hic.
2361 2485 2416 2528 et
2463 2474 2679 2531 invenio
2734 2475 3002 2545 quomodo
3047 2475 3163 2530 sine
3218 2476 3497 2544 impietate
3549 2477 3806 2532 adoretur

2223 2564 2522 2632 terra,sine
2544 2564 2820 2636 impietate
2845 2566 3101 2620 adoretur
3120 2566 3409 2622 scabellum
3429 2568 3628 2638 pedum
3661 2567 3802 2636 ejus;

2227 2655 2465 2725 suscepit
2506 2653 2650 2710 enim
2677 2653 2745 2710 de
2777 2663 2919 2711 terra
2951 2663 3174 2722 terram,
3206 2657 3330 2726 quia
3360 2671 3490 2712 caro
3538 2658 3606 2712 de
3663 2668 3804 2713 terra

2222 2757 2321 2806 est.
2347 2756 2403 2802 et
2442 2747 2611 2817 ipsam
2639 2762 2860 2802 carnem
2884 2748 3038 2803 nobis
3063 2747 3489 2804 manducandam
3543 2750 3609 2804 ad
3656 2751 3773 2805 salu
3801 2781 3806 2785 ε

2225 2849 2334 2894 tem
2363 2839 2543 2906 dedit;
2571 2854 2730 2894 nemo
2753 2848 2933 2894 autem
2961 2839 3104 2894 illam
3128 2855 3345 2896 carnem
3376 2841 3806 2905 manducat,nisi

2222 2929 2374 3001 prius
2404 2929 2733 2984 adoraverit.
2766 2945 2786 2982 ι
2819 2927 2884 2983 Ει
2913 2929 3074 3000 paulo
3100 2939 3220 3001 post
3253 2943 3270 2984 :
3309 2947 3328 2981 ‹
3365 2930 3499 2986 Cum
3539 2932 3805 2986 dixisset:

2228 3020 2348 3073 Nisi
2373 3021 2491 3090 quis
2524 3021 2916 3078 manducauerit
2948 3039 3155 3077 carnem
3187 3038 3376 3088 meam,
3400 3040 3503 3077 non
3525 3023 3732 3077 habebit
3755 3026 3811 3077 in

541 3135 561 3166 ε
592 3081 937 3186 Figtiraergo
960 3111 1080 3186 [al.,
1107 3081 1388 3182 estergo],
1414 3111 1734 3180 prazcipiens
1756 3081 1991 3181 passioui
2015 3110 2123 3164 Do-
2151 3081 2194 3143 δ
2226 3129 2280 3167 se
2313 3081 2470 3166 vitam
2501 3123 2772 3180 a‘ternam,
2813 3113 3162 3170 scandalizati
3213 3124 3340 3170 sunt
3364 3081 3642 3185 vdiscipuli
3696 3114 3810 3185 ejus

537 3206 668 3260 mini
702 3221 823 3260 esse
853 3204 1379 3266 communicandum,
1410 3203 1732 3258 et'suavitcr
1778 3215 1938 3274 atque
1979 3203 2125 3257 utili-

539 3304 624 3351 ter
675 3289 1017 3350 recOlendutn
1080 3293 1134 3348 in
1199 3293 1570 3348 misericordia
1625 3292 1745 3365 [al.,
1781 3293 2123 3348 recolendum

539 3385 594 3438 in
643 3382 936 3456 memoria]
975 3383 1116 3453 quod
1169 3399 1298 3438 caro
1345 3383 1546 3438 Christi
1606 3399 1704 3454 pro
1751 3385 1906 3439 nobis
1951 3385 2126 3439 cruci-

539 3477 645 3530 ﬁxa
697 3485 751 3530 et
807 3477 1084 3546 vulnerata
1136 3477 1226 3531 sit.
1286 3474 1531 3530 Passieni
1603 3475 2122 3546 siquidetn‘Christi

537 3569 902 3623 rounnunicat
923 3569 1014 3638 qui
1045 3585 1102 3624 se
1131 3567 1400 3639 cruciﬁgit
1443 3570 1643 3624 mundo
1668 3579 1721 3624 et
1748 3571 2129 3640 concupiscen-

540 3661 652 3724 tiis,
685 3670 746 3715 ut
771 3675 875 3714 non
903 3661 1264 3731 quodcunque
1285 3661 1421 3716 libet
1449 3660 1639 3718 iaciat:
1672 3664 1768 3719 sed
1821 3673 1877 3720 et
1922 3654 2128 3719 utiliter

541 3751 731 3806 recolit
765 3752 1081 3806 cruciﬁxum
1112 3761 1166 3806 et
1190 3751 1526 3805 vulneratam
1569 3769 1668 3822 pro
1714 3748 1871 3810 nobis
1899 3770 2123 3810 carnem

546 3841 882 3896 Dominicam
914 3843 1006 3911 qui
1033 3842 1263 3911 proximi
1306 3844 1722 3899 necessitatibus
1755 3843 1984 3916 benigne
2021 3845 2127 3898 iut-

541 3933 729 4001 pendit
758 3931 1210 3998 miscricordiam,
1247 3935 1568 4003 apponendo
1594 3945 1646 3990 et
1675 3936 1786 4005 ipse
1811 3952 1909 4005 pro
1938 3935 2126 3990 fratri-

543 4023 646 4078 hus
677 4025 914 4078 anin-am
939 4037 1116 4078 suam.
1149 4042 1167 4074 ι
1201 4023 1312 4079 lloc
1339 4024 1580 4092 profecto
1629 4025 1955 4096 signiﬁcare,
2005 4043 2126 4082 cum

546 4117 673 4170 talia
718 4117 924 4172 diceret
964 4117 1478 4187 praefatus'doctor,
1531 4121 1836 4174 attenderat
1881 4135 2128 4174 commu-

545 4209 761 4262 nionem
808 4208 1164 4273 Dontinicam,
1205 4224 1512 4279 quanquam
1572 4209 1868 4265 secundum
1921 4219 2129 4264 natura:

545 4301 936 4372 proprietatem
980 4301 1114 4356 nihil
1140 4293 1282 4355 aliud
1313 4303 1384 4356 sit
1428 4302 1570 4371 quod
1624 4302 1923 4373 percipitur
1967 4319 2126 4372 quam

2225 3204 2464 3274 quidam,
2510 3205 2853 3276 septuaginta
2885 3204 3073 3270 ferme,
3100 3213 3155 3261 et
3201 3205 3483 3261 dixerunt:
3516 3204 3702 3261 Durus
3736 3217 3809 3260 est

2226 3295 2310 3348 hic
2341 3311 2542 3360 sermo;
2568 3295 2683 3365 quis
2713 3305 2875 3365 pateat
2907 3295 3061 3349 illum
3098 3294 3424 3365 intelligere?
3472 3295 3543 3350 Et
3591 3312 3814 3350 recesseo

2226 3397 2355 3458 ~runt
2383 3386 2551 3451 abeo,
2597 3396 2644 3440 et
2687 3385 2912 3458 amplius
2963 3404 3068 3442 non
3113 3404 3230 3441 cum
3280 3404 3340 3442 eo
3390 3387 3811 3442 ambulaverunt.

2227 3478 2430 3551 Durum
2456 3477 2561 3532 illis
2591 3477 2764 3532 visum
2795 3487 2879 3532 est
2904 3479 3048 3548 quod
3078 3478 3155 3531 ait
3184 3496 3196 3531 :
3227 3476 3347 3532 Nisi
3374 3482 3491 3548 quis
3517 3479 3813 3531 manduca-

2223 3571 2353 3642 iverit
2417 3587 2626 3625 carnem
2685 3587 2875 3635 meam,
2928 3588 3032 3625 non
3075 3571 3278 3625 habebit
3310 3572 3471 3625 vitam
3509 3580 3764 3626 wternam
3794 3583 3814 3619 :

2229 3668 2558 3730 acceperunt
2576 3659 2705 3714 illud
2733 3659 2914 3727 stulte,
2931 3660 3227 3715 carnaliter
3249 3659 3378 3714 illud
3411 3660 3813 3730 cogitaverunt,

2228 3761 2283 3806 ct
2314 3760 2643 3822 putaverunt
2679 3754 2823 3822 quod
2853 3754 3178 3824 praecisurus
3205 3762 3351 3808 esset
3386 3753 3651 3809 Dominus
3690 3769 3816 3824 par-

2231 3845 2422 3900 ticulas
2444 3835 2706 3916 quasdam
2753 3846 2818 3901 de
2868 3861 3098 3918 corpore
3126 3862 3255 3913 suo,
3291 3856 3346 3902 et
3383 3848 3614 3904 daturus
3670 3848 3812 3913 illis;

2231 3939 2525 3993 dixerunt:
2563 3938 2742 3994 Durus
2768 3949 2840 3994 est
2868 3940 2952 3993 hic
2985 3957 3175 3995 sermo.
3203 3939 3305 4010 Ipsi
3337 3950 3494 3994 erant
3530 3940 3681 4006 duri,
3713 3955 3816 3994 non

2231 4042 2434 4082 sermo.
2472 4027 2684 4083 Etenim
2713 4029 2757 4083 si
2783 4029 2901 4083 duri
2933 4046 3038 4084 non
3067 4039 3270 4092 essent,
3297 4031 3389 4085 sed
3423 4030 3588 4085 mites
3613 4045 3818 4088 essent.

2229 4119 2474 4174 dicerent
2500 4120 2602 4176 sibi
2633 4139 2647 4175 :
2671 4120 2787 4178 Non
2812 4123 2928 4177 sine
2949 4138 3108 4178 causa
3134 4124 3234 4178 hoc
3257 4123 3406 4186 dicit.
3431 4124 3552 4188 nisi,
3585 4140 3717 4194 quia
3743 4133 3820 4177 est

2227 4211 2306 4286 ibi
2347 4211 2566 4282 aliquod
2603 4225 3006 4270 sacramentum
3037 4215 3240 4282 latens;
3265 4226 3549 4269 manerent
3571 4231 3698 4270 cum
3733 4215 3821 4270 illo

2221 4291 2382 4386 [lenes
2414 4320 2518 4359 non
2548 4305 2688 4369 duri,
2739 4317 2797 4360 ut
2826 4307 3094 4381 discerent
3119 4305 3186 4360 ab
3233 4305 3341 4368 illo,
3373 4306 3542 4376 quod,
3575 4306 3683 4361 illis
3717 4306 3822 4361 dis-

546 4407 672 4446 vera
711 4407 775 4447 ac
821 4391 1086 4447 naturalis
1134 4391 1333 4447 Christi
1365 4392 1546 4446 carnis
1586 4402 1641 4447 et
1689 4393 1968 4464 sanguinis
1999 4393 2126 4447 suh-
2161 4427 2206 4485 υ
2232 4395 2569 4460 cedentibus,
2612 4397 2702 4466 qui
2734 4407 3111 4452 remanserunt
3141 4396 3465 4450 didicerunt.
3508 4395 3648 4449 Nam
3699 4413 3822 4450 cum

545 4483 767 4538 stantia.
798 4483 1033 4538 Proinde
1071 4485 1283 4551 quoties
1339 4485 1389 4537 in
1435 4477 1800 4539 voluminibus
1839 4485 1977 4540 beati
2024 4484 2128 4538 Au-

546 4572 746 4639 gustini
777 4573 1116 4626 Dominicnm
1159 4574 1473 4643 mysterium
1520 4571 1712 4644 ﬁgura,
1761 4575 1844 4628 vel
1889 4577 2125 4645 signum,

547 4667 660 4719 sive
689 4676 844 4737 typus
872 4667 1140 4734 reperitur
1166 4665 1447 4736 appellari,
1491 4682 1596 4720 non
1635 4668 1796 4721 debet
1823 4667 2128 4722 inconside-

553 4766 670 4810 rata
725 4758 1032 4813 temeritate
1073 4757 1263 4826 accipi,
1314 4757 1406 4812 sed
1453 4757 1696 4828 diligenti
1723 4774 1886 4827 opera
1928 4775 2027 4814 cur
2056 4761 2128 4814 ita

560 4856 902 4915 nuncupetur
943 4847 1225 4912 ventilari,
1274 4848 1398 4917 quia
1453 4864 1645 4903 revera
1676 4849 1778 4904 sibi
1813 4849 1911 4919 ipsi
1950 4860 2132 4906 tantus

551 4939 738 4993 doctor
762 4939 1071 4994 contrarius
1095 4954 1216 4995 esse
1243 4940 1457 5010 nequit;
1509 4940 1553 4994 si
1577 4941 1724 4995 enim
1758 4956 1820 4996 ea
1852 4957 1968 5011 quze
2002 4942 2130 4998 alibi

551 5027 787 5092 dixerat,
816 5027 949 5083 alias
979 5027 1137 5083 aliter
1175 5030 1457 5085 sentiendo
1487 5030 1814 5095 destrueret,
1871 5033 2131 5102 pf'JTVill'l-

551 5129 792 5176 calorem
841 5135 901 5175 se
958 5120 1313 5191 proculdubio
1360 5124 1735 5186 constitueret,
1775 5139 1837 5178 ac
1889 5139 1984 5193 per
2033 5125 2134 5179 hoc

554 5211 736 5260 nullus
778 5209 948 5260 dictis
968 5211 1086 5260 eius
1118 5213 1529 5260 accommodare
1552 5213 1710 5260 ﬁdem
1757 5213 1996 5260 deberet-
2032 5213 2135 5260 Ve.

2233 4486 2618 4540 remansissent
2646 4485 2928 4542 duodecim
2959 4486 3227 4558 discipuli,
3277 4485 3381 4541 illis
3411 4488 3820 4552 recedentibus,

2230 4589 2617 4649 suggesserunt
2649 4578 2719 4632 illi
2760 4588 3014 4648 tanquam
3043 4581 3286 4635 dolentes
3313 4579 3528 4634 illorum
3563 4590 3824 4644 mortem,

2214 4673 2374 4742 quod
2403 4671 2754 4726 scandalizati
2800 4672 2909 4726 sint
2953 4672 3007 4726 in
3049 4687 3298 4728 sermone
3326 4672 3464 4742 ejus,
3491 4682 3549 4727 et
3580 4688 3826 4728 recesse—

2231 4765 2360 4819 rint.
2389 4763 2480 4819 Ille
2501 4771 2682 4818 autetn
2710 4763 2963 4819 instruxit
2987 4763 3127 4831 illos,
3148 4773 3202 4819 et
3223 4765 3299 4818 ait
3321 4764 3426 4819 illis
3449 4782 3462 4818 :
3493 4763 3729 4835 Spiritus
3750 4776 3827 4820 est

2231 4873 2320 4924 qui
2378 4856 2636 4924 viri/Scal,
2694 4873 2816 4910 caro
2867 4866 3040 4910 autent
3092 4874 3192 4911 non
3219 4857 3426 4927 prodest
3481 4858 3778 4929 quidquam
3809 4876 3828 4912 :

2234 4945 2383 4999 verba
2422 4939 2540 5016 qua:
2586 4947 2790 5000 locutus
2829 4963 2943 5001 sum
2983 4948 3142 5014 vobis,
3181 4949 3396 5018 spiritus
3444 4959 3492 5003 et
3533 4950 3640 5003 vita
3679 4959 3826 5002 sunt.

2237 5035 2604 5108 Spiritualitcr
2640 5038 2923 5110 intelligite
2952 5040 3093 5110 quod
3145 5040 3354 5095 locutus
3384 5035 3537 5105 sum,
3563 5055 3692 5094 nam
3721 5041 3830 5094 hoc

2236 5145 2449 5200 corpus,
2477 5130 2619 5199 quod
2647 5131 2860 5196 videtis,
2892 5133 3263 5188 manducaturi
3302 5131 3460 5193 e5tis,
3501 5140 3562 5185 et
3600 5129 3826 5184 bibituri

2236 5219 2549 5260 uariattinnm
2601 5235 2759 5260 nnnm
2790 5220 2960 5260 fitenri
2990 5232 3108 5260 cum
3135 5220 3206 5260 illi
3239 5221 3329 5260 ηηῖ
3364 5235 3442 5260 :22:-
3478 5219 3799 5260 renniﬁnnnl
