4006 5282
221 227 360 283 1415

1143 217 1340 275 LIBER
1366 217 1453 272 DE
1489 215 1811 272 CORPORIS
1843 214 1928 270 ΕΤ
1968 212 2312 270 S.\NCUiNE
2346 213 2640 270 CHRISTI.

3358 217 3494 273 HN

220 345 274 391 et
325 333 548 390 bibituri
597 331 936 403 sanguinem,
997 346 1157 401 quem
1210 329 1380 384 fusuri
1420 329 1672 399 suntqui
1722 343 1805 384 me
1835 315 1882 374 Α
1909 329 2112 384 Christi
2160 338 2216 384 et
2266 331 2513 400 sanguini
2569 330 2659 399 qui
2705 342 2802 400 per
2848 331 3154 400 passionem
3197 330 3354 389 fusus
3389 347 3496 400 est,

219 426 561 497 crucifigent.
599 445 617 478 ι
660 425 760 480 llic
804 425 939 479 nihil
985 425 1300 494 ambiguum
1350 431 1458 486 est,
1498 423 1628 476 nihil
1665 421 1808 491 quod

219 519 396 588 accipi
441 517 620 572 valeat
650 517 808 571 aliter
837 532 998 586 quam
1033 531 1229 587 corpus
1261 514 1387 568 illud
1417 513 1627 568 Domini
1667 513 1810 582 quod

220 611 510 665 videbatur
535 609 948 673 comedendum,
972 606 1361 678 etsanguinem
1385 605 1476 676 qui
1504 604 1809 659 fundendus

220 710 342 758 erat
381 700 696 756 bibendum.
748 699 862 756 Hoc
899 699 1059 770 plane
1104 699 1359 769 estquod
1403 698 1516 769 ipse
1553 697 1812 752 Dominus

223 794 366 850 dixit
427 811 440 847 :
499 813 516 846 ι
558 793 801 864 Accipite
867 802 922 848 et
976 791 1271 854 comedite,
1331 791 1434 846 hoc
1485 799 1568 846 est
1615 797 1820 859 corpus

224 901 444 956 meum,
483 885 626 956 quod
668 901 767 956 pro
811 885 964 941 vobis
1003 883 1285 950 tradetur;
1336 884 1424 939 hic
1469 882 1690 952 sanguis
1719 882 1811 952 qui

223 991 327 1049 pro
367 979 518 1034 vobis
550 977 875 1035 ell'undetur.
906 978 1050 1034 rSed
1075 981 1141 1033 ad
1172 978 1450 1050 superiora
1488 977 1809 1032 redeamus:

236 1088 253 1122 I
288 1069 538 1140 Suscepit
563 1110 578 1135 ,
627 1069 837 1139 inquit,
865 1069 1116 1124 Christus
1145 1069 1211 1124 de
1244 1079 1386 1123 terra
1420 1079 1644 1132 terram,
1685 1066 1812 1136 quia

227 1177 361 1218 caro
393 1171 537 1216 terra
567 1171 667 1226 est,
700 1170 756 1216 et
787 1161 958 1230 ipsam
993 1161 1152 1216 nobis
1181 1177 1286 1216 non
1321 1161 1481 1214 aliam
1513 1159 1692 1231 plane,
1719 1159 1813 1213 sed

227 1253 406 1324 ipsam
456 1269 620 1324 quam
671 1253 912 1323 suscepit
959 1254 1025 1308 de
1079 1265 1224 1308 terra
1273 1253 1428 1308 nobis
1478 1267 1700 1307 carnem
1747 1250 1814 1305 ad

229 1346 684 1407 manducandum,
729 1356 784 1400 et
834 1347 900 1400 ad
949 1347 1178 1400 salutem
1226 1345 1393 1400 dedit.
1444 1364 1462 1397 ι
1498 1345 1637 1400 Ecce
1674 1342 1814 1414 quod

228 1437 360 1492 alibi
392 1446 555 1492 certae
599 1437 772 1507 gratia
818 1437 1043 1491 rationis
1069 1436 1296 1507 figuram
1329 1436 1482 1500 dicit,
1515 1446 1569 1489 et
1601 1436 1815 1506 signum

227 1528 320 1584 hic
355 1543 577 1582 carnem
621 1525 824 1584 Christi
873 1529 940 1584 de
978 1538 1122 1583 terra
1163 1536 1431 1597 sumptam
1471 1539 1658 1598 aperte
1688 1533 1816 1596 pro-4

226 1619 444 1674 nuntiat
490 1619 672 1674 datam
715 1619 871 1674 nobis
912 1621 979 1674 ad
1020 1622 1480 1685 manducandum,
1523 1636 1622 1675 nec
1652 1620 1810 1673 aliam

226 1725 358 1766 sane
387 1726 547 1780 quam
574 1726 695 1781 qua:
730 1712 798 1766 de
836 1711 1060 1784 Virgine
1097 1721 1225 1766 nata
1255 1721 1359 1776 est,
1384 1727 1612 1782 quaeque
1637 1710 1816 1766 crucis

225 1803 583 1874 suspendium
635 1818 892 1873 perpessa
927 1813 1044 1871 est,
1089 1819 1211 1875 quae
1252 1805 1457 1859 aethera
1489 1802 1814 1868 transmisit,

229 1905 398 1966 atque
428 1896 482 1951 in
513 1905 739 1967 paterna
769 1900 898 1954 sede
927 1897 1100 1954 locata
1148 1899 1213 1953 ad
1244 1899 1409 1954 decus
1438 1900 1687 1954 humanae
1722 1913 1818 1952 nao

230 1991 388 2053 tum,
434 1988 585 2042 orbis
616 1989 903 2060 imperium
947 2005 1048 2062 pro
1085 1990 1312 2046 arbitrio
1343 1992 1603 2062 disponit,
1625 1990 1818 2046 divina:

226 2092 330 2146 per
353 2077 536 2133 omnia
559 2093 783 2134 consors
805 2079 1135 2149 majestatis;
1167 2081 1297 2134 nulli
1327 2081 1553 2136 ulterius
1585 2081 1817 2135 obnoxia

229 2167 589 2236 corruptioni,
613 2183 733 2238 qua:
752 2184 818 2223 eo
839 2180 1114 2226 sumentes
1135 2187 1190 2226 se
1211 2173 1481 2238 provehit,
1506 2182 1586 2238 ut,
1609 2171 1818 2225 devicta

229 2261 558 2329 quandoque
608 2261 855 2317 molestia
910 2273 1112 2318 naturae
1141 2265 1408 2330 mortalis,
1446 2275 1728 2319 consortes
1766 2271 1821 2318 ct

237 2349 532 2420 participes
561 2363 974 2422 promereantur
1008 2353 1144 2409 ellici
1171 2355 1343 2410 beata:
1373 2355 1816 2410 immortalitatis.

228 2437 290 2493 In
335 2454 446 2494 suae
484 2441 646 2510 igitur
687 2443 986 2512 persistens
1027 2443 1356 2514 integritatis
1387 2446 1814 2516 incorruptione,

228 2531 368 2586 nihil
419 2543 606 2588 nostro
653 2534 782 2589 vitio
826 2535 938 2605 pati
978 2536 1224 2590 creditur
1271 2537 1646 2606 corruptibile,
1695 2539 1822 2592 licet

231 2615 432 2678 vi'sihili
484 2625 746 2694 mysterio
794 2638 997 2680 nostrae
1041 2625 1292 2681 videatur
1327 2625 1502 2682 ollirio
1542 2628 1820 2682 servitutis

229 2729 340 2770 non
365 2715 574 2771 deesse.
604 2716 816 2771 Veritas
839 2732 970 2788 ergo
998 2718 1266 2774 credenda
1296 2729 1381 2774 est
1411 2720 1464 2773 in
1489 2720 1820 2790 praprietate

228 2807 574 2873 substantiae,
598 2817 655 2862 et
675 2809 962 2864 sinceritas
991 2810 1043 2864 in
1073 2811 1240 2882 ipsius
1267 2813 1591 2866 sacramenti
1618 2813 1820 2869 ἱιιωειίέ

229 2897 417 2952 mahili
448 2899 739 2967 dignitate,
778 2915 842 2954 ac
873 2900 951 2956 sic
987 2916 1112 2956 vera
1141 2917 1268 2957 caro
1303 2917 1571 2974 verusque
1599 2905 1820 2976 sanguis

1909 422 2293 484 communicat,
2340 423 2501 476 debet
2546 421 2594 475 ei
2644 422 2990 493 participare,
3020 432 3074 478 et
3101 439 3196 494 per
3223 425 3498 482 sinceram

1911 513 1964 568 in
2015 513 2294 584 proximos
2339 513 2728 585 benignitatem
2756 556 2771 580 ,
2809 526 2864 571 et
2909 519 3286 588 compatientis
3331 521 3499 576 animi

1911 603 2256 658 suavitatem.
2299 601 2413 658 Hoc
2457 605 2656 674 quippe
2707 614 2790 659 est
2836 606 2980 674 quod
3009 607 3344 678 Augustinus
3376 609 3498 662 ait:

1917 711 1936 744 α
1968 692 2164 763 Figura
2195 707 2326 764 ergo
2367 702 2453 748 est
2499 695 2816 764 pra>cipicus
2843 697 3084 765 passioni
3129 697 3340 753 Domini
3381 715 3504 755 esse

1912 786 2443 847 communicandum.
2496 795 2552 841 et
2602 787 2863 852 suaviter,
2895 796 3057 858 atque
3097 789 3304 844 utiliter
3346 806 3513 846 meo--

1913 875 2128 931 lendum
2184 877 2236 931 in
2298 891 2546 942 memor,
2597 878 2740 948 quod
2791 893 2919 933 caro
2973 879 3173 935 Christi
3235 896 3335 950 pro
3401 898 3506 935 no-

1913 970 1997 1024 bis
2047 970 2308 1024 crucilixa
2357 971 2427 1026 sit
2474 981 2530 1025 et
2576 971 2879 1027 vulnerata.
2939 993 2958 1024 ›
3009 974 3086 1030 Ac
3130 974 3174 1030 si
3237 975 3436 1031 diceret
3485 995 3501 1032 :

1915 1061 2130 1117 Veritas
2155 1062 2370 1133 quidem
2403 1071 2488 1118 est
2526 1065 2668 1134 quod
2710 1064 2761 1118 in
2799 1076 3138 1126 sacramento
3181 1070 3503 1138 percipitur,

1915 1167 1979 1208 ac
2006 1169 2132 1209 vera
2155 1171 2283 1209 caro
2302 1169 2572 1224 verusque
2597 1157 2818 1226 sanguis
2842 1159 2982 1226 quod
3006 1159 3271 1224 sumitur;
3290 1176 3503 1215 verum.

1917 1255 2096 1301 tamen
2153 1247 2320 1316 ipsius
2379 1248 2624 1302 veritatis
2675 1249 2950 1314 indiculo,
3000 1267 3174 1306 necne
3237 1255 3506 1323 passionis

1916 1339 2229 1402 Dominicae,
2274 1353 2394 1408 qua:
2440 1339 2636 1393 ibidem
2668 1339 2948 1407 recalitur,
2985 1343 3234 1413 exetnplo
3264 1360 3512 1400 commo-v

1916 1441 2078 1485 netur
2107 1431 2350 1486 omnium
2386 1431 2800 1501 percipientium
2844 1433 3058 1489 devotio
3083 1475 3098 1500 ,
3148 1444 3208 1490 ut
3252 1437 3320 1491 ad
3361 1437 3504 1492 illius

1915 1523 2052 1594 Agni
2096 1538 2192 1594 per
2228 1523 2494 1594 simplicis
2540 1523 2662 1578 vita:
2707 1526 2960 1580 meritum
3010 1530 3304 1584 contendat
3349 1531 3505 1587 inuo-

1917 1617 2189 1681 centiam,
2231 1631 2295 1688 ac
2335 1630 2432 1686 per
2470 1616 2864 1685 compassiouis
2905 1617 3156 1674 fraternae
3196 1621 3508 1678 misericor-

1918 1707 2082 1774 diam,
2128 1706 2246 1776 ejus
2295 1706 2622 1761 suﬂin'entite
2669 1707 2952 1762 tumuletur
2993 1711 3238 1782 vestigia,
3275 1715 3365 1783 qui
3404 1731 3512 1785 pro

1916 1798 2072 1854 nobis
2122 1814 2221 1853 nec
2271 1797 2686 1867 opprobriorum
2726 1799 3113 1866 contumelias,
3160 1818 3258 1856 nec
3296 1804 3506 1872 passio-

1917 1907 2044 1947 num
2091 1890 2288 1962 refugit
2329 1887 2576 1956 injurias,
2619 1901 2673 1943 et
2717 1889 2969 1945 omnibus
3009 1902 3117 1946 tam
3153 1895 3506 1951 credentibus

1917 2000 2079 2056 quam
2132 1981 2425 2037 incredulis
2475 1980 2750 2052 singulare
2804 1984 2996 2037 mortis
3053 1999 3165 2038 sua:
3218 1986 3506 2056 dignanter

1921 2075 2179 2146 impendit
2211 2073 2528 2136 remedium,
2560 2087 2623 2127 ac
2655 2071 2780 2127 vitae
2812 2076 3123 2143 procuravit
3155 2078 3502 2135 beneﬁcium.

1919 2170 2072 2236 Quod
2105 2169 2175 2221 ita
2208 2182 2265 2221 se
2297 2167 2436 2220 idem
2472 2166 2662 2224 doctor
2689 2180 2789 2221 nec
2814 2167 2972 2222 aliter
2998 2168 3225 2224 amrith
3262 2172 3511 2241 profecio

1920 2261 2160 2317 sensisse
2210 2260 2262 2314 in
2311 2259 2665 2330 praecedenti,
2702 2259 2752 2313 id
2790 2270 2872 2314 est
2908 2260 2960 2314 in
2993 2263 3232 2317 secundo
3283 2257 3356 2318 De
3403 2266 3510 2320 do-~

1919 2353 2093 2408 ctrina
2125 2350 2432 2406 Christiana
2486 2349 2625 2404 libro
2674 2349 2951 2420 liquidius,
2990 2353 3116 2406 dum
3171 2354 3302 2409 dicit
3362 2355 3505 2411 inter

1921 2454 2117 2500 cetera
2150 2461 2163 2497 :
2215 2463 2232 2496 ι
2270 2443 2402 2497 Nam
2451 2443 2618 2498 odore
2656 2446 2918 2513 unguenti
2953 2445 3212 2502 Dominus
3241 2463 3346 2518 quo
3378 2465 3504 2518 per-

1920 2535 2022 2590 fusi
2089 2543 2215 2590 sunt
2268 2535 2432 2605 pedes
2490 2533 2606 2604 ejus
2656 2535 2867 2606 signum
2927 2537 3146 2608 aliquod
3203 2540 3387 2602 dedit,
3447 2552 3504 2596 et

1921 2635 2261 2683 sacramento
2286 2626 2530 2696 corporis
2565 2635 2620 2680 et
2653 2627 2930 2698 sanguinis
2971 2639 3297 2700 praagustato
3331 2631 3426 2702 sig'
3455 2632 3502 2687 i-

1921 2719 2100 2774 ﬁcavit
2126 2717 2267 2789 quod
2299 2717 2484 2771 voluit.
2526 2736 2544 2768 ι
2585 2715 2640 2771 In
2681 2733 2789 2786 quo
2822 2717 2939 2772 loco
2974 2718 3134 2773 simul
3169 2721 3340 2790 posita
3376 2723 3504 2776 licet

1922 2816 2211 2877 advertas,
2257 2811 2478 2866 odorem
2523 2812 2802 2881 unguenti,
2842 2813 2984 2881 quod
3010 2821 3065 2869 et
3092 2828 3275 2868 verum
3305 2830 3506 2870 secun-

1919 2903 2046 2957 dum
2083 2911 2356 2974 gestorum
2407 2902 2566 2957 fidem
2591 2901 2714 2966 fuit,
2747 2913 2800 2955 ct
2839 2912 3018 2957 tamen
3045 2902 3362 2971 aliudjnxta
3395 2920 3506 2959 ir)-

230 2989 514 3046 sentie'ida
539 2999 663 3044 sunt
696 2990 813 3045 sine
835 2991 1077 3060 qualibet
1103 2993 1471 3062 corruptione,
1504 2994 1630 3049 licet
1659 2995 1814 3063 panis
1842 3027 1888 3090 Ο
1920 2994 2146 3066 pologize’
2195 2995 2458 3049 rationem
2511 2993 2835 3064 significavit
2864 3033 2878 3057 ,
2927 3002 2983 3047 et
3030 2993 3294 3049 Dominici
3325 3011 3508 3049 sacras

229 3097 298 3138 ac
329 3082 440 3137 vini
471 3083 680 3152 species
706 3083 1096 3154 dispensatorie
1141 3095 1415 3140 reservata
1443 3085 1812 3141 ministrorum

231 3173 505 3228 devotioni
548 3171 838 3226 famuletur
881 3182 1261 3241 temporanem,
1309 3189 1414 3243 qua
1452 3183 1730 3250 percepta,
1761 3181 1816 3229 et

229 3265 349 3334 ipsa
383 3265 436 3318 in
464 3280 563 3320 nos
589 3274 643 3319 et
671 3281 769 3319 nos
795 3266 893 3336 ipsi
925 3279 1233 3319 mereamur
1259 3266 1312 3319 in
1341 3266 1544 3320 Christi
1574 3265 1812 3320 membra

228 3354 637 3420 transformari,
675 3370 774 3425 per
812 3358 1097 3410 veritatem
1125 3355 1374 3411 videlicet
1394 3357 1817 3412 conuuunicatze

230 3447 492 3516 utrinque
546 3456 790 3512 naturae,
848 3459 1048 3502 nostra:
1095 3447 1304 3504 scilicet
1346 3463 1410 3503 ac
1456 3463 1606 3514 suae,
1651 3461 1816 3519 quam

227 3539 488 3612 dignatus
531 3549 612 3594 est
646 3555 712 3595 ex
757 3539 914 3595 nobis
953 3539 1189 3605 habere,
1231 3549 1287 3593 ut
1325 3539 1466 3593 illius
1496 3553 1594 3594 nos
1619 3541 1818 3596 elliciat

228 3633 550 3703 participes,
597 3643 652 3688 et
685 3632 844 3688 modo
887 3643 1183 3703 utcunque,
1218 3641 1272 3685 et
1301 3631 1402 3686 hoc
1431 3641 1661 3696 remoto,
1694 3646 1820 3702 per-

232 3723 435 3780 fectius
474 3725 830 3795 quandoque,
863 3725 916 3778 in
962 3740 1070 3795 qua
1101 3739 1317 3794 semper
1348 3733 1531 3780 manet
1564 3724 1632 3779 de
1657 3725 1818 3780 Patre

233 3828 404 3887 atque
436 3817 489 3872 in
518 3816 700 3872 Patre.
731 3814 978 3884 Quanam
1018 3826 1197 3871 autem
1223 3816 1436 3872 ratione
1464 3827 1684 3872 sanctus
1713 3817 1816 3883 vir,

230 3911 326 3981 qui
354 3926 573 3966 carnem
616 3911 684 3966 de
716 3921 859 3966 terra
884 3909 1158 3966 Christum
1183 3912 1292 3964 tam
1320 3910 1604 3966 manifeste
1627 3910 1817 3966 delini-

233 4004 314 4059 vit
356 4003 739 4074 assumpsisse,
781 4017 1012 4072 eamque
1052 4003 1206 4058 nobis
1259 4004 1328 4058 ad
1382 4003 1816 4059 manducandum

233 4105 291 4153 et
340 4096 410 4151 ad
458 4095 686 4151 salutem
746 4095 985 4150 insinuat
1029 4095 1366 4160 contulisse,
1423 4105 1611 4150 contra
1662 4112 1816 4152 suam

236 4188 566 4245 sententiam
609 4188 786 4258 potuit
825 4187 984 4242 aliter
1017 4186 1170 4252 alibi,
1207 4187 1556 4256 quod-absit!
1600 4185 1816 4254 docere,

235 4291 292 4338 et
339 4296 406 4337 ex
452 4280 679 4350 abrupto
727 4280 1064 4336 Dominicum
1125 4289 1529 4335 sacramentum
1586 4279 1814 4349 figuram

1919 3090 2082 3142 menti
2112 3088 2585 3156 prmgustationem
2605 3125 2620 3150 ,
2651 3086 2705 3142 id
2731 3095 2834 3149 est,
2864 3087 3108 3154 corporis
3132 3096 3187 3140 et
3220 3087 3502 3158 sanguinis

1916 3183 2115 3239 Christi
2157 3181 2588 3252 perceptionem,
2624 3195 2744 3249 qua:
2808 3180 3158 3235 nihilominus
3200 3179 3354 3249 juxta
3412 3182 3502 3236 iu-

1919 3276 2224 3344 tegritatem
2285 3288 2480 3328 rerum-
2513 3287 2640 3326 vera
2687 3285 2806 3327 esse
2853 3280 3086 3337 constat,
3144 3281 3199 3326 et
3250 3281 3426 3326 tamen
3465 3289 3498 3328 a

1915 3367 2325 3442 significationis
2365 3367 2537 3438 gratia
2586 3381 2693 3420 non
2739 3374 2948 3420 vacant.
2990 3365 3142 3421 Unde
3180 3375 3234 3420 et
3274 3366 3399 3421 alibi
3429 3369 3498 3425 de

1917 3461 2273 3520 sacramentis
2324 3458 2460 3514 feria
2509 3459 2742 3513 secunda
2784 3457 3006 3514 Pasehae
3048 3457 3332 3528 disputans
3381 3459 3499 3514 ait:

1923 3573 1942 3606 ε
1977 3552 2126 3608 Unus
2160 3554 2342 3623 panis,
2374 3566 2536 3605 unum
2565 3566 2754 3619 corpus
2783 3549 2934 3603 mul.i
2970 3565 3184 3616 sumus,
3219 3565 3498 3621 omnesque

1918 3650 1982 3702 de
2035 3661 2136 3700 uno
2167 3661 2302 3715 pane
2341 3653 2396 3698 et
2438 3642 2504 3697 de
2550 3657 2659 3696 uno
2705 3641 2880 3697 calice
2915 3642 3322 3712 .participamus,
3369 3644 3496 3712 quia

1919 3738 2010 3808 qui
2047 3751 2236 3807 passus
2260 3743 2342 3789 est
2365 3749 2464 3804 pro
2493 3733 2672 3794 nobis,
2709 3731 3108 3788 commendavit
3131 3731 3288 3788 nobis
3318 3734 3368 3787 iu
3399 3735 3504 3788 isto

1919 3835 2257 3884 sacramento
2286 3840 2481 3894 corpus
2511 3839 2667 3879 suum
2695 3829 2753 3878 et
2785 3825 3130 3895 sanguinem,
3158 3824 3301 3894 quod
3333 3825 3500 3878 etiam

1921 3923 2047 3978 fecit
2072 3931 2126 3976 et
2164 3936 2261 3976 nos
2299 3919 2478 3990 ipsos';
2519 3934 2644 3972 nam
2690 3927 2746 3973 et
2785 3933 2882 3972 nos
2923 3932 3121 3987 corpus
3160 3918 3327 3986 ipsius
3371 3917 3504 3971 farti

1919 4030 2138 4076 sumus,
2167 4013 2262 4068 sed
2305 4027 2402 4082 per
2440 4009 2867 4065 misericordiam
2915 4009 3102 4080 ipsius.
3143 4008 3260 4062 Non
3300 4008 3498 4071 fniStis,

1920 4115 1975 4161 et
1996 4105 2162 4161 creati
2188 4105 2340 4170 estis,
2365 4105 2430 4157 ad
2452 4119 2634 4158 aream
2659 4102 2990 4158 Domi..icam
3011 4101 3276 4171 deportati
3306 4101 3438 4156 estis
3469 4115 3500 4155 ει

1919 4197 2291 4256 laborantibus
2340 4195 2536 4249 bonum
2561 4235 2577 4260 ,
2621 4194 2672 4248 id
2713 4202 2798 4248 est
2841 4193 3288 4248 annuntiautibus
3328 4193 3505 4247 Evan-

1920 4291 2148 4363 gelium,
2206 4287 2441 4343 triturati
2495 4287 2656 4351 estis,
2708 4285 2951 4356 cmpistis
3006 4285 3132 4340 moli
3181 4287 3401 4357 jejuniis
3441 4294 3502 4339 et

227 4373 504 4432 duntaxat
549 4382 641 4427 aut
677 4372 914 4440 signum,
962 4370 1204 4441 nihilque
1237 4370 1382 4425 aliud
1422 4385 1566 4436 esse,
1613 4370 1817 4441 impru-
1848 4395 1897 4455 ι)
1921 4375 2277 4441 exorcismis;
2318 4385 2504 4445 postea
2535 4373 2602 4427 ad
2633 4387 2829 4442 aquam
2858 4373 3103 4437 venistis,
3132 4382 3186 4426 et
3219 4371 3504 4442 conspersi

229 4465 431 4520 denter
468 4472 630 4533 atque
663 4463 828 4534 impie
854 4462 1264 4534 dogmatizare?
1307 4464 1557 4517 Attamen
1606 4461 1821 4519 Veritas

237 4560 384 4628 ipsa,
425 4556 628 4626 aliquid
669 4569 767 4625 per
794 4555 1110 4627 mysterium
1155 4555 1310 4609 nobis
1348 4555 1616 4624 agendum
1646 4564 1820 4611 notat.

239 4651 394 4708 Unde
413 4647 702 4719 Apostolus
725 4665 739 4702 :
770 4649 1078 4717 Quicunque
1101 4647 1432 4701 manducetis
1452 4647 1591 4700 lium:
1611 4663 1821 4716 panem,

235 4736 455 4798 πιστιεηὶ
504 4739 718 4794 Domini
763 4740 1109 4796 aununtialis.
1158 4739 1224 4795 Et
1273 4737 1466 4793 Petrus
1503 4757 1517 4793 :
1559 4737 1824 4806 Christus,

237 4831 440 4901 inquit,
489 4845 674 4899 passus
709 4840 806 4898 est,
852 4827 991 4884 vobis
1041 4833 1340 4902 relinquens
1384 4831 1717 4901 exemplum,
1767 4843 1823 4885 ut

233 4922 524 4994 sequamini
553 4919 768 4990 vestigia
795 4923 912 4994 ejus

307 5011 491 5068 XXIV.
531 5011 668 5065 Ecce
717 5016 966 5086 signum,
1017 5027 1169 5080 ecce
1211 5012 1384 5084 figura
1427 5029 1593 5083 quam
1650 5017 1823 5088 tangit

229 5104 571 5174 Augustinus,
613 5099 861 5176 videlicet
901 5105 1304 5186 alaequamiui
1343 5107 1556 5177 vestigia
1587 5112 1726 5183 ejus,
1770 5110 1824 5169 id

229 5205 324 5258 est,
351 5203 406 5248 ut
432 5192 517 5260 qui
543 5190 758 5254 creditis
791 5194 842 5246 in
883 5202 997 5245 eum
1057 5205 1214 5266 ﬁde,
1252 5210 1409 5265 quem
1442 5209 1497 5253 et
1524 5202 1741 5259 sumitis
1766 5203 1821 5260 in

1927 4470 2080 4534 estis,
2131 4474 2188 4522 et
2233 4480 2397 4519 unum
2437 4463 2564 4518 facti
2613 4461 2768 4526 estis,
2815 4462 3108 4517 accedente
3143 4461 3353 4516 fervore
3385 4464 3511 4533 Spi-

1927 4566 2064 4620 ritus
2107 4560 2277 4618 sancti
2329 4561 2468 4616 cocti
2527 4557 2680 4623 estis,
2729 4567 2783 4612 et
2827 4557 2982 4626 panis
3031 4555 3339 4612 Dominieus
3383 4555 3511 4632 facti

1925 4659 2075 4712 estis.
2123 4654 2263 4709 Ecce
2300 4653 2444 4723 quod
2484 4649 2790 4721 accepistis.
2833 4649 3114 4715 Quomodo
3151 4662 3280 4716 ergo
3311 4649 3416 4702 vidi
3440 4653 3511 4705 tis

1927 4766 2091 4804 unum
2141 4761 2266 4801 esse
2309 4745 2454 4814 quod
2499 4743 2702 4798 factum
2751 4748 2863 4804 est,
2912 4742 2993 4798 sic
3032 4755 3200 4797 unum
3234 4750 3432 4807 estote,
3461 4750 3517 4796 et

1928 4855 2022 4895 vos
2045 4835 2334 4903 diligendo,
2367 4848 2460 4888 vos
2482 4833 2714 4888 tenendo
2739 4846 2902 4885 unam
2936 4833 3121 4897 ﬁdem,
3150 4847 3310 4886 unam
3333 4848 3514 4901 spem,

1925 4931 2260 4990 individuam
2296 4927 2644 4983 cbaritatem.
2689 4924 2947 4980 llzerctici
2989 4925 3208 4999 quando
3245 4926 3516 4994 accipiunt

1928 5031 2032 5087 hoc
2062 5021 2465 5088 testimonium,
2495 5028 2684 5078 contra
2727 5034 2784 5074 se
2819 5016 3071 5088 faciunt,
3109 5017 3233 5090 quia
3265 5016 3340 5071 illi
3369 5033 3522 5088 qua:-

1929 5129 2053 5177 runt
2087 5115 2409 5173 divisionem
2433 5154 2450 5181 ,
2502 5128 2625 5170 cum
2666 5111 2768 5167 iste
2809 5115 2970 5178 panis
3001 5113 3205 5172 iudicet
3232 5109 3521 5168 unitatem.

1927 5216 2017 5272 Sic
2036 5221 2090 5269 et
2114 5210 2296 5264 vinum
2324 5222 2393 5262 ex
2423 5207 2608 5263 multis
2639 5205 2868 5261 racemis
2892 5205 3033 5277 ﬂuit,
3063 5215 3119 5265 et
3143 5203 3303 5260 modo
3331 5201 3385 5257 in
3415 5220 3526 5262 uno
