4006 5282
501 228 642 284 fil-'5

1668 227 1975 285 DURANDI
2005 231 2294 289 ABBATIS
2333 233 2814 294 TR‘OARNENSIS

3634 249 3760 304 ma

495 343 650 404 estis.
698 340 867 398 Simul
901 341 1046 399 enim
1083 341 1184 397 hoc
1232 357 1440 406 smnus,
1484 341 1608 412 quia
1641 342 1804 398 simul
1827 343 2084 410 bibimus,
2113 337 2160 393 A
2196 326 2519 402 9003an
2574 329 2728 385 nefas
2789 340 2874 386 εει
2931 332 3179 389 occulere
3222 334 3542 393 Christum!
3602 341 3764 400 Judaei

495 433 624 502 quia
655 432 814 490 simul
845 433 1096 494 vivimus.
1127 451 1146 484 ι
1178 431 1269 488 Sic
1300 432 1556 488 nimirum
1582 431 1841 502 praefatus
1867 434 2082 504 praesul,

493 525 577 580 sic
615 525 798 582 multis
837 524 890 580 in
937 523 1100 589 locis,
1133 524 1214 580 sic
1251 524 1306 578 in
1352 524 1455 580 hac
1491 525 1784 592 sententia,
1814 526 1895 583 sic
1919 526 2090 582 etiam.

491 617 776 687 praemisso
801 617 855 670 in
888 616 1125 687 capitulo
1160 615 1499 672 Dominicum
1531 625 1934 672 sacramentum
1973 632 2082 672 non

494 707 752 778 abrogata
789 707 1037 762 veritatis
1075 706 1183 777 ﬁde
1221 707 1427 778 aliquid
1461 707 1678 779 signare
1713 707 1935 764 indicat.
1975 705 2087 762 Sed.

491 799 621 852 dum
654 797 972 854 scribendis
1019 798 1172 854 libris
1223 812 1453 868 operose
1508 798 1748 862 insudat,
1799 797 1980 853 utinus
2021 812 2084 852 se

491 889 814 958 quibusdam
857 889 916 945 in
945 888 1078 944 locis
1110 888 1381 958 explicat,
1425 904 1490 946 ac
1528 904 1621 957 per
1659 890 1761 944 hoc
1810 885 2083 943 nonnullis

493 979 673 1034 minus
717 979 977 1045 eruditis,
1021 989 1183 1050 atque
1214 982 1265 1035 in
1297 981 1468 1037 sacris
1501 980 1798 1050 Scripturis
1831 979 2084 1050 apprime

491 1084 835 1139 nequaquam
887 1070 1155 1137 climatis,
1185 1080 1279 1126 aut
1322 1069 1555 1126 diﬁicilis
1581 1071 1814 1133 videtur,
1847 1078 1938 1124 aut
1973 1084 2079 1124 non

491 1172 642 1218 recte
666 1163 989 1230 intellectus,
1017 1166 1222 1220 erroris
1251 1165 1605 1237 seminarium
1642 1165 1757 1224 ﬁcti
1796 1164 2077 1234 probatur.

490 1250 764 1310 Caeterum
798 1254 842 1310 si
876 1254 1037 1314 aliter
1082 1257 1210 1326 quid
1245 1254 1580 1313 intellexisse
1632 1257 1735 1312 hac
1779 1257 1851 1314 de.
1894 1272 1975 1321 re,
2025 1264 2082 1311 et

490 1331 924 1416 abintegritate
966 1348 1102 1404 tanti
1161 1349 1406 1419 mysterii
1467 1349 1707 1405 alienum
1757 1349 2082 1414 probaretur

491 1434 716 1502 dixisse,
747 1438 901 1506 quod
931 1438 1110 1494 absitl
1158 1455 1224 1492 ex
1255 1438 1482 1495 diﬂiziito
1521 1438 1906 1508 proferendum
1935 1445 2084 1502 erat,

491 1527 634 1594 quod
681 1525 968 1596 Apostolus
1016 1527 1093 1583 ait
1119 1525 1398 1583 :tEtiantsi
1441 1527 1658 1597 angelus
1699 1526 1766 1580 de
1803 1524 1930 1580 uelo
1982 1540 2080 1577 an-

486 1618 808 1686 .auntiaoerit
850 1618 994 1676 nobis
1043 1629 1235 1690 praeter
1280 1619 1421 1690 quod
1451 1619 1756 1688 accepistis,
1800 1617 2080 1672 anathema

489 1710 647 1768 εἱι..
863 1705 1006 1777 μέ
1329 1741 1332 1743 λ
1923 1775 1928 1780 ,

501 1851 520 1856 .-
564 1791 732 1854 XXV.
775 1800 947 1860 Porro
994 1800 1114 1870 ipse
1158 1801 1260 1856 hac
1298 1799 1367 1856 de
1397 1815 1456 1856 re
1496 1799 1626 1868 quid
1660 1797 1925 1861 docuerit,
1955 1796 2086 1868 quid

491 1893 726 1956 senserit
749 1893 1060 1963 Apostolus,
1101 1893 1190 1953 cui
1227 1908 1330 1955 nec
1355 1893 1578 1964 angelus
1607 1891 1675 1946 de
1715 1889 1854 1946 cutio
1879 1889 1926 1944 si
1958 1903 2086 1944 cou-

495 1981 670 2038 traria.
702 1985 948 2058 senserit
978 1984 1352 2055 suscipiendus
1395 1985 1487 2050 sit,
1529 1983 1814 2038 audiamus
1847 1995 1864 2034 :
1905 1978 2084 2052 Catia,

492 2071 700 2144 inquit,
757 2075 842 2128 cui
889 2075 1268 2142 benedicimus,‘
1329 2091 1500 2132 nonne
1552 2071 1956 2130 communicatio
2008 2065 2083 2124 est

486 2167 761 2237 sanguinis
789 2167 1022 2224 Christi?
1044 2165 1209 2222 Panis
1235 2183 1385 2240 quem
1412 2166 1727 2237 frangimus,
1750 2179 1917 2234 nonne
1943 2178 2084 2216 com-

490 2258 778 2314 municatio
832 2268 908 2312 est
958 2260 1195 2330 corporis
1254 2259 1493 2315 Christi?
1543 2260 1650 2317 Sed
1707 2261 1852 2317 absit
1896 2271 1955 2316 ut
2001 2261 2085 2316 vir

490 2357 656 2402 tantm
705 2349 758 2404 in
815 2349 1058 2405 Ecclesia
1093 2350 1307 2406 Christi
1362 2352 1738 2419 auctoritatis,
1783 2355 1851 2410 de
1893 2368 2078 2408 sacra-

490 2451 674 2500 mento
726 2442 974 2510 corporis
1020 2450 1077 2498 et
1113 2443 1407 2514 sanguinis
1449 2443 1677 2510 Christi,
1715 2443 1876 2500 aliter
1919 2459 2080 2513 quast

488 2534 894 2604 tpseDominus
927 2535 1147 2589 tradidit
1180 2536 1259 2590 vel
1293 2537 1407 2606 ipse
1431 2535 1550 2604 ejus
1579 2537 1872 2606 Apostolus
1899 2537 2084 2592 docuit

489 2627 728 2686 sensisse
777 2636 1023 2696 putetur,
1051 2627 1143 2697 qni
1182 2636 1262 2682 tot
1304 2643 1368 2683 ac
1407 2628 1534 2683 talia
1580 2645 1728 2684 sana:
1770 2628 1892 2683 ﬁdei
1930 2627 2082 2682 testi-

490 2719 671 2772 monia
719 2718 772 2772 in
822 2718 1053 2774 diversis
1105 2717 1281 2784 libris,
1317 2718 1512 2788 quibus
1544 2733 1704 2776 nemo
1741 2719 1885 2774 valet
1910 2717 2083 2773 refra-

491 2812 640 2882 gari,
674 2811 958 2880 reliquisse
994 2812 1288 2877 invenitur,
1319 2827 1437 2882 qua:
1482 2829 1550 2869 ue
1599 2814 1774 2867 dicam
1817 2813 2078 2881 scribere,

490 2901 588 2968 sed
619 2915 686 2955 ne
709 2900 887 2973 legere
911 2902 1128 2970 quidem
1156 2904 1446 2971 quisquam
1475 2904 1756 2956 occurrat!
1785 2901 1858 2956 Ex
1883 2902 2080 2972 quibus

489 3001 578 3048 est
605 2993 732 3048 illud
765 2975 816 3048 in
843 2993 982 3049 libro
1013 3003 1208 3064 quarto
1248 2992 1322 3048 De
1349 3003 1534 3049 sancta
1561 2993 1824 3048 Trini-tate
1847 3009 1866 3048 :
1895 3012 1914 3046 ι
1950 2993 2080 3060 Quis

490 3097 624 3154 ergo
664 3093 772 3140 tam
811 3083 990 3154 justus
1029 3095 1085 3139 et
1127 3091 1346 3142 sanctus
1383 3085 1640 3139 sacerdos
1679 3100 1844 3155 quam
1888 3084 2080 3139 unicus

492 3175 589 3232 Dei
622 3175 810 3240 Filius,
842 3191 948 3234 non
977 3175 1068 3246 qui
1094 3190 1229 3245 opus
1259 3175 1485 3232 haberet
1506 3190 1601 3246 per
1629 3169 1957 3231 sacriﬁcium
1985 3189 2081 3230 sua

491 3279 715 3340 peccata
761 3257 1015 3342 purgare,
1073 3284 1172 3323 nec
1220 3267 1529 3339 originalia,
1584 3283 1684 3324 nec
1733 3285 1801 3323 ex
1845 3269 2080 3324 humana

491 3364 602 3432 vita
657 3379 778 3433 quae
825 3363 1131 3419 adduntur?
1185 3362 1252 3418 Et
1304 3363 1431 3433 quid
1472 3372 1580 3418 tam
1625 3373 1988 3436 congruenter
2014 3361 2082 3417 ab

497 3458 754 3526 omnibus
790 3465 1102 3512 sumeretur
1145 3455 1289 3524 quod
1337 3469 1435 3526 pro
1469 3455 1552 3511 eis
1597 3454 1885 3510 oliorretur
1917 3469 2080 3524 quam

493 3550 729 3604 humana
759 3549 926 3604 caro?
957 3548 1023 3604 Et
1060 3547 1189 3617 quid
1221 3556 1330 3602 tam
1355 3557 1538 3618 aptum
1568 3549 1694 3606 huic
1725 3546 2082 3608 immolationi

491 3656 656 3710 quam
713 3656 842 3696 caro
893 3638 1184 3694 mortalis?
1248 3638 1312 3693 Et
1343 3639 1471 3710 quid
1529 3648 1636 3694 tam
1669 3640 1928 3694 mundum
1985 3654 2084 3708 pro

494 3731 823 3788 tnundandis
853 3730 1003 3786 vitiis
1051 3729 1361 3786 mortalium
1401 3747 1563 3801 quant
1599 3732 1717 3787 sine
1751 3731 1856 3786 ulla
1899 3741 2081 3786 conta«

491 3822 660 3894 gione
700 3822 937 3884 carnalis
978 3823 1430 3892 concupiscentiae
1473 3839 1605 3880 caro
1650 3834 1776 3880 nata
1829 3824 1880 3879 in
1928 3833 2083 3882 utero

489 3923 552 3969 et
579 3929 647 3968 ex
691 3922 848 3970 utero
881 3913 1179 3985 virginali?
1221 3914 1288 3969 Et
1321 3915 1448 3984 quid
1479 3925 1584 3970 tam
1617 3926 1769 3988 grate
1795 3914 1995 3978 oll‘erri,
2031 3927 2083 3992 et

495 4002 696 4074 suscipi
746 4012 933 4074 posset
981 4018 1142 4072 quam
1197 4019 1326 4061 caro
1375 4005 1629 4060 sacriﬁcii
1676 4005 1846 4060 nostri
1888 4020 2084 4074 corpus

491 4093 684 4150 cﬂ‘ecta
714 4095 1012 4151 sacerdotis
1039 4097 1230 4162 nostri,
1269 4106 1328 4151 nt
1361 4099 1615 4169 quoniam
1643 4109 1878 4168 quatuor
1904 4098 2083 4152 cOusi-

494 4190 761 4258 derantur
814 4190 866 4246 in
911 4190 1058 4246 omni
1112 4191 1406 4257 sacriﬁcio,
1457 4192 1542 4245 cui
1591 4189 1870 4263 oﬁ‘eratur,
1910 4206 1940 4244 a
1977 4205 2084 4269 quo

490 4282 787 4348 oll'cratur,
837 4298 935 4351 pro
983 4283 1181 4352 quibus
1233 4281 1516 4350 oﬁeratur,
1578 4283 1717 4338 idem
1775 4282 1890 4354 ipse
1943 4296 2084 4338 unus

2191 427 2369 474 tamen
2398 433 2520 476 eum
2550 422 2892 490 occiderunt,
2920 433 2974 480 et
3003 427 3157 482 multi
3187 438 3372 499 postea
3415 433 3466 486 in
3493 448 3621 488 eum
3647 451 3759 490 crc-

2187 507 2458 576 diderunt,
2492 519 2548 565 et
2575 513 2892 584 sanguinem
2922 515 3041 587 ejus
3080 516 3358 583 biberunt.
3394 532 3454 577 et
3486 524 3768 580 dimissum

2185 606 2267 652 est
2291 596 2396 652 illis
2425 611 2707 669 peceatum
2753 604 2895 672 quod
2937 606 3347 664 commiserunt.
3385 630 3406 664 ι
3439 612 3494 666 lu
3531 617 3772 669 secundo

2184 703 2400 759 quoque
2418 707 2438 745 τε
2471 709 2491 743 ι
2536 692 2862 750 Percussum
2907 704 2993 752 est
3049 697 3190 753 enim
3251 699 3434 768 latus,
3472 714 3528 758 et
3583 709 3772 761 statim

2183 782 2458 836 emanavit
2482 785 2702 854 sanguis
2729 784 2786 841 et
2823 801 2993 856 aqua;
3028 804 3164 860 aqua
3186 831 3201 854 ,
3234 791 3287 846 in
3323 809 3430 864 qua
3456 805 3540 851 est
3571 812 3769 867 sponsa

2184 871 2496 938 puriﬁcata;
2542 877 2783 948 sanguis,
2835 892 2904 933 ex
2955 894 3063 949 quo
3111 880 3388 938 invenitur
3437 887 3649 942 dotata.
3708 888 3771 944 In

2187 963 2290 1018 isto
2333 967 2598 1037 sanguine
2650 957 2823 1022 sancti
2886 981 3155 1042 martyres
3213 974 3380 1031 stolas
3434 993 3566 1034 suas
3621 981 3782 1034 lave~

2187 1063 2345 1119 runt,
2401 1066 2457 1110 et
2508 1058 2766 1114 candidas
2808 1074 2902 1114 eas
2941 1060 3204 1128 fecerunt,
3249 1068 3318 1122 ad
3360 1070 3578 1140 nuptias
3630 1074 3774 1144 Δειιί

2185 1150 2394 1204 invitati
2449 1163 2752 1221 venerunt,
2811 1156 3032 1212 calicem
3095 1172 3452 1230 acceperunt,
3515 1165 3780 1224 biberunt

2183 1241 2342 1310 eique
2367 1243 2816 1312 propinaveruut,
2844 1249 3164 1323 sanguinem
3195 1267 3431 1323 namque
3457 1256 3578 1326 ejus
3613 1258 3779 1329 bihe-I

2183 1340 2329 1394 runt,
2367 1334 2686 1404 sanguinem
2728 1352 2884 1392 suum
2921 1354 3020 1409 pro
3045 1341 3132 1395 illo
3174 1342 3448 1400 fuderunt.
3483 1365 3501 1397 ι
3540 1348 3598 1402 lu
3632 1349 3778 1416 libro

2182 1419 2261 1475 De
2292 1432 2484 1491 quarta
2521 1422 2656 1480 feria
2689 1444 2702 1479 :
2750 1445 2768 1477 ι
2807 1427 3019 1484 Primus
3043 1471 3059 1497 ,
3095 1432 3300 1508 inquit,
3337 1436 3494 1490 [tanta
3525 1438 3599 1492 de
3629 1450 3776 1494 terra

2185 1526 2438 1582 terrenus.
2486 1515 2622 1583 Quid
2671 1518 2840 1586 dicit,
2884 1522 3062 1576 omnis
3102 1524 3293 1592 homo,
3327 1530 3508 1582 terra?
3549 1534 3776 1601 quando

2183 1607 2382 1676 accipit
2433 1611 2752 1689 sanguinem
2804 1613 3028 1681 Christi,
3079 1635 3232 1674 amen
3284 1622 3446 1676 dicit.
3491 1624 3636 1691 Quid
3693 1635 3778 1682 est

2110 1682 2388 1779 Batnen?
2442 1687 2618 1755 verum
2669 1713 2742 1757 est
2783 1707 2960 1776 :qnid
3022 1718 3145 1774 est,
3202 1725 3386 1767 verum
3442 1716 3565 1783 est?
3628 1716 3782 1785 Quia_

2185 1787 2339 1882 {usus
2377 1785 2708 1864 estsanguis
2750 1795 2982 1864 Christi;
3031 1815 3138 1871 quo
3182 1800 3459 1860 faciente?
3502 1808 3782 1879 discipulo

2187 1883 2454 1958 tradente.
2479 1883 2642 1940 Amen
2665 1886 2916 1955 dicendo,
2937 1905 3123 1946 verum
3145 1892 3446 1960 clamando,
3470 1899 3610 1954 dicit
3637 1903 3777 1955 hoc:-

2184 1968 2376 2054 Omnis
2414 1969 2594 2039 homo,
2640 1984 2806 2034 terra.
2853 1978 2994 2036 Ecce
3032 1981 3086 2035 in
3125 1980 3305 2039 Juda:
3350 1985 3464 2060 Vox
3491 1993 3776 2061 sanguinis

2184 2057 2369 2132 fratris
2399 2059 2477 2115 tui
2511 2064 2704 2119 clamat
2744 2067 2813 2120 ad
2838 2057 2924 2122 nu:
2950 2070 3016 2125 de
3060 2083 3220 2138 terra,
3257 2057 3613 2148 probavimus
3642 2084 3775 2152 quia

2184 2149 2303 2220 ejus
2329 2154 2590 2224 sanguine
2622 2155 3005 2226 rigaris.'Vide,
3039 2171 3200 2232 terra,
3229 2170 3502 2235 quomodo
3529 2149 3778 2243 accipias

2184 2241 2328 2300 hunc
2369 2245 2713 2314 sanguinem,
2751 2248 2876 2317 quia
2928 2251 3236 2324 quicunque
3277 2252 3476 2328 accipit
3501 2300 3518 2325 ,
3568 2241 3778 2332 accipit

2181 2329 2634 2391 benedictionem.
2675 2357 2693 2390 ι
2725 2337 2857 2395 Item
2896 2341 2948 2396 in
2991 2346 3180 2399 eodem
3211 2365 3226 2400 :
3260 2365 3278 2399 ι
3312 2347 3603 2421 Responde
3630 2329 3776 2410 sicut

2185 2421 2464 2496 respondit
2519 2426 2854 2500 Cyprianus,
2902 2431 3224 2491 Laurentius
3258 2441 3548 2511 canorique
3589 2449 3772 2500 sancti

2183 2519 2297 2586 Qui,
2336 2521 2697 2590 percipientcs
2748 2527 3062 2594 sanguinem
3101 2528 3330 2598 Christi,
3364 2549 3464 2603 pro
3505 2539 3778 2608 sanguine

2182 2623 2343 2677 quem
2392 2608 2644 2666 biberunt
2671 2614 2986 2685 sanguinem
3021 2633 3177 2672 suum
3215 2619 3440 2679 fundere
3477 2642 3588 2682 non
3618 2633 3779 2684 dubi-

2185 2719 2457 2766 taverunt.
2498 2732 2517 2766 ι
2553 2713 2619 2768 Et
2647 2725 2767 2784 post
2790 2731 3003 2788 pauca:
3041 2737 3061 2774 ι
3097 2719 3229 2777 Vide
3257 2737 3325 2779 ne
3357 2712 3581 2783 deseras
3611 2746 3778 2787 men-2

2183 2816 2299 2856 sam
2327 2801 2521 2874 Sponsi
2553 2807 2656 2872 tui,
2686 2819 2744 2861 ut
2765 2809 2991 2880 pulchra
3020 2826 3362 2881 permaneas.
3386 2815 3628 2874 Carnem
3657 2821 3780 2890 ejus

2185 2895 2428 2964 quotidie
2489 2900 2993 2973 manducahis,’et
3041 2905 3359 2975 sanguinem
3408 2910 3674 2978 potabis,
3722 2924 3780 2969 et

2184 2989 2350 3044 vitam
2403 2998 2664 3045 aeternam
2703 2994 2942 3050 habebis.
2993 2994 3175 3052 Mersa
3214 2996 3408 3068 Sponsi
3456 3003 3532 3057 tui
3575 3019 3779 3073 partem

2107 3041 2152 3104 Ο
2185 3080 2350 3135 habet
2393 3081 2681 3154 integrum,
2711 3093 2766 3140 et
2803 3087 3029 3142 calicem
3061 3041 3328 3146 sanctuin.
3362 3092 3437 3147 De
3473 3041 3780 3164 istovpane,

2182 3179 2232 3226 et
2282 3171 2350 3228 de
2393 3172 2498 3228 isto
2549 3175 2719 3231 calice
2767 3177 2993 3258 dicebat
3032 3179 3144 3249 ipse
3184 3199 3197 3234 :
3256 3181 3425 3238 Panis
3473 3202 3628 3255 quem
3681 3206 3782 3258 ego

2182 3264 2396 3334 dedero,
2445 3283 2568 3322 caro
2614 3285 2730 3322 mea
2757 3280 2831 3324 est
2881 3257 3070 3330 :calix
3117 3288 3277 3344 quem
3329 3257 3782 3349 sanctiﬁcavcru,

2184 3358 2408 3428 sanguis
2455 3374 2610 3418 meus
2660 3371 2763 3416 est.
2793 3381 2812 3414 ι
2849 3363 2908 3420 1η
2959 3367 3119 3421 tertio
3160 3367 3296 3424 libro
3342 3369 3420 3423 De
3471 3369 3779 3441 Symbolo:

2187 3465 2210 3521 _i
2241 3447 2553 3506 Prostratus
2583 3453 2651 3507 ad
2689 3462 2888 3519 terram
2933 3465 2988 3510 et
3027 3456 3249 3516 eﬁ‘ectus
3277 3460 3579 3530 discipulus
3604 3467 3781 3520 caele.

2184 3541 2283 3596 stis
2329 3541 2633 3610 Archiatri,
2691 3547 2994 3606 antidotum
3039 3552 3346 3610 confectum
3390 3571 3461 3612 ex
3509 3560 3785 3630 sanguine

2184 3633 2380 3690 medici
2429 3635 2579 3705 prior
2626 3637 2740 3706 ipse
2786 3639 2954 3706 bibit,
3002 3651 3058 3698 et
3096 3643 3384 3700 bibendum
3437 3651 3785 3722 amatoribus

2183 3728 2510 3796 propinavit.
2568 3729 2683 3786 Hoc
2727 3734 3032 3792 antidotum
3085 3739 3153 3794 de
3211 3741 3476 3812 sanguine
3525 3747 3782 3801 cruciﬁxi

2183 3819 2488 3876 confectura
2516 3822 2678 3878 etiam
2727 3825 2826 3894 ipsi
2880 3843 3034 3899 reges
3071 3829 3362 3899 biberunt,
3402 3841 3460 3889 et
3495 3837 3590 3906 qui
3618 3849 3784 3892 erant

2185 3911 2440 3968 Ecclesia:
2469 3926 2869 3987 persecutores,
2898 3921 3016 3992 ejus
3045 3921 3170 3980 facti
3203 3935 3331 3982 sunt
3374 3926 3719 3987 defensores.
3758 3950 3777 3983 ι

2183 4003 2241 4074 lu
2287 4005 2426 4062 libro
2463 4007 2538 4062 De
2583 4011 2955 4082 cataclysmo:
3000 4034 3018 4070 ι
3055 4016 3370 4075 Comeditur
3402 4023 3553 4077 enim
3593 4025 3784 4095 Agnus

2182 4111 2281 4169 per
2306 4109 2519 4163 noctem
2543 4102 2702 4172 hujus
2731 4107 2936 4175 saeculi,
2963 4120 3023 4164 ut
3048 4125 3169 4167 cum
3195 4128 3355 4169 mane
3381 4114 3516 4169 illud
3539 4120 3783 4182 venerit,

2182 4194 2327 4262 quod
2383 4209 2672 4266 vesperum
2723 4215 2830 4256 non
2888 4202 3146 4271 habebit,
3189 4205 3303 4275 jam
3354 4223 3462 4274 non
3514 4208 3784 4266 olferatur

2184 4286 2795 4361 sacriﬁciutnimaginis
2823 4294 2984 4366 Agni,
3027 4299 3126 4353 sed
3151 4299 3324 4370 ipsum
3348 4301 3586 4371 Agnum,
3613 4320 3780 4374 quem

495 4387 767 4442 vet-usque
797 4369 1058 4428 Mediator
1081 4387 1178 4442 per
1199 4371 1526 4428 sacriﬁcium
1551 4372 1699 4442 pacis
1722 4369 2078 4450 reconcilians
2112 4389 2162 4452 ι)
2185 4378 2424 4445 quotidie
2470 4382 2836 4450 comedimus,
2883 4396 2940 4442 et
2977 4388 3131 4458 cujus
3163 4369 3482 4462 sanguinem
3503 4369 3778 4463 bibimus,

493 4480 597 4519 nos
624 4466 757 4534 Deo,
785 4480 952 4522 unum
973 4481 1096 4530 cum
1123 4464 1213 4518 illo
1236 4474 1475 4520 maneret
1501 4464 1585 4520 cui
1607 4463 1888 4531 olierebat,
1917 4480 2080 4518 unum

495 4557 553 4613 in
589 4571 646 4612 se
690 4555 896 4612 faceret
921 4572 1018 4628 pro
1049 4557 1246 4626 quibus
1274 4554 1534 4612 oﬂ'erebat
1558 4596 1574 4620 ,
1602 4571 1768 4610 unum
1797 4557 1912 4626 ipse
1942 4565 2087 4612 esset

493 4655 590 4726 qui
623 4654 927 4710 olTerehat?
958 4675 978 4708 ι
1021 4654 1090 4708 Ει
1129 4654 1180 4708 in
1212 4654 1348 4709 libro
1378 4663 1566 4710 contra
1595 4653 1854 4709 Faustum
1884 4671 1896 4707 :
1929 4673 1946 4704 ι
1977 4654 2086 4710 lla-

498 4748 591 4804 bet
620 4763 867 4815 magnam
893 4763 1078 4802 vocem
1104 4746 1303 4801 Christi
1325 4746 1544 4815 sanguis
1583 4745 1636 4800 in
1669 4755 1835 4811 terra,
1867 4760 1988 4800 cum
2019 4761 2085 4799 eo

492 4847 721 4909 accepto
744 4839 810 4894 ah
829 4840 1083 4900 euntibus
1102 4838 1350 4908 gentibus
1368 4837 1740 4908 respondetur,
1762 4839 1946 4892 Amen.
1963 4837 2087 4892 Haec

493 4942 585 4988 .est
607 4932 754 4987 clara
774 4948 874 4987 vox
904 4933 1186 5002 sanguinis
1207 4947 1370 5001 quam
1387 4932 1606 5000 sanguis
1623 4931 2004 5002 ipseexprimit
2019 4945 2082 4986 ex

489 5041 596 5081 ore
620 5024 856 5084 ﬁdelium
885 5024 1076 5080 eodem
1113 5025 1376 5095 sanguine
1402 5024 1826 5094 redemptorum.
1853 5042 1874 5077 ι
1907 5023 2037 5079 Item
2069 5040 2083 5076 :

491 5140 525 5176 ,ι
556 5121 710 5189 Quod
751 5129 874 5190 post
918 5127 1126 5188 septem
1167 5118 1284 5176 dies
1323 5117 1822 5182 dimissacolnmba
1865 5131 2084 5172 reversa

486 5231 608 5268 .nou
644 5221 750 5278 est,
777 5212 1046 5282 signiﬁcat
1078 5212 1240 5272 ﬁnem
1266 5213 1472 5277 sa‘culi,
1499 5213 1718 5282 quando
1745 5215 1851 5267 erit
1874 5211 2087 5280 requies

2187 4471 2522 4532 inveniamus
2572 4477 2682 4532 illic
2727 4481 3064 4537 sacerdotem
3109 4484 3433 4554 perlectum,
3478 4503 3646 4558 quem
3683 4491 3774 4546 hic

2185 4578 2285 4632 pro
2327 4564 2501 4622 salute
2552 4578 2737 4624 nostra
2782 4582 2997 4628 constat
3036 4576 3296 4631 occisum.
3335 4597 3354 4630 ι
3388 4579 3445 4632 In
3474 4579 3780 4651 Evangelia

2181 4659 2412 4716 Joannis
2438 4680 2451 4716 :
2493 4661 2661 4718 Verba
2681 4681 2799 4734 quae
2820 4664 3028 4722 locutus
3050 4685 3166 4725 sunt
3189 4670 3330 4726 vobis
3355 4673 3574 4741 spiritus
3595 4685 3644 4728 et
3673 4678 3779 4729 rita

2187 4769 2328 4812 sum.
2353 4777 2370 4810 ι
2396 4758 2763 4829 Spiritnaliter
2795 4762 3076 4836 inte‘ligite
3098 4780 3220 4835 qua
3241 4766 3453 4823 locutus
3471 4785 3620 4835 sum,
3649 4787 3777 4826 nam

2190 4847 2293 4906 hoc
2320 4864 2519 4920 corpus
2556 4855 2700 4924 quod
2730 4854 2923 4910 videtis
2953 4857 3326 4912 manducaturi
3355 4859 3527 4923 estis,
3558 4872 3613 4915 et
3641 4862 3782 4916 hisi-

2191 4942 2296 4997 turi
2357 4944 2504 4999 illum
2559 4948 2873 5018 sanguinem
2930 4963 3092 5020 quem
3151 4950 3322 5006 fusuri
3373 4962 3501 5007 sunt
3546 4955 3638 5024 qui
3687 4969 3782 5008 me

2181 5037 2525 5110 'cruciﬁgent.
2560 5059 2579 5094 ι
2625 5039 2876 5112 Nunquid
2923 5043 3040 5099 hate
3079 5053 3249 5109 tanta,
3297 5058 3364 5101 ac
3400 5045 3526 5101 talia
3558 5057 3782 5115 tamque

2175 5130 2472 5198 perspicua
2498 5132 2668 5188 sancti
2699 5134 2986 5199 Augustini
3009 5137 3209 5207 scripta
3234 5153 3340 5192 non
3362 5149 3595 5208 possunt
3618 5139 3780 5194 nobis

2187 5217 2435 5275 sullicere
2481 5221 2546 5274 ad
2585 5223 2798 5282 plenam
2829 5225 3230 5282 erudititionem
3259 5226 3327 5282 de
3350 5227 3616 5282 veritate.
3654 5242 3780 5282 aute
