4006 5282
161 291 290 350 H17

1070 292 1272 347 LIBER
1299 293 1385 347 DE
1424 291 1748 349 COllI‘ORE
1786 293 1870 348 ET
1905 290 2250 348 SANGL'INE
2276 291 2566 346 CHRISTI.

3274 291 3409 350 N28

157 409 238 467 vel
291 411 541 473 senserit,
590 409 673 463 vel
719 409 1060 465 sentiendum
1103 411 1390 466 docuerit?
1434 409 1570 466 Nam
1613 411 1734 467 vide
1762 418 1809 474 Α
1845 425 1964 480 qua:
2024 417 2154 465 sunt
2226 408 2280 463 in
2331 407 2646 463 caelestibus
2711 406 3020 462 conlueris?
3078 427 3095 459 ι
3139 407 3201 462 Et
3227 405 3352 462 item
3392 422 3408 462 :

156 501 280 572 quid
331 500 531 553 dixerit
571 517 585 552 :
631 518 649 550 ι
691 499 802 554 Hoc
851 515 1044 570 corpus
1103 501 1246 570 quod
1296 499 1520 564 videtis,
1570 513 1727 552 man-

159 591 394 648 ducaturi
443 590 593 652 estis,
622 601 675 644 et
719 590 1036 658 sanguinem
1079 590 1322 654 bibituri,
1355 605 1514 659 quem
1545 587 1717 642 fusuri

157 692 277 738 sunt
305 682 393 750 qui
425 696 509 734 me
544 681 880 746 cruciligent.
915 699 934 732 ι
968 680 1105 747 Quid
1135 681 1396 750 apertius,
1428 680 1554 750 quid
1587 680 1724 734 luci-

157 778 271 833 dius
311 776 413 830 dici
457 774 663 844 potuit?
701 773 824 828 Ideo
855 775 942 829 ubi
978 774 1206 844 ﬁguram
1254 774 1409 836 dixit,
1459 789 1565 827 non
1596 772 1724 841 quid

154 875 312 929 esset,
337 866 429 920 sed
455 866 582 936 quid
615 867 944 936 significaret
963 878 1363 922 sacramentum
1387 867 1724 922 Dontinicum

156 956 404 1011 intendit.

225 1044 412 1100 XXVI.
446 1045 643 1101 Verum
679 1047 804 1117 quia
836 1047 1054 1117 quidam
1086 1049 1324 1118 perversi
1365 1064 1428 1103 ex
1461 1049 1560 1102 hac
1590 1046 1724 1101 tanti

154 1138 387 1193 doctoris
427 1138 694 1191 sententia
745 1139 796 1192 in
838 1141 1039 1193 erroris
1089 1139 1452 1209 labyrinthum
1499 1153 1723 1208 prox-ue-

153 1241 294 1294 runt,
320 1237 376 1284 et
400 1230 533 1283 alios
555 1239 676 1299 post
699 1245 756 1284 se
784 1230 1132 1299 pertinaciter
1165 1231 1416 1283 inducere
1443 1230 1546 1283 n'si
1577 1236 1724 1292 sunt,

148 1323 429 1376 sciendum
483 1333 566 1377 est
602 1323 888 1393 plerosque
933 1323 1152 1378 subtilia
1190 1322 1306 1391 ejus
1343 1323 1484 1376 dicta
1526 1337 1728 1392 nequa-

148 1430 307 1482 quam
359 1416 680 1485 intelligere.
735 1415 888 1482 Quod
925 1430 995 1471 eo
1041 1417 1311 1485 praecipue
1349 1417 1727 1485 cetnprobatur

147 1506 422 1568 accidere,
450 1507 575 1575 quia
613 1522 674 1560 ea
696 1548 711 1571 ,
755 1521 860 1559 non
907 1521 1068 1560 causa
1116 1507 1385 1570 discendi,
1419 1520 1539 1574 qua:
1571 1506 1726 1574 igno-

149 1606 267 1652 rant
313 1597 538 1668 legunt,
590 1598 684 1652 sed
731 1607 787 1651 tit
839 1598 886 1670 ei
937 1599 1114 1668 potius
1152 1599 1204 1651 in
1253 1613 1360 1667 quo
1405 1597 1728 1667 jampridem

143 1688 354 1758 decepti
389 1689 646 1759 languent
669 1691 842 1745 errori
881 1691 1240 1760 patrocinium
1276 1692 1410 1745 tanti
1442 1691 1542 1745 viri
1580 1707 1731 1746 com-

1833 519 1853 554 r
1910 503 2022 556 Hoc
2083 501 2250 572 igitur
2301 500 2663 554 ministerium
2721 500 2792 553 ita
2850 501 3228 566 reverendam,
3288 516 3410 571 quae

1826 593 2105 662 despicere
2159 591 2382 645 audebit
2434 592 2680 646 insania?
2730 611 2748 644 ι
2808 591 2873 645 Et
2925 593 3082 662 paulo
3135 593 3407 648 inferius:

1831 701 1854 737 ο
1881 685 2014 739 Cum
2051 699 2179 739 vero
2204 684 2459 737 sacerdos
2483 681 2748 752 Spiritum
2769 694 3015 737 sanctum
3042 684 3407 749 advocaverit,

1827 786 1880 829 et
1906 777 2259 830 reverendam
2290 775 2434 828 illam
2483 774 2842 828 immolaverit
2869 775 3123 838 hostiam.
3168 791 3411 830 commu-

1829 881 2059 937 nemque
2104 867 2346 921 omnium
2398 866 2681 919 Dominum
2716 866 2940 920 subinde
2981 866 3287 935 contigerit,
3317 867 3409 922 ubi

1829 957 1998 1024 illum,
2032 959 2117 1014 dic
2159 959 2312 1022 mihi,
2349 969 2530 1011 nostra
2553 958 2908 1012 (estimatione
2933 961 3228 1026 ponemus?
3261 960 3412 1015 Tune

1825 1049 1972 1103 enim
1997 1052 2157 1103 etiam
2191 1048 2364 1118 angeli
2389 1050 3052 1114 circumstantsacerduti,
3081 1059 3134 1104 et
3175 1052 3408 1107 tribunal

1827 1147 1992 1208 atque
2025 1138 2212 1192 altaris
2245 1139 2392 1192 locus
2416 1138 2732 1192 caelestibus
2764 1139 3050 1193 virtutibus
3088 1141 3412 1210 adimpletnr

1829 1229 1883 1285 in
1921 1230 2177 1284 honorem
2212 1230 2379 1298 ipsius
2404 1231 2492 1298 qui
2537 1230 2862 1294 itnmolatur,
2915 1232 3056 1300 quod
3095 1233 3309 1300 qttidcttt
3338 1249 3405 1288 ex

1831 1320 1962 1390 ipsis
2018 1321 2184 1373 etiam
2215 1335 2338 1388 quae
2393 1331 2647 1389 aguntur,
2706 1322 3028 1376 ostenditur.
3069 1323 3180 1393 Ego
3229 1334 3408 1380 autem

1830 1411 2032 1474 audivi,
2061 1411 2332 1465 referente
2363 1410 2564 1480 aliquo,
2595 1413 2850 1479 quoniam
2884 1415 3169 1485 presbyter
3190 1417 3409 1485 quidam

1830 1501 1955 1554 vita!
1986 1502 2276 1555 sanctitate
2307 1502 2590 1566 mirabilis,
2622 1513 2673 1556 ct
2699 1504 2789 1574 qui
2827 1505 3179 1560 revelationes
3210 1508 3410 1564 soleret

1830 1593 2039 1659 videre,
2093 1595 2382 1668 retulisset
2420 1595 2493 1650 illi
2549 1596 2654 1651 tale
2704 1598 3071 1666 spectaculum
3122 1600 3410 1671 aliquando

1831 1684 2057 1750 vidisse,
2090 1686 2141 1740 id
2179 1697 2262 1741 est
2289 1687 2541 1742 sacrificii
2576 1697 2818 1758 tempore
2864 1691 3210 1760 conspexisse
3247 1708 3411 1763 ange-

147 1789 362 1852 parent,
417 1781 644 1852 aliisque
691 1781 913 1851 laqueos
945 1782 1278 1853 deceptionis
1316 1781 1528 1836 facilius
1574 1782 1728 1837 inne-
1763 1765 1806 1819 Β
1833 1773 2006 1827 lormn
2037 1774 2461 1839 multitudinem,
2494 1777 2634 1830 sicut
2663 1777 2712 1831 ei
2743 1779 3000 1846 possibile
3045 1791 3160 1834 erat
3190 1782 3410 1849 intueri,

145 1882 295 1930 ctant
323 1889 426 1945 per
449 1875 567 1944 ejus
612 1875 991 1929 auctoritatem
1015 1915 1030 1937 ,
1061 1890 1220 1944 quam
1249 1876 1588 1944 perversitati
1620 1889 1730 1929 sua:

145 1972 424 2034 coaptant.
483 1964 635 2019 Unde
684 1965 979 2020 studiosius
1025 1965 1459 2034 persuadendum
1513 1980 1729 2020 monen-

142 2059 377 2125 tiumque
425 2057 639 2110 videtur
686 2065 744 2110 ut
808 2058 1118 2126 quicunque
1162 2059 1380 2112 codices
1430 2057 1731 2112 divinormn

137 2155 494 2201 tractatorum
527 2145 812 2201 offenderit
851 2162 914 2200 ac
953 2146 1210 2217 legendos
1253 2147 1565 2211 revolverit,
1605 2163 1732 2201 cau-

138 2241 246 2294 tius
293 2238 512 2310 singula
556 2249 873 2308 percurrat;
901 2249 976 2303 et,
1011 2241 1099 2295 ubi
1147 2239 1325 2310 aliqua
1355 2241 1456 2295 sibi
1487 2245 1732 2295 obscura:

137 2335 214 2389 rei
242 2335 440 2389 oborta
467 2331 632 2387 fuerit
655 2331 962 2398 diliicultas,
989 2348 1096 2388 suae
1123 2334 1385 2398 tarditati,
1413 2349 1517 2390 non
1547 2335 1732 2389 docto-

136 2427 212 2480 ris
241 2427 476 2496 imputet
504 2426 695 2490 errori,
733 2441 796 2480 ac
832 2427 1057 2496 proinde
1088 2437 1181 2480 aut
1209 2443 1321 2490 suo,
1345 2427 1392 2481 si
1436 2427 1487 2480 id
1515 2441 1732 2496 proces-

134 2518 291 2582 serit,
329 2518 514 2574 studio
567 2532 686 2586 qua:
735 2519 988 2572 dicuntur
1015 2518 1255 2572 elaboret
1291 2517 1616 2588 intelligere;
1646 2519 1729 2572 sin

133 2611 315 2664 minus
360 2611 614 2665 catholici
665 2611 978 2682 magisterio
1021 2611 1260 2666 doctoris
1301 2619 1532 2665 maturet
1579 2611 1731 2665 adtli-

131 2716 316 2767 scere;
350 2710 451 2756 aut
492 2712 660 2768 certe,
697 2703 739 2756 si
772 2705 984 2772 assequi
1020 2704 1160 2756 unde
1195 2705 1372 2773 agitur
1405 2703 1728 2772 nequiverit,

130 2805 460 2851 reverenter
506 2796 681 2850 discat
722 2796 1022 2860 honorare,
1064 2804 1120 2849 ut
1163 2810 1259 2865 pro
1295 2795 1600 2863 hujnsmodi
1632 2795 1731 2849 litt-

131 2887 410 2953 militate,
479 2896 572 2941 aut
637 2887 766 2942 illud
827 2888 1073 2958 capiendi
1139 2888 1436 2957 quodsibi
1496 2887 1728 2942 arduum

129 2987 186 3033 et
234 2977 460 3034 diﬁicile
511 2988 668 3044 erat,
718 2988 812 3034 aut
871 2979 1032 3033 aliam
1091 2980 1350 3033 divinitus
1401 2979 1731 3048 adipiscatur

127 3069 368 3136 gratiam
431 3084 594 3138 quam
649 3072 878 3124 necdum
927 3070 1177 3124 habebat.
1223 3069 1512 3124 llumilitas
1559 3073 1725 3136 enim,
1758 3107 1801 3167 Ο

125 3159 272 3214 sicut
319 3160 590 3213 virtutum
641 3160 1000 3214 emolumenta
1043 3175 1162 3230 qua:
1201 3176 1306 3214 non
1349 3170 1505 3214 erant
1545 3161 1728 3229 acqui-

127 3249 235 3314 rit,
277 3250 362 3304 sic
412 3250 608 3319 adepta
659 3265 726 3305 ne
778 3250 1096 3324 amittantur
1141 3251 1254 3319 agit
1301 3249 1533 3304 Proinde
1572 3263 1723 3315 sane,

127 3357 253 3395 cum
289 3341 345 3396 in
378 3341 636 3396 omnibus
671 3341 739 3396 sit
769 3341 1070 3395 necessaria
1102 3339 1378 3393 humilitas
1407 3338 1727 3393 Christianae

126 3432 419 3504 religionis
468 3432 902 3495 charismatibns,
955 3431 1007 3484 in
1056 3432 1156 3487 hoc
1190 3430 1488 3499 prrcsertim
1545 3429 1726 3483 Domi-

124 3522 267 3577 nica:
290 3521 607 3577 traditionis
630 3529 970 3576 sacramento
993 3521 1138 3575 utilis
1157 3532 1210 3575 et
1232 3521 1518 3574 adma-lum
1539 3535 1730 3589 oppor-

125 3623 260 3670 tuna
315 3613 752 3684 comprobatur,
813 3621 862 3668 in
903 3629 1010 3683 quo
1064 3621 1210 3668 tanta
1258 3613 1452 3668 divinae
1509 3612 1728 3667 virtutis

120 3707 369 3778 refulget
404 3709 607 3778 gratia,
634 3717 692 3761 ut
736 3708 1040 3762 humilitate
1079 3709 1255 3778 potius
1285 3722 1446 3776 quam
1492 3707 1725 3761 humana

119 3802 386 3871 capiatur
417 3800 708 3854 industria.
764 3800 836 3854 De
869 3801 1022 3872 cujus
1058 3799 1429 3869 magnitudine
1463 3799 1716 3866 terribili,

121 3895 421 3964 magisque
457 3894 749 3947 reverenda
790 3909 953 3962 quam
1005 3893 1366 3956 discutienda,
1425 3892 1476 3944 in
1511 3893 1727 3962 Dialogo

117 3982 360 4038 Joannis
389 3991 446 4036 et
483 3980 666 4036 Basilii
697 3982 849 4036 valde
889 3992 1259 4051 competenter
1287 3981 1618 4052 disputatum
1645 3990 1729 4035 est

120 4072 407 4138 inveniri;
469 4071 551 4125 sic
606 4087 844 4140 namque
883 4071 1024 4126 inter
1067 4081 1262 4125 cmtera
1294 4071 1565 4140 reperitur
1595 4072 1729 4125 scri-

119 4177 280 4237 ptum
314 4187 328 4220 :
368 4185 388 4217 (
438 4165 684 4218 Fuerunt
715 4164 929 4233 quidem
963 4163 1226 4218 terribilia
1257 4173 1418 4232 atque
1445 4163 1726 4217 horribilia

119 4259 294 4313 etiam
331 4273 404 4312 ea
451 4271 578 4324 qua:
616 4257 667 4310 in
728 4256 905 4310 Veteri
947 4255 1295 4309 Testamento
1340 4264 1462 4309 ante
1500 4255 1728 4324 gratiam

118 4351 481 4420 gerebantur
508 4348 562 4401 in
595 4347 730 4416 lege,
771 4356 829 4401 ut
880 4355 1004 4416 puta
1041 4345 1423 4410 tintinnabula,
1461 4347 1728 4414 malogra-

1833 1864 1990 1918 stolis
2021 1863 2354 1935 fulgentibus
2382 1866 2830 1928 circumdantem,
2865 1876 2918 1921 et
2948 1868 3121 1924 altare
3147 1887 3414 1928 coronari-

1833 1964 1964 2019 tem,
1990 1973 2109 2012 cum
2140 1959 2316 2012 ollicio
2340 1974 2446 2027 quo
2467 1959 2610 2031 circa
2652 1975 2832 2028 regem
2864 1977 3018 2015 suum
3041 1963 3242 2019 milites
3268 1974 3416 2022 stare

1832 2062 2250 2106 consueverunt.
2287 2071 2304 2102 ι
2344 2051 2467 2104 ιίίιιο
2499 2062 2678 2106 autem
2710 2052 2802 2107 illo
2831 2064 3052 2108 exarata
3085 2055 3134 2108 in
3168 2057 3304 2111 libro
3337 2059 3411 2112 ita

1833 2155 1891 2194 se
1919 2140 2149 2206 habent;
2177 2141 2229 2193 ia
2261 2141 2457 2209 quibus
2484 2142 2607 2209 quia
2637 2141 2896 2196 revelatio
2922 2143 3178 2198 divinitus
3198 2156 3416 2201 ostensa

1832 2231 2166 2296 continetur,
2196 2231 2352 2296 alias,
2399 2233 2564 2286 etiam
2596 2233 2828 2288 diversis
2877 2244 3121 2304 repertas
3170 2237 3219 2289 in
3259 2237 3413 2304 locis,

1834 2332 2116 2378 narratum
2173 2322 2252 2377 ire
2278 2338 2456 2392 opera:
2508 2325 2737 2392 pretimn
2787 2325 3067 2394 duximus;
3121 2328 3412 2383 maximam

1833 2411 1980 2466 enim
2012 2411 2315 2482 legentibus
2360 2414 2649 2469 utilitatem
2676 2416 3018 2486 pollicentur.

2360 2569 2540 2625 PARS
2577 2568 2874 2626 OCTAVA.

1905 2681 2117 2738 XXVII.
2159 2681 2284 2736 Fuit
2348 2697 2581 2752 namque
2647 2693 2894 2737 matrona
2949 2683 3142 2738 nobilis
3191 2698 3410 2753 genere,

1834 2773 2076 2826 moribus
2122 2771 2287 2842 proba
2331 2771 2602 2837 honestis,
2655 2773 2994 2842 temporibus
3047 2774 3218 2827 sancti
3262 2788 3412 2842 papa:

1833 2861 2099 2933 Gregorii,
2128 2879 2246 2933 qua:
2271 2862 2582 2933 aliquando,
2609 2873 2666 2917 ut
2687 2872 3063 2926 consueverat,
3081 2863 3409 2918 oblationem

1833 2955 1899 3008 ad
1927 2955 2099 3010 altare
2121 2956 2331 3010 detulit.
2361 2957 2530 3023 Quam
2555 2971 2684 3010 cum
2725 2956 2865 3009 idem
2891 2954 3132 3025 pontifex
3163 2957 3414 3010 manilius

1835 3047 1946 3102 suis
1973 3058 2372 3114 consecrassct,
2405 3049 2470 3102 ad
2507 3048 2695 3101 horam
2719 3049 3157 3102 comnnmicamli
3193 3058 3413 3104 ventum

1834 3146 1935 3192 est.
1967 3137 2214 3206 Cumque
2243 3138 2437 3208 singuli
2469 3153 2567 3206 pro
2589 3138 2796 3191 ordinis
2827 3137 2911 3192 sui
2944 3137 3199 3208 dignitate
3226 3137 3412 3193 Domi-

1832 3229 2007 3282 nicam
2065 3230 2497 3282 communionem
2553 3230 2922 3298 accepissent,
2980 3230 3123 3283 inter
3183 3240 3409 3286 ceteros

1831 3317 2064 3388 pra-falce
2099 3318 2309 3372 mulieri
2347 3320 2522 3388 portio
2571 3320 2834 3374 Dominici
2880 3321 3208 3374 sacramenti
3248 3339 3412 3376 manu

1831 3407 2070 3475 ejusdem
2094 3410 2336 3479 prmsulis
2363 3419 2611 3478 porrecta
2638 3419 2740 3476 est,
2775 3411 2892 3480 ipso
2913 3412 3123 3466 dicente
3156 3431 3168 3465 :
3205 3412 3408 3484 Corpus

1833 3500 2041 3555 Domini
2069 3503 2232 3556 nostri
2255 3502 2382 3555 Jesu
2422 3501 2616 3555 Christi
2640 3504 2802 3572 prosit
2853 3503 2944 3556 tibi
2973 3504 3024 3556 in
3068 3505 3225 3557 vitam
3267 3516 3417 3558 a'tcr-

1832 3609 1990 3657 nam;
2025 3594 2088 3648 ad
2138 3593 2240 3648 hoc
2271 3594 2384 3659 illa,
2420 3595 2693 3664 recognita
2725 3594 2880 3664 panis
2931 3609 3090 3663 quem
3139 3595 3414 3650 obtulerat

1832 3683 2118 3753 particula,
2149 3686 2392 3740 subrisit.
2429 3685 2790 3752 Quamobrem
2825 3687 3061 3756 pontifex
3108 3698 3413 3742 commotus

1831 3792 2050 3831 manum
2083 3779 2368 3842 continuit,
2398 3779 2724 3833 oblationem
2759 3779 2811 3832 in
2862 3795 2955 3832 ara
3003 3783 3259 3850 reposuit,
3293 3785 3420 3836 ser-'

1833 3883 2046 3924 monem
2078 3869 2144 3923 de
2180 3884 2238 3924 re
2264 3869 2330 3924 ad
2376 3869 2632 3940 populum
2686 3868 2833 3933 fecit,
2883 3870 3076 3925 deinde
3103 3872 3251 3940 preci
3283 3888 3406 3927 cum

1834 3962 1974 4016 ﬁdeli
1999 3962 2144 4017 clero
2170 3961 2437 4029 incubuit,
2463 3977 2692 4032 surgens
2723 3978 2937 4031 quoque
2966 3978 2996 4015 a
3027 3973 3191 4026 terra,
3216 3979 3412 4031 pauent

1835 4055 2007 4120 illum,
2042 4064 2100 4110 ιιι
2129 4064 2269 4120 erat,
2299 4070 2518 4110 carnem
2540 4055 2742 4108 factum
2771 4055 2986 4123 reperit,
3011 4070 3172 4123 quam
3197 4055 3410 4110 mulieri

1833 4147 2032 4211 dubiae,
2059 4158 2111 4201 et
2149 4148 2364 4201 caeteris
2392 4146 2651 4200 ostendit.
2689 4146 2895 4212 Quibus
2919 4161 3002 4210 ea,
3057 4161 3195 4208 reor,
3229 4147 3416 4201 admo-

1833 4239 1957 4294 dum
1997 4239 2048 4293 in
2075 4239 2178 4293 fide
2207 4240 2383 4293 robori
2413 4237 2636 4307 profuit.

1904 4330 2135 4386 XXVIII.
2179 4330 2273 4383 llis
2293 4331 2472 4399 itaque
2489 4329 2759 4383 succincte
2779 4329 3038 4392 decnrsis,
3053 4327 3194 4383 aliud
3211 4329 3408 4384 nihilo-

121 4449 277 4502 nata,
317 4436 543 4507 lapides
592 4437 644 4490 in
693 4447 912 4506 pectore
960 4435 1218 4500 ordinati,
1265 4437 1726 4505 superhmucrale,
1760 4444 1812 4503 ι)
1841 4424 2019 4477 minus
2049 4422 2313 4488 mirabile,
2343 4438 2446 4476 non
2490 4423 2667 4476 minus
2694 4421 2848 4484 utile,
2879 4422 3097 4489 dignum
3128 4422 3336 4476 videtur
3364 4424 3413 4478 si

119 4532 320 4595 mitra,
356 4529 611 4600 eydaris,
665 4529 1044 4583 vestimentum
1077 4528 1264 4591 talare,
1299 4527 1498 4582 lamina
1545 4545 1730 4594 aurea,

121 4629 323 4676 sancta
379 4628 733 4684 sanctorum,
788 4618 1038 4687 intusque
1064 4617 1339 4671 silentium
1391 4628 1444 4673 ct
1501 4619 1734 4674 solitudo

119 4710 469 4766 reverenda.
508 4707 731 4774 Verum,
782 4709 825 4764 si
875 4709 997 4778 quis
1039 4724 1102 4762 ea
1133 4724 1253 4778 qua:
1282 4717 1406 4762 sunt
1464 4709 1514 4762 in
1545 4711 1734 4779 gratiae

1836 4517 1902 4570 ad
1945 4515 2260 4571 memoriam
2302 4516 2539 4571 breviter
2585 4515 2780 4570 litteris
2838 4515 3144 4568 mandetur.
3181 4515 3410 4581 Quidam

1836 4609 2121 4678 presbyter
2180 4606 2406 4669 electus,
2464 4607 2575 4660 vita
2633 4615 2689 4660 et
2750 4605 2991 4660 Illllt'lbUS
3046 4604 3245 4668 clarus,
3291 4621 3419 4665 cum

1837 4699 2015 4753 divina
2065 4706 2401 4753 sacramenta
2449 4699 2644 4753 crebro
2696 4711 2759 4748 ex
2807 4696 3097 4752 devotione
3152 4710 3429 4769 sacraret,

1838 4797 2161 4860 prrcsumpta
2215 4787 2430 4842 tandem
2465 4803 2560 4858 spe
2598 4787 2919 4855 impetrandi
2981 4800 3095 4842 tum
3145 4786 3210 4838 de
3241 4787 3445 4850 divin-.1

1841 4883 2062 4951 pietate,
2097 4891 2208 4933 tmn
2241 4879 2309 4933 de
2337 4881 2534 4936 merito
2559 4877 2757 4936 sedula:
2795 4880 3078 4934 servitutis
3123 4891 3254 4936 suae,
3288 4877 3470 4941 inter

1839 4974 2104 5043 agrtzdum
2159 4970 2339 5023 divina
2391 4973 2656 5041 mysteria
2705 4972 2956 5038 poposcit
3018 4965 3298 5027 humiliter
3358 4980 3504 5044 ιχὶ

1840 5067 1941 5120 sibi
1990 5079 2074 5118 res
2102 5075 2265 5130 quam
2322 5058 2718 5128 frequentabat
2766 5060 3034 5121 divinitus
3085 5053 3504 5129 revelaretur.

1839 5161 1935 5215 Cui
1961 5155 2105 5212 lmmi
2134 5161 2305 5207 strato
2331 5150 2713 5227 lacrymisquc
2741 5151 2924 5208 infuso
2959 5150 3188 5226 angelus
3226 5161 3436 5216 repent
3455 5179 3522 5218 ο,

3209 5245 3254 5266 AI
3307 5251 3432 5264 ιιι-νς
3491 5255 3516 5262 -

116 4803 495 4858 ordinatione
525 4799 858 4864 consideret,
891 4815 1056 4868 parva
1089 4815 1206 4854 esse
1233 4798 1322 4851 illa
1355 4813 1474 4866 qua:
1509 4814 1736 4868 princes-

118 4903 319 4948 serunt
358 4889 944 4956 terribiliajudicabit,
978 4890 1228 4959 quodque
1250 4889 1315 4942 de
1347 4888 1462 4958 lege
1490 4905 1735 4958 pronou-

119 4989 468 5044 tiatumest,
507 4983 671 5036 etiam
699 4999 793 5052 per
823 4984 938 5038 haec
964 4997 1147 5036 verum
1176 4981 1448 5052 probabit,
1477 4987 1734 5052 quoniam

120 5093 231 5134 non
291 5076 372 5130 sit
426 5071 796 5141 glorificatum
845 5076 896 5128 id
937 5075 1080 5142 quod
1129 5071 1487 5144 glorificatum
1535 5075 1734 5142 fuerat,

116 5178 358 5238 propter
387 5162 750 5219 excellentem
779 5165 1107 5221 claritatem.
1136 5165 1295 5227 Nam,
1326 5177 1448 5216 cum
1482 5164 1736 5226 immola-

272 5260 314 5276 n
425 5256 578 5276 εει---
611 5265 726 5276 ..-με
839 5273 848 5275 -
895 5263 934 5276 -ι
965 5256 1179 5276 2.---ᾉ--
1219 5263 1476 5276 --.σεο-1-..-

1842 5253 2082 5276 -..κιαι-ζα
2162 5253 2212 5274 nl
2247 5258 2498 5274 nus-unauna
2570 5267 2577 5269 Α
2607 5255 2798 5270 -ι-.ι..---
2851 5253 2920 5268 ε...
