4006 5282
549 349 687 407 “I9

1671 344 1973 402 DUllANDI
2000 342 2288 399 ABBATIS
2326 340 2805 398 TROARNENSIS

3683 341 3814 397 ΗΞο

548 466 736 530 sicque
760 457 964 514 diutius
993 457 1261 513 desiderio
1291 457 1501 511 ardenti
1530 454 1804 513 Christum
1831 457 2127 521 cernendo,
2158 466 2205 526 Α
2236 469 2399 509 manu
2424 454 2659 511 ministri
2691 456 2920 527 accepit.
2948 454 3189 528 Cumque
3215 455 3286 512 ad
3308 455 3534 512 calicem
3574 468 3816 527 sumptu-

550 550 845 610 osculando
891 558 946 605 et
998 548 1371 620 amplectende
1426 546 1714 605 satisfecit.
1755 550 1838 604 Ad
1878 549 2130 605 ultimum

550 657 681 698 vero
712 642 803 697 Dei
855 640 1048 696 Filium
1090 640 1246 695 altari
1299 640 1556 705 restituit,
1588 641 1945 711 precibusque
1985 648 2044 694 ut
2075 641 2129 695 in

551 734 834 805 pristinam
864 733 1041 786 redire
1074 730 1299 785 formam
1330 732 1644 801 dignaretur
1671 733 1927 799 obtinuit,
1959 747 2022 787 ac
2051 732 2131 787 sic

551 826 722 880 sacris
744 840 809 878 cx
835 839 984 878 more
1006 822 1279 893 mysteriis
1306 822 1665 891 participavit.

623 917 815 972 XXIX.
858 916 1212 987 Nequaquam
1264 932 1394 971 vero
1439 918 1871 986 prietereundum
1921 919 2135 974 videtur

552 1010 698 1078 quod
753 1010 942 1062 beatus
1010 1007 1401 1078 Hieronymus,
1449 1009 1603 1079 cujus
1673 1011 1943 1081 pra‘cipua
1994 1011 2136 1065 inter

551 1101 956 1159 ecclesiasticos
995 1100 1248 1155 doctores
1293 1101 1588 1155 auctoritas
1622 1101 1870 1167 habetur,
1912 1102 1963 1157 in
1999 1101 2136 1156 libro

552 1209 716 1265 quem
776 1191 927 1248 Vitas
982 1192 1207 1247 Patrum
1256 1192 1556 1263 nuncupari
1603 1193 1826 1262 placuit,
1884 1209 2138 1250 narrasse

555 1286 846 1358 reperitur.
874 1284 1103 1352 Quidam
1149 1284 1424 1340 seniorum
1478 1300 1705 1356 magnus
1744 1287 1962 1357 quidem
2015 1288 2138 1342 vita:

554 1383 775 1448 merito,
800 1378 894 1435 sed
927 1379 1114 1444 idiota,
1143 1378 1430 1448 minusque
1461 1378 1513 1433 in
1560 1378 1862 1449 Scriptnris
1891 1379 2137 1436 eruditus

556 1472 622 1526 de
649 1472 906 1543 mysterio
952 1469 1234 1524 Dominico
1278 1470 1525 1534 errabat;
1594 1485 1783 1524 verum
1836 1472 2030 1540 magis,
2083 1480 2141 1525 ut

556 1563 759 1618 dictum
781 1571 884 1626 est,
938 1561 1150 1616 inscitia
1181 1576 1344 1630 quam
1392 1560 1616 1616 malitia.
1647 1561 1801 1629 Quod
1853 1578 1978 1617 cum
2019 1561 2142 1618 aliis

556 1653 771 1709 duobus
799 1652 1051 1709 Pati-ibus
1079 1653 1423 1718 iunotuisset,
1456 1662 1511 1708 et
1549 1654 1683 1724 ipsis
1714 1669 1908 1725 magna
1966 1655 2141 1710 virtu-

560 1758 672 1813 tum
696 1745 873 1816 gratia
900 1754 955 1800 et
982 1745 1262 1814 sapientia:
1289 1744 1558 1811 doctrina,
1585 1745 1652 1801 ad
1694 1762 1816 1801 cum
1845 1763 1909 1802 ex
1954 1747 2141 1803 condi—

2234 561 2328 601 rus
2348 546 2416 603 de
2452 561 2517 601 eo
2557 547 2814 614 venisset,
2862 563 2984 603 eum
3013 563 3226 619 quoque
3255 548 3522 620 sanguine
3556 548 3814 618 repletum

2233 639 2479 706 vidisset,
2506 641 2638 695 tanti
2672 641 2913 696 miraculi
2943 651 3163 712 stupore
3189 643 3453 698 attonitus
3493 643 3714 697 domum
3738 658 3819 697 re-

2234 732 2356 797 diit,
2391 732 2663 800 ignoranti
2694 749 2812 803 qua:
2835 743 3022 806 egerat
3049 743 3103 789 et
3133 734 3444 804 inspexerat
3474 735 3635 789 uxori
3662 749 3821 804 expc.

2235 824 2388 879 divit.
2418 824 2532 892 Qua
2566 824 2845 892 credente,
2875 827 2962 880 die
2987 835 3203 896 postera
3252 827 3320 881 ad
3351 826 3614 881 Basiliam
3660 826 3820 881 destic

2237 917 2410 981 navit,
2448 926 2567 971 acta
2621 918 2844 988 visaque
2902 917 3190 989 diligenter
3248 921 3519 988 exposuit,
3575 928 3820 974 sanctum

2235 1008 2506 1077 baptisma
2561 1007 2857 1077 prudenter
2918 1010 3172 1065 virtutem
3243 1010 3541 1065 Christiani
3592 1011 3825 1065 nominis

2238 1100 2548 1168 expendens
2578 1098 2680 1154 sibi
2717 1100 2835 1154 dari
2863 1102 3131 1171 poposcit,
3190 1110 3245 1157 et
3278 1103 3439 1158 citius
3470 1103 3734 1158 obtinuit.
3769 1102 3822 1159 Si

2240 1189 2328 1245 cui
2380 1198 2562 1244 autem
2612 1199 2794 1245 movet
2845 1193 3156 1262 scrupulum
3194 1201 3315 1249 acta
3372 1209 3463 1250 res
3508 1194 3824 1259 dnbictatis,

2241 1283 2382 1354 quod
2412 1298 2623 1355 pagano
2649 1285 2757 1339 imo
2782 1282 2969 1340 Iudaeo
2997 1286 3178 1355 portio
3208 1286 3472 1343 Dominici
3498 1289 3751 1358 corporis
3776 1299 3829 1344 et

2241 1376 2522 1447 sanguinis
2574 1377 2776 1432 dicitur
2821 1378 3056 1435 revelata
3103 1379 3335 1434 necdum
3366 1380 3632 1443 credenti,
3668 1380 3830 1449 idque

2244 1468 2521 1524 iuliciatur
2569 1470 2812 1539 potuisse
2856 1470 2997 1536 fieri,
3044 1473 3343 1542 perpendat
3374 1472 3477 1526 alia
3525 1471 3832 1526 Salvatoris

2242 1560 2398 1631 longe
2449 1560 2678 1617 fortiora
2707 1561 2937 1633 insignia
2966 1562 3207 1632 pietatis.
3241 1562 3528 1630 Quomodo
3558 1564 3828 1634 ignoranti

2243 1653 2445 1708 mundo
2470 1669 2635 1709 carne
2661 1654 2871 1710 velatus
2897 1656 3171 1726 apparuit,
3197 1657 3432 1725 qualiter
3447 1673 3547 1727 pro
3577 1658 3763 1729 impiis
3781 1668 3833 1711 et

2245 1747 2622 1818 peccatoribus
2670 1747 2806 1803 mori
2836 1747 3077 1818 pertulit.
3107 1750 3367 1805 Attendat
3400 1750 3566 1804 etiam
3602 1750 3657 1803 in
3684 1749 3835 1803 Acti-

559 1847 650 1893 clo
679 1837 869 1891 venire
900 1845 1211 1904 maturant;
1241 1852 1474 1907 cumque
1502 1838 1569 1893 de
1608 1839 1837 1894 veritate
1875 1839 2140 1896 Dominici
2174 1815 2219 1876 Β
2248 1840 2348 1895 bus
2397 1838 2768 1908 apostolorum
2831 1833 3087 1909 paganis'
3116 1849 3169 1895 et
3233 1839 3525 1909 gentilibus
3596 1838 3837 1909 Spiritus

558 1929 805 2000 corporis
828 1938 882 1984 et
911 1929 1192 1999 sanguinis
1236 1930 1283 1985 ei
1311 1930 1636 1999 persuadere
1666 1931 1885 1997 vellent,
1937 1947 2142 2002 nequa-

560 2036 723 2089 quam
756 2020 1046 2090 acquievit,
1084 2022 1177 2074 sed
1207 2038 1219 2073 :
1257 2020 1368 2075 Nisi
1401 2035 1517 2075 rem
1565 2022 1770 2086 videro,
1811 2023 2003 2092 inquit,
2035 2037 2144 2077 non

564 2113 729 2169 credo
753 2112 928 2168 vobis.
962 2111 1079 2180 Quo
1105 2113 1291 2168 audito
1313 2116 1404 2183 qui
1429 2124 1796 2170 convenerant
1825 2125 1881 2170 et
1916 2115 2146 2172 sinceri-

565 2216 731 2261 tatem
759 2206 961 2261 rustico
989 2205 1060 2259 illi
1107 2206 1221 2260 seni
1269 2205 1637 2273 insinuabant,
1676 2207 1837 2262 tridui
1881 2207 2142 2278 jejunium

562 2312 748 2353 secum
773 2296 950 2352 eidem
981 2296 1242 2360 indicunt,
1276 2311 1341 2351 ac
1383 2311 1547 2366 super
1568 2298 1673 2354 hoc
1714 2299 1929 2370 negotio
1956 2298 2143 2353 Domi-

563 2404 693 2443 num
719 2386 961 2459 rogaturi
998 2399 1326 2441 conventum
1367 2386 1604 2442 solvunt.
1638 2387 1743 2443 Sed
1773 2397 1978 2444 statuto
2012 2396 2148 2444 tem-

562 2496 696 2550 pore
750 2495 858 2533 una
904 2478 1265 2543 conveniunt;
1316 2477 1511 2534 deinde
1559 2478 1627 2533 ad
1682 2478 1997 2545 ecclesiam,
2052 2478 2147 2533 ubi

565 2573 745 2629 divina
773 2572 1073 2643 agebantur
1095 2569 1374 2642 mysteria,
1402 2570 1760 2637 contendunt,
1785 2571 1858 2626 ibi
1885 2572 1960 2628 rei
1982 2586 2146 2643 quam

565 2676 933 2738 conceperant
1000 2673 1184 2719 mente
1233 2665 1619 2736 praestolamur
1669 2667 1893 2721 exitum.
1940 2666 2148 2735 Quibus

566 2758 699 2815 solis
753 2771 873 2826 quae
928 2756 1229 2824 agebantur
1270 2754 1467 2811 collata
1519 2766 1604 2811 est
1651 2756 1893 2811 intuendi
1950 2756 2147 2826 gratia,

567 2858 758 2921 aperte
786 2848 1041 2904 videlicet
1071 2847 1520 2903 intellectualium
1554 2848 1818 2903 luminum
1848 2849 1967 2904 acie
1999 2864 2152 2905 reve-

567 2939 710 3006 lata;
745 2948 800 2994 et
823 2939 1042 3008 quando
1065 2938 1225 3008 positi
1254 2946 1379 2993 sunt
1400 2953 1567 3009 panes
1596 2939 1649 2993 in
1673 2939 1860 3001 altare,
1890 2940 2037 2995 visus
2068 2950 2151 2996 est

568 3031 680 3086 illis
713 3029 1085 3084 tantummodo
1128 3028 1301 3083 tribus
1345 3037 1603 3099 tanquam
1657 3030 1916 3100 puerulus
1961 3030 2152 3099 iacens

2244 1930 2418 1985 sancti
2451 1929 2686 1999 gratiam
2716 1938 2913 1999 praeter
2943 1944 3093 2001 spem
3115 1930 3376 1985 indultam
3404 1946 3549 1993 esse,
3583 1932 3835 1985 animad-

2244 2029 2526 2090 vertetque
2553 2017 2687 2074 nihil
2715 2019 2839 2074 novi
2887 2019 3130 2089 nihilque
3151 2020 3498 2075 'incredihile
3538 2020 3643 2075 bac
3666 2021 3723 2075 in
3780 2037 3838 2074 re

2246 2109 2533 2174 accidisse,
2565 2109 2709 2178 quod
2737 2118 2833 2165 aut
2855 2109 3097 2166 veritatis
3119 2110 3343 2167 excedat
3374 2110 3560 2178 fidem,
3591 2120 3686 2166 aut
3719 2110 3841 2166 Sal-

2248 2204 2450 2259 vatoris
2475 2220 2581 2260 non
2607 2205 2796 2261 deceat
2827 2206 3106 2277 pietatem.
3139 2206 3216 2263 De
3256 2222 3367 2277 quo
3395 2206 3682 2276 Scriptura
3706 2222 3841 2262 conc-

2251 2295 2429 2351 tinet:
2462 2294 2553 2352 Sic
2590 2295 2733 2351 Deus
2787 2296 2969 2352 dilexit
3018 2299 3295 2364 mundum,
3343 2310 3399 2352 ut
3452 2297 3496 2350 F
3499 2299 3653 2352 ilium
3682 2314 3841 2352 suum

2248 2388 2574 2458 unigenitum
2612 2391 2781 2457 daret,
2839 2389 3093 2446 videlicet
3142 2398 3202 2445 ut
3248 2391 3427 2446 crucis
3482 2392 3839 2461 suspendium

2249 2480 2549 2550 mortisque
2570 2480 2891 2551 supplicium
2920 2496 3019 2551 pro
3045 2482 3362 2538 redimendo
3393 2483 3599 2537 unmdo
3626 2482 3840 2553 perfer-

2251 2579 2356 2625 ret.
2384 2571 2489 2638 Qui
2537 2571 2603 2627 de
2630 2571 2830 2628 ludat-is
2879 2584 3052 2640 ortus,
3108 2574 3305 2644 quibus
3357 2584 3418 2629 ut
3471 2575 3844 2643 rcpromissus

2254 2658 2430 2715 fuerat
2455 2676 2481 2714 a
2512 2660 2693 2727 Patre,
2737 2663 2938 2718 missus
2963 2671 3069 2728 est,
3098 2663 3237 2718 sicut
3270 2664 3383 2733 ipse
3414 2665 3494 2718 ait
3525 2683 3537 2717 :
3575 2662 3699 2717 Non
3725 2681 3843 2716 sum

2253 2752 2443 2806 missus
2472 2753 2571 2807 nisi
2597 2753 2666 2807 ad
2696 2770 2811 2808 oves
2838 2770 2957 2825 qua:
2984 2754 3245 2824 perierant
3275 2755 3466 2809 domus
3497 2754 3519 2807 Ι
3526 2754 3689 2809 smel.
3724 2753 3846 2811 Non

2253 2860 2383 2917 ergo
2409 2846 2605 2901 mirum
2652 2847 2699 2902 si
2740 2862 2961 2903 suorum
3005 2847 3098 2903 ille
3130 2855 3605 2921 sacramentorum
3639 2863 3847 2902 arcana

2256 2939 2476 3005 retexit,
2506 2941 2860 3022 corporisque
2903 2941 2985 2997 sui
3032 2956 3095 2997 ac
3142 2940 3422 3011 sanguinis
3448 2941 3848 3010 proprietatem

2257 3030 2536 3096 revelavit,
2566 3046 2664 3102 pro
2694 3046 2800 3101 quo
2851 3047 2911 3088 se
2946 3047 3014 3088 ex
3044 3032 3467 3103 repromissione
3496 3031 3849 3088 hmreditaria

572 3136 737 3191 super
764 3118 954 3174 altare.
985 3118 1233 3188 Cumque
1257 3119 1597 3175 extendisset
1632 3121 1915 3192 presbyter
1956 3137 2151 3178 manus
2184 3162 2229 3225 Ο
2260 3121 2569 3192 impendere
2593 3122 2906 3179 redimendo
2938 3124 3131 3179 voluit.

570 3222 634 3268 ut
661 3212 937 3284 frangeret
972 3226 1184 3282 panem,
1241 3212 1527 3268 descendit
1582 3214 1807 3284 angelus
1868 3216 1934 3270 de
1991 3216 2148 3279 ercto,

568 3304 780 3359 habens
826 3302 1058 3358 cultrum
1112 3303 1166 3358 in
1223 3319 1386 3360 manu
1434 3314 1490 3361 et
1555 3306 1881 3363 sacrificavit
1924 3323 2152 3379 puerum

570 3396 746 3462 illum,
803 3396 1124 3467 sanguinem
1162 3410 1291 3451 vero
1336 3394 1453 3465 eius
1508 3397 1814 3469 excipiebat
1868 3399 1923 3454 in
1959 3399 2150 3454 calice.

573 3486 707 3543 Cum
737 3495 916 3542 autem
947 3487 1228 3557 presbyter
1281 3486 1557 3557 frangeret
1590 3488 1641 3543 in
1676 3490 1857 3560 parvis
1906 3491 2157 3559 partibus

572 3594 790 3649 panem,
839 3580 1004 3632 etiam
1052 3577 1276 3648 angelus
1309 3578 1583 3634 incidebat
1627 3582 1780 3648 pueri
1826 3583 2069 3636 membra
2102 3583 2155 3637 in

574 3669 804 3726 medicis
845 3669 1110 3738 partibus.
1143 3668 1276 3724 Cum
1326 3684 1455 3724 vero
1506 3671 1827 3727 accessisset
1879 3687 2044 3727 senex
2102 3682 2160 3726 ut

577 3761 852 3831 acciperet
878 3770 1121 3815 sanctam
1154 3761 1617 3829 communionem,
1646 3763 1769 3817 data
1800 3772 1884 3818 est
1926 3765 2025 3835 ipsi
2058 3765 2156 3819 soli

579 3864 732 3914 caro,
766 3850 1029 3919 sanguine
1057 3858 1363 3916 cruentata,
1395 3851 1539 3921 quod
1569 3868 1690 3907 cum
1723 3855 1965 3921 vidisset,
1993 3855 2157 3924 perti-

578 3940 740 4004 muit,
781 3948 833 3994 et
862 3939 1118 3995 clamavit
1160 3940 1389 4010 dicens:
1438 3961 1455 3993 ι
1488 3941 1683 4008 Credo,
1732 3944 1978 4010 Domine,
2029 3947 2157 4016 quia

576 4032 734 4102 panis
786 4033 878 4101 qui
911 4032 965 4086 in
1009 4032 1181 4088 altare
1229 4034 1467 4105 ponitur,
1501 4050 1698 4106 corpus
1743 4046 1893 4092 tuum
1948 4048 2053 4103 est,
2102 4048 2158 4093 ct

578 4122 722 4183 calix
771 4132 896 4178 tuus
944 4132 1026 4180 est
1075 4125 1316 4197 sanguis,
1363 4144 1382 4178 ›
1432 4135 1487 4182 et
1538 4129 1722 4183 statim
1769 4128 1907 4185 facta
1961 4131 2155 4186 estilla

564 4214 842 4287 iparticula
874 4214 926 4268 in
955 4230 1114 4268 manu
1151 4214 1270 4285 ejus
1297 4215 1454 4285 panis
1485 4217 1781 4273 secundum
1808 4220 2157 4289 mysterium;

578 4316 635 4361 et
664 4305 895 4376 sumpsit
943 4305 1072 4360 illud
1125 4307 1177 4360 in
1234 4318 1329 4362 ore
1369 4323 1536 4379 agens
1564 4294 1770 4381 gratias
1824 4310 1952 4365 Dco.
2010 4310 2160 4366 Tune

580 4413 784 4455 senes:
818 4414 839 4449 ς
878 4397 1039 4460 Deus,
1096 4398 1363 4468 inquiunt,
1409 4401 1511 4455 scit
1562 4402 1851 4457 humanam
1911 4411 2159 4458 naturam

2334 3211 2524 3267 XXXI.
2566 3211 2859 3282 Cujusdam
2880 3231 3097 3286 quoque
3141 3214 3311 3271 Judaei
3344 3214 3511 3280 filius,
3553 3231 3682 3271 cum
3710 3217 3853 3271 inter

2260 3302 2598 3359 Christianos
2664 3319 2864 3375 pueros
2916 3306 3219 3362 liberalium
3276 3307 3475 3362 studiis
3534 3306 3851 3363 litterarum

2262 3403 2633 3463 exerceretur,
2667 3397 2906 3467 quadam
2933 3398 3021 3453 die
3069 3400 3133 3454 ad
3170 3400 3450 3455 basilicam
3494 3401 3752 3471 gloriosae
3798 3412 3853 3469 et

2260 3484 2599 3542 intemerata:
2649 3501 2971 3559 semperque
3017 3490 3255 3561 Virginis
3285 3491 3490 3555 Marim,
3521 3494 3614 3548 ubi
3650 3493 3854 3548 missa-

2263 3590 2381 3630 rum
2450 3576 2752 3646 agebantur
2819 3577 3079 3633 solemnia
3136 3597 3258 3634 cum
3316 3583 3517 3636 comvis
3568 3582 3854 3638 sodalibus

2261 3668 2525 3734 accessit,
2586 3669 3056 3740 participationem
3134 3674 3380 3743 corporis
3439 3684 3495 3729 et
3570 3676 3855 3746 sanguinis

2262 3757 2477 3812 Domini
2502 3761 2671 3814 nostri
2698 3759 2824 3816 Jesu
2855 3760 3057 3817 Christi
3088 3762 3158 3817 ibi
3189 3780 3311 3818 cum
3336 3763 3644 3821 infantibus
3672 3765 3855 3821 infans

2264 3846 2378 3918 ipse
2409 3849 2647 3919 accepit;
2694 3851 2881 3921 sicque
2904 3852 3121 3908 donunn
3152 3856 3289 3910 redit
3331 3856 3525 3925 patris,
3564 3857 3677 3921 cui,
3713 3858 3853 3913 inter

2262 3939 2568 4010 amplexus,
2600 3943 2805 4009 oscula,
2867 3945 3185 4016 simpliciter
3244 3963 3363 4016 qua:
3411 3960 3606 4018 egerat
3648 3952 3852 4006 retulit.

2263 4029 2472 4098 Quibus
2500 4034 2721 4101 auditis,
2748 4046 2903 4105 pater
2936 4038 3152 4106 impius.
3190 4039 3519 4108 Christoque
3547 4051 3717 4111 atque
3742 4044 3854 4097 suis

2261 4122 2472 4194 legibus
2512 4126 2785 4194 inimicus,
2837 4130 3189 4187 vehementer
3239 4132 3542 4199 infremuit,
3575 4151 3853 4207 pueroque

2266 4214 2503 4272 minatus
2533 4219 2648 4272 ait:
2682 4218 2821 4287 Quia
2856 4230 3047 4277 contra
3081 4238 3256 4280 meam
3304 4228 3646 4281 voluntatem
3674 4230 3851 4299 egisti,

2265 4308 2330 4362 ad
2362 4306 2727 4366 ulciscendam
2757 4312 2973 4369 violatae
3003 4316 3135 4389 legis
3179 4326 3378 4372 nostra:
3414 4316 3695 4387 injuriam,
3729 4337 3847 4391 par-

2266 4401 2433 4455 ricida
2460 4402 2573 4472 jam
2622 4419 2766 4459 nunc
2797 4405 2850 4459 in
2895 4416 2947 4461 te
2988 4409 3155 4463 durus
3210 4410 3442 4464 cxistam
3485 4420 3544 4465 et
3595 4414 3850 4468 crudelis.

577 4503 687 4542 non
717 4502 875 4558 posse
905 4487 1156 4542 humanis
1199 4490 1452 4545 carnibus
1490 4493 1656 4558 vesci,
1698 4494 1817 4549 ideo
1859 4496 2160 4565 proprieta-
2193 4528 2239 4587 υ
2267 4490 2382 4559 th
2413 4494 2581 4561 dicto,
2614 4497 3010 4565 apprehensum
3037 4515 3161 4555 eum
3214 4503 3268 4556 in
3307 4502 3588 4559 fornacem
3632 4507 3853 4576 propius

582 4590 688 4638 tem
718 4581 800 4638 sui
837 4583 1083 4651 corporis
1130 4589 1186 4636 et
1234 4585 1534 4655 sanguinis,
1563 4587 1662 4642 sub
1704 4588 1872 4658 figura
1913 4591 2064 4659 panis
2107 4599 2162 4644 ct

581 4674 714 4737 vini,
738 4674 825 4743 pia
854 4674 1258 4743 dispensatione
1286 4675 1457 4732 latere
1484 4678 1671 4733 voluit.
1716 4699 1734 4733 ι

655 4765 826 4821 XXX.
867 4766 999 4820 lllud
1033 4775 1320 4836 praeterea,
1356 4770 1497 4838 quod
1530 4770 1581 4824 in
1614 4769 1752 4826 libro
1779 4773 1851 4826 De
1892 4774 2008 4827 Vita
2038 4789 2163 4829 san-

584 4856 659 4911 cti
710 4855 895 4910 Basilii
941 4856 1157 4928 legitur,
1211 4858 1337 4928 quia
1392 4857 1649 4914 solvendo
1681 4860 1972 4916 dubietatis
2005 4866 2163 4919 modo

582 4944 873 5014 plurimum
899 4945 1149 5014 opitulari
1182 4947 1476 5013 credimus,
1508 4950 1926 5006 narratiunculae
1966 4964 2164 5011 nostra:

587 5043 833 5060 Antoniana
864 5035 1024 5060 :r‘nA-n:
1076 5037 1415 5060 ‘An---:~.---_-
1461 5039 1597 5060 κ---]
1637 5041 1700 5060 ξι-
1738 5058 1743 5059 γ
1770 5057 1779 5060 -
1816 5043 1829 5060 Ι
1887 5044 1900 5060 I

2265 4586 2544 4641 ardentem
2596 4587 2797 4657 injecit,
2847 4591 3035 4662 sicque
3064 4594 3206 4665 ligna
3227 4605 3296 4649 ut
3340 4595 3727 4656 vehementius
3760 4616 3855 4655 cr-

2265 4690 2516 4735 ureretur
2540 4680 2758 4750 adjecit.
2784 4684 2991 4740 Interea
3024 4698 3200 4744 mater
3227 4692 3332 4745 hoc
3346 4701 3657 4761 comperto,
3680 4708 3853 4763 geme-

2266 4767 2445 4823 bunda
2477 4773 2631 4839 quasi
2680 4773 2851 4829 filium
2896 4775 3212 4839 liberatura,
3261 4780 3415 4835 ocius
3469 4786 3733 4842 accurrit,
3764 4785 3855 4838 sed

2266 4876 2377 4930 prae
2404 4862 2742 4920 vehementia
2773 4866 3115 4926 ﬂammarum
3147 4872 3279 4926 nihil
3322 4875 3644 4941 proficiens,
3675 4877 3856 4931 dolore

2266 4953 2471 5021 percita
2505 4956 2699 5024 capitis
2727 4957 2971 5014 velamen
3000 4961 3219 5031 abjecit,
3248 4965 3436 5033 sicque
3458 4968 3673 5034 sparsis
3695 4968 3858 5022 crini-
