4006 5282
221 287 339 342 “2|

1089 287 1288 344 LIBER
1317 287 1402 344 DE
1441 287 1760 344 COIKPOIiE
1801 286 1884 342 ET
1911 285 2255 343 SANGUINE
2279 287 2572 344 CHRISTI.

3331 294 3466 348 μεθ.

220 411 390 452 turum
427 397 516 454 illa
537 397 876 454 ﬂammarum
929 402 1176 456 incendia
1225 403 1478 466 senserit,
1513 420 1530 452 ι
1567 401 1775 465 mulier,
1809 386 1858 442 Λ
1887 401 2192 454 attentavit.
2227 397 2420 454 Verum
2448 400 2554 458 ille,
2597 399 2720 452 licet
2751 406 2905 454 (etate
2934 400 3310 456 adolescenti-:3
3335 419 3463 456 nec-

220 490 408 560 inquit,
439 506 557 560 qua:
593 491 643 544 in
701 491 786 546 illa
833 491 1078 556 basilica,
1129 493 1218 546 ubi
1259 509 1452 563 panem
1503 495 1567 546 de
1601 507 1784 548 mensa

219 581 416 648 accepi,
449 579 730 648 parvulum
783 581 834 634 in
879 582 1000 636 sinu
1049 582 1317 652 gestabat,
1355 581 1520 651 pallio
1551 598 1634 636 me
1666 596 1783 646 suo,

219 685 282 722 ne
341 669 478 736 ignis
527 670 620 723 ille
666 671 974 736 devoraret,
1037 673 1270 740 operuit.
1309 691 1326 724 ι
1382 671 1480 726 llic
1533 671 1786 726 nimirum

217 768 462 830 patenter
485 761 644 814 datur
673 762 894 832 intelligi
923 765 1066 832 quod
1099 779 1204 818 non
1243 764 1416 818 solum
1447 763 1638 817 Filium
1669 763 1786 828 Dei,

217 855 306 908 sed
331 863 386 908 et
420 863 664 908 sanctam
692 854 1022 911 Genitricein
1052 857 1170 926 ejus
1197 873 1328 926 puer
1355 857 1443 911 ille
1471 858 1612 912 inter
1633 871 1787 911 sacra

217 947 468 1016 mysteria
495 948 812 1018 inspexerit,
839 946 994 1018 cujus
1021 950 1363 1020 postmodum
1397 949 1569 1004 fretus
1597 949 1789 1020 praesi-

215 1037 300 1092 dio
317 1036 654 1092 “animarum
673 1039 920 1094 incendia
946 1043 1246 1110 mortisque
1277 1043 1568 1096 discrimen
1595 1041 1786 1096 evasit.

215 1129 312 1196 Qui
337 1129 522 1198 utique
549 1130 854 1184 innocentia
877 1139 932 1186 et
957 1132 1300 1204 simplicitate
1329 1132 1520 1202 puerili
1543 1132 1607 1186 de
1638 1140 1790 1186 tanta

213 1221 419 1274 visione
461 1220 592 1274 nihil
624 1221 955 1292 conﬁngere,
995 1237 1168 1292 neque
1199 1223 1414 1278 mentiri
1445 1223 1654 1293 potuit;
1701 1222 1789 1276 cui

215 1313 288 1365 rei
316 1313 448 1366 satis
471 1313 696 1368 evidens
717 1323 936 1383 prtestal
972 1317 1364 1378 testimonium,
1395 1315 1660 1370 indultum
1684 1314 1788 1370 sibi

212 1404 405 1457 divina:
445 1405 778 1460 liberationis
820 1406 1166 1462 beneﬁcium.
1199 1407 1304 1462 Sed
1348 1409 1488 1462 inter
1514 1408 1630 1462 hanc
1663 1407 1776 1460 dili-

209 1499 352 1565 genti
383 1498 562 1552 studio
593 1499 1032 1568 pet-pendendum
1062 1501 1228 1570 quod,
1265 1501 1408 1556 sicut
1447 1501 1573 1556 huic
1620 1513 1790 1569 puero

210 1589 472 1646 divinitus
497 1601 582 1646 est
605 1591 927 1658 revelatum,
978 1599 1158 1648 utrum
1201 1607 1400 1660 corpus
1427 1591 1498 1645 sit
1537 1590 1656 1644 Filii
1693 1591 1788 1646 Dei

208 1691 618 1738 sacrosanctum
669 1685 813 1753 quod
869 1684 936 1740 de
989 1699 1172 1740 mensa
1243 1683 1540 1753 percipitur
1600 1682 1788 1738 altaris

205 1773 551 1842 mysterium,
589 1785 792 1830 sanctae
829 1789 1044 1844 quoque
1074 1773 1366 1830 Genitricis
1393 1773 1510 1842 ejus
1537 1789 1789 1830 nonnun-

205 1881 370 1934 quam
418 1867 612 1922 adesse
658 1868 1006 1937 praesentiam
1057 1883 1322 1938 suumque
1369 1866 1791 1936 percipientihus

206 1958 424 2012 deferre
459 1959 844 2027 patrocinium,
879 1958 1076 2028 quibus
1112 1958 1250 2012 inter
1291 1959 1553 2028 agendum
1583 1957 1790 2026 simpli—

203 2048 388 2102 citatis
434 2057 489 2102 et
536 2049 859 2104 innocentia:
905 2065 1012 2104 non
1065 2049 1296 2104 deiuerit
1345 2049 1620 2112 meritum,
1674 2063 1790 2118 qua:

203 2141 346 2207 apud
371 2140 540 2193 Deum
575 2139 902 2210 singularem
931 2141 1110 2195 charte
1141 2139 1524 2194 familiaritatis
1545 2139 1792 2192 obtinent

201 2233 404 2298 locum,
432 2234 570 2289 sicut
602 2234 718 2304 ipse
750 2233 1083 2289 Salvatorait
1117 2253 1128 2287 '.
1165 2233 1332 2288 Sinite
1351 2233 1593 2304 parvulos
1621 2235 1790 2288 venire

199 2327 270 2378 nd
298 2343 420 2392 me;
451 2327 633 2380 talium
666 2337 740 2382 est
762 2328 898 2382 enim
933 2345 1167 2399 regnum.
1201 2327 1356 2383 Unde
1398 2338 1454 2383 et
1495 2329 1790 2398 discipulos

197 2433 350 2484 suos,
384 2435 520 2488 quos
545 2435 710 2490 puros
733 2429 788 2474 et
812 2421 1086 2490 simplices
1115 2421 1372 2490 elegerat,
1408 2435 1606 2490 pueros
1631 2431 1791 2477 vocat

199 2508 394 2562 dicens
421 2525 514 2580 per
553 2511 910 2580 prophetam:
940 2508 1076 2566 Ecce
1103 2525 1222 2581 ego,
1269 2521 1314 2565 et
1345 2514 1494 2581 pueri
1527 2513 1627 2565 mei
1659 2528 1788 2578 quos

194 2603 328 2653 mihi
357 2602 573 2656 donavit
601 2602 761 2658 Deus.
795 2603 862 2657 Et
887 2604 938 2656 in
963 2603 1256 2674 Evangelio
1292 2620 1304 2656 :
1339 2602 1517 2670 Pueri,
1551 2603 1788 2674 nunquid

191 2695 616 2763 pm’mcntarium
652 2695 852 2751 habetis
870 2697 896 2750 Ρ

787 2845 964 2902 PARS
1003 2847 1210 2904 NONA.

269 2959 495 3016 XXXII.
539 2962 736 3018 Verum
768 2963 893 3034 quia
919 2963 1107 3030 multa,
1147 2964 1247 3020 etsi
1295 2964 1548 3034 imperito
1577 2964 1790 3021 dicendi

1889 490 2016 544 dum
2040 491 2324 545 excederet
2365 505 2558 556 annos,
2599 499 2775 544 tamen
2823 490 2993 556 illum,
3026 493 3150 560 quia
3182 495 3460 566 catholica:

1891 577 2014 636 ﬁdei
2041 581 2236 635 merito
2271 581 2530 650 prteditus
2558 591 2678 635 erat
2705 590 2760 636 et
2791 581 2988 652 gratia,
3019 583 3208 638 callide
3237 601 3464 654 suspen-

1889 671 1987 738 dit,
2030 687 2322 742 secumque
2362 673 2537 742 quoad
2579 675 2726 750 regni
2771 675 2851 728 sui
2895 675 2958 729 ad
3009 674 3486 756 mcditcrrancanie

1891 761 2170 818 dcveniret
2196 765 2398 832 sedem,
2424 763 2696 820 Briotnain
2723 766 2844 838 1:11.,
2869 765 3146 839 Briouam]
3177 769 3456 832 vocabulo,
3473 809 3482 836 _.

1890 851 2142 916 detinuit,
2161 853 2250 908 ubi
2275 856 2512 924 undique
2529 855 2729 909 coactis
2748 855 3026 911 catholicis
3046 873 3106 910 ac
3132 857 3463 926 sapientibus

1889 943 2044 1008 viris,
2085 959 2248 1014 super
2273 946 2459 1000 eadem
2491 961 2548 1000 re
2573 946 2888 1014 disponebat
2911 947 3220 1002 conﬂictum
3255 947 3462 1000 haberi.

1891 1033 1969 1088 Eo
1991 1049 2120 1102 ergo
2143 1045 2359 1090 ventmn
2409 1047 2510 1103 est,
2551 1045 2606 1090 et
2639 1052 2722 1090 rcs
2752 1040 2996 1106 sequenti
3049 1037 3133 1092 die
3163 1038 3472 1110 ventilanda

1889 1127 2186 1195 proposita.
2222 1127 2461 1198 Cumque
2500 1127 2650 1182 multi
2697 1145 2762 1184 ex
2817 1139 2925 1183 tota
2958 1129 3353 1184 Northmannia
3384 1111 3476 1184 sa:

1893 1217 2118 1288 pientes,
2163 1219 2251 1288 qui
2285 1219 2499 1290 plurimi
2534 1227 2586 1273 et
2611 1219 2740 1274 clari
2775 1221 3134 1286 habebantur,
3180 1225 3468 1277 convenis-

1891 1317 2032 1374 sent,
2063 1310 2343 1380 pra‘fatum
2367 1312 2786 1368 lueresiarcham
2809 1311 3196 1384 Bercngarium
3215 1331 3338 1370 cum
3363 1316 3469 1370 alio

1892 1401 2126 1470 quodam
2173 1416 2331 1471 quem
2373 1418 2557 1457 secum
2603 1405 2903 1458 adduxerat
2935 1405 3158 1472 clerico,
3216 1408 3267 1461 in
3317 1408 3472 1478 cujus

1890 1492 2196 1562 eloquentia
2238 1495 2479 1552 victoria:
2526 1497 2626 1551 sibi
2665 1513 2813 1567 spem
2857 1513 3148 1569 posuerat,
3176 1500 3250 1553 ita
3283 1517 3468 1556 coram

1891 1584 2140 1638 omnibus
2175 1587 2593 1642 conl'utaverunt
2621 1597 2780 1658 atque
2806 1591 3038 1646 evidenti
3075 1594 3283 1648 ratione
3311 1609 3472 1664 supe-

1894 1685 2170 1742 raverunt,
2209 1686 2477 1746 quatenus
2515 1679 2598 1733 eis
2633 1679 2908 1734 silentium
2947 1681 3322 1751 imponerent,
3353 1701 3476 1740 ver-

1821 1736 1864 1794 B
1893 1765 2222 1835 horumque,
2255 1768 2450 1837 quibus
2483 1767 2640 1823 ﬁdem
2676 1769 3000 1824 catholicam
3027 1736 3348 1840 Ituebantur,
3388 1792 3474 1828 as-

1893 1869 2115 1908 sensum
2160 1857 2228 1912 ab
2266 1859 2346 1912 eis
2391 1868 2799 1930 extorquerent.
2851 1861 3212 1934 Berengarius
3250 1877 3428 1922 autem
3457 1908 3472 1932 ,

1895 1947 2106 2002 tandem
2135 1964 2240 2003 non
2273 1949 2389 2004 sine
2427 1951 2632 2022 pudore
2659 1954 2922 2018 cvadens,
2963 1955 3258 2011 Carnotum
3299 1961 3472 2028 petiit;

1893 2037 1982 2092 ubi
2025 2040 2234 2107 positus
2290 2041 2355 2096 de
2401 2043 2588 2098 eadem
2624 2045 2924 2113 quaestione
2971 2061 3030 2102 sc
3065 2031 3474 2104 consulentibus

1893 2127 2098 2198 (audita
2137 2131 2333 2202 quippe
2377 2133 2490 2202 jam
2531 2133 2686 2206 longe
2732 2135 2945 2206 lateque
2996 2147 3117 2193 acta
3158 2157 3245 2196 res
3273 2141 3472 2208 fuerat;

1891 2219 2104 2275 clericis
2143 2221 2382 2290 ejusdem
2437 2225 2585 2280 urbis
2629 2227 2771 2281 nulla
2817 2232 3121 2300 respondit;
3171 2247 3293 2287 cum
3345 2250 3472 2289 vero

1887 2313 1990 2368 sibi
2023 2317 2398 2384 opportunitas
2427 2319 2672 2384 daretur,
2697 2336 2756 2376 se
2781 2337 3168 2390 responsurum
3199 2327 3474 2395 promisit.

1893 2403 2044 2460 Unde
2081 2421 2184 2461 non
2219 2407 2384 2462 multo
2414 2420 2534 2480 post
2563 2409 2794 2474 litteras,
2833 2429 2968 2482 quas
2999 2424 3054 2470 et
3085 2417 3199 2486 ipse
3236 2417 3360 2487 legi,
3391 2419 3473 2472 di-

1887 2497 2079 2562 ctavit,
2113 2497 2163 2552 in
2192 2499 2388 2567 quibus
2433 2501 2602 2556 multa
2640 2503 2872 2559 absurda
2917 2506 3151 2576 ﬁdeique
3182 2509 3467 2564 catholica:

1891 2585 2060 2641 aliena
2108 2589 2334 2646 anhelus
2382 2591 2745 2658 declamavit,
2801 2594 2940 2650 inter
2997 2612 3116 2666 qua:
3169 2597 3468 2653 Romanam

1891 2675 2186 2756 Ecclesium
2216 2719 2230 2744 ,
2269 2690 2434 2750 caput
2490 2681 2738 2736 videlicet
2789 2685 2952 2738 totius
3011 2685 3466 2750 Christianitatis,

1889 2765 2058 2822 multa
2089 2771 2394 2826 temeritate
2421 2771 2678 2827 lueretico
2725 2774 2988 2844 vocabulo
3015 2775 3314 2836 denotavit.
3343 2794 3467 2832 cum

1887 2875 1996 2930 qua
2016 2871 2285 2918 rectorem
2311 2863 2447 2932 ejus,
2471 2865 2746 2920 domitium
2769 2867 2978 2924 scilicet
2999 2883 3190 2939 papam
3209 2870 3465 2937 Leonem,

1891 2951 2043 3020 cujus
2065 2953 2200 3008 ﬁdes
2219 2955 2507 3020 catholica,
2533 2956 2843 3026 spectabilis
2871 2959 3154 3028 sapientia,
3189 2959 3471 3017 laudabilis

191 3068 426 3123 genere,
459 3053 604 3108 salva
652 3061 832 3108 tamen
864 3071 1120 3110 sensuum
1153 3056 1382 3112 veritate
1407 3063 1460 3110 et
1503 3055 1624 3110 ﬁdei
1655 3057 1791 3112 inte-

1895 3043 2198 3100 habebatur
2251 3046 2550 3114 industria,
2608 3065 2766 3120 quem
2819 3066 2924 3106 non
2975 3052 3225 3122 excepit,
3269 3053 3475 3123 pariter

1899 3137 2169 3160 !-_l‘.___-_.!.
2228 3154 2319 3160 -__
2372 3158 2385 3160 ,
2434 3159 2445 3160 γ
2480 3144 2492 3160 ι
2569 3153 2580 3160 .
2997 3145 3008 3156 -
3176 3148 3227 3160 1.
3363 3149 3377 3160 ι

191 3146 426 3213 gritatc,
453 3147 596 3202 dicta
626 3157 754 3202 sunt
778 3148 844 3203 de
871 3147 1136 3204 Dominici
1163 3148 1490 3204 sacramenti
1537 3149 1788 3214 veritate,

191 3240 334 3296 libet
365 3241 557 3311 paucis
593 3240 980 3296 conscientiam
1035 3251 1278 3296 nostram
1329 3249 1648 3296 excusatum
1681 3242 1788 3305 ire;

192 3347 402 3400 meque
427 3332 542 3386 haec
570 3331 906 3402 simplicibus
933 3341 988 3387 et
1009 3331 1206 3402 quibus
1229 3345 1426 3387 sensus
1453 3331 1792 3400 profunditas

189 3424 282 3477 vel
301 3425 572 3478 librorum
599 3439 704 3478 non
732 3425 969 3494 suppetit
995 3425 1148 3494 copia
1183 3423 1508 3494 simpliciter
1535 3424 1788 3488 dictasse,

189 3515 449 3572 ﬁdeliter
495 3517 748 3570 intimare
796 3517 938 3585 quod
987 3533 1092 3572 non
1134 3531 1234 3589 ego
1257 3517 1404 3573 solus
1444 3517 1633 3572 videor
1659 3532 1797 3586 prae-

188 3609 534 3679 sumpsisse.
571 3607 676 3662 Alii
723 3623 982 3677 namque,
1036 3609 1177 3662 idem
1230 3607 1400 3670 nacti,
1452 3607 1796 3662 occasionem

189 3704 363 3758 venia
402 3702 618 3772 dignam
649 3701 1000 3756 inveniuntur
1029 3702 1223 3770 egisse,
1259 3701 1440 3756 divino
1467 3699 1656 3768 utique
1679 3699 1796 3754 zelo

189 3791 572 3862 compellente
608 3791 978 3859 adversusque
1023 3791 1205 3844 hostes
1245 3791 1482 3860 perﬁdos
1539 3789 1797 3845 Ecclesize

187 3884 376 3937 multa
438 3883 854 3951 conscripsisse,
913 3897 1144 3952 quorum
1215 3881 1449 3935 maxima
1505 3881 1796 3936 multitudo

189 3985 400 4032 nostra
452 3983 770 4044 tempestate
800 3975 1136 4030 Francorum
1172 3984 1532 4044 occupaverat
1577 3975 1800 4044 provin-

188 4072 339 4132 cias,
368 4080 430 4122 et
463 4083 669 4123 veneno
709 4083 818 4122 sum
845 4068 1086 4136 perﬁdia:
1135 4067 1546 4144 circumpositas
1577 4067 1798 4122 inﬁcere

187 4162 544 4216 moliebatur
572 4161 820 4228 regiones
877 4169 932 4214 et
983 4160 1118 4215 loca.
1167 4160 1337 4214 Porro
1383 4161 1586 4216 erroris
1641 4161 1800 4230 hujus

187 4265 403 4308 auctor
429 4252 727 4314 videbatur,
759 4261 814 4306 et
840 4263 1002 4321 caput
1038 4252 1256 4322 quidam
1296 4253 1682 4320 Berengarius,
1709 4254 1797 4310 cui

185 4347 394 4416 plures
409 4343 766 4406 Francorum,
785 4343 1026 4397 nonnulli
1050 4359 1266 4414 quoque
1281 4343 1800 4413 Nortlmtannorum,

1897 3137 2196 3205 infamavit,
2225 3154 2392 3210 seque
2427 3144 2494 3197 ad
2531 3153 2820 3214 utrumque
2854 3145 3314 3213 convincendum,
3345 3149 3474 3205 dum

1893 3232 2224 3300 respondere
2247 3232 2513 3299 dillerret,
2545 3235 3004 3306 interrogantibus
3043 3239 3338 3294 intendisse
3384 3255 3472 3294 re-

1897 3321 2046 3387 tulit;
2101 3331 2226 3376 tunc
2255 3323 2452 3394 quippe
2497 3324 2732 3379 instabat
2775 3327 3062 3380 constituta
3101 3328 3216 3382 dies
3263 3329 3476 3384 concilii

1897 3414 2238 3498 postmodum
2298 3415 2555 3470 Vercellis
2605 3417 2798 3472 habiti.
2865 3418 2972 3473 Has
3025 3419 3210 3486 itaque
3261 3420 3474 3474 litteras

1896 3491 2170 3578 puritatis,
2195 3520 2253 3566 tit
2276 3512 2377 3567 sibi
2405 3513 2712 3580 videbatur,
2745 3514 2949 3585 plenas,
2976 3517 3070 3572 sed
3097 3531 3284 3572 revera
3308 3518 3476 3571 multa

1897 3600 2138 3655 vanitate
2171 3601 2430 3668 refertas,
2466 3605 2914 3674 Carnotensibus,
2941 3606 3034 3676 qui
3067 3606 3172 3662 sibi
3217 3607 3475 3678 qiuestio-

1900 3707 2020 3748 nem
2075 3695 2512 3763 intentaverant,
2566 3699 2873 3754 destinavit.
2927 3700 3062 3756 Cum
3111 3709 3292 3756 autem
3343 3703 3476 3756 tanti

1899 3784 2024 3838 mali
2063 3784 2203 3839 fama
2236 3789 2644 3856 crebresceret,
2691 3798 2745 3844 et
2773 3789 3014 3845 omnium
3040 3792 3205 3846 corda
3241 3791 3478 3846 ﬁdelium

1900 3874 2273 3934 vehementius
2321 3879 2664 3949 percelleret,
2693 3896 2896 3952 perque
2943 3882 3142 3938 multos
3171 3882 3478 3950 huiusmodi

1901 3966 2052 4022 virus
2079 3968 2310 4026 latenter
2344 3979 2398 4026 et
2429 3981 2616 4041 aperte
2642 3970 2756 4040 jam
2789 3983 3048 4044 serperet,
3082 3976 3305 4046 contigit
3331 3985 3386 4030 ut
3413 3991 3441 4028 a
3468 3977 3481 4029 l

1903 4073 2064 4116 aures
2105 4063 2269 4116 etiam
2314 4065 2457 4134 regis
2503 4065 2834 4121 Francorum
2889 4067 3103 4121 Henrici
3151 4067 3479 4135 perveniret.

1903 4149 2005 4218 Qui
2036 4154 2281 4208 consultu
2317 4156 2465 4224 regni
2506 4157 2822 4226 pontificum
2859 4171 3254 4228 procerumque
3291 4159 3482 4212 conci-

1905 4241 2034 4294 lium
2067 4242 2290 4298 Parisiis
2317 4246 2436 4314 cogi
2463 4245 2674 4300 decimo
2699 4245 2970 4302 Kalendas
2996 4245 3319 4304 Novembris
3345 4261 3483 4316 prte-

1904 4333 2069 4398 cepit,
2102 4348 2166 4386 ac
2193 4333 2476 4402 praefatum
2503 4335 2917 4404 Berengarium,
2945 4345 3006 4390 ut
3049 4345 3143 4390 aut
3201 4351 3298 4390 sua
3337 4337 3480 4390 dicta

183 4455 342 4509 quos
391 4449 490 4492 aut
517 4438 630 4506 ipse
662 4437 920 4490 docuerat
971 4445 1064 4490 aut
1119 4438 1172 4490 in
1204 4437 1441 4492 discendi
1475 4437 1652 4492 studio
1697 4436 1800 4490 an-
1833 4440 1878 4497 ι)
1905 4418 2128 4474 Patrum
2156 4421 2480 4474 auctoritate
2521 4421 2760 4478 ﬁrmaret
2807 4421 2991 4476 multis
3035 4423 3136 4477 sibi
3189 4421 3484 4476 obuitcuti-

183 4531 540 4602 quantisper
562 4528 802 4598 juverat,
846 4528 1136 4598 plurimum
1169 4527 1373 4584 favoris
1402 4529 1798 4598 dependebant.

265 4621 531 4679 XXXIII.
572 4621 622 4676 Is
663 4631 844 4675 autem
893 4621 1186 4676 Dominica:
1232 4621 1623 4677 lncarnationis
1661 4637 1802 4676 anno

185 4714 510 4772 millesimo
573 4713 1019 4784 quinquagesimo
1092 4714 1254 4768 tertio
1305 4713 1800 4769 Northmannorum

185 4806 414 4860 ﬁnibus
443 4803 679 4872 irrepsit,
701 4813 756 4858 et
782 4803 846 4856 ad
871 4801 1176 4856 coenobium
1207 4803 1350 4872 quod
1385 4801 1632 4858 Pratellis
1666 4819 1804 4857 nun-

183 4905 454 4968 cupatur
483 4894 710 4963 appulit,
733 4893 1104 4964 catholicoque
1129 4896 1264 4958 viro,
1287 4895 1377 4965 qui
1407 4895 1549 4948 idem
1582 4905 1804 4950 strenue

187 4991 446 5064 regebat
467 4988 794 5056 coenobium,
828 5005 858 5043 a
887 5004 994 5060 quo
1023 4999 1078 5044 et
1119 4991 1344 5044 honeste
1373 4989 1508 5044 satis
1549 4997 1808 5061 exceptus

183 5086 423 5146 fuerat,
468 5080 635 5134 multa
691 5081 1036 5150 blasphemus
1083 5081 1250 5151 impie
1297 5081 1600 5136 tlelatravit.
1651 5082 1806 5150 Quod

359 5183 580 5196 σ---ΑκιιΑ
632 5171 813 5196 οιΑ-,Α-ιιι
848 5170 906 5192 -ιιη
933 5176 1037 5196 κυίθ
1390 5172 1604 5196 “Α“²-Δ
1659 5171 1770 5196 _.-f..

1905 4511 2029 4575 bus,
2059 4519 2169 4574 aut,
2195 4511 2238 4564 si
2267 4525 2328 4566 ea
2352 4511 2644 4568 defendere
2667 4511 2932 4582 nequiret,
2955 4513 3008 4567 in
3033 4512 3374 4578 catholicam,
3395 4515 3480 4566 cui

1847 4603 1850 4606 ’
1903 4603 2126 4658 obviare
2149 4618 2254 4657 non
2282 4613 2486 4674 posset,
2519 4605 2676 4659 ﬁdem
2703 4604 2995 4674 prudenter
3023 4606 3486 4666 transit-enimer-

1905 4703 2026 4745 esse
2089 4696 2359 4745 tantorum
2417 4692 2584 4746 ctetui
2645 4691 2862 4745 Patrum
2917 4689 3219 4760 imperavit.
3277 4689 3488 4746 Interea

1907 4782 2154 4838 condicta
2187 4789 2406 4837 venerat
2438 4785 2587 4848 dies,
2621 4781 2982 4854 frequensque
3016 4793 3314 4838 conventus
3351 4799 3488 4852 prat-

1907 4872 2082 4928 sulum
2143 4886 2206 4926 ac
2259 4870 2592 4940 reliquorum
2636 4873 2811 4928 sancti
2865 4874 3074 4929 ordinis
3128 4871 3496 4940 clericorum,

1909 4981 2118 5022 necnon
2162 4963 2420 5018 nobilium
2465 4967 2727 5021 laicorum
2769 4964 2997 5022 Parisiis
3049 4966 3226 5021 factus
3251 4973 3370 5030 est,
3403 4973 3503 5025 sed

1905 5059 2014 5129 jam
2043 5061 2223 5116 dictus
2257 5055 2624 5128 Berengarius
2651 5055 2805 5112 malae
2835 5057 3180 5115 conscientia:
3215 5059 3508 5123 perculsus

1914 5162 2120 5196 Ian-nm
2145 5189 2160 5196 -
2192 5155 2250 5196 ut
2295 5145 2479 5196 iussus
2530 5157 2677 5196 erat.
2717 5163 2780 5196 en
2825 5149 3022 5196 ~\'t‘.nirn
3065 5145 3298 5196 distulit.
3331 5161 3512 5196 summ
