4006 5282
550 303 571 357 1
585 301 686 357 ηδ

1016 306 1321 366 DURANDI
1359 307 1650 365 ABBATIS
1688 307 2170 366 TROARNENSIS
2217 309 2632 368 EPITAPHIUM
2665 308 2965 366 MABILIE
3001 307 3390 366 COMITISSIE

3681 309 3809 365 “'25

543 429 660 473 erat
692 417 858 487 enim)
886 424 1115 495 protulit
1143 445 1156 478 :
1196 442 1214 476 ‹
1253 424 1320 478 Ει
1351 425 1659 496 praecipiat,
1702 427 1906 496 inquit,
1948 434 2130 481 vestra
2161 425 2208 483 Α
2233 423 2619 482 convenissent
2645 441 2710 482 eo
2741 439 2913 496 usque
2937 423 3337 488 obsiderentur,
3368 423 3537 478 donec
3566 431 3655 476 aut
3692 437 3811 477 con-

545 509 810 564 sanctitas
837 509 945 570 iras
970 514 1199 581 litteras,
1237 530 1267 570 a
1294 515 1622 589 Berengario
1647 518 1821 574 editas
1841 558 1855 583 ,
1881 518 1927 573 si
1965 516 2130 583 libet,

546 603 764 658 recitari
793 649 808 674 ,
835 624 970 678 quas
997 624 1096 678 ego
1131 609 1350 678 quidem
1397 609 1467 665 ab
1506 611 1625 682 ipso
1661 627 2002 682 nequaquam
2037 626 2132 666 ac-

541 693 690 762 cepi.
727 699 827 754 sed
874 713 997 754 cum
1047 715 1141 756 eas
1183 701 1397 756 cuidam
1439 717 1536 758 suo
1583 702 1870 768 familiari,
1915 703 2134 758 nomine

540 785 749 857 Paulo,
779 806 878 863 per
905 792 1246 857 veredarium
1278 793 1570 865 dirigeret,
1600 794 1864 851 violenter
1890 795 2079 866 rapui;
2108 812 2126 847 ι

540 881 745 951 quibus
777 881 1046 953 susceptis
1071 890 1126 938 et
1155 883 1223 938 ad
1252 883 1588 939 recitandum
1624 884 1856 951 traditis,
1887 885 2129 939 omnium

549 984 710 1025 aures
755 972 1056 1042 eriguntur,
1115 989 1212 1028 ora
1272 973 1327 1028 in
1377 973 1650 1029 silentium
1711 982 2126 1046 componuntur,

519 1053 712 1117 'corda
751 1063 820 1118 ad
867 1063 1276 1136 intelligendum
1328 1079 1448 1134 quae
1500 1066 1919 1122 continebantur
1967 1066 2020 1120 in
2051 1066 2131 1121 eis

546 1163 942 1223 praeparantur.
983 1154 1088 1210 Sed
1119 1155 1259 1210 inter
1304 1155 1591 1227 legendum
1628 1157 1857 1213 multum
1908 1166 2130 1228 repente

547 1241 611 1297 ﬁt
657 1259 923 1310 murmur,
959 1255 1014 1300 et
1062 1261 1156 1316 per
1195 1247 1402 1318 singula
1455 1248 1676 1305 absurdi
1725 1264 1918 1305 sensus
1964 1247 2130 1304 verba

545 1335 728 1408 gravis
751 1337 999 1409 iustrepit
1022 1337 1290 1396 fremitus.
1316 1340 1500 1412 Itaque
1519 1342 1770 1398 omnibus
1801 1342 1922 1398 talis
1947 1341 2126 1409 lectio,

547 1425 804 1494 quoniam
851 1427 1182 1498 nequissima
1230 1431 1483 1486 sordebat
1525 1431 1746 1497 hazresi,
1779 1433 2129 1486 vehementer

546 1515 844 1585 displicuit,
878 1519 1133 1575 damnato
1159 1521 1387 1590 proinde
1427 1522 1699 1576 communi
1737 1522 2004 1578 sententia
2041 1530 2125 1576 ta-

547 1605 676 1660 lium
699 1617 942 1676 auetore,
969 1610 1240 1668 damnatis
1265 1611 1380 1681 ejus
1402 1613 1776 1684 complicibus,
1802 1624 1914 1670 tum
1939 1614 2127 1670 codice

545 1694 768 1756 Joannis
803 1699 972 1768 Scoti,
1008 1717 1074 1758 ex
1107 1718 1214 1773 quo
1241 1718 1304 1759 ea
1335 1720 1455 1774 qua:
1484 1704 1884 1761 damnabantur
1913 1714 2125 1776 sumpta

545 1785 884 1844 videbantur.
912 1789 1153 1846 Concilio
1195 1791 1370 1847 soluto
1398 1793 1696 1850 discessum
1730 1802 1813 1850 est
1837 1809 1898 1849 ea
1935 1767 2124 1849 con-di-
2154 1767 2200 1829 Β

546 1875 728 1943 tione,
767 1887 856 1945 ut,
907 1881 1010 1935 nisi
1055 1881 1398 1951 resipisceret
1439 1885 1701 1953 ejusmodi
1752 1887 2127 1956 perversitatis

548 1977 778 2035 auctor,
830 1985 953 2026 cum
1006 1974 1331 2042 sequacibus
1386 1975 1498 2030 suis
1560 1977 1628 2032 ab
1687 1977 1832 2032 omni
1881 1978 2125 2034 exercitu

546 2057 880 2116 Francorum
948 2063 1314 2134 praeeuntibus
1381 2065 1621 2133 clericis,
1671 2082 1791 2123 cum
1841 2067 2018 2142 Morte,
2047 2068 2124 2142 in]

545 2149 914 2209 ecclesiastico
950 2164 1208 2225 apparatu
1241 2157 1506 2215 instanter
1537 2161 1751 2233 quaesiti
1772 2200 1787 2227 ,
1815 2161 2125 2231 ubicunque

580 2335 3121 2365 W

2237 518 2502 572 sentirent
2539 517 2821 574 catholica:
2868 514 3029 582 ﬁdei,
3063 523 3157 569 aut
3185 515 3377 570 mortis
3407 528 3600 584 pcenas
3631 514 3809 569 luitnri

2235 616 2580 678 caperentur.
2615 605 2976 676 Quamobrem
3017 605 3226 672 territi,
3258 619 3365 659 non
3413 603 3584 658 multo
3615 612 3734 674 post
3763 606 3811 658 in

2235 701 2465 756 concilio
2494 717 2656 772 super
2687 700 2810 756 ﬁdei
2839 715 2950 756 sure
2975 707 3120 754 statu
3161 699 3442 760 conventi,
3479 698 3556 752 ita
3581 712 3641 752 se
3675 698 3813 752 sicut

2235 791 2473 847 Ecclesia
2505 798 2651 846 tenet
2679 788 2946 846 catholica
2991 788 3216 844 credere
3267 786 3498 841 ﬁdeliter
3526 797 3582 840 et
3627 800 3815 854 sapere

2233 880 2447 952 publice
2487 880 2716 951 professi
2748 888 2894 935 sunt.
2925 878 3239 948 Delatisque
3278 859 3590 932 sanctorum
3625 876 3812 948 pigno-

2233 973 2420 1038 ribus,
2449 981 2509 1027 ut
2541 971 2792 1026 omnibus
2841 969 3226 1044 satisfacerent
3269 977 3431 1038 atque
3485 967 3551 1022 de
3587 967 3816 1022 veritate

2236 1063 2355 1118 ﬁdei
2383 1077 2544 1132 quam
2593 1059 2824 1131 professi
2868 1059 3084 1114 fuerant
3110 1074 3203 1114 eos
3244 1059 3332 1128 qui
3372 1059 3600 1113 aderant
3639 1067 3817 1112 certos

2233 1151 2472 1209 facerent
2505 1161 2904 1208 sacramentum
2941 1151 3228 1206 dederunt.
3259 1148 3365 1204 Sed
3406 1147 3607 1202 omissa
3639 1147 3708 1202 de
3740 1155 3818 1200 ta-

2234 1246 2372 1301 libus
2420 1245 2722 1310 relatione,
2754 1259 2890 1314 quos
2917 1251 3037 1313 post
3091 1241 3207 1296 lucc
3258 1239 3322 1294 ad
3375 1237 3708 1308 apostasiam
3767 1245 3818 1291 et

2231 1337 2467 1408 priorem
2514 1336 2775 1391 vomitum
2819 1334 3123 1389 audivimus
3167 1331 3410 1395 redisse,
3441 1329 3605 1385 libelli
3658 1327 3817 1397 hujus

2231 1437 2508 1494 tenorem,
2541 1427 2596 1482 in
2644 1441 2752 1496 quo
2801 1423 2924 1480 fidei
2981 1431 3182 1479 nostrae
3230 1421 3636 1484 sinceritatem,
3660 1417 3818 1488 juxta

2229 1520 2574 1590 antiquorum
2631 1517 2854 1573 Patrum
2902 1514 3313 1577 auctoritatem,
3375 1509 3561 1566 turritis
3627 1521 3817 1565 eorum

2229 1609 2490 1680 exemplis
2506 1606 2782 1672 adhibitis,
2808 1613 2861 1660 ut
2882 1604 3179 1676 potuimus,
3201 1598 3438 1657 ﬁdeliter
3455 1597 3816 1662 ostendimus,

2230 1703 2447 1758 tandem
2493 1698 2841 1763 rlaudamus,
2897 1695 3183 1751 Dominum
3224 1692 3655 1761 omnipotentem
3688 1687 3818 1741 totis

2230 1793 2544 1868 prrecordiis
2571 1789 2960 1864 gloriﬁcantes,
2992 1787 3147 1857 cujus
3175 1793 3259 1840 est
3289 1785 3488 1839 donum
3519 1788 3574 1834 et
3613 1779 3818 1851 gratia,

2231 1894 2292 1941 ut
2317 1883 2543 1940 fideliter
2570 1881 2856 1938 credamus
2895 1886 2952 1935 et
2993 1877 3130 1932 bene
3155 1889 3401 1948 agamus,
3445 1871 3538 1943 qui
3583 1869 3720 1925 vivit
3767 1877 3820 1923 ct

2231 1985 2421 2050 regnat
2475 1976 2528 2031 in
2557 1973 2826 2030 Trinitate
2871 1971 3032 2027 unica
3074 1978 3131 2026 et
3172 1968 3380 2024 unitate
3432 1962 3677 2036 perfecta
3723 1973 3820 2032 per

2231 2069 2413 2125 omnia
2441 2065 2637 2124 saecula
2664 2062 3005 2122 saeculorum.

3123 2327 3807 2355 -—_.—-—_

910 2497 1669 2592 EPITAPHIUM
1740 2501 2239 2593 AINARDI
2316 2498 2808 2591 ABBATIS
2880 2493 3476 2620 DIVENSIS,

1807 2692 2082 2754 Auctore
2122 2691 2462 2754 Domum.

612 2845 892 2922 (Ortonam.
918 2850 1136 2918 Vim...
1165 2853 1286 2908 Hist
1314 2854 1497 2910 eules.
1530 2854 1622 2911 lib.
1648 2869 1727 2923 tv,
1759 2855 1902 2928 apud
1936 2855 2241 2923 Ducncsua,
2273 2853 2526 2911 Historia
2563 2852 3052 2910 Northmannorum
3092 2848 3405 2920 Scriptores,
3428 2861 3551 2920 pag.
3583 2845 3740 2918 545.)

538 3129 642 3190 llic
661 3131 807 3204 jacet
833 3133 1104 3191 Ainardus
1137 3134 1385 3192 redoleas
1415 3145 1476 3192 ut
1504 3136 1702 3208 pistica
1729 3137 1934 3198 nardus

610 3225 885 3283 Virtutum
910 3226 1096 3282 multis
1119 3225 1344 3284 floribus
1372 3236 1426 3285 et
1455 3231 1686 3286 meritis.

497 3332 513 3340 ί
535 3314 583 3371 Δ
612 3329 720 3386 quo
743 3313 999 3371 fundatus
1025 3315 1172 3372 locus
1193 3323 1274 3372 est
1303 3317 1413 3383 hic,
1443 3318 1742 3376 aediﬁcatus

605 3403 814 3475 lugenti
843 3404 1040 3471 studio,
1080 3419 1180 3460 nec
1211 3407 1427 3463 modico
1452 3410 1650 3478 pretio.

537 3493 764 3576 Virjfuit
785 3496 874 3550 hic
902 3510 1150 3567 magnus,
1182 3498 1452 3568 probitate
1474 3502 1659 3558 suavis
1689 3512 1744 3558 ct
1773 3519 1966 3576 agnus,

606 3575 731 3643 Vita
755 3589 1104 3657 conspicuus,
1134 3590 1387 3662 dogmate
1416 3594 1739 3665 praecipuus,

535 3673 765 3734 Sobrius
789 3686 843 3734 et
873 3687 1074 3748 castus,
1108 3682 1366 3752 prudens,
1399 3685 1626 3757 simplex
1648 3696 1704 3743 et
1726 3690 2005 3756 honestus,

2149 3122 2196 3187 ε
2297 3137 2512 3194 Poilens
2536 3135 2790 3204 consilio,
2825 3135 3007 3192 clarus
3035 3135 3086 3190 in
3114 3132 3309 3190 ofﬁcio.

2222 3232 2419 3290 Mentis
2447 3232 2575 3288 huic
2601 3232 2844 3304 gravitas
2862 3240 2981 3288 erat
3007 3240 3061 3286 et
3079 3229 3352 3286 maturior
3375 3235 3533 3294 aetas,

2291 3325 2547 3396 Canaque
2573 3325 2844 3392 caesaries,
2870 3325 2964 3380 sed
2989 3323 3165 3378 tenuis
3189 3321 3376 3378 facies.

2219 3416 2389 3486 Quem
2421 3433 2598 3473 nonus
2619 3417 2863 3473 decimus
2893 3415 3106 3472 Februo
3129 3423 3412 3485 promente
3435 3411 3734 3478 Kalendas,

2290 3511 2527 3567 Abstulit
2552 3511 2742 3567 ultima
2768 3527 2908 3580 sors,
2941 3520 2996 3568 et
3023 3512 3204 3582 rapuit
3229 3511 3338 3567 cita
3368 3524 3538 3566 mors.

2219 3600 2324 3657 Pro
2349 3617 2456 3672 quo
2487 3604 2578 3673 qui
2611 3603 2810 3659 transis
2838 3602 3064 3674 supplex
3093 3617 3253 3659 orare
3290 3616 3502 3658 memor
3524 3601 3626 3667 sis,

2297 3695 2366 3752 Ut
2389 3697 2460 3753 sit
2481 3698 2532 3754 ei
2560 3697 2726 3754 saties
2755 3697 2898 3753 alma
2923 3697 3018 3754 Dei
3048 3697 3238 3753 facies.

539 3837 2230 3872 mm

1084 3992 1840 4087 EP‘ITAPHIUM
1917 3967 2458 4090 MA-BILIAZ
2532 4000 3245 4126 COMITISS/E,

1483 4184 1762 4242 ROGERII
1803 4189 1892 4243 DE
1929 4184 2524 4246 MONTEGOMERICO
2563 4187 2845 4260 UXORIS,

1809 4285 2084 4346 Auctore
2123 4286 2460 4348 Dvnauno.

1278 4444 1558 4517 (Onoemc.
1604 4447 1817 4516 Vina,
1853 4448 1989 4505 Hist.
2026 4451 2206 4506 εισι-(εδ.
2246 4451 2341 4507 lib.
2382 4467 2433 4520 v,
2470 4452 2558 4508 ubi
2592 4468 2775 4524 supra,
2806 4471 2860 4526 p.
2889 4455 3039 4525 578.)

529 4715 648 4787 Alta
675 4728 974 4785 clarentttm
998 4729 1067 4786 de
1087 4729 1257 4800 stirpe
1285 4739 1466 4786 creata
1493 4741 1778 4802 parentum

597 4818 709 4873 Hac
736 4821 935 4891 tegitur
958 4820 1140 4876 tumba
1171 4820 1408 4877 maxima
1440 4822 1683 4878 Mabilia.

528 4909 651 4964 licet:
675 4911 816 4965 inter
844 4911 1086 4968 celebres
1120 4911 1328 4970 famosa
1352 4915 1526 4984 magis
1557 4915 1814 4972 mulieres

2145 4585 2293 4603 —I‘

2135 4715 2186 4776 Ῑ)
2288 4735 2520 4805 Dapsilis
2545 4736 2597 4792 in
2635 4749 2873 4808 sumptu,
2900 4738 3043 4794 culta
3072 4737 3203 4796 satis
3231 4739 3441 4796 habitu.

2215 4831 2340 4888 Haec
2373 4842 2582 4889 scutum
2613 4836 2800 4906 patria:
2825 4835 2949 4902 fuit,
2970 4835 3096 4892 'hrec
3127 4839 3357 4894 munitio
3388 4840 3652 4906 marchae,

2281 4925 2594 4984 Vicinisuue
2621 4927 2734 4982 suis
2760 4935 2911 4982 arata
2939 4927 3027 4982 vel
3053 4929 3348 4984 horribilis.
