4006 5282
570 319 708 376 1-127

1633 321 1672 374 (Ξ
1687 319 1844 376 υιήι
1858 319 2016 374 UNDl
2056 321 2096 374 Α
2108 317 2484 374 ΙὶὶἶιίΙΕΡιΒΟ.
2525 317 2565 370 Α
2577 315 2869 371 ῊΞΒΞᾹΝΙ

2008 577 2010 580 ,
2857 551 2910 608 ί.
2946 523 2962 570 .v
3293 511 3298 514 ·

2853 595 2986 626 fu“.

3689 313 3802 370 I423

1731 917 2250 976 ARCHlEPlSCOPl
2281 916 2628 974 AVERSANi
2676 921 2694 958 ι
2715 903 2792 992 tJ

561 1110 740 1224 DE
767 1100 1460 1226 CORPORIS
1491 1102 1674 1219 ET
1708 1097 2468 1214 SANGUINIS
2495 1093 3078 1212 CHRISTI
3107 1093 3814 1215 VERITATE
3877 1194 3891 1214 .

1605 1343 1736 1448 IN
1816 1330 2694 1442 EUCIIARISTIA

1855 1561 2132 1641 LIBRI
2169 1559 2456 1640 TRES.

795 1746 1363 1812 Interlocutoribm
1398 1746 1534 1824 ipso
1568 1745 1966 1804 Gurruusoo
2013 1749 2066 1800 et
2113 1741 2428 1814 Roeento,
2471 1733 2795 1797 Benedicti
2829 1735 3112 1796 instituti
3153 1733 3616 1814 con/rutribm.

1755 1901 2030 1973 (Bibliollt.
2069 1899 2184 1954 Pal.
2219 1900 2404 1969 XVIII,
2436 1901 2588 1970 4M.)

1979 2037 2332 2052 ’Μ

1437 2209 1894 2302 INCIPIT
1997 2205 2360 2292 LIBER
2453 2203 2941 2292 PRIMUS.

1169 2489 1532 2532 CUITMUNDUS.

625 2599 708 2654 Ad
741 2609 852 2648 rem
885 2593 968 2648 his
999 2587 1331 2660 temporibus
1363 2584 1729 2640 necessariam
1761 2581 2000 2652 quidem,
2050 2577 2146 2632 sed

558 2689 769 2747 meliori
826 2700 986 2756 quam
1032 2697 1134 2754 ego
1181 2697 1298 2736 sum
1345 2678 1750 2748 injungendam,
1794 2670 2148 2727 dilectissime

561 2785 736 2836 lrater
761 2778 978 2848 Rogeri,
1006 2792 1092 2830 me
1139 2789 1318 2838 vocas,
1349 2772 1556 2826 scilicet
1583 2780 1642 2822 ut
1682 2769 1747 2823 de
1785 2768 2012 2822 veritate
2044 2764 2146 2818 Do-

559 2869 752 2924 minici
801 2867 1044 2935 corporis
1083 2873 1274 2918 contra
1303 2862 1630 2930 quaestiones
1683 2855 1844 2926 hujus
1886 2857 2146 2925 temporis

563 2965 852 3026 disserant,
895 2976 960 3014 ae
988 2957 1298 3025 Bcrengarii
1331 2952 1666 3008 Turonensis
1689 2965 1859 3020 nugas
1897 2963 1993 3018 pro
2027 2963 2146 3002 meo

569 3063 730 3125 captu
757 3052 1042 3129 scribendo
1073 3049 1338 3103 refellam.
1375 3047 1481 3100 Sed
1510 3044 1760 3114 quamvis
1785 3043 1850 3096 ad
1877 3041 2009 3095 alias
2033 3041 2148 3094 ani-

561 3165 664 3206 ma:
687 3149 950 3203 utilitates
975 3159 1060 3198 me
1081 3143 1348 3202 voluntas,
1373 3140 1479 3194 imo
1502 3137 1796 3192 necessitas
1827 3133 2144 3198 meaducat,

565 3244 677 3298 tuis
715 3251 894 3296 tamen
923 3236 1209 3294 desideriis
1239 3243 1294 3288 et
1323 3233 1593 3303 precibus,
1617 3245 1778 3300 quem
1825 3227 1956 3282 mihi
1989 3227 2148 3280 valde

568 3336 796 3392 ebarum
841 3334 1074 3394 intueor,
1128 3329 1320 3382 deesse
1364 3341 1468 3380 non
1517 3337 1768 3392 possum,
1815 3335 1936 3374 cmn
1984 3320 2148 3372 etiam

562 3427 807 3482 noverim
855 3421 1128 3478 communi
1173 3418 1459 3474 commodo
1507 3415 1816 3484 religiosam
1873 3411 2148 3466 deservire

559 3519 876 3588 petitionem
929 3525 1100 3570 tuam.
1157 3514 1236 3567 'l‘u
1289 3527 1438 3575 vero,
1495 3510 1596 3563 hoc
1641 3523 1805 3562 unum
1854 3505 2149 3560 exsolvet-is

559 3625 766 3680 quaeso,
815 3609 956 3679 quod
991 3609 1042 3662 in
1089 3608 1192 3662 hac
1237 3621 1296 3662 re
1339 3603 1615 3658 obedienti
1656 3610 1802 3656 certe
1837 3600 2000 3654 debes
2026 3639 2040 3663 ,
2092 3605 2150 3652 ut

569 3703 776 3757 orando
823 3702 1140 3771 propensius
1191 3697 1478 3754 Dominum
1525 3693 1656 3748 mihi
1703 3693 1993 3748 subvenire
2041 3707 2146 3744 non

572 3807 778 3846 cesses.
815 3790 880 3843 In
907 3808 1064 3844 mlum
1091 3791 1277 3859 quippe
1307 3789 1421 3857 ejus
1456 3801 1642 3841 smnus
1673 3795 1720 3838 et
1762 3801 1850 3838 nes
1876 3793 1921 3837 et
1951 3798 2140 3836 scrmo-
2175 3813 2219 3873 Β

563 3899 652 3937 nes
688 3884 852 3936 nostri
880 3881 1028 3953 (Scip.
1059 3885 1174 3952 vn).

803 4043 828 4068 ,
1213 4010 1492 4051 uocemus.

633 4117 867 4171 Omnino
916 4114 1056 4184 quod
1114 4112 1352 4184 postulas
1377 4107 1743 4179 aequissimum
1781 4115 1883 4168 est,
1940 4119 2038 4158 nec
2079 4108 2147 4156 de

563 4211 725 4264 tantis
748 4208 1105 4263 sacramentis
1131 4205 1232 4260 nisi
1257 4203 1642 4259 comitantibus
1659 4215 1870 4269 semper
1894 4198 2144 4266 precibus

559 4303 821 4370 disputari
858 4302 1032 4355 det-et.
1069 4297 1301 4352 Proinde
1331 4295 1622 4365 adiuvante
1661 4293 1889 4347 Domino
1921 4291 1997 4343 ita
2031 4291 2142 4341 iiet.

562 4394 642 4450 Tu
673 4409 799 4448 vero
851 4395 992 4446 hunc
1035 4391 1187 4454 ιιίῐὶιί,
1213 4391 1460 4448 obsecro.
1489 4401 1692 4442 morem
1725 4399 1872 4454 gere.
1906 4393 1983 4448 ut,
2011 4383 2146 4437 meis

559 4487 956 4556 objectionibus
1007 4483 1228 4549 auditis,
1281 4497 1616 4552 qumcunque
1657 4481 1898 4550 insuper,
1941 4495 2035 4534 seu
2079 4495 2143 4534 ex

562 4579 729 4647 ipsius
770 4575 1080 4646 Berengarii
1113 4576 1238 4629 libri
1277 4589 1370 4628 seu
1407 4589 1469 4628 ev
1505 4571 1800 4626 multorum
1841 4572 2142 4641 interroga-

561 4669 818 4733 tionibus,
859 4667 1054 4736 quibus
1104 4665 1168 4720 de
1222 4669 1322 4720 hac
1367 4681 1422 4718 re
1457 4664 1729 4719 multoties
1773 4663 2140 4734 interrogatus

559 4777 638 4820 es,
669 4778 760 4814 seu
798 4776 861 4814 ex
898 4774 1089 4824 reip-so,
1121 4757 1242 4826 jure
1288 4757 1382 4813 tibi
1415 4772 1610 4828 opponi
1649 4773 1806 4828 posse
1845 4759 2146 4830 perpende-

563 4855 654 4916 t'is,
693 4869 796 4908 non
844 4846 1154 4908 reticescas.

1177 4981 1536 5008 (TIYI'I'IIHVIIHQ,

2169 2465 2216 2521 Λ
2248 2457 2342 2512 luti
2375 2457 2604 2527 pondus,
2639 2459 2822 2513 nescio
2850 2457 3150 2527 cujusmodi
3175 2465 3462 2532 gravitatis
3491 2466 3610 2535 ejus
3654 2479 3708 2524 et
3735 2485 3828 2524 an.

2249 2551 2322 2618 tit]
2364 2567 2410 2602 ae
2439 2549 2700 2603 doctrina:
2745 2549 2965 2618 fastum,
3016 2554 3258 2610 nonnulli
3299 2559 3672 2626 attendentes,
3713 2579 3828 2617 ctu

2249 2640 2446 2694 imitari
2476 2643 2802 2694 maluerunt.

2865 2747 3232 2792 GUITMUNDUSo

2319 2820 2368 2874 ls
2393 2835 2524 2891 ergo
2549 2835 2670 2875 cum
2705 2820 2972 2890 juveniles
3005 2827 3183 2882 adhuc
3213 2828 3266 2881 in
3299 2830 3502 2887 scholis
3525 2845 3718 2904 ageret
3745 2853 3832 2888 an-

2251 2927 2350 2966 nos
2382 2911 2461 2982 (ut
2493 2912 2646 2967 aiunt
2676 2915 2770 2983 qui
2801 2931 2923 2969 eum
2951 2924 3076 2972 tunc
3098 2923 3410 2992 noverunt),
3431 2924 3608 2978 elatus
3637 2925 3832 2996 ingenii

2251 3003 2486 3068 levitate,
2532 3005 2704 3073 ipsius
2747 3007 2990 3076 magistri
3025 3023 3244 3063 sensum
3271 3027 3379 3066 non
3417 3013 3554 3068 adeo
3587 3017 3830 3082 curabat,

2250 3097 2737 3166 condiscipulorum
2764 3111 2862 3167 pro
2890 3099 3058 3154 nihilo
3080 3103 3388 3171 reputabat,
3413 3105 3588 3162 libros
3619 3109 3832 3178 insuper

2251 3188 2446 3240 artium
2473 3187 2874 3242 contemnebat.
2911 3191 3014 3245 Sed
3057 3207 3177 3246 cmn
3201 3209 3300 3265 per
3324 3211 3384 3250 se
3412 3199 3690 3269 attingere
3717 3201 3832 3271 plai-

2250 3279 2508 3350 losopltia:
2555 3281 2764 3337 altioris
2809 3295 3017 3339 secreta
3069 3303 3172 3341 non
3231 3299 3434 3359 posset,
3476 3309 3660 3362 neque
3693 3297 3832 3350 enim

2251 3371 2412 3425 homo
2439 3372 2512 3426 ita
2544 3382 2736 3428 acutus
2765 3384 2880 3428 erat
2909 3377 3022 3444 (sed
3052 3387 3105 3432 et
3145 3387 3271 3434 tunc
3293 3383 3554 3450 temporis
3585 3383 3836 3440 liberales

2251 3475 2396 3518 artes
2423 3465 2562 3518 intra
2597 3465 2799 3520 Gallias
2825 3467 3248 3540 obsoleverunt),
3291 3473 3448 3528 novis
3493 3475 3694 3530 saltem
3719 3492 3834 3531 ver-

2251 3559 2440 3612 borum
2484 3559 3024 3630 interpretationibus
3073 3563 3270 3631 quibus
3297 3567 3460 3620 etiatn
3495 3583 3646 3622 nunc
3679 3569 3836 3622 nimi-

2251 3667 2368 3706 rum
2400 3653 2618 3722 gaudet,
2665 3654 2953 3725 singularis
2981 3656 3224 3712 scientia:
3271 3659 3486 3715 laudem
3533 3662 3638 3716 sibi
3681 3679 3834 3716 arro-

2251 3761 2412 3814 gare,
2486 3756 2539 3801 et
2593 3747 2872 3816 cujusdam
2945 3751 3275 3809 excellentiae
3333 3755 3560 3826 gloriam
3623 3761 3834 3822 venari,

2249 3840 2694 3910 qualitereunque
2725 3852 2965 3912 poterat,
3013 3843 3302 3902 affectabat
3338 3865 3352 3901 :
3393 3847 3713 3921 factumque
3757 3863 3834 3906 cst

2247 3943 2304 3984 ut
2333 3936 2636 4003 pompatico
2663 3935 2897 4001 incessu,
2927 3937 3138 3992 sublimi
3172 3955 3283 4009 prae
3309 3942 3524 3996 caeteris
3553 3955 3830 4015 Suggestu,

2247 4023 2565 4094 dignitatem
2621 4028 2864 4098 magistri
2919 4031 3098 4098 potius
3147 4033 3410 4088 simulans
3459 4052 3624 4104 quam
3676 4037 3834 4092 rebus

2246 4115 2558 4182 ostendens,
2591 4121 2854 4188 profunda
2889 4137 3103 4194 quoque
3141 4124 3442 4181 inclusione
3471 4129 3616 4183 inter
3645 4132 3834 4186 cucul-

2249 4206 2386 4272 lum,
2437 4225 2500 4264 ac
2546 4211 2892 4268 simulatione
2947 4215 3120 4286 longae
3179 4219 3568 4284 meditationis,
3627 4233 3686 4276 et
3749 4225 3835 4276 vix

2251 4303 2464 4356 tandem
2506 4304 2636 4358 satis
2667 4305 2985 4361 desiderata:
3026 4309 3113 4363 diu
3157 4311 3302 4364 vocis
3353 4311 3661 4368 lentissimo
3701 4331 3832 4384 quu—

2247 4393 2368 4447 dam
2409 4395 2565 4464 quasi
2605 4396 2865 4468 plangore
2917 4399 3164 4457 incautos
3208 4403 3500 4473 decipiens,
3555 4408 3838 4463 doctorem

2248 4501 2366 4542 sese
2389 4489 2584 4542 artium
2607 4507 2745 4560 pene
2775 4494 2825 4546 in
2860 4495 2976 4548 eius
3011 4496 3377 4564 profiteretur.
3409 4499 3518 4554 Sed
3543 4513 3834 4571 postquam

2248 4599 2277 4634 a
2309 4579 2368 4632 Ι).
2401 4580 2703 4637 Lanfranco
2733 4585 2784 4636 in
2826 4585 3102 4641 dialectica
3139 4588 3205 4641 de
3235 4603 3293 4642 re
3339 4591 3476 4645 satis
3527 4607 3695 4660 parra
3729 4603 3838 4644 tur-

2249 4673 2388 4742 piter
2401 4683 2482 4726 est
2507 4674 2780 4740 confusus,
2801 4691 3030 4746 eumque
3058 4693 3152 4747 per
3174 4679 3346 4749 ipsum
3369 4679 3428 4732 Ι).
3451 4681 3826 4738 Lanl’rancum

2249 4762 2420 4816 virum
2452 4779 2606 4833 teque
2637 4764 3010 4820 doctissimum
3047 4769 3296 4823 liberales
3329 4779 3478 4824 artes
3511 4771 3651 4826 Deus
3683 4787 3836 4826 reca-

2249 4855 2475 4926 lescere,
2509 4867 2672 4927 atque
2693 4857 2894 4928 optime
2924 4861 3248 4916 reviviscere
3277 4862 3518 4930 fecisset,
3553 4866 3832 4920 desertum

2249 4966 2306 5004 se
2334 4952 2432 5004 iste
2458 4967 2488 5004 a
2516 4952 2793 5008 discipulis
2825 4953 3030 5008 dolens.
3063 4955 3130 5007 ad
3157 4957 3454 5008 eructanda
3489 4959 3838 5008 impudenter
