4006 5282
223 262 252 316 1
263 260 364 318 129

681 263 772 322 DE
796 261 1140 321 CORPORIS
1179 261 1264 316 ET
1299 257 1502 314 SANG.
1539 251 1778 311 DOMlNl
1821 247 2172 304 VERITATE
2212 247 2394 304 LIBRI
2436 245 2637 302 TRES.
2676 273 2748 286 ——
2783 241 2912 296 LlB.
2951 239 2998 294 l.

3354 233 3490 290 M50

223 372 555 438 hominibus,
581 383 635 428 ct
667 375 711 429 si
744 375 930 442 inulte,
961 376 1086 430 licet
1107 388 1320 444 semper
1344 387 1572 443 peccare
1591 369 1806 437 cupien-
1834 345 1884 400 Α
1909 363 2182 435 paululum
2208 362 2459 418 adolevit.
2494 361 2616 415 Mox
2645 371 2774 428 ergo
2801 351 3184 426 incipientibus
3207 349 3290 404 his
3313 349 3490 419 palam

225 463 386 528 tibus,
423 464 677 534 placeret,
710 469 958 536 aperuit:
995 467 1234 537 legitima
1263 465 1511 520 videlicet
1537 461 1802 532 coniugia,

223 565 490 624 quantum
543 557 596 610 in
653 559 768 626 ipso
813 567 934 612 erat
977 548 1294 622 destructis,
1349 569 1405 612 et
1460 556 1806 627 parvulorum

227 649 494 718 l‘aptisma
525 647 806 716 avertens;
841 651 912 706 ita
943 662 1001 706 ut
1043 653 1092 705 in
1138 651 1308 705 altero
1349 651 1598 721 pessimis
1633 648 1809 703 homi-

227 741 386 794 nibus
423 739 670 796 diabolus
711 758 805 812 per
845 757 906 796 os
948 743 1064 812 ejus
1109 743 1258 796 licite
1309 741 1560 797 omnibus
1593 737 1808 794 feminis

229 829 557 883 abutendum
593 844 743 894 esse;
792 829 844 885 in
888 832 1082 896 altero,
1115 839 1334 886 cassato
1373 829 1694 899 baptismate
1730 829 1811 882 in-

229 918 414 975 fantize
442 923 492 975 in
517 921 841 991 profundum
870 924 1108 977 omnium
1135 923 1421 988 maiorum,
1451 929 1637 990 utpote
1659 928 1807 990 post-

231 1005 450 1060 modum
495 1007 862 1076 baptizandis,
899 1009 1115 1076 impune
1157 1023 1316 1062 ruere
1365 1007 1635 1062 suaderet.
1673 1005 1812 1075 Lege

228 1097 510 1167 epistolam
545 1098 862 1155 Leodiensis
913 1099 1152 1170 episcopi
1197 1107 1384 1154 contra
1427 1098 1812 1170 Berengarium

231 1189 299 1242 ad
346 1189 637 1246 llenricum
688 1207 868 1261 regem
914 1191 1268 1256 Francorum,
1320 1200 1374 1246 et
1426 1191 1628 1244 eisdem
1675 1203 1812 1260 pene

231 1281 412 1336 verbis
429 1281 618 1338 eadem
651 1283 764 1351 ipsa
795 1281 868 1336 ibi
895 1283 1096 1351 scripta
1129 1283 1384 1352 reperies.
1413 1279 1523 1336 illis
1551 1295 1681 1336 sane
1703 1280 1813 1335 die-

233 1370 334 1426 bus
375 1381 431 1428 et
480 1373 620 1428 hanc
666 1389 880 1444 quoque
939 1376 1150 1446 (contra
1204 1390 1364 1443 quam
1415 1374 1524 1428 Deo
1579 1371 1812 1442 propitio

234 1463 408 1516 acturi
453 1466 678 1534 sumus)
726 1473 810 1520 est
852 1480 1017 1520 ausus
1067 1466 1474 1521 dementissime
1523 1465 1813 1534 propinare

233 1550 639 1620 blasphemiam,
677 1556 744 1610 ad
773 1555 876 1610 hoc
904 1556 1066 1610 etiam
1103 1555 1190 1610 hic
1213 1555 1428 1610 diabolo
1465 1555 1724 1618 militans,
1753 1561 1814 1607 ut

1909 455 2108 518 audiri,
2138 453 2390 509 catholici
2428 453 2529 508 viri
2561 451 2797 519 graviter
2817 445 3098 509 commoti,
3139 451 3300 512 atque
3353 441 3494 494 into-

1911 547 2208 602 lerabiliter
2273 544 2550 610 ferentes,
2603 540 2926 612 praesidente
2991 551 3086 608 per
3139 532 3492 600 semetipsum

1907 639 2238 694 bCatissima‘.
2265 637 2540 692 memoria:
2579 633 2796 688 domino
2830 643 2966 701 papa
3001 627 3200 690 Leone,
3230 620 3494 678 Vercellis

1910 731 2198 786 concilium
2237 737 2459 800 ponunt.
2495 726 2552 782 ln
2589 740 2698 796 quo
2734 723 2897 779 etiam
2927 737 3024 792 per
3058 734 3158 774 nos
3183 717 3357 786 aliqua
3385 713 3492 767 dici

1911 823 2098 893 cupis;
2125 823 2237 894 jam
2277 835 2422 876 nunc
2451 832 2572 889 quae
2605 817 2702 872 tibi
2733 811 3084 886 proponenda
3125 810 3373 864 videntur
3401 821 3494 862 cx-

1910 930 2072 986 pone.

2565 1015 2844 1060 ROGEBIUS.

1983 1115 2342 1189 Berengarius
2389 1125 2443 1172 et
2486 1115 2578 1185 qui
2635 1128 2758 1168 eum
2811 1118 3133 1179 sequuntur,
3181 1113 3495 1160 asseverant

1913 1208 2310 1265 Eucharistiam
2336 1205 2548 1262 Domini
2569 1219 2671 1259 non
2685 1217 2805 1258 esse
2819 1215 2944 1256 vere
2959 1195 3496 1262 substantialiterque

1914 1315 2108 1370 corpus
2149 1309 2202 1354 et
2261 1297 2580 1368 sanguinem
2627 1293 2874 1359 Domini,
2935 1289 3032 1347 sed
3080 1289 3194 1344 sola
3242 1301 3375 1341 voce
3417 1287 3496 1340 sic

1915 1389 2192 1462 appellari,
2243 1403 2342 1460 pro
2395 1403 2461 1443 eo
2505 1385 2650 1457 quod
2695 1393 2951 1453 tanquam
3003 1380 3190 1435 umbra
3236 1387 3290 1432 et
3327 1379 3498 1446 ﬁgura

1916 1481 2276 1554 signiticativa
2309 1480 2380 1533 sit
2421 1476 2668 1548 corporis
2705 1483 2760 1530 et
2786 1471 3067 1544 sanguinis
3111 1467 3346 1524 Domini.
3385 1465 3497 1521 Nec

1915 1573 1980 1629 de
2009 1574 2112 1628 hoc
2141 1569 2556 1634 movereradeo,
2585 1569 2654 1634 si,
2680 1566 2972 1622 carnaliter
2997 1562 3499 1634 sapientes,sccun-

235 1638 414 1744 ablata
442 1642 668 1698 veritate
706 1643 967 1700 Dominici
997 1646 1260 1716 corporis,
1293 1659 1522 1716 peccare
1545 1645 1810 1708 volentes,
1847 1685 1892 1744 Β
1919 1665 2046 1720 dum
2089 1677 2282 1719 sensus
2329 1657 2666 1722 raperentur,
2718 1657 2822 1712 nisi
2873 1656 3017 1725 quod
3072 1649 3359 1707 nonnullas
3382 1689 3395 1714 ,
3443 1659 3502 1702 ιιι

234 1732 380 1787 nulla
425 1737 750 1804 reverentia,
788 1737 966 1794 nullus
1007 1749 1190 1794 mutus
1237 1740 1594 1810 percipienda:
1645 1754 1816 1794 sacrae

233 1827 630 1884 communionis
657 1832 724 1886 ab
750 1831 930 1902 aliquo
954 1833 1158 1889 scelere
1183 1841 1481 1888 revocaret.
1509 1832 1584 1886 De
1607 1831 1819 1887 caeteris

234 1932 370 1974 sane
403 1920 790 1991 impietatibus,
822 1939 956 1995 quas
980 1927 1114 1982 satis
1141 1927 1338 1981 multas
1361 1927 1526 1996 perid
1556 1925 1817 1995 temporis

235 2013 504 2080 evomuit,
551 2031 698 2071 nunc
745 2025 793 2070 te
836 2018 1100 2072 remorari
1147 2017 1290 2072 nolo.
1338 2017 1414 2072 lla
1462 2018 1625 2088 igitur
1661 2017 1820 2085 hujus

239 2103 450 2158 initium
493 2108 662 2176 pestis
699 2110 1022 2180 accepimus.
1057 2109 1208 2166 Nunc
1263 2121 1444 2166 autem
1503 2111 1738 2182 qualiter
1765 2121 1820 2168 et

237 2211 332 2264 per
367 2213 504 2270 quos
555 2200 824 2270 tantisper
863 2211 1071 2257 retenta
1122 2203 1211 2268 sit,
1264 2203 1496 2272 qualiter
1546 2204 1710 2259 etiam
1766 2211 1821 2257 ct

237 2305 334 2359 per
359 2305 494 2359 quos
525 2302 828 2362 expugnata
861 2303 915 2348 et
949 2295 1202 2354 damnata
1237 2297 1307 2350 sit
1349 2315 1362 2350 :
1401 2304 1461 2350 ut
1500 2305 1621 2350 ortu
1660 2305 1822 2365 atque

238 2395 519 2450 processu,
548 2398 677 2438 casu
710 2399 924 2454 quoque
953 2387 1194 2457 cognito,
1222 2387 1348 2456 quid
1381 2387 1444 2441 de
1473 2386 1562 2441 illa
1595 2388 1818 2454 sentias,

239 2471 432 2525 melius
465 2473 642 2540 noris,
679 2475 783 2532 nisi
818 2475 1034 2546 longum
1067 2487 1240 2546 putes,
1275 2477 1538 2546 aperiam.

887 2579 1166 2622 ηοοειιιῠε.

308 2651 421 2707 lmo
443 2669 572 2708 vero
599 2655 906 2712 sitibundns
935 2658 1048 2713 haec
1071 2658 1306 2712 audiam.
1333 2657 1554 2714 Multum
1586 2661 1730 2714 enim
1756 2661 1823 2716 ad

237 2757 355 2800 rem
383 2746 714 2814 propositam
745 2748 996 2802 existimo
1027 2765 1106 2817 pri
1127 2749 1328 2804 futura.

853 2855 1214 2896 CUITMUNDL’S.

312 2925 446 2981 Cum
495 2928 658 2997 igitur
683 2927 992 2998 superiores
1033 2929 1414 3000 blasphemias,
1446 2930 1675 3000 primam
1701 2929 1823 3000 qui-

1920 1774 2082 1830 supra
2111 1754 2459 1820 memorasti,
2505 1749 2838 1808 ratiunculas
2863 1747 3188 1810 obtendere,
3229 1751 3281 1798 et
3313 1756 3404 1796 eas
3431 1754 3500 1794 cx

1919 1849 2244 1923 quibusdam
2275 1846 2422 1903 beati
2445 1841 2730 1914 Augustini
2759 1839 3042 1897 sententiis
3074 1835 3284 1892 munire
3311 1833 3500 1888 viden-

1923 1925 2029 1998 tur.
2057 1943 2252 2011 Aliqua
2277 1940 2440 1994 etiam
2471 1939 2638 1992 verba
2667 1932 2880 1989 Domini
2903 1930 3200 1985 Salvatoris
3221 1925 3498 1996 iactitant.

1921 2047 1986 2086 ex
2029 2029 2226 2098 quibus
2272 2025 2468 2081 inlirmi
2508 2019 2865 2078 scandalizari
2897 2017 3124 2073 forsitan
3160 2013 3388 2085 possint.
3426 2011 3506 2062 Ac

1921 2120 2156 2192 primum
2223 2117 2368 2188 ipsas
2439 2112 2815 2175 ratiunculas,
2888 2107 3082 2163 deinde
3155 2103 3506 2160 auctoritates

1922 2226 2140 2283 ponam.
2183 2208 2420 2272 Natura,
2471 2204 2740 2276 inquiunt,
2795 2203 2936 2256 hanc
2983 2197 3340 2252 mulationem
3397 2208 3506 2247 non

1923 2305 2144 2375 patitur.
2177 2303 2422 2371 Cumque
2465 2297 2688 2353 adertur
2727 2296 2806 2350 eis
2831 2292 3114 2363 scriptum,
3158 2289 3284 2359 quia
3329 2286 3508 2341 omnia

1921 2409 2240 2464 quwcunque
2289 2389 2450 2445 voluit
2508 2387 2764 2442 Dominus
2815 2383 2938 2453 fecit
2991 2378 3110 2452 (Ps.
3156 2379 3369 2446 CXLI"),
3411 2375 3508 2429 scd

1924 2487 2085 2550 hanc,
2117 2483 2390 2552 inquiunt,
2429 2479 2782 2534 mutationem
2831 2474 3026 2529 noluit.
3076 2471 3229 2526 Absit
3259 2469 3406 2522 enim
3449 2475 3510 2520 ut

1923 2577 2008 2631 fas
2037 2575 2106 2631 sit
2133 2573 2410 2629 Christum
2442 2569 2694 2626 dentibus
2729 2567 2911 2634 atteri,
2949 2571 3042 2618 aut
3069 2559 3314 2632 partibus
3353 2557 3511 2612 dissi-

1925 2671 2072 2742 pari,
2124 2669 2266 2724 sicut
2314 2669 2414 2722 ista
2471 2663 2722 2722 dentibus
2773 2667 3082 2716 atteruntur
3126 2662 3180 2710 et
3226 2653 3282 2708 in
3327 2657 3512 2722 partes

1924 2765 2276 2834 dissipantur.
2329 2760 2412 2815 Ad
2445 2759 2581 2824 haec,
2637 2757 2682 2812 si
2731 2745 2927 2825 placet,
2971 2747 3189 2805 interim
3221 2743 3510 2813 responde,

1927 2855 2268 2930 postmodum
2301 2867 2430 2908 vero
2469 2859 2664 2906 caatera
2714 2857 3034 2917 proponam,
3067 2855 3172 2911 quo
3201 2835 3512 2906 diligentius

1928 2967 2090 3024 apere
2128 2947 2439 3012 distributo,
2483 2941 2711 3013 singulis
2751 2955 2780 2994 a
2816 2953 2902 2994 me
2932 2933 3222 3006 propositis
3254 2943 3514 3024 responsa

239 3019 363 3074 dem
395 3029 614 3090 prepter
649 3019 874 3088 injurias
922 3029 1155 3076 matrum
1176 3063 1191 3088 ,
1228 3032 1656 3092 czeterorumque
1686 3021 1815 3077 effe-

1929 3019 2016 3101 lua
2073 3037 2484 3110 comparando,
2543 3032 2674 3089 mihi
2727 3031 2794 3086 ad
2843 3029 3072 3102 unguem
3134 3027 3200 3081 de
3263 3019 3516 3077 omnibus

239 3121 443 3173 ctunm,
471 3114 764 3167 secundam
797 3127 926 3168 vero
946 3122 1168 3184 propter
1188 3113 1590 3168 damnationem
1621 3129 1822 3182 parvu-

241 3202 413 3258 lorum
436 3217 679 3269 suorum,
697 3219 796 3258 nec
812 3219 971 3258 aures
991 3206 1152 3259 etiam
1175 3205 1536 3275 pessimorum
1555 3205 1826 3260 sustinere

239 3301 480 3363 possent,
515 3293 628 3363 ipse
654 3309 782 3348 vero
810 3293 863 3348 in
895 3293 1192 3363 Scripturis
1221 3295 1392 3350 sacris
1429 3295 1605 3348 locum
1639 3295 1824 3349 tuendi

241 3397 334 3436 eas
377 3383 580 3438 nullum
616 3385 832 3455 penitus
883 3385 1172 3449 inveniret,
1231 3385 1465 3439 maxime
1515 3383 1826 3455 disputante

242 3473 430 3527 contra
491 3490 586 3530 eas
630 3475 1001 3545 copiosissime
1047 3477 1208 3531 beato
1239 3474 1543 3546 Augustino
1567 3473 1699 3547 (Pro
1731 3491 1828 3528 mt-

239 3566 382 3633 ptiis,
407 3575 460 3620 et
487 3566 562 3621 De
591 3567 745 3638 Bapt.
777 3567 1160 3638 parvulorum),
1197 3568 1248 3622 in
1287 3569 1428 3623 hanc
1459 3581 1516 3622 se
1547 3566 1828 3622 defensan-

245 3663 370 3715 dam
400 3662 864 3730 totum-contulit;
901 3662 988 3716 ubi
1015 3675 1070 3717 et
1092 3663 1323 3731 quodam
1346 3661 1492 3716 velut
1520 3661 1828 3715 testimonio

243 3769 500 3810 sensuum
557 3755 657 3809 niti
691 3755 974 3810 videbatur
1007 3773 1020 3809 :
1050 3770 1150 3808 nec
1203 3763 1310 3808 tam
1357 3752 1728 3823 copiosissime
1761 3751 1830 3806 ab

243 3845 430 3915 aliquo
481 3846 950 3900 sanctissimnrum
999 3844 1218 3898 Patrum
1282 3843 1501 3913 (quippe
1555 3858 1658 3896 non
1697 3841 1831 3895 indi-

245 3947 406 4008 gente
431 3937 562 3992 adeo
591 3938 925 4008 temporibus
955 3937 1173 3993 illorum
1200 3935 1464 4002 Ecclesia,
1491 3951 1615 3990 cum
1650 3943 1830 3989 tamen

245 4029 376 4101 quid
405 4028 528 4083 inde
554 4037 799 4084 tenerent
833 4031 1117 4100 perspicue
1161 4039 1215 4084 et
1255 4029 1584 4084 lucidissime
1615 4029 1830 4099 sapien-

247 4116 443 4170 tissimi
513 4131 698 4170 eorum
765 4116 916 4170 multi
987 4115 1358 4185 scripserunt)
1431 4124 1622 4170 contra
1693 4117 1834 4170 hanc

247 4203 580 4274 disputatum
617 4203 903 4258 sentiebat.
943 4203 1240 4272 Aucupatis
1276 4217 1407 4272 ergo
1447 4201 1716 4255 nonnullis
1745 4215 1832 4255 ve-

247 4292 328 4347 lut
377 4290 694 4346 ratiunculis
741 4291 940 4362 (neque
984 4291 1128 4344 enim
1183 4289 1290 4344 ulla
1327 4303 1563 4358 unquam
1613 4288 1836 4342 haeresis

1929 3135 2221 3207 intelligam
2251 3131 2610 3194 satisfactum.

2532 3254 2894 3296 GUITMUNDL'S.

1999 3360 2262 3427 Quoniam
2275 3357 2492 3428 quidem
2521 3339 2771 3425 superius
2803 3349 3086 3423 postulasti
3118 3356 3176 3402 ut
3198 3349 3303 3403 tuis
3333 3344 3512 3413 inqui~

1929 3453 2236 3514 sitionibus,
2292 3449 2337 3505 si
2380 3464 2484 3520 qua
2521 3447 2652 3502 Inibi
2683 3446 2996 3501 viderentur
3035 3438 3298 3502 addenda,
3325 3451 3514 3505 super-

1931 3545 2208 3606 adderem,
2238 3555 2503 3610 cognosce
2545 3539 2780 3610 primum
2821 3536 2946 3606 quia
2973 3547 3078 3588 non
3110 3546 3302 3588 omnes
3329 3529 3416 3598 qui
3449 3527 3518 3581 de

1933 3637 2052 3692 istis
2085 3634 2442 3691 sacramentis
2466 3639 2676 3698 errant,
2712 3645 2816 3684 una
2858 3627 3112 3684 incedunt
3155 3624 3242 3679 via
3287 3621 3513 3678 erroris.

1933 3729 2072 3784 Nam
2104 3725 2486 3797 Berengariani
2509 3737 2698 3780 omnes
2723 3721 2940 3792 quidem
2971 3721 3022 3774 in
3057 3719 3161 3774 hoc
3190 3714 3520 3772 conveniunt

1933 3821 2060 3892 quia
2087 3819 2246 3889 panis
2275 3827 2328 3872 et
2349 3817 2534 3872 vinum
2562 3814 2926 3872 essentialiter
2952 3827 3059 3868 non
3085 3818 3385 3872 mutantur,
3423 3805 3522 3862 sed

1937 3921 1998 3967 ut
2025 3920 2356 3979 extorquere
2385 3924 2418 3964 a
2459 3907 2784 3978 quibusdam
2835 3904 3004 3974 potui,
3037 3900 3268 3956 multum
3315 3898 3370 3953 in
3419 3895 3522 3950 hoc

1933 4003 2188 4059 dilierunt
2216 4043 2231 4067 ,
2292 4002 2434 4072 quod
2499 4000 2590 4054 alii
2633 3998 2768 4054 nihil
2813 3996 3036 4054 omnino
3063 3994 3158 4049 .de
3199 4003 3424 4060 corpore
3467 3996 3525 4043 et

1937 4095 2200 4167 sanguine
2229 4094 2442 4150 Domini
2489 4083 2846 4149 sacramentis
2899 4088 3019 4142 istis
3051 4087 3250 4148 inesse,
3282 4083 3374 4137 sed
3409 4091 3526 4134 tau-

1939 4189 2214 4244 tummodo
2257 4189 2476 4242 umbras
2527 4185 2642 4239 haec
2687 4191 2741 4236 et
2789 4183 2989 4251 ﬁguras
3023 4192 3142 4232 esse
3183 4177 3386 4230 dicunt.
3417 4171 3524 4224 Atii

1935 4297 2089 4346 vero,
2123 4281 2289 4336 rectis
2312 4278 2571 4334 Ecclesia:
2599 4275 2896 4330 rationibus
2919 4271 3192 4335 cedentes,
3215 4281 3314 4321 nec
3341 4270 3524 4318 tamen

248 4387 368 4442 sine
433 4386 612 4456 aliqua
677 4383 1148 4440 verisimilitudine
1209 4383 1436 4436 rationis
1501 4381 1822 4436 invalescere

1937 4387 1968 4424 a
1985 4369 2216 4424 stultitia
2237 4369 2575 4430 recedentes,
2591 4375 2649 4420 ut
2672 4362 2829 4434 quasi
2855 4361 3035 4429 aliquo
3057 4357 3216 4413 modo
3239 4353 3524 4410 nobiscum

249 4478 472 4548 potuit),
508 4477 765 4532 adhibitis
810 4491 1022 4547 quoque
1073 4476 1261 4548 paucis
1295 4475 1434 4529 male
1471 4473 1762 4528 intellectis
1803 4489 1832 4526 a

249 4583 310 4624 se
343 4567 592 4636 capitulis
623 4567 914 4636 Scriptura:
943 4583 1128 4629 sacrm,
1163 4581 1282 4635 qua:
1317 4565 1502 4619 multis
1525 4567 1835 4620 errantibus

250 4660 478 4730 laqueus
508 4670 588 4714 est
623 4649 832 4724 mortis,
883 4673 982 4730 per
1027 4673 1228 4728 egenos
1285 4657 1672 4722 scholasticos,
1724 4657 1834 4726 jam

253 4765 352 4820 per
396 4749 706 4804 alimoniam
759 4765 866 4821 qua
920 4748 1256 4802 sustentabat
1293 4761 1408 4810 eos,
1458 4755 1512 4800 et
1559 4761 1658 4815 per
1709 4761 1838 4801 suos

256 4845 440 4900 dulces
483 4857 760 4898 sermones
809 4851 1112 4911 corruptos,
1162 4855 1594 4910 quaquaversum
1643 4843 1835 4910 potuit,

255 4939 504 4996 clanculo
559 4939 716 5008 hujus
783 4940 913 4995 tanti
973 4938 1101 4993 mali
1165 4937 1614 4992 nel‘andissimum
1689 4937 1839 4990 virus

262 5031 334 5052 ηει-
385 5031 437 5052 ιε.
505 5030 560 5052 σε
609 5045 620 5052 .

875 5046 920 5052 ...
958 5039 1212 5052 ..μην----ἢκ
1257 5028 1432 5052 .-ιτα-..Α
1478 5029 1634 5052 ---Αλο-

1937 4476 2060 4517 esse
2104 4462 2424 4526 videantur,
2475 4459 2663 4514 dicunt
2722 4455 2794 4508 ibi
2854 4467 3050 4522 corpus
3099 4457 3154 4504 et
3203 4446 3526 4516 sanguinem

1941 4555 2154 4610 Domini
2203 4569 2410 4618 revera,
2453 4552 2548 4608 sed
2578 4549 2809 4604 latenter
2852 4543 3142 4607 contineri,
3189 4549 3243 4596 et
3275 4547 3336 4593 ut
3383 4538 3526 4592 sumi

1939 4652 2150 4725 possint
2193 4645 2612 4718 quodammodo,
2659 4649 2716 4696 ut
2743 4639 2817 4694 ita
2849 4636 3104 4700 dixerim,
3139 4629 3426 4702 impanari.
3460 4629 3529 4684 Et

1942 4723 2083 4802 hanc
2115 4743 2286 4813 ipsius
2323 4737 2634 4809 Berengarii
2673 4731 3010 4790 subtiliorem
3035 4740 3158 4783 esse
3197 4723 3530 4778 sententiam

1945 4842 2116 4897 aiunt.
2160 4836 2262 4890 Alii
2297 4847 2432 4887 vero
2459 4847 2564 4886 non
2611 4828 2828 4899 quidem
2859 4822 2976 4892 jam
3003 4815 3407 4888 Berengariani,
3441 4815 3536 4871 sed

1945 4932 2212 4990 acerrime
2238 4925 2574 4994 Berengario
2597 4923 2984 4990 repugnantes,
3007 4909 3338 4982 argumentis
3355 4917 3540 4964 tamen

1947 5026 2058 5052 ιε..⁸
2118 5029 2164 5052 ..ι
2198 5016 2525 5052 manusuam
2559 5012 2736 5052 ιτιιι-ιιῑς
2779 5009 3000 5052 nomint
3044 5003 3314 5052 nnniisuer
3348 5001 3545 5052 offensi
