4006 5282
519 219 656 276 “51

1609 221 1821 279 GUITM
1836 223 1996 282 UNDI
2025 220 2454 280 ARCillEPlSC.
2477 217 2821 276 AVERSANI

3627 215 3764 274 M753

517 330 740 390 ’Domini
773 340 830 389 et
875 332 1210 404 sanguinem,
1253 333 1448 388 iterum
1481 333 1533 389 in
1565 351 1760 406 panem
1808 347 1864 392 et
1911 339 2096 394 vinum
2127 341 2172 395 Α
2201 335 2476 390 tummodo
2503 351 2570 388 an
2603 333 2742 388 Deus
2771 333 2910 387 hanc
2945 331 3296 388 mutationem
3333 331 3482 398 velit,
3521 333 3768 400 requira-

525 423 744 477 rcvcrti.
779 423 1020 489 Quorum
1051 424 1288 478 omnium
1321 425 1622 492 erroribus,
1653 428 1794 482 sicut
1839 429 2096 486 Dominus

527 516 756 580 dederit,
784 515 1004 572 obviare
1039 517 1382 572 tentabimus.

597 606 750 662 Nunc
776 611 1004 677 primum
1043 606 1458 679 Berengarianis
1487 610 1730 682 utrisque
1771 611 2096 682 respondea-

525 715 664 755 mus.
697 701 784 754 Isti
814 701 1036 766 ctenim,
1068 699 1192 756 licet
1217 702 1360 758 inter
1397 721 1458 760 se
1485 707 1682 761 diversi
1721 709 1852 772 sint,
1903 721 2092 763 contra

528 807 626 846 nos
671 802 847 846 tamen
877 809 1036 848 unant
1071 796 1270 852 habent
1301 812 1434 865 pene
1464 801 1810 864 sententiam,
1855 811 1908 856 et
1939 815 2097 870 argu-

529 881 724 934 mentis
752 883 997 936 nituntur
1024 885 1246 939 eisdem.
1277 887 1502 958 Utrique
1529 891 1673 943 enim
1711 890 1845 944 nihil
1875 891 1941 944 de
1961 905 2098 960 pane

525 981 576 1027 et
627 975 751 1027 vino
801 976 995 1029 mutari
1044 977 1408 1034 essentialiter
1441 992 1711 1045 asserunt.
1751 981 1900 1037 Nunc
1940 999 2098 1053 argu-

525 1073 702 1120 menta
733 1081 918 1120 eorum
947 1068 1240 1130 vidcat‘nns,
1273 1087 1335 1126 ac
1379 1073 1607 1141 primum
1639 1075 1764 1144 quid
1789 1075 1854 1128 de
1905 1086 2096 1130 natura

523 1166 768 1210 asseram
799 1158 1169 1216 discutiamus.
1199 1162 1332 1216 Nam
1367 1179 1488 1218 cum
1528 1165 1740 1228 dicunt,
1769 1165 1884 1240 Non
1925 1175 2100 1236 potest

519 1241 665 1296 hanc
689 1243 1036 1296 mutationem
1061 1255 1248 1299 natura
1273 1250 1402 1316 pati,
1431 1258 1522 1302 aut
1547 1251 1790 1304 absolute
1817 1261 1870 1306 et
1896 1253 2100 1320 absque

531 1330 635 1382 ulla
679 1333 993 1401 exceptione
1043 1335 1219 1388 dicere
1273 1337 1374 1390 lzoc
1427 1338 1626 1390 habent
1677 1347 1733 1392 ut
1780 1339 2100 1396 nullatcmus

519 1417 752 1504 'seilicet,
784 1439 880 1478 nec
909 1424 1118 1480 volente
1147 1427 1256 1481 Deo
1293 1428 1394 1482 hoc
1433 1429 1624 1496 possit,
1650 1438 1742 1482 aut
1770 1446 1891 1484 cum
1919 1431 2099 1502 aliqua

527 1515 857 1584 exceptione.
890 1517 960 1570 At
993 1517 1034 1570 si
1069 1517 1312 1572 absolute
1335 1529 1388 1573 et
1413 1521 1616 1588 absque
1645 1519 1749 1574 ulla
1783 1525 2103 1590 exceptione

524 1606 730 1674 dicunt,
781 1608 1010 1676 primum
1057 1610 1272 1678 quidem
1309 1611 1604 1665 voluntatis
1649 1612 1739 1666 Dei
1785 1611 2098 1667 manifestos

2199 443 2336 481 mus.
2385 425 2512 490 Sed,
2541 425 2702 488 absit,
2755 424 3022 494 inquiunt,
3078 433 3138 478 ut
3191 439 3426 494 unquam
3473 424 3580 478 hoc
3629 425 3771 478 Deus

2196 517 2504 574 velithon
2539 519 2682 572 enim
2729 517 2808 571 fas
2856 526 2938 571 est
2981 517 3254 572 Christum
3304 517 3560 570 dentibus
3589 519 3768 570 atteri.

2197 609 2309 677 Ego
2355 624 2480 664 vero
2529 609 2582 662 in
2631 609 2820 678 primis
2864 624 3048 678 quatro
3079 607 3204 678 quid
3251 609 3434 662 dicant
3459 608 3772 676 signiﬁcare

2203 704 2382 758 atteri.
2417 701 2471 756 Si
2499 703 2640 756 enim
2665 701 2964 770 intelligunt
2991 701 3162 764 atteri,
3193 700 3333 754 velut
3361 701 3602 770 pressius
3625 700 3770 768 tangi

2199 804 2292 848 aut
2313 793 2506 850 fortius
2535 794 2724 862 premi,
2749 808 2932 862 quazro
2955 809 3121 862 quare
3148 809 3254 846 non
3283 794 3352 848 sit
3385 792 3466 846 fas
3493 793 3764 846 Christum

2198 881 2448 938 dentibus
2485 882 2687 936 atteri?
2717 881 2849 936 Nam
2884 883 2927 936 si
2959 884 3158 936 idcirco
3189 883 3290 938 hoc
3331 885 3504 952 ipsum
3553 897 3662 936 non
3687 892 3770 936 est

2200 972 2300 1038 fas,
2333 976 2460 1044 quia
2491 991 2594 1029 non
2626 974 2794 1044 possit
2825 974 2962 1038 tieri,
2993 977 3180 1030 eadem
3235 976 3372 1031 ratio
3397 985 3482 1029 est
3515 991 3678 1044 quam
3705 974 3772 1028 de

2201 1072 2391 1118 natura
2421 1065 2625 1128 dicunt,
2671 1064 2872 1118 scilicet
2912 1065 3034 1132 quia
3075 1075 3262 1118 natura
3305 1081 3406 1119 non
3435 1073 3612 1134 potest
3637 1065 3770 1133 pati.

2201 1155 2267 1208 Et
2302 1155 2524 1210 nimium
2555 1171 2692 1211 vana
2725 1157 2884 1210 ratio.
2931 1155 3083 1210 Nulla
3115 1157 3310 1228 quippe
3351 1173 3526 1212 rerum
3575 1157 3776 1227 impos-

2203 1245 2434 1300 sibilitas
2481 1253 2658 1315 potest
2708 1246 2966 1314 impedire
3019 1245 3346 1301 voluntatem
3397 1247 3510 1302 Dei.
3571 1245 3775 1302 Deinde

2203 1351 2368 1404 quare
2421 1353 2526 1392 non
2573 1338 2737 1408 possit
2793 1337 3044 1392 dentibus
3114 1338 3327 1406 premi,
3377 1338 3468 1406 qui
3525 1339 3776 1390 manibus

2203 1428 2422 1484 Thomae
2447 1439 2502 1490 et
2534 1439 2652 1500 post
2691 1429 3140 1485 resurrectionem
3169 1431 3344 1498 potuit
3369 1429 3684 1483 attrectari?
3715 1427 3778 1481 Et

2203 1529 2404 1576 sanctae
2461 1521 2736 1586 mulieres,
2787 1520 2980 1590 quibus
3009 1521 3247 1576 occurrit
3275 1532 3396 1590 post
3427 1520 3779 1576 resurrectio—

2204 1629 2350 1676 nem,
2381 1613 2640 1684 scriptum
2667 1621 2746 1668 est
2775 1611 2898 1682 quia
2932 1621 3216 1666 tenuerunt
3248 1613 3410 1682 pedes
3453 1611 3592 1678 ejus.
3623 1611 3778 1664 Nulla

523 1699 864 1755 adversarios
891 1716 948 1756 se
974 1717 1090 1756 esse
1115 1703 1416 1767 declarant,
1441 1704 1565 1758 dum
1597 1706 1644 1758 ei
1673 1704 1874 1773 aliquid
1895 1705 2094 1774 impos-
2129 1681 2174 1740 Β
2205 1718 2438 1773 namque
2485 1703 2622 1758 ratio
2649 1711 2732 1756 est
2773 1711 2831 1755 ut
2871 1717 2975 1756 non
3005 1703 3174 1772 possit
3221 1713 3440 1774 tangere
3475 1702 3609 1756 dens
3637 1701 3780 1770 quod

523 1791 679 1846 sibile
693 1807 812 1848 esse
837 1795 1176 1848 conﬁrmant.
1203 1795 1306 1864 ipsi
1330 1796 1558 1866 denique
1573 1797 1777 1866 seipsos
1791 1797 2094 1862 destruunt,

525 1884 736 1952 quoties
768 1884 938 1950 illum,
975 1901 1136 1954 quem
1166 1887 1370 1952 dixisti,
1403 1888 1594 1958 psalmi
1633 1888 1956 1944 versiculum
2009 1903 2100 1942 ett-

529 1983 708 2029 nunt:
752 1975 940 2030 Omnia
988 1993 1307 2048 qua'cunque
1345 1979 1600 2032 Dominus
1629 1978 1788 2034 voluit
1817 1979 1934 2048 fecit
1978 1977 2094 2046 (1’s.

527 2067 770 2136 cxxxrv).
812 2065 942 2121 Nam
971 2067 1016 2122 si
1044 2083 1254 2122 versum
1285 2069 1427 2123 hunc
1451 2085 1554 2123 non
1590 2069 1874 2140 recipiunt,
1899 2069 2099 2123 frustra

527 2171 654 2211 eum
717 2166 952 2223 canunt;
1005 2173 1104 2214 nec
1159 2157 1272 2226 jam
1333 2160 1613 2214 Dominum
1675 2160 2098 2228 omnipotentem

528 2251 776 2314 credunt,
801 2250 884 2304 cui
909 2250 1104 2306 volenti
1133 2263 1378 2306 naturam
1405 2253 1641 2320 aliquam
1663 2253 1917 2306 resistere
1941 2269 2098 2322 posse

525 2345 874 2398 contendunt.
928 2345 984 2397 Si
1032 2353 1210 2398 autem
1261 2345 1680 2414 omnipotentem
1713 2359 1818 2398 non
1850 2345 2093 2408 credunt,

525 2447 626 2487 nec
671 2431 842 2486 Deum
887 2433 1134 2488 credunt.
1167 2433 1280 2488 Non
1335 2436 1480 2490 enim
1533 2449 1657 2488 vcre
1715 2435 1856 2488 Deus
1888 2443 1970 2488 est
2006 2434 2098 2503 qui

530 2525 672 2595 quod
703 2525 816 2580 vnit
846 2541 949 2580 non
980 2535 1174 2594 potest.
1205 2527 1310 2582 Sed
1345 2525 1512 2580 Deum
1544 2527 1674 2596 ipsi,
1713 2535 1770 2580 ut
1799 2535 1948 2596 puto,
1977 2539 2096 2579 cre-

531 2616 660 2672 dere
703 2629 761 2671 se
799 2633 902 2672 non
935 2627 1152 2688 negant.
1189 2617 1472 2688 Recipiunt
1515 2620 1699 2689 igitur,
1753 2620 1876 2689 quia
1925 2618 2100 2672 omnia

513 2723 850 2782 quernaque
882 2709 1040 2762 coluit
1073 2709 1323 2763 Dominus
1352 2711 1493 2779 fecit.
1537 2709 1707 2764 Simul
1751 2725 1879 2779 ergo
1911 2723 2099 2762 neces-

517 2798 674 2868 ;sario
699 2799 959 2869 recipiant
994 2801 1250 2870 quoniam
1297 2802 1433 2856 hanc
1463 2801 1814 2856 mutationem
1847 2809 1904 2854 ut
1932 2799 2101 2870 possit

531 2899 726 2942 natura
757 2891 885 2959 pati,
937 2891 980 2944 si
1011 2889 1198 2956 voluit,
1239 2891 1498 2946 Dominus
1543 2891 1688 2946 fecit.
1724 2890 1778 2945 Si
1807 2891 1946 2943 enim
1989 2891 2100 2958 ipsa

530 2979 769 3034 omnium
829 2995 1006 3034 rerum
1065 2990 1257 3034 natura
1310 2996 1430 3035 cum
1480 2981 1699 3034 omnino
1750 2979 1880 3033 nihil
1935 2989 2077 3033 esset

508 3071 743 3125 ‘-.volente
777 3070 886 3124 Deo
927 3071 1126 3126 factum
1157 3080 1240 3127 est
1273 3081 1329 3126 ut
1363 3081 1536 3138 esset,
1579 3083 1634 3127 et
1681 3072 1734 3126 in
1797 3079 1872 3125 tot
1921 3085 2100 3126 rerum

517 3163 710 3216 :varias
761 3161 973 3232 species
1013 3163 1358 3228 formaretur,
1391 3164 1659 3232 quomodo
1706 3163 1862 3234 panis
1899 3173 1952 3217 et
1995 3165 2101 3219 vini

517 3261 724 3307 natura
755 3251 867 3320 jam
911 3253 1150 3309 existens
1191 3253 1390 3309 volenti
1435 3253 1542 3308 Deo
1571 3255 1811 3318 resistet,
1843 3262 1898 3307 ut
1925 3253 2007 3308 vel
2049 3255 2100 3308 in

515 3359 693 3402 annum
725 3345 868 3400 aliud
901 3361 1004 3402 non
1039 3347 1435 3402 transferatur?
1487 3347 1802 3404 Perridieuii
1835 3349 2098 3414 homines,

515 3439 644 3510 Equi,
676 3438 802 3493 dum
829 3453 886 3494 se
929 3438 1256 3494 defensitare
1311 3449 1558 3494 naturam
1611 3440 1945 3503 existimant,
1993 3441 2099 3494 vim

514 3540 736 3586 natura:
766 3545 826 3586 se
857 3533 1034 3602 potius
1065 3532 1311 3600 ignorare
1341 3532 1712 3585 demonstrant
1737 3532 1747 3584 ε
1777 3530 1934 3594 Nam,
1963 3527 2102 3586 sicut

531 3632 584 3676 tu
614 3623 728 3690 ipse
761 3623 992 3688 testaris,
1026 3623 1120 3692 qui
1172 3637 1268 3693 per
1323 3631 1492 3678 artem
1545 3622 1821 3676 medicina:
1860 3621 2099 3676 ciborum

529 3722 752 3766 naturas
781 3721 834 3765 et
865 3711 1140 3766 hominum
1193 3711 1364 3776 nosti,
1417 3713 1656 3781 quotidie
1703 3720 1895 3765 natura
1947 3711 2102 3780 panis

531 3818 690 3870 queui
731 3803 1084 3868 comedimus,
1114 3812 1170 3856 et
1193 3803 1302 3856 vini
1327 3804 1469 3871 quod
1497 3803 1752 3864 bibimus,
1783 3803 2104 3857 naturaliter

533 3893 588 3946 in
621 3901 858 3946 nostram
891 3907 1108 3946 carnem
1137 3903 1190 3946 et
1219 3901 1460 3947 nostrum
1488 3893 1799 3962 sanguinem
1835 3901 2103 3946 transmu-

533 3989 697 4035 tatur.
746 3981 897 4048 Quod
931 3983 979 4036 si
1029 3990 1236 4036 tantum
1273 3991 1447 4050 potest
1493 3993 1682 4038 venter
1729 3983 1959 4037 hominis
2006 3997 2101 4038 seu

536 4071 700 4126 etiam
730 4070 1094 4142 cujuscunque
1138 4073 1506 4138 animalis,ut
1551 4089 1742 4142 panem
1792 4082 1846 4128 et
1893 4073 2100 4138 vinum,

513 4162 617 4216 .vel
661 4177 1010 4232 quoscunque
1053 4163 1204 4218 cibos
1255 4164 1398 4218 intra
1448 4179 1505 4218 se
1547 4163 1796 4228 clausos,
1843 4163 1894 4217 in
1927 4163 2099 4217 vivam

528 4269 746 4307 carnem
793 4261 848 4308 et
878 4254 1054 4306 vivum
1093 4255 1406 4325 sanguinem
1436 4253 1672 4324 quotidie
1703 4263 1894 4316 mutet,
1926 4267 2101 4307 nonne

2083 3021 2098 3044 ’
2131 3023 2170 3080 C

2201 1795 2372 1864 tangit
2403 1808 2624 1858 manus;
2655 1808 2778 1846 nam
2812 1793 2949 1848 sicut
2977 1793 3042 1846 ad
3076 1809 3286 1856 manus,
3331 1795 3402 1846 ita
3423 1802 3478 1846 et
3507 1795 3576 1846 ad
3603 1801 3772 1846 totum

2200 1899 2394 1952 corpus
2421 1885 2650 1952 pertinet
2671 1891 2865 1937 tactus.
2881 1882 3060 1948 Quare
3081 1883 3339 1951 quidquid
3369 1884 3542 1954 tangit
3568 1899 3774 1946 atauus,

2201 1981 2379 2042 potest
2410 1981 2464 2027 et
2507 1981 2616 2026 toto
2645 1983 2870 2040 corpore
2899 1971 3042 2039 tangi
3075 1985 3089 2024 :
3119 1981 3294 2040 potest
3325 1973 3492 2042 igitur
3515 1979 3568 2026 et
3595 1972 3772 2026 denti-

2201 2063 2303 2118 bus
2325 2063 2490 2132 tangi.
2527 2060 2695 2114 Porro
2727 2059 2870 2129 quod
2915 2067 3086 2128 potest
3122 2059 3206 2113 vel
3237 2059 3430 2114 leviter
3458 2059 3628 2128 tangi,
3656 2073 3772 2112 cum

2201 2152 2426 2206 solidum
2459 2165 2653 2219 corpus
2679 2148 2770 2211 sit,
2805 2163 2900 2202 cur
2931 2162 3036 2202 non
3067 2147 3238 2216 possit
3264 2147 3428 2201 etiam
3455 2145 3773 2201 fortiuscule

2204 2243 2371 2312 tangi,
2421 2241 2563 2310 quod
2604 2249 2684 2295 est
2731 2239 2925 2292 atteri?
2951 2238 3004 2292 Si
3035 2254 3164 2308 ergo
3194 2253 3392 2306 corpus
3423 2237 3636 2291 Domini
3661 2246 3776 2307 post

2203 2332 2656 2388 resurrectionem
2691 2329 2937 2384 manibus
2964 2328 3182 2382 Thomaz
3224 2329 3448 2398 apostoli
3477 2339 3534 2382 et
3559 2337 3773 2384 sancta-

2201 2440 2320 2478 rum
2347 2423 2625 2476 mulierum
2659 2420 2830 2490 potuit
2861 2419 3029 2490 tangi,
3069 2436 3166 2474 cur
3193 2421 3351 2474 hodie
3388 2437 3416 2473 a
3443 2422 3772 2476 credentium

2201 2516 2452 2571 dentibus
2499 2530 2602 2568 non
2633 2513 2802 2581 possit
2840 2512 2920 2564 vel
2955 2511 3122 2565 levius
3151 2512 3234 2566 vel
3263 2515 3502 2580 pressius
3529 2515 3697 2584 tangi,
3723 2515 3774 2568 id

2201 2619 2284 2662 est
2317 2608 2500 2670 atteri,
2543 2605 2680 2660 nulla
2714 2605 2928 2660 obstare
2959 2605 3096 2658 ratio
3126 2605 3358 2664 videtur.
3392 2605 3564 2660 Porro
3593 2617 3770 2662 autem

2203 2702 2247 2756 si
2281 2701 2484 2755 idcirco
2525 2699 2710 2752 dicunt
2754 2712 2862 2751 non
2909 2711 3030 2750 esse
3075 2695 3156 2750 fas
3207 2695 3479 2752 Christum
3527 2698 3774 2754 dentibus

2203 2789 2384 2857 atteri,
2421 2807 2524 2844 non
2553 2790 2677 2859 quia
2719 2787 3052 2858 impossibile
3093 2796 3200 2852 est,
3248 2789 3342 2844 sed
3375 2804 3440 2842 eo
3469 2791 3613 2859 quod
3645 2790 3776 2844 indi-

2206 2907 2366 2965 gnum
2381 2891 2650 2954 videatur;
2677 2889 3069 2957 quatrniterum
3093 2901 3260 2957 quare
3283 2886 3562 2954 indignum
3587 2881 3776 2935 debeat

2208 2985 2410 3040 videri?
2437 2983 2520 3038 An
2540 2983 2662 3052 quia
2689 2982 2914 3036 nimium
2934 2980 3182 3036 Christus
3203 2976 3474 3034 humiliari
3497 2975 3776 3028 videatur?

2206 3073 2312 3128 Sed
2363 3071 2452 3140 qui
2510 3071 2825 3141 dedignatus
2869 3085 2974 3124 non
3019 3078 3102 3125 est
3129 3068 3199 3122 ob
3241 3066 3468 3121 salutem
3519 3063 3776 3126 ﬁdelium,

2205 3167 2371 3234 virgis
2407 3163 2724 3226 inﬁdelium,
2753 3177 2953 3216 corona
2999 3161 3212 3230 spinea,
3243 3173 3428 3220 cruce,
3451 3155 3640 3220 clivis,
3670 3153 3778 3206 lan-

2205 3269 2322 3320 cea,
2374 3253 2535 3308 nimis
2583 3251 3039 3322 irreligiosissime
3068 3257 3328 3320 quantum
3377 3249 3432 3301 in
3478 3246 3612 3315 ipsis
3641 3252 3779 3307 erat,

2203 3343 2384 3406 atteri,
2409 3342 2548 3396 sicut
2573 3342 2828 3410 scriptmn
2856 3350 2964 3405 est,
2995 3341 3220 3394 Atlritus
3245 3349 3318 3392 est
3347 3347 3562 3408 propter
3585 3335 3777 3390 scelera

2205 3443 2382 3488 nostra
2413 3433 2544 3502 (lsa.
2573 3432 2708 3502 Lm),
2764 3433 2810 3486 is
2855 3447 2950 3500 pro
2981 3431 3151 3485 salute
3179 3429 3490 3485 eorumdem
3541 3426 3776 3480 fidelium

2205 3528 2450 3582 dentibus
2479 3525 2711 3594 ipsorum
2737 3525 3056 3595 dedignatur
3084 3521 3508 3594 religiosissime,
3535 3520 3588 3573 in
3613 3531 3826 3608 quan;1

2207 3629 2316 3674 ttnn
2347 3619 2524 3672 valent
2551 3617 2747 3672 atteri?
2795 3616 2850 3671 Si
2879 3617 3024 3671 enim
3073 3616 3123 3670 id
3174 3615 3320 3686 quod
3357 3621 3478 3668 erat
3509 3610 3778 3679 indignius
3817 3609 3824 3676 [

2203 3728 2300 3782 pro
2337 3710 2492 3765 nobis
2519 3709 2761 3778 pertulit,
2795 3709 3065 3778 quomodo
3111 3707 3251 3778 quod
3285 3707 3462 3760 minus
3501 3703 3774 3772 indignum

2204 3811 2288 3858 est
2331 3802 2706 3872 dedignabitur
2743 3801 2890 3870 pati?
2945 3801 3176 3854 Maxime
3213 3815 3334 3854 cum
3373 3797 3516 3852 sicut
3545 3793 3780 3864 oportuit

2206 3896 2489 3952 Dominum
2538 3895 2720 3950 Jesum
2768 3895 3074 3960 Christum,
3123 3895 3175 3948 in
3219 3893 3362 3964 ligno
3395 3891 3672 3960 suspendi,
3717 3897 3774 3942 ut

2203 4003 2351 4043 mors
2379 4001 2496 4056 quae
2537 4001 2633 4056 per
2685 3987 2884 4057 lignum
2917 3995 3156 4051 venerat,
3203 4000 3296 4052 per
3343 3984 3549 4054 lignum
3601 3981 3776 4036 cruris

2201 4077 2530 4142 vinceretur,
2553 4077 2622 4130 ita
2651 4083 2899 4144 oporteat
2930 4087 3112 4130 revera
3137 4075 3406 4128 Christum
3437 4071 3773 4132 manducari.

2202 4179 2282 4236 nt,
2321 4171 2444 4238 quia
2488 4179 2696 4224 veteres
2739 4170 2983 4224 homines
3019 4183 3120 4224 non
3148 4169 3392 4222 umbram
3423 4165 3653 4228 fructus,
3683 4164 3772 4218 sed

2203 4262 2376 4328 ipsum
2409 4258 2642 4312 fructum
2683 4259 2810 4327 ligni
2839 4259 2987 4312 vetiti
3021 4273 3146 4312 vere
3181 4255 3512 4310 comedenda
3545 4263 3770 4308 mortem

529 4350 886 4414 tantumdem,
917 4350 960 4402 si
989 4349 1124 4414 vult,
1157 4350 1354 4419 poterit
1381 4351 1682 4420 praxsentia:
1709 4365 1820 4406 sua:
1847 4347 2098 4415 majesta-
2127 4366 2175 4426 ι)
2201 4357 2571 4418 susceperunt,
2609 4347 2728 4400 novi
2763 4347 3002 4400 homines
3029 4360 3134 4400 non
3165 4346 3432 4408 umbram,
3464 4343 3558 4396 sed
3604 4343 3771 4411 ipsum

528 4449 620 4502 tis,
651 4449 704 4494 et
729 4441 924 4494 virtute
951 4440 1098 4494 verbi
1131 4443 1211 4494 sui
1237 4442 1394 4506 Deus,
1433 4451 1488 4494 ut
1523 4442 1769 4497 videlicet
1795 4442 1846 4496 in
1877 4457 2096 4497 carnem

527 4541 582 4584 et
619 4531 934 4599 sanguinem
963 4547 1116 4584 suum
1165 4547 1356 4600 panem
1411 4533 1704 4602 vinumque
1755 4533 2093 4588 tt‘anl'ormet.

527 4621 675 4687 Quod
707 4622 748 4675 si
779 4620 862 4674 vcl
899 4629 1102 4676 tantum
1129 4621 1311 4675 volunt
1334 4622 1628 4676 Christiani
1656 4623 1951 4678 concedere
1985 4624 2104 4678 Deo

529 4721 788 4782 quantum
823 4713 1088 4767 concessit
1119 4727 1444 4782 paganorum
1487 4729 1710 4783 rrtaguus
1745 4713 2098 4784 philosophus

533 4805 723 4869 Plato,
785 4805 876 4874 qui
944 4819 1122 4860 rerum
1197 4813 1444 4858 naturam
1497 4805 1630 4858 dixit
1681 4819 1802 4860 esse
1847 4807 1898 4858 id
1954 4806 2096 4874 quod

527 4895 640 4948 vult
695 4895 872 4958 Deus,
948 4896 1074 4963 quid
1125 4910 1358 4963 unquam
1413 4896 1519 4948 erit
1587 4895 1872 4951 absurdius
1935 4913 2096 4966 quam

523 4988 576 5020 ἶ.1
605 4987 744 5020 ιιι-ΑΙ
773 4987 880 5020 "ull
911 4986 1044 5020 “nunc
1073 4987 1178 5020 non
1201 4986 1397 5020 ιιι-,Διιιῖ
1430 4987 1734 5020 nnnlnninn?
1761 4986 2098 5020 nunnrnnlan

2201 4441 2291 4508 qui
2333 4441 2384 4493 in
2416 4439 2561 4509 ligno
2591 4437 2842 4508 pependit
2878 4437 3218 4500 obedientim,
3247 4435 3297 4489 id
3321 4444 3404 4490 est
3426 4434 3632 4496 crucis,
3651 4447 3776 4486 vere

2201 4531 2532 4585 comedendo
2563 4539 2788 4582 mortem
2819 4528 3048 4581 evadant
3071 4535 3126 4580 et
3155 4527 3320 4579 vitam
3349 4533 3586 4579 sumant.
3621 4519 3792 4596 Quod)

2199 4623 2514 4692 mysterium
2543 4621 2709 4674 lsaias
2742 4621 3087 4688 prophetasse
3115 4617 3344 4680 videtur,
3377 4617 3466 4669 ubi
3499 4615 3578 4668 ait
3609 4631 3624 4668 :
3661 4612 3768 4666 Fa-

2200 4717 2296 4768 ciet
2337 4713 2591 4766 Dominus
2622 4713 2944 4766 exercitu-nm
2975 4709 3212 4764 omnibus
3257 4710 3468 4778 populis
3505 4709 3560 4760 in
3601 4715 3776 4760 monte

2199 4806 2295 4858 hoc
2337 4803 2624 4857 centuriam
2671 4803 2960 4871 pinguium,
3013 4801 3298 4854 convivium
3344 4800 3622 4852 cindemim
3661 4799 3776 4865 pin-

2199 4895 2375 4964 guium
2407 4893 2826 4954 medullatorum,
2861 4893 3128 4946 vindemia?
3155 4892 3422 4959 deﬂet-atat
3445 4889 3764 4956 ultimm-ipi-

2201 4987 2325 5020 ηιΙιίΙ
2357 4987 2408 5020 o'n
2441 4994 2610 5020 nonnln
2638 4986 2736 5020 ὅυη
2771 4984 2950 5020 furia»)
2990 4983 3180 5020 uiaret];
3217 4981 3449 5020 rnllinnl;
3481 4997 3635 5020 υηιοι·
3663 4995 3770 5020 nus-
