4006 5282
271 107 300 165 l
320 109 413 166 Πιἓῖ

740 107 832 164 DE
859 107 1200 166 CORPOR!S
1233 109 1322 166 ET
1354 110 1555 168 SANG.
1595 113 1833 172 DOMINI
1875 114 2220 170 VERITATE
2259 111 2435 169 LIBRl
2469 109 2668 166 TRES.
2703 139 2772 150 —-
2807 107 2935 164 LIB.
2976 107 3016 163 l.

3380 105 3515 162 H31

276 225 541 300 plenitudo
587 223 870 278 diuinitatis
900 224 1272 294 corporaliter?
1303 224 1436 288 (Col.
1467 230 1578 298 ιιι.)
1605 228 1744 295 Quid
1790 230 1845 284 in
1875 234 1921 292 Α
1956 231 2136 296 modo,
2175 243 2303 284 caro
2331 227 2447 297 ejus
2474 225 2641 296 possit
2685 240 2781 296 per
2824 232 3006 294 partes
3042 221 3209 276 divisa
3243 219 3514 289 distribui;

275 316 544 372 vindemia
571 314 852 379 defaecata,
890 315 994 369 nisi
1026 315 1341 384 sanguinem
1377 328 1643 384 sanctum,
1673 319 1761 388 qui
1790 320 1844 374 in

276 408 458 479 specie
493 406 602 460 vini
645 405 865 468 bibitur,
893 405 1100 475 signal?
1126 405 1191 460 Et
1214 406 1341 475 quid
1379 409 1532 463 nobis
1556 423 1654 478 per
1701 409 1845 463 istud

277 498 583 555 convivium
617 495 739 550 lict?
773 495 1143 564 Pra'cipitabit,
1172 497 1364 564 inquit,
1393 509 1606 552 mortem
1629 499 1682 553 in
1707 513 1846 552 sem-

275 588 554 658 piternum.
607 584 675 638 At
724 583 957 638 fortasse
1013 584 1273 639 immundi
1323 594 1448 639 sunt
1488 587 1694 640 dentes.
1741 585 1849 640 Sed

278 675 565 745 Apostolus
594 675 672 730 ait
705 693 719 729 :
757 673 945 729 Omnia
977 677 1172 729 munda
1197 677 1404 730 mundis
1431 676 1558 748 (Tit.
1593 677 1653 748 ι).
1682 676 1850 748 Igitur

281 780 455 834 neque
505 763 658 829 deus,
705 779 878 834 neque
909 764 1052 818 aliud
1082 765 1378 834 quidquam
1405 767 1737 822 immundum
1767 775 1851 823 est

277 857 512 912 Christo.
538 856 695 910 Certe
723 856 1051 910 sordidiores
1065 856 1312 911 videntur
1334 873 1522 913 manus
1545 873 1666 915 esse
1685 875 1849 930 quam

278 949 487 1004 dentes.
541 947 787 1000 Manibus
824 949 1020 1017 quippe
1065 948 1262 1002 multas
1315 951 1502 1004 sordes
1557 952 1847 1023 tangimus,

279 1052 416 1106 quas
446 1037 731 1090 admovere
756 1037 1006 1091 dentibus
1041 1038 1344 1092 horremus.
1374 1040 1474 1106 Qui
1500 1054 1628 1110 ergo
1655 1055 1712 1096 se
1740 1041 1852 1112 pal-

279 1129 515 1198 pandum
563 1137 618 1182 et
662 1138 783 1196 post
829 1131 1282 1186 resurrectionent
1339 1133 1589 1188 manibus
1631 1134 1850 1199 obtulit,

277 1223 469 1278 dentes
496 1234 712 1294 propter
737 1225 1130 1280 immunditiam
1155 1242 1262 1280 non
1289 1227 1500 1282 vitabit.
1524 1227 1595 1282 At
1621 1227 1852 1285 fortasse

277 1325 525 1370 metuunt
550 1315 635 1369 isti
659 1315 992 1370 Salvatorem
1015 1315 1207 1371 laedere
1221 1317 1472 1373 dentibus
1491 1319 1849 1385 attrectando,

275 1421 439 1477 quem
493 1406 688 1461 lzedcre
737 1421 842 1459 non
875 1415 1124 1460 metuunt
1165 1409 1471 1476 procaciter
1521 1409 1848 1463 mentiendo.

277 1499 352 1554 ΟΞ
391 1499 634 1552 destruat
663 1498 802 1552 Deus
830 1497 894 1552 ad
919 1497 1142 1553 salutem
1167 1498 1414 1553 inimicos
1443 1497 1774 1562 defensores,
1803 1499 1847 1552 si

275 1587 382 1642 hoc
415 1587 557 1641 scire
588 1585 864 1651 nesciunt,
905 1586 1034 1656 quia
1083 1601 1212 1641 caro
1256 1587 1468 1642 Domini
1501 1588 1852 1658 resurgentis,

274 1676 420 1745 quod
460 1684 665 1729 natura:
693 1683 830 1738 erat,
872 1676 1110 1740 retinuit,
1151 1676 1295 1746 quod
1338 1676 1690 1745 infirmitatis,
1717 1681 1854 1732 amio

274 1769 365 1820 sit.
404 1765 572 1836 Tangi
623 1781 856 1835 namque
893 1767 1138 1823 naturale
1178 1777 1262 1822 est
1307 1768 1477 1834 carni,
1509 1768 1627 1825 laedi
1673 1780 1852 1826 autem

275 1855 615 1918 infirmitatis
643 1865 743 1911 est.
778 1856 850 1910 lta
879 1871 1008 1928 ergo
1035 1867 1210 1928 potest
1238 1858 1487 1914 Christus
1527 1861 1691 1915 etiam
1717 1863 1851 1916 den-

275 1948 421 2001 tibus
477 1948 653 2017 tangi,
692 1958 749 2002 ut
792 1963 1114 2020 quacunque
1161 1966 1413 2020 pressura
1469 1952 1707 2007 dentium
1744 1951 1854 2020 iam

274 2053 381 2092 non
433 2039 612 2092 valeat
650 2038 795 2094 laedi.
853 2039 1031 2106 Quare
1061 2043 1316 2111 quoniam
1361 2057 1462 2097 nec
1492 2042 1596 2096 ulla
1642 2042 1857 2098 obsistit

274 2127 722 2196 impossibilitas,
772 2144 870 2184 nec
913 2128 1114 2186 Christi
1161 2131 1419 2187 abhorret
1460 2132 1736 2188 humilitas
1786 2132 1855 2203 (si

277 2217 500 2286 quidem
535 2218 588 2272 id
627 2218 785 2273 nobis
811 2233 1028 2288 quoque
1058 2219 1132 2273 ita
1159 2221 1375 2290 expedit
1403 2222 1469 2276 ad
1495 2223 1702 2287 vitam),
1732 2237 1856 2278 cum

278 2323 457 2377 neque
483 2325 579 2379 per
608 2311 711 2364 hoc
737 2310 838 2363 ulla
861 2311 1197 2366 immunditia
1235 2312 1524 2378 Salvatori,
1552 2314 1636 2368 vel
1663 2313 1855 2368 laesura

279 2401 518 2455 timenda
565 2400 654 2465 sit,
699 2401 951 2471 nullaque
980 2411 1232 2456 occurrat
1260 2403 1363 2458 alia
1398 2405 1540 2460 ratio
1576 2420 1676 2459 cur
1703 2403 1857 2460 nefas

275 2489 638 2546 sitChristum
666 2491 916 2546 dentibus
944 2492 1124 2548 atteri.
1156 2492 1214 2548 Si
1243 2495 1400 2549 atteri
1425 2495 1685 2565 accipitur
1703 2493 1859 2564 quasi

278 2582 523 2652 pressius
568 2583 736 2652 tangi,
771 2583 906 2637 nihil
951 2599 1173 2654 prorsus
1207 2595 1396 2641 contra
1421 2601 1518 2641 nos
1551 2586 1692 2640 valet
1718 2585 1859 2655 quod

277 2675 574 2729 vanissime
594 2676 871 2745 jactitant,
900 2677 1143 2732 dicentes
1172 2696 1185 2733 :
1217 2677 1331 2733 Non
1357 2687 1442 2734 est
1475 2678 1557 2734 fas
1585 2677 1858 2734 Christum

279 2766 536 2822 dentibus
585 2767 762 2822 atteri.
820 2767 988 2824 Porro
1029 2769 1074 2823 si
1133 2769 1295 2824 atteri
1353 2769 1659 2841 intelligunt
1705 2766 1860 2839 quasi

278 2862 578 2917 comminui
609 2862 692 2917 vel
723 2861 893 2933 frangi
935 2881 948 2918 :
983 2871 1110 2920 tunc
1135 2863 1249 2934 jam
1278 2879 1385 2920 non
1433 2864 1576 2929 dure,
1617 2861 1711 2918 sed
1755 2877 1859 2917 una

1947 331 2074 378 tunc
2099 338 2196 378 nos
2226 322 2326 376 ista
2349 335 2521 391 neque
2544 318 2792 374 dentibus
2815 316 3001 379 minui,
3026 329 3198 384 neque
3221 329 3315 384 per
3340 325 3521 383 partes

1945 411 2127 481 aliqua
2156 411 2314 466 modo
2343 410 2614 466 credimus
2639 406 2910 477 dissipari.
2931 405 2999 459 Et
3028 413 3151 459 tunc
3177 405 3330 458 nobis
3363 403 3521 460 intel-

1945 503 2217 575 ligendum
2240 513 2322 558 est
2350 503 2452 558 hoc
2482 501 2622 571 quod
2652 499 2848 554 dicitur
2879 517 2891 554 :
2921 498 3047 569 Ejus
3092 513 3220 554 caro
3260 498 3312 552 in
3339 498 3520 567 populi

1947 594 2178 650 salutem
2214 596 2461 664 partitur,
2515 592 2715 646 dictum
2759 605 2880 645 esse
2927 605 3033 644 non
3081 590 3204 658 quia
3237 588 3520 658 partiendo

1947 684 2264 751 minuatur,
2332 683 2426 738 sed
2489 690 2709 752 prepter
2761 679 3168 735 similitudinem
3219 676 3518 740 fractionis,

1949 776 2088 830 sicut
2112 773 2377 830 immolari
2408 773 2648 844 quotidie
2672 771 2870 826 dicitur
2892 787 2907 825 :
2941 769 3193 824 Christus
3211 779 3428 839 propter
3451 769 3521 824 si-

1950 864 2306 920 militudinem
2337 863 2627 934 passionis.
2657 861 2811 917 Licet
2834 861 2978 917 enim
3009 860 3123 915 haec
3147 859 3323 931 magni
3357 874 3522 916 causa

1950 952 2194 1026 mysterii
2245 952 2500 1008 sacerdos
2547 949 2700 1022 quasi
2736 950 2973 1005 dividere
3004 948 3285 1014 videatur,
3319 963 3416 1003 nos
3447 957 3527 1003 ta-

1952 1059 2075 1098 men
2135 1041 2422 1097 Dominum
2479 1051 2533 1096 et
2582 1040 2916 1096 Salvatorem
2975 1049 3252 1104 nostrum,
3309 1041 3528 1110 quando

1953 1149 2150 1204 corpus
2179 1135 2296 1205 ejus
2322 1132 2627 1189 venerabile
2658 1131 2904 1188 ﬁdelibus
2941 1131 3302 1198 distribuitur,
3333 1147 3439 1186 non
3469 1145 3530 1187 se

1952 1242 2050 1297 per
2077 1225 2314 1297 singulos
2346 1225 2672 1281 dividentem
2701 1265 2715 1290 ,
2770 1223 2862 1280 sed
2917 1223 3334 1292 participatione
3361 1223 3440 1277 sui
3472 1221 3528 1276 in

1954 1318 2198 1374 diversos
2259 1317 2481 1372 credere
2533 1316 2792 1371 debemus
2841 1315 3166 1370 venientem.
3233 1313 3530 1368 Possumus

1875 1405 1916 1471 ,η’
1955 1425 2167 1481 quoque
2192 1410 2372 1464 dicere
2398 1407 2728 1462 tantumdem
2754 1421 2873 1461 esse
2911 1406 2961 1459 in
2985 1421 3086 1458 una
3110 1405 3266 1475 quasi
3292 1405 3532 1474 portiun-

1954 1503 2096 1568 cula,
2126 1511 2388 1573 quantum
2417 1509 2534 1555 erat
2567 1499 2620 1553 in
2675 1498 2848 1552 hostia
2893 1505 3020 1551 tota.
3057 1497 3208 1552 Sicut
3238 1498 3301 1551 de
3331 1510 3530 1551 manna

1885 1588 2172 1664 Blegitur,
2205 1590 2328 1660 quia
2375 1603 2476 1668 nec
2529 1587 2618 1656 qui
2667 1586 2786 1657 plus
2831 1585 3139 1654 collegerat,
3190 1585 3378 1640 habuit
3407 1599 3526 1638 am-

1955 1685 2118 1757 plius,
2148 1699 2246 1738 nec
2271 1683 2360 1754 qui
2392 1683 2568 1737 minus
2590 1681 2881 1750 collegerat
2909 1681 3099 1734 habuit
3123 1680 3298 1734 minus
3331 1677 3529 1751 (Exod.

1959 1774 2096 1845 xw).
2129 1774 2201 1829 lta
2227 1788 2355 1844 ergo
2389 1781 2497 1826 tota
2529 1771 2702 1826 hostia
2731 1780 2814 1825 est
2855 1785 3051 1840 corpus
3081 1768 3303 1832 Christi,
3345 1778 3403 1822 nt
3445 1768 3528 1822 ui—

1955 1866 2245 1921 hilominus
2295 1877 2632 1933 unaqumque
2686 1861 2946 1933 particula
2990 1867 3235 1930 separata
3265 1860 3336 1914 sit
3363 1867 3533 1913 totum

1957 1969 2154 2026 corpus
2180 1953 2399 2010 Christi.
2428 1952 2537 2006 Nec
2565 1962 2742 2007 tamen
2787 1961 2896 2006 tres
2943 1950 3218 2022 particula:
3248 1959 3533 2019 scparatze,

1958 2057 2084 2107 sunt
2111 2047 2211 2102 tria
2238 2059 2489 2115 corpora,
2514 2043 2608 2098 sed
2640 2057 2804 2096 unum
2834 2056 3049 2111 corpus.
3075 2040 3183 2096 Nec
3217 2041 3343 2110 ipsae
3367 2039 3533 2093 etiam

1956 2135 2236 2211 particulae
2269 2151 2297 2188 a
2326 2148 2383 2189 se
2405 2142 2658 2203 tanquam
2703 2131 2886 2201 plures
2915 2128 3188 2194 differunt,
3219 2128 3343 2197 quia
3391 2127 3535 2196 quod

1959 2227 2198 2298 corporis
2228 2225 2393 2280 totius
2420 2239 2523 2278 una
2554 2231 2657 2288 est,
2699 2223 2803 2277 hoc
2838 2229 2892 2275 et
2922 2232 3129 2275 caetera:
3175 2229 3318 2275 sunt.
3349 2219 3535 2289 Itaque

1953 2321 2065 2392 jam
2115 2333 2218 2374 nec
2264 2317 2446 2388 plures
2495 2313 2774 2386 particulae
2822 2312 3062 2368 dicenda:
3099 2319 3246 2375 sunt,
3302 2311 3396 2366 sed
3426 2324 3535 2365 una

1958 2410 2135 2482 potius
2162 2407 2336 2462 hostia
2368 2405 2578 2476 integra
2609 2414 2664 2458 et
2691 2403 2942 2466 indivisa,
2990 2399 3112 2458 licet
3142 2399 3321 2456 ollicio
3351 2413 3536 2455 sacer-

1959 2499 2100 2554 dotis
2145 2497 2393 2551 videatur
2437 2493 2595 2565 quasi
2650 2492 2835 2556 dividi,
2889 2500 3109 2562 pr0pter
3151 2506 3424 2562 magnum,
3475 2497 3540 2546 ut

1961 2589 2098 2654 dixi,
2125 2588 2462 2658 mysterium,
2497 2583 2637 2654 quod
2676 2583 2752 2638 ita
2781 2581 3019 2653 oportuit
3059 2580 3342 2636 celebrari.
3371 2580 3537 2636 Simi-

1960 2681 2086 2737 liter
2105 2690 2160 2736 et
2186 2680 2230 2735 si
2261 2679 2540 2742 dentibus,
2567 2675 2650 2731 vel
2676 2676 2856 2744 aliqua
2885 2673 2990 2729 alio
3022 2673 3176 2728 modo
3207 2673 3321 2728 hzec
3359 2671 3534 2742 frangi

1963 2772 2234 2835 videntur,
2263 2767 2612 2837 intelligimus
2663 2780 2767 2818 non
2800 2764 2916 2819 base
2966 2762 3176 2832 frangi;
3227 2761 3351 2831 quia
3403 2759 3540 2814 nihil

1964 2862 2106 2917 aliud
2128 2861 2182 2915 in
2212 2868 2342 2925 toto,
2396 2873 2558 2930 quam
2590 2857 2642 2911 in
2673 2854 2912 2926 qualibet
2961 2851 3109 2907 velut
3156 2849 3424 2923 particula
3453 2863 3541 2905 se-

279 2952 395 3008 sata
425 2952 562 3006 ratio
587 2961 692 3017 est,
718 2926 870 3021 quod
896 2953 1084 3008 dicunt
1121 2926 1371 3010 dentibus
1394 2926 1579 3018 atteri,
1609 2961 1665 3007 et
1694 2949 1860 3020 parti-
1889 2926 1930 2983 ο
1964 2963 2154 3026 parata
2177 2926 2450 3008 credimus
2476 2948 2766 3006 contineri.
2795 2945 2874 3002 Ne
2896 2955 3073 3000 autem
3097 2958 3182 2999 me
3207 2943 3327 3013 quis
3354 2941 3543 2997 existi-

281 3043 384 3099 bus
423 3043 703 3114 dissipari,
742 3045 845 3100 nisi
874 3045 997 3114 quia
1041 3045 1162 3116 plus
1205 3056 1284 3100 est
1314 3044 1555 3114 partibus
1590 3041 1860 3112 dissipari,

283 3149 450 3203 quam
483 3132 735 3188 dentibits
765 3133 960 3200 alteri;
995 3143 1051 3189 et
1093 3133 1167 3188 ita
1194 3132 1594 3202 intelligendum
1634 3139 1716 3186 est
1745 3140 1864 3186 tan-

279 3237 446 3289 quam
477 3221 521 3274 si
554 3222 799 3277 dicerent
833 3240 846 3252 ο
885 3221 1000 3276 Non
1033 3231 1118 3277 est
1160 3221 1241 3274 fas
1271 3219 1546 3275 Christum
1591 3219 1645 3274 in
1683 3226 1866 3290 partes

277 3311 572 3382 dissipari,
618 3313 701 3367 vel
761 3313 1012 3368 dentibus
1060 3313 1364 3378 atterendo,
1414 3313 1468 3366 id
1505 3320 1589 3366 est
1643 3311 1868 3365 commi-

280 3404 526 3467 nuendo,
552 3403 638 3457 vel
670 3403 779 3458 ullo
803 3403 908 3457 alio
937 3403 1162 3458 modow

351 3495 472 3550 Hoc
509 3495 758 3564 equidem
805 3504 860 3549 et
913 3510 1012 3549 nos
1069 3494 1426 3549 confitemur:
1485 3491 1708 3558 scilicet,
1740 3491 1865 3560 quia

279 3603 388 3641 non
419 3595 507 3640 est
535 3585 616 3640 fas
641 3584 887 3640 Chistum
911 3584 1014 3638 ulla
1043 3584 1257 3653 quidem
1288 3582 1562 3647 violentia,
1595 3581 1707 3636 sive
1739 3581 1868 3635 den-

281 3680 448 3743 tibus,
483 3678 595 3734 sive
618 3678 724 3733 alio
750 3679 909 3733 modo
931 3694 1027 3748 per
1050 3685 1230 3749 partes
1251 3676 1521 3746 dissipari.
1549 3674 1605 3728 Si
1634 3690 1762 3728 vero
1791 3674 1866 3728 illi

277 3771 367 3826 cui
401 3771 581 3825 omnia
606 3771 873 3840 possibilia
919 3780 1041 3825 sunt
1089 3768 1300 3842 (Matth.
1338 3775 1472 3839 xu),
1521 3768 1784 3824 altissima
1813 3774 1869 3822 et

278 3861 626 3918 inscrutabili
678 3862 888 3916 consilii
932 3863 1013 3916 sui
1073 3861 1284 3915 ratione
1327 3861 1526 3932 placet,
1575 3868 1634 3914 ιιι
1673 3874 1868 3930 corpus

275 3970 444 4012 suum
477 3971 571 4025 per
599 3965 780 4024 partes
821 3955 936 4026 ipse
978 3954 1222 4009 dividere
1251 3955 1443 4025 possit,
1474 3955 1548 4009 ita
1577 3954 1862 4021 duntaxat,

283 4059 342 4102 nt
359 4047 482 4116 jam
515 4047 653 4101 ultra
687 4063 793 4100 non
840 4047 1124 4110 moriatur,
1175 4062 1350 4114 neque
1401 4047 1643 4110 laedatur,
1692 4060 1868 4114 neque

280 4137 454 4191 ullam
505 4137 908 4208 corruptionem
960 4136 1201 4205 patiatur
1234 4136 1460 4206 (nullam
1513 4136 1657 4190 enim
1709 4137 1870 4192 mise-

278 4231 429 4285 riam
458 4229 690 4300 amplius
716 4229 1026 4300 sustinebit)
1052 4230 1173 4299 quis
1195 4229 1528 4298 impossibile
1552 4229 1654 4284 hoc
1674 4229 1870 4284 audeat

278 4321 602 4377 aestimare?
625 4321 777 4387 Quod
805 4321 967 4391 igitur
994 4319 1231 4374 inferunt
1251 4319 1378 4389 quia
1403 4319 1501 4373 ista
1528 4329 1870 4374 sacramenta

281 4412 546 4466 dentibus
568 4421 899 4476 atteruntur,
961 4421 1015 4466 et
1070 4411 1124 4465 in
1174 4419 1356 4481 partes
1417 4409 1773 4480 dissipantur;
1826 4409 1872 4464 si

281 4510 638 4565 atteruntur,
694 4512 898 4572 ponant
959 4501 1176 4572 quidem
1233 4500 1387 4570 quasi
1452 4500 1868 4565 diminuuntur;

283 4593 724 4662 respondemus:
757 4592 1020 4658 Quoniam
1062 4593 1106 4646 si
1156 4593 1230 4656 ei,
1259 4592 1345 4644 cui
1397 4590 1529 4645 nihil
1559 4591 1874 4661 impossibile

284 4695 375 4741 est
405 4682 540 4754 (Luc
571 4684 633 4752 ι),
662 4691 715 4737 et
748 4683 839 4752 qui
869 4681 936 4738 de
967 4683 1222 4737 umnihus
1252 4681 1418 4735 rebus
1461 4681 1720 4750 quidquid
1762 4680 1876 4734 vult

283 4773 472 4830 facere
503 4783 699 4842 potest,
729 4773 866 4827 sicut
892 4772 1092 4826 dictum
1117 4784 1216 4835 est,
1242 4769 1418 4841 placet
1442 4779 1500 4825 ut
1525 4785 1629 4826 non
1658 4771 1874 4842 quidem

288 4879 389 4935 per
423 4872 666 4916 nostram
696 4862 1016 4927 violentiam,
1086 4867 1181 4921 sed
1233 4877 1329 4932 per
1385 4877 1540 4916 suam
1577 4863 1632 4917 in
1684 4872 1876 4920 nostro

290 4954 601 5009 ministerio
656 4953 997 5016 voluntatem,
1055 4969 1262 5030 corpus
1314 4967 1472 5007 suum
1526 4955 1644 5010 sine
1702 4964 1878 5012 morte

290 5045 374 5097 vel
414 5042 656 5105 Iresione,
685 5043 764 5096 vel
814 5043 985 5110 aliquo
1026 5047 1114 5100 sui
1180 5043 1529 5100 incommodo
1557 5045 1610 5098 in
1644 5045 1763 5100 istis
1785 5059 1874 5100 sa-

291 5132 596 5188 cramentis
631 5131 906 5195 dividatur,
931 5138 978 5184 et
1003 5144 1107 5198 per
1129 5141 1328 5212 partes
1377 5123 1737 5189 distribuatur
1767 5152 1780 5187 :
1829 5136 1876 5190 si

286 5238 336 5282 et
360 5244 460 5282 nos
496 5227 570 5280 ita
603 5227 882 5282 credimus.
933 5240 1090 5282 nemo
1145 5240 1322 5282 super
1351 5225 1452 5279 hoc
1485 5226 1874 5282 inconveniens

1962 3053 2074 3098 met
2101 3044 2240 3109 hanc
2265 3040 2586 3096 sententiam
2619 3052 2682 3092 es
2711 3050 2833 3089 meo
2872 3049 3034 3090 sensu
3074 3038 3539 3089 commentatum:

1963 3133 2335 3202 prmfationem
2387 3131 2569 3192 istam,
2628 3142 2749 3196 qua:
2799 3141 2896 3196 per
2946 3133 3114 3179 totum
3154 3136 3290 3193 pene
3344 3121 3539 3176 orbem

1963 3223 2236 3288 Latinum,
2275 3223 2419 3276 inter
2447 3218 2800 3291 Epiphaniam
2853 3225 2908 3272 et
2964 3214 3446 3284 Septuagesimam,
3486 3211 3542 3266 in

1964 3317 2195 3386 quadam
2228 3314 2315 3368 die
2365 3311 2641 3366 Dominica
2691 3309 2938 3372 habetur,
2988 3307 3075 3360 hic
3125 3305 3378 3375 supposui
3424 3303 3544 3358 haec

1965 3405 2327 3460 continentem
2361 3417 2375 3455 :
2410 3399 2631 3454 xEterne
2667 3399 2806 3453 Deus
2829 3410 2848 3449 :
2891 3407 2936 3451 et
2983 3397 3076 3449 tibi
3120 3395 3254 3448 hanc
3308 3392 3546 3448 immola-

1967 3497 2122 3552 tionis
2154 3495 2378 3548 hostiam
2405 3493 2612 3561 offerre,
2633 3507 2751 3561 qute
2779 3499 2856 3543 cst
2881 3486 3175 3555 salutifera,
3203 3497 3251 3540 et
3281 3483 3545 3555 ine/fabile

1965 3587 2154 3640 dicitur
2194 3585 2378 3654 gratia:
2419 3590 2848 3636 sacramentum:
2901 3593 3018 3648 qua:
3069 3576 3289 3646 o/I‘ertur
3316 3593 3347 3629 a
3375 3574 3540 3644 pluri-

1966 3679 2084 3742 mis,
2112 3687 2157 3730 et
2182 3690 2342 3728 unum
2373 3689 2560 3742 corpus
2591 3669 2804 3735 Christi,
2829 3667 2998 3722 sancti
3025 3665 3254 3736 Spiritus
3279 3664 3541 3735 inlusione

1965 3769 2251 3842 perﬁcitur.
2281 3767 2486 3837 Singuli
2510 3764 2768 3834 accipiunt
2797 3762 3063 3816 Christum
3087 3758 3391 3823 Dominum,
3421 3767 3468 3810 et
3491 3756 3549 3809 in

1968 3861 2184 3933 singulis
2208 3858 2529 3930 portionibus
2561 3865 2698 3909 totus
2753 3864 2858 3916 est;
2908 3868 2999 3906 nec
3032 3866 3124 3919 per
3169 3847 3404 3918 singulos
3444 3846 3546 3899 mi-

1970 3957 2170 4018 nuitur,
2195 3951 2285 4006 sed
2315 3951 2572 4020 integrum
2601 3964 2654 4000 se
2677 3945 2866 4016 prazbet
2906 3945 2958 3997 in
2989 3939 3228 4009 singulis.
3259 3939 3548 4008 Propterea

1973 4048 2072 4117 ipsi
2102 4045 2193 4114 qui
2224 4044 2487 4098 sumimus
2513 4037 2947 4094 communionem
2998 4032 3157 4099 hujus
3187 4030 3360 4085 sancti
3397 4027 3550 4098 palus

1971 4147 2026 4192 et
2054 4135 2262 4194 ealicis.
2299 4147 2464 4186 unum
2507 4128 2707 4184 Christi
2751 4140 2946 4194 corpus
2971 4122 3252 4178 efﬁcimur.
3287 4119 3550 4175 Eusebius

1899 4260 1947 4319 ο
1974 4229 2288 4283 Emissenus
2319 4226 2391 4278 ita
2420 4221 2551 4276 dicit
2575 4237 2587 4272 :
2620 4219 2786 4275 Vetus
2809 4226 2995 4272 narrat
3023 4215 3280 4270 historia:
3317 4212 3426 4266 Nec
3454 4211 3545 4280 qui

1971 4320 2088 4386 plus
2114 4315 2413 4384 collegerat,
2438 4311 2616 4365 habuit
2641 4309 2886 4378 amplius,
2923 4323 3014 4362 nec
3061 4311 3150 4376 qui
3191 4305 3359 4358 minus
3387 4318 3548 4372 para-

1973 4418 2134 4474 uerat,
2159 4405 2343 4472 reperit
2373 4403 2546 4456 minus
2587 4397 2782 4470 (Exod.
2814 4397 2922 4466 va)
2949 4412 2963 4450 ε
3015 4410 3080 4448 eo
3106 4393 3247 4464 quod
3291 4390 3553 4446 Euchari-

1974 4500 2090 4554 stiat
2117 4510 2272 4552 sacra
2304 4493 2577 4564 perceptio
2606 4504 2710 4544 non
2769 4489 2822 4541 in
2859 4485 3182 4556 quantitate,
3227 4482 3317 4536 sed
3361 4481 3414 4534 in
3445 4480 3553 4534 vir-

1977 4598 2090 4644 tute
2114 4587 2400 4644 consistat.
2445 4582 2599 4649 Quod
2641 4593 2836 4648 corpus
2877 4577 3158 4631 sacerdote
3209 4573 3555 4644 dispensante

1977 4692 2184 4736 tantum
2223 4686 2307 4732 est
2333 4677 2385 4729 in
2412 4676 2628 4745 exiguo,
2652 4680 2910 4740 quantum
2934 4684 3058 4725 esse
3086 4675 3298 4724 constat
3325 4665 3376 4718 in
3409 4676 3518 4721 toto
3542 4687 3556 4721 :

1975 4777 2119 4847 quod
2144 4773 2272 4828 dum
2306 4768 2544 4826 Ecclesia
2607 4764 2842 4822 lidelium
2874 4764 3061 4828 sumit,
3091 4762 3233 4818 sicut
3255 4756 3470 4826 plenum
3504 4759 3560 4812 in

1983 4863 2276 4928 universis,
2309 4863 2380 4915 ita
2409 4859 2679 4930 integrum
2705 4869 2826 4909 esse
2853 4851 3116 4920 probatur
3141 4853 3194 4906 in
3222 4847 3462 4918 singulis.
3491 4847 3572 4904 De

1979 4976 2086 5030 quo
2118 4970 2284 5014 sensu
2309 4949 2610 5022 apostolica
2634 4943 2905 5002 sententia
2931 4943 3182 5002 derivata
3218 4948 3322 5003 est,
3349 4939 3565 4994 dicens;

1981 5051 2084 5117 Qui
2114 5046 2336 5104 multum
2370 5042 2583 5105 habuit,
2617 5053 2721 5094 non
2747 5034 3057 5105 abundavit,
3100 5046 3146 5093 et
3197 5033 3284 5103 qui
3315 5032 3572 5084 modicum

1979 5159 2082 5196 non
2128 5131 2404 5192 minaravit
2457 5129 2541 5199 (Il
2573 5129 2699 5184 Cor.
2736 5125 2878 5194 vni).
2933 5123 2992 5180 Si
3055 5129 3196 5184 forte
3238 5134 3387 5174 esum
3419 5121 3577 5187 panis

1979 5226 2348 5282 esurientibus
2375 5233 2801 5282 opponeremus,
2855 5230 2962 5270 non
3017 5238 3086 5276 ex
3133 5224 3245 5272 toto
3269 5210 3578 5279 perveniret
