4006 5282
487 171 508 226 1
528 169 624 225 155

1626 170 1666 227 G
1679 163 2012 227 L'ITMUNDI
2051 160 2478 220 ARCHIEPISC.
2519 154 2871 215 AVERSANI

3623 147 3745 205 1434

479 298 643 354 quam
702 282 963 339 universi.
1018 283 1212 340 Totum
1270 299 1427 351 unus,
1484 291 1652 339 totum
1705 282 1869 357 duo,,
1900 266 2068 337 totum
2101 294 2146 350 Α
2175 287 2306 327 caro
2335 271 2656 326 Salvaloris-
2693 269 2801 324 Pcl‘
2827 266 3064 323 animam
3116 263 3314 337 τιυῖρρθ
3350 263 3413 319 δι
3452 270 3513 319 ιη
3560 276 3745 333 corpus

480 376 685 448 plures.
736 376 856 433 sine
883 378 1236 436 diminutione
1273 380 1607 450 percipiunt;
1660 381 1787 449 quia
1840 378 2064 434 benedi-

481 469 588 524 ctio
613 468 772 538 hujus
801 472 1125 525 sacramenti
1155 471 1261 526 scit
1290 471 1559 535 distribui,
1607 472 1780 527 nescit
1808 471 2064 526 distribu-

482 561 630 616 tione
678 562 944 616 consumi.
1012 562 1156 618 ldem
1206 578 1421 634 quoque
1467 565 1729 632 dicimus,
1761 573 1816 620 et
1846 565 1892 619 si
1922 564 2065 620 mille

482 652 662 708 missa:
691 654 878 709 eodem
909 662 1150 725 tempore
1172 655 1536 711 celebrentur.
1563 657 1716 735 ’Nam
1756 658 1829 713 ita
1868 657 1922 713 in
1957 658 2064 713 sin-

480 745 618 815 gulis
648 754 815 800 totum
847 747 1122 803 credimus
1144 762 1264 803 esse
1302 750 1599 814 Christum,
1650 760 1709 806 ut
1753 767 1853 807 nec
1881 753 2065 822 plures

479 834 747 899 Christus,
779 851 879 891 nec
932 838 1162 893 divisum
1204 839 1480 897 Christum
1532 841 1698 898 faciat
1740 852 1831 898 aut
1879 859 2062 899 sacer-

482 928 669 983 dotum
701 929 988 986 diversitas
1039 942 1131 987 aut
1159 933 1424 990 locorum.
1466 933 1523 990 In
1576 952 1683 1006 quo
1739 938 1955 1007 quidem
1988 938 2063 992 illi

479 1031 668 1078 contra
701 1039 798 1080 nos
826 1041 943 1080 esse
970 1042 1072 1082 non
1099 1038 1346 1099 possunt,
1388 1030 1481 1101 qui
1534 1046 1732 1101 corpus
1761 1031 1975 1087 Domini
2008 1033 2060 1087 in

478 1118 624 1171 omni
653 1119 817 1172 missa
856 1121 1046 1175 adesse
1085 1121 1424 1178 invisibiliter
1472 1124 1716 1181 credunt.
1764 1124 1899 1180 Nam
1938 1142 2060 1180 cum

478 1206 637 1264 simul
669 1209 813 1264 mille
840 1209 1184 1266 celebrentur
1210 1213 1412 1278 missas,
1449 1224 1503 1269 et
1530 1214 1671 1271 sicut
1704 1216 1801 1286 ipsi
1828 1231 2061 1271 consen-

478 1301 640 1366 tiunt,
675 1301 726 1355 in
758 1302 903 1357 omni
934 1304 1097 1358 missa
1145 1314 1230 1360 est
1269 1315 1437 1361 totum
1468 1322 1668 1377 corpus
1720 1307 1919 1364 Christi
1959 1308 2061 1381 (di-

478 1391 585 1445 vidi
610 1392 753 1447 enim
784 1408 941 1463 posse
969 1410 1165 1464 corpus
1198 1396 1411 1452 Domini
1464 1408 1518 1453 et
1564 1398 1665 1468 ipsi
1707 1399 1931 1471 negant)
1969 1408 2061 1454 aut

479 1480 628 1535 mille
659 1489 783 1536 tunc
818 1493 978 1538 erunt
1027 1484 1230 1540 Christi
1288 1503 1541 1557 corpora,
1597 1497 1691 1543 aut
1748 1488 2062 1546 fatebuntur

475 1571 783 1641 nobiscum,
814 1590 921 1629 uno
947 1576 1249 1648 eodemque
1310 1588 1575 1650 tempore,
1622 1580 1769 1635 mille
1817 1581 1871 1635 in
1923 1581 2061 1637 locis

475 1678 644 1718 unum
694 1666 941 1736 idemque
968 1666 1169 1724 Christi
1222 1685 1421 1742 corpus
1459 1681 1630 1728 totqu
1665 1682 1720 1728 et
1764 1656 2057 1729 indivisutn
2094 1675 2136 1735 Β

474 1754 867 1831 posse'habcri.
898 1758 1002 1812 Sed
1029 1759 1175 1814 mille
1195 1759 1398 1816 Christi
1445 1779 1674 1833 corpora
1716 1780 1817 1820 nec
1845 1757 1943 1835 ipsi
1980 1766 2061 1821 di-

476 1857 625 1901 cunt.
659 1847 847 1904 Restat
874 1865 1005 1920 ergo
1060 1861 1118 1907 ut
1172 1853 1228 1908 in
1274 1854 1420 1910 mille
1475 1857 1656 1914 missis
1703 1860 1892 1915 eodem
1925 1868 2061 1915 tem-

475 1955 630 2009 pore,
680 1956 842 1996 unum
891 1943 1143 2013 idemque
1188 1962 1386 2017 corpus
1437 1948 1636 2005 Christi
1676 1959 1731 2006 et
1766 1951 2058 2007 indivisum

474 2045 596 2086 esse
644 2035 868 2089 credere
921 2035 1168 2091 debeant.
1215 2036 1480 2096 Similiter
1538 2041 1700 2110 igitur
1745 2053 1801 2098 et
1848 2044 1901 2098 in
1952 2058 2061 2098 una

474 2122 674 2190 hostia,
701 2135 757 2180 et
790 2126 834 2180 si
860 2127 1104 2183 videatur
1129 2131 1283 2199 quasi
1329 2130 1384 2185 in
1425 2131 1608 2202 plures
1636 2141 1819 2202 partes
1851 2133 2016 2187 dividi
2043 2152 2056 2187 :

474 2212 674 2267 nullam
705 2223 883 2271 tamen
915 2218 971 2286 in
1005 2220 1082 2274 eis
1104 2220 1268 2276 dividi
1300 2236 1524 2277 carnem
1555 2224 1906 2290 attendimus,
1931 2224 2058 2295 quia

471 2305 615 2374 quod
663 2322 853 2363 omnes
890 2311 1050 2365 snnul
1088 2312 1312 2381 junctae,
1358 2315 1589 2385 idipsum
1636 2316 1861 2387 singulm
1907 2332 2062 2388 sepa-

471 2407 602 2452 rata:
632 2409 777 2467 sunt,
798 2396 977 2457 totum
1008 2402 1215 2460 Christi
1270 2422 1488 2478 corpus.
1531 2407 1639 2464 Nec
1691 2410 1943 2480 cuiquam
1973 2410 2059 2465 in-

471 2495 729 2552 credibile
761 2498 813 2552 id
865 2498 1025 2555 debet
1072 2501 1262 2557 videri.
1316 2502 1643 2577 Quotidiano
1671 2505 1815 2559 enitn
1843 2503 2060 2574 experi-

470 2595 652 2642 mento
686 2592 1063 2660 cognoscimus
1100 2595 1228 2665 quia
1280 2596 1588 2653 intellectus
1624 2607 1831 2663 noster.
1875 2598 1927 2653 id
1976 2606 2061 2652 est

468 2681 690 2736 verbum
721 2684 901 2740 cordis
925 2687 1119 2752 nostri,
1147 2704 1269 2743 cum
1300 2689 1451 2745 illum
1497 2691 1897 2760 quodammodo
1925 2706 2060 2746 voce

468 2774 752 2839 vestivnus,
787 2784 846 2831 ut
879 2778 970 2848 qui
1003 2779 1055 2833 in
1083 2781 1249 2836 corde
1292 2792 1480 2837 nostro
1514 2783 1692 2840 latens
1722 2784 1878 2839 nobis
1910 2784 2059 2839 solus

469 2867 719 2933 cognitus
763 2881 903 2936 erat,
960 2887 1058 2941 per
1103 2887 1289 2929 vocem
1342 2876 1463 2930 aliis
1509 2877 1674 2932 etiam
1717 2877 2055 2932 manil'estari

467 2958 638 3026 possit
694 2961 880 3015 eodem
936 2972 1177 3034 tempore
1234 2974 1291 3020 et
1352 2976 1494 3022 totus
1543 2968 1599 3023 in
1648 2969 1811 3024 corde
1867 2978 2055 3023 nostro

467 3060 731 3117 remanet,
763 3062 815 3108 et
869 3062 1011 3113 totus
1066 3072 1222 3127 aeque
1270 3059 1417 3116 mille
1464 3060 1773 3116 hominibus
1801 3076 1921 3116 cum
1965 3076 2055 3116 as-

467 3155 678 3212 sumpta
730 3160 861 3202 voce
905 3163 1001 3203 sua
1038 3159 1299 3219 quantum
1357 3152 1412 3206 in
1465 3167 1523 3208 se
1549 3161 1654 3217 est,
1688 3153 1763 3208 ita
1789 3168 2052 3223 apparere

465 3243 662 3304 potest,
690 3246 746 3291 ut
777 3252 883 3293 non
910 3238 1082 3295 solum
1113 3241 1228 3312 ipse
1264 3243 1425 3299 simul
1474 3245 1716 3300 omnium
1744 3245 1909 3301 corda
1936 3245 2050 3301 col-

463 3324 679 3393 lustret,
718 3330 815 3384 sed
842 3346 1002 3387 aures
1025 3334 1190 3388 etiam
1225 3346 1550 3392 cunctorum
1585 3338 1700 3408 ipsa
1751 3353 1855 3408 qua
1884 3338 2047 3393 vesti-

466 3428 554 3474 tus
598 3428 682 3475 est
731 3437 881 3487 voce,
916 3425 1105 3479 eodem
1140 3436 1384 3497 tempore
1427 3438 1538 3485 tota
1569 3440 1619 3485 et
1660 3431 1889 3487 indivisa
1927 3446 2050 3500 per.

464 3510 715 3580 stringat.
782 3510 841 3567 Si
894 3513 1059 3584 igitur
1110 3516 1349 3573 humano
1411 3522 1579 3577 verbo
1634 3521 1776 3577 Deus
1836 3531 2047 3577 tantum

462 3606 716 3672 praestitit
744 3615 933 3663 utnon
966 3600 1139 3666 solum
1168 3613 1385 3684 ipsum,
1427 3616 1521 3670 sed
1566 3616 1731 3670 etiam
1771 3633 1894 3682 vox,
1939 3633 2047 3686 qua

463 3697 861 3761 quodammodo
910 3703 1159 3767 vestitur,
1213 3705 1283 3758 ad
1338 3705 1484 3760 mille
1535 3707 1787 3763 homines
1853 3709 2045 3763 eadem

462 3785 621 3839 simul
665 3794 884 3859 totaque
925 3794 1233 3865 pertingere
1280 3797 1488 3852 valeat:
1541 3812 1699 3853 nemo
1731 3799 1832 3853 hoc
1869 3798 2045 3868 ipsum

463 3878 531 3933 de
555 3880 944 3951 omnipotentis
975 3886 1070 3941 Dei
1119 3889 1278 3944 unico
1319 3898 1376 3945 et
1415 3892 1783 3960 omnipotente
1835 3901 1889 3947 et
1950 3908 2046 3948 co-

460 3977 665 4027 aeterno
697 3973 891 4042 Verbo,
924 3986 977 4032 ct
1005 3979 1072 4034 de
1100 3996 1267 4036 carne
1313 3982 1431 4053 ejus
1457 4025 1469 4047 ,
1497 3999 1659 4053 quam
1686 3985 1935 4040 similiter
1986 3997 2046 4042 ut

461 4064 619 4120 nobis
649 4066 822 4136 ipsum
878 4070 1108 4127 Verbum
1155 4085 1472 4145 appareret,
1524 4078 1763 4145 vestivit,
1803 4079 1928 4134 etsi
1957 4095 2045 4134 ca-

459 4172 590 4230 pere
617 4176 723 4215 non
762 4163 953 4232 possit,
980 4164 1179 4222 habere
1210 4168 1524 4224 incredibile
1563 4172 1756 4235 debet,
1802 4171 1944 4240 quod
1977 4173 2043 4228 de

458 4244 806 4320 fragilissinto
836 4262 891 4307 et
915 4243 1228 4312 transitoria
1259 4260 1422 4315 verbo
1455 4261 1690 4316 hominis
1713 4272 1766 4316 et
1798 4277 2042 4317 momen-

460 4343 638 4398 taneis
659 4344 878 4401 vocibus
904 4347 1099 4417 vixque
1125 4351 1483 4408 existentibus
1513 4363 1567 4408 et
1595 4371 2038 4427 nunquanrprte-

458 4434 601 4491 valet
648 4452 861 4505 capere,
919 4451 973 4496 et
1019 4452 1194 4498 tamen
1233 4459 1369 4515 pene
1414 4464 1631 4519 semper
1667 4453 2038 4521 experimento

460 4527 639 4583 habet.
666 4530 839 4600 Ipsam
877 4544 1025 4591 certe
1074 4538 1312 4592 animant
1363 4551 1605 4596 nostram
1634 4558 1861 4615 corpore
1895 4543 2038 4615 quod

457 4624 824 4692 corrumpitur
849 4638 1221 4696 aggravatatn,
1250 4648 1356 4687 non
1387 4634 1754 4703 particulatim
1803 4652 1899 4706 per
1923 4637 2037 4693 sin-

456 4711 578 4782 gula
606 4716 852 4784 corporis
891 4722 1127 4775 membra
1163 4723 1349 4789 dividi,
1405 4728 1497 4783 sed
1547 4728 1597 4782 in
1646 4730 1873 4802 singulis
1917 4747 2042 4801 por-

459 4804 711 4861 tiunculis
762 4817 930 4865 totam
986 4822 1149 4884 atque
1192 4817 1457 4888 integram
1520 4821 1787 4876 contineri
1847 4824 2040 4878 beatus

454 4899 788 4969 Augustinus
812 4904 1137 4962 validissime
1159 4911 1369 4980 probat.
1394 4914 1495 4981 Qui
1523 4927 1652 4986 ergo
1677 4917 1816 4972 hanc
1843 4929 2039 4974 nostrte

456 4991 653 5046 anima:
677 4997 973 5063 potentiam
1005 5001 1256 5068 prazbuit,
1300 5013 1358 5057 ut
1389 5021 1495 5060 uua
1542 5007 1838 5079 eademque
1864 5018 1914 5063 el
1949 5009 2035 5062 iu-

455 5084 626 5138 divisa
656 5083 708 5139 in
742 5086 968 5157 singulis
1000 5089 1309 5162 quibusque
1335 5098 1613 5165 particulis
1664 5100 1745 5153 sui
1774 5100 2034 5169 corporis,

453 5179 642 5233 eodem
676 5187 920 5249 tempore
967 5190 1077 5236 tota
1120 5186 1425 5243 consistat:
1467 5205 1636 5260 quare
1662 5174 1774 5247 sum
1808 5193 2036 5262 propriae

2173 371 2448 433 utcunque
2512 359 2883 433 temporaliter
2935 360 3122 417 vivat:
3181 373 3279 428 per
3346 371 3571 412 carnem
3629 369 3744 410 vero

2172 454 2472 509 Salvatoris
2497 454 2674 524 agitur
2708 461 2769 507 ut
2808 450 3053 506 Ecclesia
3097 463 3203 504 non
3250 446 3743 519 quomodocunque,

2170 544 2266 600 sed
2314 545 2472 599 beate
2522 544 2578 598 in
2624 553 2887 600 aeternum
2916 541 3085 597 vivat.
3122 541 3257 594 Cum
3292 553 3423 618 vero
3462 538 3743 607 sapientis-

2168 633 2340 689 simus
2392 633 2646 688 Salomon
2695 642 2918 689 cunctas
2963 646 3052 687 res
3096 646 3219 687 esse
3259 630 3506 688 dilliciles
3553 628 3741 684 dixerit

2170 725 2445 797 (ἠοῖαι),
2463 728 2534 781 ita
2566 736 2625 781 ut
2641 725 2912 795 explicare
2941 738 3034 780 eas
3057 725 3218 778 homo
3242 737 3345 778 non
3369 722 3744 794 possit,an

2166 819 2457 874 insanienti
2489 834 2652 890 quam
2682 818 2987 873 simillimus
3038 825 3123 873 est
3162 817 3255 887 qui
3298 817 3414 872 haec
3446 814 3630 871 divina
3657 829 3740 868 ar-

2167 926 2302 965 cana
2332 911 2603 967 discutere
2630 911 2697 966 ad
2722 910 2935 967 oculum
2964 909 3228 967 violenter
3270 908 3506 979 quaerit?
3545 905 3738 962 Omnes

2170 1006 2314 1061 enim
2327 1004 2695 1062 creaturacDei
2717 1005 2977 1061 miracula
2999 1004 3154 1060 nobis
3180 1001 3579 1074 inexplicabilia
3598 1008 3741 1065 sunt;

2167 1095 2418 1152 Christus
2450 1111 2581 1152 vero
2613 1097 2756 1152 inter
2794 1097 2974 1151 omnia
3012 1104 3106 1149 aut
3144 1108 3255 1164 pra:
3297 1093 3549 1148 omnibus
3586 1091 3742 1145 mira-

2168 1189 2346 1244 culum
2378 1188 2671 1261 singulare.
2725 1187 2785 1244 Si
2839 1188 3005 1259 igitur
3036 1195 3213 1257 potest
3261 1185 3514 1241 Christus
3539 1182 3746 1239 edicere

2171 1282 2336 1353 (sicut
2363 1280 2621 1352 diximus)
2647 1288 2706 1335 ut
2741 1293 3079 1352 unaquaeque
3106 1287 3352 1349 separata
3384 1275 3650 1347 particula
3681 1274 3745 1329 sit

2166 1381 2335 1428 totum
2363 1372 2563 1428 Christi
2629 1387 2865 1442 corpus,
2914 1379 2967 1426 et
3004 1381 3184 1427 tamen
3234 1385 3422 1425 omnes
3465 1377 3743 1439 separata,

2164 1477 2271 1517 non
2317 1461 2467 1532 plura
2506 1461 2616 1515 sint
2662 1476 2890 1533 corpora
2917 1500 2931 1526 ,
2960 1460 3057 1516 sed
3078 1474 3243 1515 unum
3288 1473 3525 1530 corpus:
3562 1472 3746 1526 quem-

2166 1555 2458 1610 admodum
2510 1569 2613 1609 vov
2663 1554 2812 1611 mille
2876 1554 3157 1609 hominum
3198 1554 3437 1624 percutit
3478 1567 3660 1615 aures,
3695 1559 3745 1605 et

2166 1644 2307 1715 apud
2334 1658 2772 1715 unumquemque
2816 1652 2932 1699 tota
2974 1651 3085 1707 est,
3115 1657 3217 1698 nec
3247 1651 3427 1698 tamen
3456 1640 3641 1712 plures
3666 1640 3746 1694 di-

2166 1744 2387 1803 cuntur,
2413 1736 2508 1791 sed
2540 1753 2643 1792 una
2675 1737 2789 1792 sola
2818 1753 2831 1792 :
2863 1745 2919 1792 et
2940 1730 3393 1808 quemadmodum
3423 1742 3535 1789 tota
3565 1732 3749 1788 anima

2167 1828 2315 1883 mille
2343 1830 2588 1899 corporis
2627 1829 2848 1883 immani
2883 1828 3057 1899 replet
3101 1825 3415 1899 particulas,
3444 1833 3499 1879 et
3538 1840 3661 1880 cum
3688 1838 3748 1879 se

2166 1926 2335 1973 totam
2359 1921 2600 1987 prtebeat
2621 1917 2872 1990 singulis,
2912 1932 3021 1972 non
3065 1916 3249 1986 plures
3291 1923 3496 1981 tamen,
3520 1913 3617 1969 sed
3641 1928 3741 1968 una

2164 2017 2245 2062 est
2276 2008 2490 2072 anima;
2525 2008 2597 2061 ita
2631 2006 2739 2076 jam
2766 2007 2909 2061 nulla
2939 2007 3081 2062 ratio
3122 2013 3346 2076 propter
3373 2003 3740 2073 hujuscemodi

2165 2099 2320 2169 quasi
2372 2098 2698 2169 partitiones
2760 2099 2978 2154 obstare
3027 2097 3258 2163 videtur,
3306 2104 3367 2151 ut
3421 2110 3529 2151 non
3576 2095 3740 2166 possit

2164 2199 2259 2245 aut
2314 2190 2450 2244 velle
2497 2204 2605 2244 non
2659 2190 2850 2245 debeat
2900 2187 3149 2245 Christus
3191 2202 3384 2258 panem
3433 2197 3490 2240 et
3538 2187 3738 2250 vinum,

2165 2282 2311 2338 sicut
2333 2291 2387 2337 et
2408 2281 2523 2352 ipse
2569 2282 2752 2338 docuit
2777 2290 2833 2337 et
2863 2280 3103 2336 Ecclesia
3151 2279 3402 2345 credidit,
3450 2277 3741 2335 transferre

2165 2373 2220 2430 in
2251 2388 2450 2444 corpus
2476 2381 2532 2428 et
2576 2372 2896 2445 sanguinem
2926 2384 3107 2425 suum.

2812 2476 3095 2518 nocentes.
3632 2528 3683 2535 μ

2236 2554 2314 2608 De
2346 2552 2491 2608 mille
2539 2552 2743 2617 missis,
2789 2567 2911 2624 quae
2959 2552 3150 2607 eodem
3197 2559 3444 2621 tempore
3479 2546 3738 2604 celebrari

2163 2654 2411 2715 possunt,
2445 2644 2649 2700 videris
2676 2643 2810 2698 mihi
2855 2657 2966 2698 rem
3022 2643 3237 2712 quidem
3278 2641 3433 2696 valde
3474 2640 3739 2697 diliicilem

2162 2737 2490 2792 sutlicienter
2515 2747 2569 2792 et
2594 2737 2727 2791 satis
2756 2734 2947 2791 idonee
2985 2734 3313 2790 declarasse.
3356 2731 3745 2788 Verumtamen

2164 2830 2216 2884 in
2246 2820 2538 2900 partitione
2569 2828 2725 2882 unius
2769 2826 2961 2882 hostiae
3007 2825 3184 2883 adhuc
3226 2824 3502 2895 paulisper
3538 2825 3735 2888 btet-eo,

2161 2920 2413 2990 quoniam
2427 2918 2569 2989 quod
2589 2918 2738 2987 prius
2755 2932 2921 2973 unum
2948 2914 3320 2972 tantummodo
3340 2915 3518 2980 video,
3550 2915 3627 2981 id,
3654 2928 3740 2970 me

2081 3034 2123 3091 ρ
2160 3011 2450 3082 partiente,
2480 3010 2553 3064 ita
2582 3011 2634 3064 in
2664 3010 2818 3081 plura
2859 3008 3024 3065 dividi
3062 3007 3327 3073 cernitur,
3348 3006 3455 3079 [ut]
3484 3021 3739 3076 unaquae-

2156 3116 2261 3171 que
2314 3101 2490 3171 portio
2533 3100 2709 3156 minor
2733 3115 2895 3170 quam
2926 3099 3055 3155 illud
3083 3099 3227 3170 quod
3269 3107 3391 3154 erat
3442 3099 3735 3168 integrum,

2155 3191 2423 3248 videatur.
2460 3191 2519 3247 Si
2550 3192 2696 3248 enim
2722 3205 2829 3246 non
2859 3205 2979 3247 mea
3004 3190 3076 3256 vi,
3101 3191 3195 3246 sed
3220 3205 3317 3245 sua
3345 3200 3538 3261 sponte
3562 3189 3739 3245 hostia

2155 3283 2506 3348 divideretur,
2544 3290 2637 3337 aut
2665 3291 2786 3354 post
2815 3281 3136 3337 divisionem
3168 3281 3504 3351 'magnitudo
3530 3280 3742 3357 integre

2154 3391 2259 3429 non
2298 3375 2579 3430 videretur
2605 3374 3051 3445 immntata;jam
3093 3372 3433 3429 satislactum
3460 3372 3592 3426 mihi
3620 3383 3743 3426 esse

2149 3466 2448 3531 crederem,
2490 3464 2633 3535 quod
2678 3472 2735 3519 et
2783 3477 3124 3534 unaquaeque
3166 3463 3343 3535 portio
3367 3471 3422 3518 et
3450 3475 3642 3517 omnes
3666 3460 3746 3515 si-

2151 3555 2260 3610 mul
2289 3557 2494 3628 absque
2543 3555 2654 3612 ulla
2700 3556 2967 3613 divisione
3012 3560 3179 3612 unum
3221 3557 3493 3628 integrum
3540 3565 3746 3625 corpus

2149 3665 2270 3707 esse
2293 3657 2532 3723 possent.

2759 3754 3122 3796 ουιτιιυιωυε.
3190 3756 3195 3759 ⁷

2222 3831 2280 3887 Si
2307 3832 2385 3895 .de
2408 3831 2555 3887 mille
2586 3830 2767 3887 missis
2795 3847 2916 3903 quas
2962 3847 3071 3887 uno
3098 3839 3340 3901 tempore
3385 3829 3743 3886 celebrantur

2148 3925 2282 3980 satis
2308 3924 2546 3979 aestimas
2572 3924 2927 3990 declaratum,
2971 3924 3169 3979 mirum
3215 3933 3300 3979 est
3347 3924 3494 3993 quod
3531 3925 3601 3979 de
3626 3940 3734 3979 una

2148 4016 2322 4071 hostia
2354 4015 2428 4069 ita
2462 4016 2637 4086 possis
2672 4016 2897 4071 moveri.
2939 4014 3074 4069 Nam
3111 4015 3251 4071 sicut
3277 4015 3387 4082 hic,
3414 4015 3733 4086 priusquam

2145 4108 2402 4179 partiaris
2451 4109 2720 4173 hostiam,
2777 4107 3153 4164 tantummodo
3202 4123 3366 4163 unam
3412 4107 3598 4173 vides;
3662 4108 3733 4161 ita

2146 4201 2461 4271 priusquam
2495 4200 2642 4255 mille
2686 4200 3034 4256 celebrentur
3079 4200 3258 4256 missae
3304 4215 3471 4255 unum
3522 4209 3734 4254 tantum

2144 4289 2345 4345 Christi
2377 4306 2574 4361 corpus
2627 4291 2681 4344 in
2729 4290 2923 4355 catlis,
2974 4301 3030 4345 et
3058 4290 3127 4359 κεί
3177 4304 3283 4345 non
3327 4289 3522 4354 oculis,
3549 4302 3737 4344 mente

2071 4390 2327 4457 Dtamen
2384 4383 2470 4437 vel
2534 4382 2640 4437 ﬁde
2688 4382 2889 4437 cernis.
2923 4382 2990 4436 Et
3044 4382 3187 4437 sicut
3239 4396 3402 4452 opere
3438 4390 3532 4437 tuo
3575 4390 3739 4451 pnus

2147 4471 2380 4527 hostiam
2413 4472 2603 4539 dividi,
2632 4473 2711 4528 sic
2740 4474 2918 4543 putari
2963 4481 3139 4544 potest
3184 4472 3532 4527 sacerdotum
3567 4486 3737 4543 opere

2143 4565 2260 4622 lieri
2293 4577 2352 4621 ut
2389 4583 2586 4637 corpus
2633 4567 2861 4634 Christi,
2923 4568 3064 4637 quod
3102 4566 3155 4621 in
3202 4565 3358 4622 caelis
3408 4581 3577 4621 unum
3626 4579 3736 4630 εει.

2143 4658 2291 4713 mille
2320 4660 2370 4712 iu
2399 4658 2533 4713 locis
2559 4657 2719 4714 simul
2745 4667 3014 4713 teneatur.
3065 4656 3174 4714 Sed
3215 4657 3360 4712 absit
3406 4657 3530 4722 hoc,
3561 4667 3618 4711 ut
3649 4658 3736 4711 vel

2134 4754 2355 4808 illorum
2385 4768 2568 4824 opere,
2625 4754 2711 4808 vel
2758 4762 2871 4819 tuo,
2912 4769 3053 4809 unus
3106 4753 3355 4809 Christus
3404 4768 3503 4824 per
3542 4754 3735 4824 plures

2142 4844 2288 4898 locos
2319 4844 2396 4898 vel
2426 4853 2605 4913 partes
2629 4843 2931 4898 dividatur!
2961 4844 3085 4915 quia
3111 4844 3224 4912 ipse
3250 4853 3335 4899 est
3360 4845 3451 4913 qui
3486 4845 3539 4898 in
3567 4858 3735 4914 opere

2141 4947 2340 4996 vestro,
2378 4950 2484 4990 non
2513 4936 2655 5005 quod
2684 4944 2862 4991 vester
2882 4936 3029 4991 visus
3048 4936 3298 4999 aestimat,
3327 4936 3421 4990 sed
3447 4937 3589 5005 quod
3615 4937 3735 5005 ipse

2145 5026 2257 5079 vult
2280 5035 2559 5095 operatur.
2586 5025 2723 5080 Nam
2771 5026 2850 5081 sic
2876 5027 3131 5083 violentia
3170 5026 3480 5082 Judmornm
3512 5028 3724 5082 videba-

2146 5127 2232 5170 tur
2264 5121 2424 5184 mori,
2454 5128 2508 5175 et
2535 5129 2712 5175 tamen
2747 5120 2865 5190 ipse
2893 5120 3021 5174 dicit
3051 5139 3063 5173 :
3107 5117 3275 5173 Nemo
3310 5120 3449 5173 tollit
3494 5121 3729 5173 animum

2140 5224 2305 5262 nteant
2344 5226 2375 5262 α
2407 5226 2506 5274 me,
2550 5210 2639 5264 sed
2661 5228 2752 5282 ego
2775 5227 2910 5280 pono
2942 5226 3057 5265 eam
3084 5228 3117 5264 α
3158 5211 3352 5279 meipso
3409 5210 3594 5280 (Joan.
3641 5209 3728 5275 ι).
