4006 5282
293 303 320 356 1
331 299 432 357 ιδ’]

801 300 888 358 DE
915 301 1256 360 CORPORIS
1295 303 1382 360 ET
1413 303 1612 360 SANG.
1647 301 1880 360 DOMINI
1921 299 2266 358 V'ElilTATE
2291 295 2468 358 [ΑΒΜ
2499 295 2696 356 TItES.
2737 323 2808 336 —
2835 292 2964 350 LIB.
3007 289 3068 348 l.’

3407 301 3542 357 1453

295 415 471 468 minus
501 421 724 484 apparet
777 426 976 484 corpus
1024 413 1233 468 Domini
1280 431 1440 486 quam
1489 416 1538 470 in
1569 417 1719 470 cretis
1747 429 1866 471 esse
1893 415 1942 468 Α
1969 421 2080 466 tam
2112 415 2420 470 necessario
2449 401 2794 472 sacramento
2811 401 3022 486 "agitur,
3061 411 3328 474 etsenatus
3357 421 3540 476 vzsini-

291 503 567 558 credatur.
595 502 700 559 Sed
740 503 840 558 hoc
893 511 1098 558 tantum
1155 503 1372 576 [totum]
1423 507 1712 561 secundum
1743 523 1868 562 sen-

291 608 419 658 sus;
453 593 542 662 qui
574 593 714 648 sicut
739 594 792 647 in
823 595 1006 648 multis
1035 596 1192 650 rebus
1230 596 1350 650 aliis
1376 611 1538 666 szepe,
1587 599 1658 652 ita
1685 599 1736 652 in
1767 598 1868 654 hac

271 699 352 756 're
396 697 611 753 semper
657 683 934 738 falluntur.
987 683 1092 738 Sed
1159 687 1398 756 nunquid
1448 687 1492 741 si
1541 687 1640 742 hac
1672 702 1866 758 capere

269 771 398 858 mon
451 785 628 846 potest
673 777 861 832 oculus
909 779 1108 844 carnis,
1155 781 1576 850 exstinguendos
1633 781 1753 836 ideo
1783 789 1868 837 est

259 869 480 924 'oculus
534 870 768 924 mentis?
815 871 948 926 Cum
1001 874 1144 926 enim
1199 872 1364 928 Maria
1429 873 1742 944 Magdalene
1798 877 1866 930 ad

289 971 700 1016 monumentum
759 962 968 1017 Domini
1026 965 1292 1032 plorans,
1343 965 1516 1034 ipsum
1575 965 1864 1020 Dominum

289 1061 568 1116 cerneret;
609 1052 850 1122 nunquid
879 1067 984 1108 non
1013 1053 1126 1122 ipse
1169 1069 1356 1109 revera
1385 1053 1542 1110 Jesus
1571 1065 1710 1120 crat,
1737 1056 1864 1125 quia

289 1141 376 1194 i!la
419 1144 710 1196 secundum
749 1145 934 1198 oculos
961 1146 1182 1214 decepta
1229 1145 1574 1202 hortulanum
1602 1163 1658 1202 se
1685 1148 1865 1202 videre

287 1235 550 1303 putabat?
591 1235 774 1304 (Joan.
809 1235 926 1300 xx.)
953 1237 1060 1291 Aut
1087 1253 1208 1291 cum
1257 1241 1369 1306 ipse
1401 1237 1488 1292 die
1515 1239 1866 1294 resurrectio-

289 1326 376 1380 nis
427 1341 556 1390 sum,
606 1327 814 1383 duobus
867 1329 1146 1399 discipulis
1204 1331 1609 1386 ambulantibus
1671 1332 1722 1386 in
1777 1333 1866 1386 via

288 1415 602 1486 Scripturas
627 1425 876 1488 tanquam
911 1421 1226 1490 peregrinus
1261 1431 1575 1492 exponeret,
1621 1425 1863 1494 nunquid

289 1507 438 1561 aliud
482 1522 644 1576 quam
681 1509 795 1578 ipse
843 1518 992 1574 erat;
1047 1511 1172 1580 quia
1217 1513 1472 1582 scriptum
1531 1523 1652 1568 est:
1711 1514 1862 1570 Oculi

284 1615 466 1652 eorum
491 1599 816 1666 tenebantur,
861 1617 924 1654 ne
950 1617 1066 1655 eum
1095 1605 1469 1671 agnoscerent?
1499 1603 1653 1675 (Luc.
1688 1605 1860 1675 xxxv.)

284 1693 538 1747 Auteum
575 1692 822 1762 discipuli
877 1693 932 1747 in
971 1693 1111 1749 mari
1157 1693 1486 1760 laborantes,
1536 1711 1656 1750 eum
1701 1711 1864 1766 super

284 1783 461 1837 undas
513 1793 800 1838 cernerent
848 1785 1245 1850 ambulantem;
1296 1785 1416 1855 quis
1455 1787 1646 1840 audeat
1681 1788 1860 1843 dicere

283 1889 390 1928 non
435 1875 606 1944 ipsum
663 1891 790 1930 vere
835 1875 1031 1942 fuisse,
1077 1879 1200 1947 quia
1253 1879 1353 1948 ipsi
1409 1880 1648 1948 deceptis
1690 1882 1860 1936 oculis

283 1967 604 2034 phantasma
635 1981 754 2023 esse
795 1971 1160 2038 putaverunt?
1207 1970 1424 2038 (.llatth.
1461 1972 1630 2042 sxw.)
1677 1971 1862 2027 Sedet

282 2071 466 2109 secum
495 2057 546 2108 in
573 2058 692 2110 navi
719 2057 830 2126 jam
865 2058 1098 2127 positum
1152 2059 1426 2124 videntes,
1459 2069 1510 2115 et
1541 2061 1858 2114 miraculum

281 2143 397 2212 ejus
421 2146 474 2199 in
504 2145 690 2200 sedato
719 2148 854 2200 uiari
885 2147 1240 2214 admirantes,
1288 2151 1430 2204 sicut
1475 2165 1540 2204 ex
1575 2151 1860 2220 Evangelio

281 2245 460 2305 potest
487 2238 704 2307 conjici,
739 2253 844 2292 non
893 2249 1265 2310 cognoverunt
1305 2255 1426 2294 eum
1457 2241 1629 2296 donec
1657 2243 1723 2296 ad
1755 2252 1860 2296 tere

279 2343 396 2382 ram
451 2329 722 2384 venirent.
789 2329 879 2386 Sic
941 2331 1086 2386 enim
1139 2333 1400 2402 scriptum
1445 2343 1565 2388 est:
1625 2333 1859 2404 Cumque

279 2420 474 2488 egressi
519 2431 686 2474 essent
722 2421 786 2474 de
827 2423 948 2476 navi
973 2462 988 2488 ,
1037 2423 1284 2476 continuo
1340 2435 1690 2492 cognoverunt
1741 2441 1856 2478 eum

279 2507 597 2578 (Mat-avi).
649 2510 856 2578 Quibus
903 2529 966 2566 cx
1019 2513 1200 2567 verbis
1251 2523 1430 2583 p0test
1484 2515 1566 2586 (ut
1602 2517 1856 2589 diximus)

278 2599 474 2667 conjici
505 2602 645 2668 quod
695 2601 746 2654 in
801 2603 949 2668 navi,
1005 2602 1252 2658 fortassis
1293 2605 1650 2675 obstupefacti
1683 2607 1858 2662 adhuc

277 2689 484 2743 recenti
539 2690 824 2754 miraculo,
875 2690 1042 2760 aliqui
1093 2705 1200 2746 non
1261 2703 1652 2764 cognoverunt.
1709 2695 1852 2762 Quid

277 2781 482 2849 igitur?
513 2780 762 2851 Nunquid
807 2784 1078 2852 putandus
1124 2793 1208 2840 est
1247 2799 1341 2842 eos
1365 2785 1684 2856 joculariter
1708 2790 1856 2845 delu-

277 2871 452 2926 sisse?
477 2871 662 2926 Absit!
699 2872 814 2942 Ipse
835 2875 978 2928 enim
1005 2873 1202 2945 ubique
1234 2875 1376 2931 idem
1405 2887 1552 2946 erat;
1587 2881 1700 2950 ipse
1735 2883 1856 2938 ubi-

278 2977 380 3031 que
407 2963 610 3016 vcritas
659 2971 804 3028 erat;
857 2965 970 3032 ipse
1029 2966 1226 3035 ubique
1267 2969 1536 3038 sapientia
1585 2981 1720 3026 erat.
1749 2973 1854 3030 Sed

1969 503 2040 556 lia
2065 505 2466 570 transcendere,
2511 507 2578 560 ad
2626 507 2916 562 invisibilia
2951 510 3224 572 festinare,
3281 521 3332 566 et
3359 521 3541 568 tenere

1967 593 2170 648 certius
2215 593 2468 660 occulta,
2521 611 2640 664 quae
2691 613 2964 666 nunquam
3025 600 3288 654 mentiens
3343 603 3542 658 veritas

1969 681 2170 746 docuit,
2199 699 2362 754 quam
2387 699 2508 753 quae
2535 699 2718 740 coram
2749 687 2906 742 nobis
2937 686 3100 742 fallax
3125 689 3314 744 oculus
3335 692 3536 760 pandit.

1969 769 2306 842 Quapropter
2333 775 2586 843 quoniam
2619 775 2710 830 tibi
2741 787 3014 834 ostensum
3049 789 3132 834 est
3171 781 3311 836 idem
3341 799 3460 837 esse
3485 783 3540 838 in

1965 863 2250 932 particulis
2275 866 2432 919 unius
2485 865 2674 922 hostia:
2717 871 2856 938 quod
2891 881 2970 926 est
3005 872 3056 924 in
3088 873 3330 942 pluribus
3361 876 3542 932 missis

1967 969 2088 1022 qua:
2111 953 2270 1008 simul
2299 954 2668 1022 celebrantur,
2711 957 2778 1012 de
2822 961 3018 1028 quibus
3049 963 3180 1018 satis
3209 963 3540 1020 declaratum

1965 1061 2086 1101 esse
2115 1047 2317 1110 dixisti,
2361 1063 2462 1102 nec
2487 1050 2780 1106 secundum
2827 1052 3086 1108 visionem
3120 1054 3398 1110 oculorum
3421 1072 3540 1110 car—

1967 1136 2168 1190 nalium
2201 1137 2400 1192 debere
2435 1147 2486 1194 te
2525 1138 2772 1210 judicare
2827 1145 3152 1213 evangelieis
3197 1147 3457 1216 exeutplis
3483 1155 3538 1202 et

1967 1230 2174 1284 ratione
2209 1241 2564 1288 monstratum
2593 1242 2696 1288 est.
2751 1235 2942 1290 Utrum
2969 1237 3102 1292 satis
3127 1237 3302 1292 adhuc
3333 1239 3534 1294 dictum

1965 1322 2268 1388 arbitraris,
2309 1339 2536 1392 expone.

2611 1433 2798 1472 ROGERI
2809 1433 2886 1474 US.

2039 1513 2248 1568 \‘ideris
2275 1513 2522 1582 equidem
2553 1513 2704 1578 mihi,
2735 1515 2928 1580 fateor,
2975 1515 3198 1572 sincerae
3247 1517 3366 1572 fidei
3398 1517 3536 1572 veri-

1965 1609 2128 1656 tatem
2157 1617 2389 1672 congrua
2420 1605 2668 1673 prosequi
2697 1605 2904 1660 ratione
2933 1625 2946 1660 :
2980 1617 3352 1672 veruntamen,
3379 1608 3532 1672 illud,

1962 1695 2104 1763 quod
2139 1711 2222 1748 me
2245 1695 2424 1764 aliquo
2451 1696 2610 1750 modo
2653 1697 2830 1752 adhuc
2859 1699 3020 1763 rodit,
3066 1715 3170 1754 non
3199 1702 3404 1754 tacebo.
3439 1703 3536 1754 Suo

1964 1787 2143 1854 perius
2171 1786 2370 1855 quippe
2419 1785 2602 1840 dixisti
2653 1788 2778 1856 quia
2839 1790 3092 1844 sacerdos
3138 1789 3532 1858 \‘ideturqttasi

1961 1875 2204 1931 dividere
2231 1876 2462 1930 hostiam
2497 1885 2715 1946 propter
2751 1877 3086 1947 mysterium,
3117 1879 3257 1946 quod
3297 1879 3368 1932 ita
3395 1879 3534 1934 cele—

1962 1968 2106 2022 brari
2137 1977 2369 2037 oportet.
2395 1967 2452 2024 Si
2475 1983 2604 2038 ergo
2628 1969 2864 2024 viderem
2889 1970 3030 2038 quod
3053 1970 3224 2024 hostia
3251 1981 3532 2039 postquam

1961 2066 2042 2112 est
2071 2067 2406 2122 consecrata,
2431 2059 2540 2127 jam
2585 2073 2692 2112 non
2727 2068 2910 2128 posset
2945 2058 3174 2128 amplius
3201 2060 3388 2124 dividi,
3429 2059 3532 2114 nisi

1961 2149 2029 2202 ob
2059 2149 2298 2216 mysterii
2325 2150 2576 2216 gratiam,
2607 2149 2752 2218 quod
2781 2149 2920 2204 sicut
2958 2148 3162 2214 dixisti,
3213 2149 3283 2202 ita
3325 2161 3536 2218 oportet

1961 2239 2218 2294 celebrari
2249 2257 2260 2292 :
2297 2255 2512 2296 omnem
2539 2255 2762 2309 prorsus
2799 2240 3176 2308 disputationis
3207 2250 3308 2295 tua:
3335 2243 3534 2296 seriem

1961 2330 2282 2386 inconcussa
2309 2331 2536 2386 veritate
2566 2341 2740 2384 ratam
2765 2346 2884 2384 esse
2911 2330 3218 2384 confiterer.
3259 2333 3363 2386 Sed
3395 2349 3532 2400 quo-

1959 2422 2106 2476 niam
2133 2421 2360 2491 quilibet
2407 2421 2605 2476 nullius
2633 2421 3072 2476 consideratione
3101 2423 3341 2491 mystcrii
3375 2434 3534 2492 prout

1958 2513 2094 2578 vult,
2125 2513 2226 2568 sibi
2249 2529 2367 2568 eam
2399 2513 2642 2566 dividere
2671 2527 2830 2581 posse
2862 2512 3116 2566 videtur:
3148 2513 3322 2568 adhuc
3349 2515 3532 2568 nescio

1959 2621 2094 2675 quas
2119 2606 2242 2661 hinc
2265 2606 2524 2676 cogitatio
2569 2621 2686 2660 mea
2739 2604 2992 2658 tenebras
3037 2604 3286 2668 sustinet,
3315 2619 3450 2673 quas
3475 2615 3530 2660 et

1957 2698 2226 2766 expellere
2281 2699 2484 2768 gestit,
2555 2707 2611 2752 et
2669 2708 2846 2752 tamen
2905 2695 3074 2752 libere
3139 2696 3360 2751 omnino
3425 2711 3530 2750 non

1959 2791 2120 2844 valet.

2571 2897 2930 2938 ςυιτιιιτκουε.

2029 2970 2086 3025 Si
2129 2971 2284 3040 plene
2321 2971 2504 3026 animo
2553 2985 2714 3040 supra
2757 2971 2900 3025 dicta
2927 2969 3196 3036 revolvas,
3243 2971 3376 3024 nihil
3409 2971 3532 3026 hinc

277 3055 430 3108 nobis
455 3069 552 3124 per
579 3055 690 3109 lure
725 3057 1004 3124 oportebat
1053 3059 1264 3112 ostendi
1297 3063 1572 3129 quoniam,
1618 3065 1851 3132 qnandiu
1881 3088 1922 3146 ε
1959 3061 2326 3124 tenebrarum.
2387 3071 2444 3114 ιιι
2481 3060 2713 3124 aemilio.
2769 3061 2864 3114 tibi
2923 3060 3160 3116 Γθδίάοιύ
3215 3077 3528 3129 cognosci-‘5-

275 3161 398 3200 cum
432 3147 600 3201 Maria
653 3147 834 3214 flente,
885 3149 1030 3203 velut
1075 3153 1141 3206 ad
1189 3163 1592 3210 monumentum
1639 3155 1852 3212 Domini

273 3247 485 3294 stamus
533 3239 712 3310 (Joan.
751 3241 865 3312 xx),
922 3245 1282 3313 nosmetipsos
1328 3245 1850 3315 mortiticando(Co—

273 3328 400 3383 loss.
439 3329 522 3400 ιιι)
563 3339 614 3384 et
647 3341 875 3384 mortem
929 3331 1144 3386 Domini
1195 3335 1366 3388 donec
1413 3335 1593 3388 veniat
1638 3351 1848 3390 annun-

275 3419 460 3475 tiando
488 3419 536 3489 (I
569 3419 691 3473 Cor.
727 3421 825 3488 xi),
857 3421 1096 3490 quandiu
1141 3422 1194 3476 in
1227 3423 1310 3476 via
1357 3425 1516 3492 positi
1547 3429 1854 3496 peregrina-

271 3523 450 3562 mura
485 3509 708 3564 Domino
754 3508 836 3580 (II
867 3510 989 3563 Cor.
1021 3510 1094 3580 γ),
1141 3513 1378 3580 quamliu
1420 3513 1473 3568 in
1513 3515 1648 3568 mari
1695 3516 1852 3584 lmjus

271 3598 456 3654 saeculi
515 3597 840 3664 laboramus,
909 3609 964 3654 et
1023 3609 1216 3654 ventus
1275 3602 1430 3656 nobis
1495 3605 1850 3661 tentationum

271 3691 584 3746 contrarius
625 3701 726 3755 est,
777 3693 1016 3761 quandiu
1074 3693 1414 3750 amlmlamus
1453 3711 1550 3766 per
1575 3697 1754 3764 fidem,
1799 3709 1852 3754 et

271 3795 380 3834 non
413 3795 512 3849 per
537 3781 776 3850 speciem
799 3779 986 3852 (lbid.)
1013 3799 1026 3833 :
1061 3783 1310 3851 quamvis
1344 3784 1620 3852 plorantes
1643 3788 1708 3840 ad
1739 3803 1854 3842 mo-

273 3883 594 3928 numentmn
617 3889 772 3928 suum
802 3889 1014 3943 semper
1041 3875 1296 3930 Dominus
1313 3877 1642 3942 censebatur,
1662 3894 1852 3958 (1mm);

271 3980 294 4014 ι
309 3965 352 4017 is
377 3967 430 4018 in
459 3966 542 4019 via
565 3966 754 4034 positis
773 3981 984 4036 semper
1005 3966 1314 4038 Scripmas
1335 3982 1854 4052 expm-iat,quamvis

269 4061 518 4122 uacuatos
551 4059 602 4118 iu
635 4059 768 4124 tueri
801 4059 1127 4138 't‘anquillct,
1181 4073 1431 4140 quamvis
1479 4089 1716 4142 praesens
1759 4089 1855 4128 no-

271 4159 486 4214 biscum
515 4161 584 4214 sit
609 4175 819 4232 semper
841 4165 896 4216 in
926 4164 1047 4216 navi
1084 4173 1284 4218 sauctre
1314 4163 1568 4218 Ecclesiae
1599 4183 1759 4236 usque
1784 4166 1852 4220 ad

269 4253 776 4304 consummationem
811 4253 1018 4316 siccati;
1069 4267 1172 4306 non
1223 4261 1404 4306 tamen
1439 4253 1700 4308 habemus
1728 4269 1851 4308 eum

271 4353 498 4394 cernere
551 4341 653 4394 nisi
707 4341 758 4395 in
805 4343 1085 4412 peregrina
1143 4344 1340 4412 specie,
1397 4345 1630 4399 maxime
1685 4345 1854 4400 oculis

1957 3150 2092 3204 Nam
2125 3165 2316 3206 sensus
2343 3165 2584 3220 persmpe
2605 3150 2737 3214 falli,
2771 3167 2891 3206 cuin
2917 3159 3156 3206 veterum
3185 3151 3528 3219 philosopho-

1957 3255 2076 3293 rum
2111 3239 2278 3292 multa
2315 3247 2634 3308 argumenta
2667 3248 2778 3292 tum
2809 3241 3120 3309 quotidiana
3159 3239 3530 3307 experimenta

1953 3331 2264 3400 plenissime
2289 3331 2502 3385 docent.
2529 3329 2706 3399 Eque
2732 3331 2900 3396 enim,
2939 3341 2998 3386 ut
3043 3332 3120 3386 ait
3145 3331 3378 3392 Boetius,
3407 3345 3531 3384 sen-

1955 3436 2048 3476 sus
2101 3422 2228 3476 etin
2255 3421 2504 3476 maximis
2547 3431 2602 3474 et
2647 3421 2890 3476 minimis
2931 3421 3347 3476 confmnluntur.
3381 3419 3528 3474 [huic

1955 3511 2016 3564 fit
2041 3519 2118 3574 ut,
2151 3511 2216 3564 de
2254 3509 2337 3564 his
2360 3511 2412 3564 in
2441 3511 2638 3580 quibus
2663 3511 3086 3575 confunduntur,
3113 3525 3318 3564 nurum
3349 3509 3525 3562 since-

1958 3616 2192 3670 rumque
2217 3603 2478 3670 judicium
2506 3602 2709 3658 habere
2741 3618 2844 3657 non
2873 3603 3100 3672 possint.
3131 3600 3208 3656 De
3243 3599 3528 3654 mediocri-

1954 3694 2058 3748 bus
2089 3707 2302 3762 quoque
2325 3693 2486 3748 rebus
2515 3708 2620 3748 non
2648 3695 2800 3764 juxta
2847 3709 3024 3748 rerum
3053 3692 3330 3746 veritatem
3363 3731 3377 3755 ,
3433 3689 3527 3748 iaci

1954 3798 2054 3853 PI‘O
2079 3782 2275 3838 εποειυ
2303 3783 2556 3852 iutlicant
2584 3786 2888 3848 sentientis.
2923 3783 3067 3844 Sane
3105 3799 3332 3857 namque
3360 3785 3529 3838 cuivis

1955 3876 2260 3950 coercitum,
2303 3878 2358 3940 si
2409 3885 2636 3940 multum
2683 3883 2907 3947 esuriat,
2933 3881 3096 3936 etiam
3131 3894 3316 3934 amara
3347 3875 3524 3930 dulcia

1955 3980 2236 4043 videntur;
2275 3987 2479 4049 :egroto
2501 3985 2703 4042 autem,
2737 3986 2828 4030 aut
2875 3976 3104 4030 multum
3133 3981 3338 4036 saturo,
3362 3971 3524 4023 etiam

1957 4069 2136 4124 dulcia
2164 4079 2520 4124 suutamara.
2567 4067 2698 4124 Item
2746 4067 2790 4122 si
2833 4066 2954 4134 quis
2998 4062 3255 4118 deformis
3301 4057 3527 4124 alicujus

1962 4161 2128 4214 scorti
2151 4175 2338 4214 amore
2366 4161 2642 4228 depereat,
2675 4171 2856 4212 nonne
2885 4155 2974 4210 illa
3001 4153 3120 4206 talis
3159 4149 3330 4204 forma
3357 4147 3528 4202 oculis

1956 4252 2072 4321 ejus
2097 4267 2306 4306 summe
2335 4249 2644 4322 gratissima
2685 4259 2788 4314 est,
2819 4263 2940 4302 eum
2971 4244 3208 4300 omnium
3263 4255 3400 4310 pene
3449 4239 3528 4291 in-

1957 4345 2245 4410 tuentium,
2273 4359 2501 4414 quorum
2553 4356 2706 4396 mens
2755 4339 2942 4396 eadem
2994 4336 3210 4391 miseria
3261 4333 3525 4400 captivam

272 4434 486 4500 carnis;
524 4435 646 4487 licet
673 4449 774 4489 non
807 4435 948 4491 aliud
969 4451 1128 4505 quam
1169 4435 1342 4506 ipsum
1375 4437 1664 4494 habeamus
1685 4440 1736 4493 in
1767 4441 1850 4494 his
1881 4465 1930 4524 Β,
1957 4450 2064 4489 non
2097 4443 2202 4498 est,
2235 4449 2338 4488 non
2369 4433 2712 4488 mediocriter
2741 4431 2889 4484 visus
2921 4423 3186 4480 oﬂendat?
3217 4423 3440 4475 Remum
3472 4437 3522 4472 In

273 4523 654 4576 sacramentis.
692 4523 758 4576 Et
797 4525 1008 4578 merito.
1055 4524 1188 4580 Nam
1243 4527 1368 4594 quia
1417 4526 1624 4582 fructus
1665 4530 1849 4582 morti-

277 4611 406 4668 ferae
441 4615 654 4669 arboris
705 4617 940 4686 antiquis
989 4618 1296 4672 hominibus
1345 4619 1648 4687 spirituales
1699 4636 1850 4674 vera-

275 4719 472 4775 cesque
525 4707 709 4762 oculos
751 4709 1036 4772 clauserat,
1073 4710 1322 4765 carnales
1367 4711 1690 4782 fallacesque
1721 4727 1848 4780 ape-

279 4805 492 4862 ruerat;
517 4798 721 4867 justum
755 4807 834 4852 est
877 4807 932 4850 ut
977 4800 1186 4859 fructus
1235 4801 1458 4855 vivitica:
1487 4805 1664 4858 crucis
1699 4804 1852 4857 novis

279 4885 582 4942 hominibus
613 4890 752 4957 ipsos
800 4890 972 4944 carnis
1025 4895 1220 4954 oculos
1267 4891 1496 4954 claudat,
1549 4906 1602 4951 et
1633 4883 1850 4951 vct'aces

283 4981 472 5034 mentis
511 4981 729 5046 oculos,
788 4983 974 5051 quibus
1037 4987 1256 5048 veritas
1319 4984 1565 5053 videtur,
1623 4989 1846 5058 aperiat.

279 5067 726 5134 Quetuadmodum
751 5075 902 5142 igitur
925 5076 1230 5147 ἕίἨιιοίειΙΙίί
1261 5075 1458 5142 palato,
1503 5093 1689 5135 amara
1717 5097 1846 5137 cen-

281 5162 408 5214 senti
441 5179 554 5218 ulla:
584 5179 712 5217 sano
737 5163 890 5218 dulcia
914 5177 1050 5218 suis.
1127 5183 1300 5218 uerno
1329 5183 1491 5218 sanus
1519 5175 1692 5218 credit
1718 5188 1730 5218 ε
1775 5175 1844 5218 im

1953 4543 2121 4596 aqua,
2155 4527 2200 4579 si
2239 4526 2542 4594 interrogas
2569 4523 2774 4587 oculos,
2805 4522 3032 4574 fractum
3077 4523 3346 4578 asserunt,
3368 4527 3525 4580 quem

1953 4631 2076 4670 mox
2103 4623 2410 4668 extractum
2435 4613 2697 4668 niansisse
2723 4613 2988 4680 integrum
3018 4605 3338 4662 testantibus
3359 4603 3528 4656 oculis

1953 4705 2094 4759 ratio
2123 4703 2338 4772 probat.
2372 4703 2512 4770 Quid
2548 4701 2615 4756 de
2657 4701 2861 4770 judicio
2893 4701 3105 4756 aurium
3126 4697 3148 4749 ’ἒ
3194 4694 3530 4764 quandoun

1953 4800 2078 4854 (z‘ent
2105 4798 2196 4853 illa
2223 4812 2342 4867 quae
2367 4799 2420 4852 in
2445 4797 2669 4853 auribus
2690 4794 2852 4850 sobrii
2881 4789 3274 4852 absurdissima
3298 4795 3531 4851 resonat,

1953 4891 2212 4946 lascivum
2231 4889 2526 4957 quemlibet
2549 4886 2772 4940 mimmn
2793 4888 3080 4944 cantilena
3103 4877 3274 4933 mollis
3287 4877 3538 4932 oblectat.

1954 4981 2061 5035 Sed
2091 4979 2220 5048 quid
2249 4979 2300 5032 in
2331 4977 2418 5034 his
2447 4979 2654 5036 diutius
2678 4979 2994 5038 immorer?
3033 4971 3164 5040 Quis
3189 4969 3330 5022 enim
3363 4968 3551 5023 mirari

1953 5073 2147 5128 debeat
2168 5073 2210 5126 si
2235 5085 2436 5128 sensus
2457 5070 2698 5129 exterior
2725 5067 3074 5134 frequenter
3100 5059 3291 5115 ialm“?
3309 5074 3456 5118 .Cum
3479 5061 3560 5112 iu-

1953 5169 2122 5218 terior
2175 5175 2336 5216 atoue
2367 5166 2614 5216 ninnium
2663 5160 2824 5216 iudex
2867 5165 3166 5216 sunsuum
3194 5147 3414 5210 Minius.
3466 5146 3566 5200 nisi
