4006 5282
491 236 626 292 M59

1566 232 1950 290 GUITMUNDI
1983 231 2412 290 ARCIHEPISC.
2448 232 2790 290 AVERSANI

3605 228 3742 289 ιιιο

487 378 666 436 e.audi
693 377 985 445 credojam
1019 379 1240 440 retines,
1273 387 1332 432 ut
1361 376 1613 431 videlicet
1641 391 1738 446 per
1761 371 2056 444 spiritalem
2085 369 2136 429 Α
2163 366 2426 423 fantiliter
2473 367 2682 436 garrire
2727 380 2834 420 non
2866 363 3142 436 cessabis?
3171 361 3406 418 Proinde
3429 363 3738 419 considera-

490 470 814 539 vitaleche
839 471 1018 524 cibum
1051 469 1310 524 restitutis
1341 468 1734 538 spiritualibus,
1766 479 1903 534 quos
1936 479 2062 518 car-

489 559 630 615 nalis
657 560 744 614 ille
776 575 836 612 ac
865 559 1108 614 mortifer
1141 560 1412 614 clauserat
1448 559 1660 622 oculus,
1686 558 1798 628 jam
1831 573 1937 612 non
1971 569 2060 611 se-

491 650 725 704 cundmn
777 663 995 703 carnem
1059 651 1336 718 sapiamus
1393 649 1475 720 (Η
1519 649 1640 704 (ἴον.
1687 648 1742 718 v)
1799 647 1864 700 ad
1913 660 2062 701 mor-

491 751 622 804 tem,
661 738 786 803 sed;
805 739 1034 792 revelata
1083 740 1243 806 facie,
1286 755 1406 810 quae
1441 747 1564 793 sunt
1596 736 1896 807 spiritualia
1933 751 2064 790 con-

492 831 812 900 templemur
861 831 926 884 ad
983 832 1146 886 vitam
1196 841 1479 886 aeternam.
1528 831 1704 900 Atque
1762 830 1835 883 ita
1887 843 2062 898 quan-

491 923 584 977 diu
643 923 694 976 in
754 937 923 992 agone
978 923 1098 978 fidei
1153 935 1468 988 certamus,
1533 922 1772 992 quandiu
1819 920 2063 991 peregri-

493 1029 738 1068 namura
767 1013 1016 1080 Domino,
1073 1015 1230 1069 ﬁdem
1283 1024 1524 1070 nostram
1573 1013 1761 1068 sedulo
1811 1011 2064 1067 convenit

489 1107 754 1169 exerceri,
787 1117 1054 1174 quatenus
1087 1108 1394 1161 exercendo
1433 1105 1728 1164 erudiatur,
1767 1101 2062 1157 erudiendo

490 1205 768 1265 pascatur,
819 1195 1090 1264 pascendo
1129 1204 1411 1263 augeatur,
1449 1195 1694 1265 augendo
1729 1191 2060 1263 perﬁciatur,

489 1287 728 1356 perfecta
763 1296 1070 1342 coronetur.
1104 1287 1256 1354 Quod
1299 1282 1478 1342 autem
1507 1287 1628 1341 ﬁdei
1661 1285 1710 1340 id
1743 1285 2062 1339 exercitium

489 1389 654 1444 esset,
698 1381 782 1435 vel
837 1380 976 1449 quod
1019 1395 1118 1450 pro
1165 1380 1426 1434 exercitio
1473 1394 1570 1432 suo
1619 1378 1872 1432 meritum
1929 1377 2062 1431 tanti

401 1469 404 1472 ’
491 1477 812 1530 Sacramenti
843 1474 1025 1529 ﬁdeles
1055 1475 1342 1540 haberent,
1374 1475 1418 1528 si
1444 1489 1652 1528 sacram
1683 1472 1915 1527 hostiam
1953 1487 2062 1526 non

489 1581 670 1638 posse,
708 1567 810 1622 nisi
853 1582 950 1636 per
976 1568 1314 1622 sacerdotem
1347 1575 1396 1621 et
1427 1567 1480 1620 in
1517 1566 1678 1620 missa
1726 1565 2062 1620 solummodo

489 1657 676 1721 dividi,
707 1656 992 1712 manifeste
1011 1665 1064 1710 et
1085 1656 1452 1726 quorumlibet
1477 1656 1646 1710 oculis
1671 1665 1900 1726 pateret.
1929 1655 2062 1722 Quis

2165 458 2270 514 tius
2295 459 2604 528 supradicta
2631 463 2887 522 retracta,
2911 463 2968 510 et
2990 454 3221 510 ﬁdenter
3253 465 3396 519 tene,
3429 462 3524 507 aut
3555 452 3738 508 Domi-

2163 565 2292 604 num
2343 549 2510 604 Deum
2555 558 2800 602 nostrum
2851 563 3067 602 carnem
3113 561 3265 600 suam
3301 546 3422 602 sine
3467 545 3578 600 ullo
3621 545 3744 615 ejus

2165 638 2508 694 incommodo
2529 653 2626 708 per
2649 644 2830 708 partes
2851 634 3196 690 ineﬂ‘abiliter
3215 649 3374 706 posse
3393 634 3738 699 distribuere,

2165 739 2278 797 aut,
2314 730 2360 784 si
2385 731 2435 786 id
2465 729 2514 784 ei
2545 745 2650 784 non
2679 728 2874 799 placet,
2903 735 3237 784 sacramenta
3267 741 3378 780 sua:
3409 741 3630 790 mensae,
3659 739 3736 778 vei

2165 820 2458 876 secundum
2513 818 2752 874 rationes
2805 831 2940 888 quas
3000 815 3257 880 diximus,
3305 815 3392 870 vel
3441 814 3736 870 secundum

2164 911 2318 974 alias,
2376 911 2421 965 si
2464 911 2604 966 Deus
2651 909 2744 963 tibi
2777 908 2988 964 dederit
3028 906 3256 964 forsitan
3303 906 3580 968 meliores,
3617 905 3738 960 licet

2163 1003 2446 1060 oculorum
2516 1001 2816 1056 carnalium
2877 998 3180 1054 inﬁrmitati
3247 997 3406 1052 aliter
3469 997 3744 1061 videatur,

2165 1105 2346 1150 tamen
2397 1094 2628 1149 indivisa
2673 1107 2916 1148 manere.
2955 1091 3024 1146 At
3051 1091 3096 1146 si
3129 1088 3256 1146 illud
3283 1088 3426 1158 quod
3453 1088 3600 1158 prius
3627 1087 3736 1140 disi

2167 1187 2400 1242 Domino
2435 1185 2633 1256 placet,
2679 1184 2762 1240 fas
2813 1193 2896 1240 est
2949 1198 3078 1254 ergo
3125 1197 3232 1236 non
3285 1197 3383 1252 per
3427 1179 3736 1235 violentiam

2165 1279 2384 1348 quidem
2421 1285 2685 1342 nostram,
2720 1275 2812 1332 sed
2853 1290 2952 1346 per
2994 1273 3360 1346 dignationem
3395 1287 3546 1328 suam
3577 1271 3738 1326 Chri-

2167 1377 2309 1422 stum
2342 1366 2639 1422 secundum
2673 1380 2892 1420 carnem
2931 1363 3184 1418 dentibus
3219 1363 3380 1418 atteri
3411 1371 3466 1416 et
3491 1377 3588 1432 per
3619 1377 3742 1431 par—

2166 1469 2248 1515 tes
2289 1474 2488 1530 corpus
2530 1457 2648 1529 ejus
2689 1457 2938 1512 ﬁdelibus
2993 1454 3312 1510 ministrari.
3359 1455 3416 1508 Si
3466 1469 3594 1508 vero
3631 1469 3738 1508 non

2163 1551 2360 1619 placet,
2411 1548 2548 1603 nihil
2599 1548 2756 1602 nobis
2803 1546 3190 1602 inconveniens
3233 1545 3302 1602 de
3345 1544 3612 1599 divisione
3649 1560 3736 1599 sa-

2165 1627 2573 1699 cramentorum
2603 1648 2659 1694 et
2685 1637 3040 1707 dissipatione
3072 1637 3232 1691 debet
3272 1635 3434 1706 objici
3464 1650 3586 1706 qua:
3609 1650 3728 1707 pos-

491 1759 596 1798 ιιοη
627 1745 710 1800 vel
740 1745 1033 1820 inﬁdelium
1061 1760 1158 1815 pro
1191 1754 1298 1826 tam
1321 1746 1554 1810 evidenti
1582 1715 1864 1812 miraculo,
1893 1748 2062 1818 magis
2095 1715 2138 1776 Β
2166 1743 2314 1798 sunt,
2352 1741 2412 1787 ut
2440 1731 2700 1796 diximus,
2731 1729 3132 1784 rationabiliter
3175 1728 3524 1784 indivisibilia
3562 1739 3618 1784 et
3649 1730 3736 1783 in-

490 1837 658 1902 quam‘
673 1851 770 1905 pro
799 1837 1008 1890 ratione
1037 1836 1159 1890 ﬁdei
1189 1837 1521 1890 consentiret
1561 1837 1584 1890 ‘3
1619 1837 1858 1906 Denique
1889 1839 2066 1891 mani-

493 1923 628 1978 festa
661 1926 918 1980 miracula
951 1943 1054 1982 non
1085 1937 1310 1997 propter
1343 1929 1548 1992 ﬁdeles,
1579 1930 1671 1982 sed
1703 1939 1924 1999 propter
1950 1928 2064 1982 inﬁ-

493 2014 638 2068 deles
665 2015 795 2069 dicit
823 2016 1110 2085 Apostolus
1141 2017 1256 2072 ﬁeri
1284 2035 1298 2084 ;
1345 2019 1459 2073 haec
1490 2029 1668 2074 autem
1719 2029 2058 2074 sacramenta

491 2118 598 2158 non
627 2113 752 2158 sunt
777 2105 1092 2171 inﬁdelium,
1119 2109 1212 2162 sed
1239 2109 1474 2164 ﬁdelium
1504 2109 1556 2180 (Ι
1583 2109 1704 2164 Cor.
1741 2111 1873 2172 xiv).
1909 2109 2064 2166 Unde

493 2191 920 2249 necinﬁdelibus
963 2194 1046 2250 fas
1087 2205 1170 2250 est
1216 2197 1306 2250 illa
1349 2199 1616 2263 distribui,
1651 2201 1740 2254 sed
1775 2215 1874 2253 nec
1898 2201 2061 2254 etiam

491 2284 674 2351 pandi.
728 2282 843 2339 Non
887 2286 1050 2355 igitur
1099 2285 1404 2342 inﬁdelibus
1451 2303 1549 2358 per
1586 2299 1771 2358 aperta
1801 2290 2062 2344 miracula

491 2385 732 2444 pateant,
762 2378 858 2432 soli
887 2393 1015 2432 vero
1045 2379 1227 2434 fideles
1253 2395 1356 2435 non
1385 2383 1566 2436 carnis
1589 2383 1782 2436 intuitu
1812 2383 1946 2446 ἤειδε,
1969 2383 2062 2439 sed

494 2475 676 2523 mente
712 2479 957 2525 cernant.
990 2469 1123 2524 Nam
1155 2482 1208 2526 et
1237 2471 1354 2542 ipse
1387 2473 1647 2528 Dominus
1692 2485 1875 2530 noster
1906 2475 2064 2531 Jesus

492 2557 738 2614 Christus
757 2568 1096 2614 sacramenta
1119 2560 1254 2624 haec,
1271 2561 1586 2630 mysterium
1609 2563 1730 2616 ﬁdei
1755 2563 2059 2634 appellavit.

495 2647 568 2704 lit
611 2649 737 2718 quid
775 2664 906 2718 ergo
945 2653 1285 2720 mysterium,
1335 2654 1436 2707 nisi
1483 2655 1606 2724 quia
1632 2656 1936 2710 occultum?
1996 2655 2064 2711 Ut

494 2741 620 2810 quid
652 2741 793 2806 ﬁdei,
823 2742 925 2796 nisi
957 2743 1098 2811 quod
1139 2743 1240 2798 hoc
1278 2759 1384 2798 non
1429 2747 1609 2799 carnis
1649 2746 1820 2806 oculo.
1862 2748 1954 2802 sed
1983 2747 2066 2801 in-

495 2830 632 2882 tuittt
668 2830 790 2884 ﬁdei
819 2831 1074 2885 convenit
1120 2831 1505 2902 contemplari;
1559 2849 1706 2896 nam,
1755 2835 1893 2888 sicut
1943 2850 2065 2890 san-

493 2921 771 2977 ctissimus
803 2925 878 2977 ait
913 2923 1227 2995 Gregorius,
1271 2941 1378 2981 non
1421 2928 1584 2982 habet
1621 2927 1751 2984 ﬁdes
1791 2930 2063 2996 meritum,

497 3014 583 3068 cui
625 3015 860 3070 hmnana
890 3017 1030 3070 ratio
1057 3017 1262 3087 praebet
1293 3005 1746 3087 experimentum.
1791 3017 1851 3074 Si
1903 3019 2067 3090 igitur

497 3106 564 3159 de
614 3103 824 3160 fallacia
874 3107 1171 3162 carnalium
1221 3123 1502 3174 sensuum,
1547 3110 1639 3179 qui
1673 3123 1771 3164 nec
1808 3110 1872 3165 de
1904 3111 2066 3165 rebus

493 3197 694 3265 parvis,
725 3208 782 3252 et
816 3214 938 3268 qua:
981 3199 1112 3270 ipsis
1143 3209 1328 3270 patere
1358 3201 1607 3256 sensibus
1645 3202 1839 3266 solent,
1871 3203 2064 3256 nedum

495 3290 564 3344 de
595 3289 847 3344 maximis
892 3299 948 3346 et
983 3292 1211 3347 occultis
1257 3301 1449 3348 contra
1503 3292 1769 3348 rationem
1813 3293 2066 3350 credendi

494 3389 640 3448 suut,
683 3382 961 3436 evidenter
1011 3385 1288 3454 accepisti,
1335 3386 1379 3439 si
1429 3385 1739 3455 spirituales
1779 3399 1970 3440 sensus
1999 3386 2065 3441 ad

493 3469 796 3540 spiritualia
828 3482 1168 3527 sacramenta
1205 3474 1426 3543 aperiri,
1461 3475 1707 3529 carnales
1737 3489 1866 3530 vero
1891 3475 2064 3529 claudi

493 3572 744 3633 oportere
793 3565 1046 3627 didicisti,
1093 3566 1138 3620 si
1172 3565 1402 3636 denique
1443 3567 1627 3622 tibide
1653 3568 1910 3638 mysterio
1937 3567 2062 3622 ﬁdei

496 3656 576 3711 sic
601 3657 903 3712 inﬁdelibus
929 3659 1268 3726 occultando,
1307 3661 1551 3717 ﬁdelibus
1574 3671 1753 3716 autem
1782 3677 1880 3730 pro
1907 3677 2066 3717 exer--

497 3749 625 3803 citio
667 3765 767 3804 suo
813 3751 1005 3804 merito
1050 3752 1348 3806 crescentis
1395 3753 1513 3806 fidei
1560 3751 1846 3823 plurimum
1877 3751 2064 3822 profu-

504 3849 648 3904 turo,
699 3840 1041 3895 satisfactum
1073 3851 1187 3908 est;
1219 3844 1403 3909 nullis,
1441 3853 1502 3898 ut
1543 3845 1800 3910 arbitror,
1833 3844 1920 3899 hic
1950 3859 2066 3898 am-

495 3929 634 4001 plius
687 3932 921 3987 tenebris
961 3934 1215 4004 improbae
1257 3937 1716 4006 tergiversationis
1759 3947 1809 3992 te
1856 3937 2055 3992 involvi

497 4024 669 4078 decet.
715 4025 797 4080 Ad
843 4041 1128 4094 summam,
1169 4031 1288 4098 quis
1319 4031 1488 4100 possit
1527 4031 1743 4086 edicere
1769 4031 1851 4086 vel
1883 4043 2062 4086 mente

496 4131 716 4186 capere,
741 4125 941 4186 quanta
988 4121 1149 4172 etiam
1192 4132 1392 4177 nostrae
1436 4123 1615 4177 carnis
1657 4134 1780 4192 post
1825 4137 2064 4179 resurre-

492 4207 728 4261 ctionem
769 4207 948 4262 futura
976 4209 1045 4262 sit
1088 4210 1277 4281 gloria,
1323 4221 1524 4282 quanta
1563 4214 1836 4283 potentia?
1865 4214 2062 4268 Immu-

495 4299 731 4354 tabimur
772 4301 938 4369 enim,
964 4309 1017 4357 et
1045 4305 1376 4374 corruptibile
1406 4307 1500 4360 hoc
1539 4307 1717 4362 induet
1767 4308 2062 4376 corruptio-

2093 3061 2134 3118 ϐ

2169 1827 2592 1900 disseparabilia
2617 1826 2980 1895 comprobari.

2858 1932 3056 1972 ROGER.

2235 2015 2313 2070 lta
2363 2013 2560 2078 fateor;
2597 2013 2809 2070 cunctis
2846 2027 2966 2082 quae
2991 2011 3218 2081 opposui
3251 2019 3338 2064 tua
3366 2021 3740 2081 competenter

2165 2109 2404 2164 occurrit
2433 2107 2592 2171 ratio,
2625 2117 2686 2160 ut
2715 2119 2812 2174 per
2837 2103 3018 2160 omnia
3061 2101 3348 2172 gaudeam,
3392 2108 3448 2156 et
3487 2101 3621 2158 nihil
3667 2115 3740 2155 ex

2163 2200 2252 2255 his
2279 2199 2550 2270 reliquum
2579 2196 2792 2252 videam
2817 2196 2870 2250 in
2896 2209 3004 2263 quo
3022 2193 3225 2262 justum
3253 2202 3436 2262 putem
3467 2203 3518 2250 te
3539 2193 3732 2248 debere

2169 2305 2199 2344 a
2231 2304 2318 2344 me
2351 2287 2582 2358 amplius
2613 2285 2852 2356 fatigari.

2779 2389 3144 2431 GUITMUNDUS.

2241 2473 2375 2529 Illud
2407 2485 2542 2528 sane
2579 2467 2890 2540 scrupulum
2921 2475 3100 2524 movet
3131 2465 3422 2536 aliquibus,
3449 2464 3740 2536 quominus

2166 2567 2309 2622 hanc
2361 2563 2720 2620 mutationem
2775 2575 2938 2630 posse
2991 2559 3112 2614 ﬁeri
3143 2558 3412 2626 credant,
3481 2556 3624 2628 quod
3669 2571 3738 2612 ex

2167 2657 2340 2714 solido
2385 2663 2593 2711 natura:
2635 2669 2798 2709 cursu
2837 2651 2984 2707 nulla
3032 2651 3146 2706 fere
3189 2665 3258 2706 ex
3307 2659 3422 2704 toto
3469 2647 3736 2704 simillima

2167 2748 2408 2804 occurrit
2453 2745 2702 2801 mutatio.
2757 2743 2890 2798 Nam
2917 2759 3038 2798 cum
3067 2742 3269 2812 aliquid
3305 2737 3736 2796 substantialiter

2167 2845 2566 2895 transmutatur
2595 2835 2650 2890 in
2687 2835 2856 2900 aliud,
2887 2835 2942 2889 in
2973 2833 3028 2888 id
3061 2833 3246 2901 utique
3293 2830 3530 2886 transire
3575 2827 3730 2893 solet,

2168 2930 2311 3002 quod
2333 2945 2440 2985 non
2469 2927 2738 2984 existebat
2763 2925 2934 2997 prius,
2968 2924 3118 2980 verbi
3141 2923 3337 2992 gratia,
3381 2919 3538 2990 Virga
3569 2917 3736 2989 Moysi

2169 3031 2372 3076 mutata
2411 3029 2484 3075 est
2517 3019 2572 3074 in
2607 3027 2897 3089 serpentem
2944 3016 3146 3087 (Exod.
3175 3019 3298 3086 vn),
3329 3029 3450 3084 quae
3477 3021 3604 3068 ante
3629 3025 3734 3066 non

2167 3120 2284 3167 erat
2313 3124 2555 3180 serpens,
2591 3108 2686 3164 sed
2721 3120 2846 3164 tunc
2881 3107 3050 3176 coepit
3087 3119 3207 3161 esse
3239 3119 3490 3174 serpens;
3521 3102 3734 3172 quando

2165 3217 2299 3258 vero
2347 3199 2577 3254 dicimus
2625 3197 2826 3254 mutari
2870 3211 3090 3266 panem,
3141 3194 3329 3250 nonin
3355 3207 3572 3248 carnem
3614 3207 3731 3263 qua:

2165 3295 2404 3352 nondum
2455 3291 2638 3349 fuerat
2691 3305 2842 3354 caro,
2891 3288 2984 3346 sed
3039 3288 3092 3344 in
3135 3302 3252 3344 eam
3297 3301 3418 3356 quae
3455 3284 3570 3353 jam
3621 3297 3736 3344 erat

2166 3387 2370 3444 Christi
2403 3401 2556 3451 caro,
2584 3385 2701 3440 sine
2731 3384 2840 3438 ullo
2869 3383 3050 3438 carnis
3087 3382 3259 3451 ipsius
3293 3380 3590 3438 Domin'cte
3623 3395 3738 3436 cre-

2167 3487 2348 3533 mento
2392 3476 2592 3531 mutari
2636 3474 2980 3530 conﬁtemur.
3023 3473 3088 3527 L‘t
3127 3487 3226 3527 nos
3265 3473 3514 3542 equidem
3554 3472 3622 3524 ad
3659 3471 3740 3524 iu-

2169 3568 2514 3640 telligendnm
2539 3565 2697 3620 nobis
2730 3565 2782 3618 in
2817 3565 2922 3619 hoc
2951 3563 3148 3619 saeculo
3183 3561 3454 3618 diﬁicilem
3479 3562 3736 3618 mutatio-

2167 3675 2294 3714 nem
2327 3659 2466 3714 hanc
2499 3673 2606 3714 non
2635 3671 2915 3727 negamus,
2941 3670 3049 3709 non
3077 3664 3260 3709 tamen
3293 3655 3360 3709 ad
3383 3653 3732 3708 credendum.

2166 3751 2270 3806 Sed
2301 3765 2561 3822 quorsum
2589 3749 2676 3804 id?
2716 3747 2832 3802 Non
2881 3748 3030 3804 enim
3079 3747 3282 3802 idcirco
3328 3761 3586 3817 magnum
3637 3747 3738 3800 hoc

2165 3855 2326 3913 atque
2357 3842 2776 3897 saluberrimum
2799 3840 3023 3895 credere
3045 3854 3150 3894 non
3173 3839 3454 3902 debemus,
3479 3839 3526 3894 si
3555 3839 3610 3894 in
3635 3839 3736 3893 hac

2164 3937 2294 3998 vita,
2339 3934 2608 4004 quomodo
2655 3933 2771 3997 ﬁat,
2821 3946 3016 4001 capere
3043 3946 3150 3986 non
3181 3930 3442 3995 valemus,
3483 3946 3606 3984 cum
3644 3945 3738 3984 ne-

2163 4027 2400 4083 cessario
2445 4025 2612 4080 multa
2667 4025 2772 4079 ﬁde
2801 4033 3102 4089 teneamus,
3139 4022 3336 4094 quibus
3363 4033 3546 4077 nostra
3584 4023 3738 4078 caeci-

2163 4131 2270 4185 tas,
2295 4129 2390 4174 aut
2413 4118 2582 4174 multo
2605 4117 2799 4188 magis,
2821 4125 2918 4170 aut
2937 4125 3087 4171 certe
3110 4131 3216 4172 non
3239 4116 3416 4172 minus
3437 4130 3740 4186 repugnare

2163 4211 2414 4268 videtur?
2445 4212 2517 4265 De
2546 4208 2888 4279 providentia
2925 4223 3158 4278 namque
3201 4217 3256 4262 et
3289 4209 3459 4262 libero
3489 4209 3736 4274 arbitrio,

2165 4321 2286 4361 cum
2321 4312 2612 4372 utrumque
2660 4299 2888 4355 ﬁdeliter
2922 4309 3222 4363 teneamus,
3251 4309 3306 4354 et
3336 4308 3628 4369 utrumque
3653 4308 3738 4354 te-

496 4405 630 4453 nem,
659 4401 706 4446 et
738 4408 927 4462 corpus
957 4410 1093 4447 nunc
1117 4397 1343 4449 animale
1367 4407 1538 4467 surget
1562 4398 1830 4468 spirituale
1859 4396 1908 4468 (1
1935 4396 2057 4450 Cor.
2093 4409 2140 4470 ο
2171 4397 2290 4454 neri
2341 4401 2614 4464 oporteat,
2664 4393 2740 4448 ita
2783 4391 2888 4446 sibi
2928 4391 3168 4448 rationes
3203 4392 3454 4446 humanae
3489 4392 3741 4446 videntur

497 4481 610 4548 xv),
630 4481 953 4553 dabiturque
975 4485 1128 4538 nobis
1145 4487 1284 4554 quod
1301 4488 1481 4540 oculus
1505 4505 1604 4541 non
1630 4489 1776 4553 vidit,
1803 4505 1894 4543 nec
1916 4489 2062 4542 auris

495 4571 717 4633 audivit,
742 4587 832 4626 nec
860 4572 913 4627 in
943 4589 1034 4628 car
1051 4575 1275 4629 hominis
1294 4579 1522 4630 ascendit
1552 4575 1684 4649 (Isa.
1713 4593 1862 4642 LXIV;
1883 4577 1912 4631 Ι
1941 4579 2061 4632 Cor.

496 4659 582 4728 ιι).
605 4657 734 4712 Cum
757 4662 920 4732 igitur
943 4665 1026 4718 vel
1058 4667 1282 4720 extremi
1305 4665 1585 4733 cujuslibet
1607 4667 1912 4722 homunculi
1937 4682 2066 4722 caro

497 4760 752 4818 quantam
787 4752 855 4806 sit
889 4753 1137 4808 habitura
1179 4758 1473 4825 potentiam
1519 4757 1661 4810 nulla
1705 4772 1848 4812 nunc
1897 4757 2068 4826 possit

497 4843 954 4910 comprehendere
1002 4846 1160 4910 ratio,
1195 4853 1248 4899 tu
1279 4847 1345 4900 de
1374 4862 1602 4916 corpore
1639 4847 1934 4902 Salvatoris
1967 4849 2067 4902 im.-

497 4931 764 5002 pudeutcr
796 4941 850 4987 et
881 4935 1192 5002 carnaliter,
1225 4938 1379 5006 juxta
1415 4951 1606 4993 sensus
1630 4938 1892 5008 disputas,
1923 4937 2066 5004 quod

497 5039 611 5094 pra:
637 5038 695 5078 se
719 5023 1062 5080 ineffabiliter
1091 5041 1280 5081 omnes
1305 5027 1482 5096 angeli
1511 5029 1872 5084 venerantur?
1904 5027 2067 5083 Certe

498 5117 778 5170 enimvero
810 5116 1068 5184 quidquid
1113 5120 1346 5176 humano
1373 5123 1664 5178 intellectui
1696 5125 1937 5180 occurrit
1970 5141 2068 5180 no-

501 5207 584 5261 bis
623 5220 784 5276 posse
831 5205 968 5269 dari,
1014 5207 1190 5260 minus
1233 5218 1313 5262 est
1360 5219 1454 5264 aut
1481 5213 1632 5278 nihil,
1671 5215 1736 5266 ad
1767 5213 1894 5268 illud
1924 5216 2067 5282 quod

2167 4489 2490 4546 altrinsecus
2519 4485 2760 4550 obviare,
2790 4493 2849 4538 ut
2879 4484 3057 4554 potius
3085 4493 3377 4554 utramque
3403 4481 3738 4556 [utrumque]

2167 4581 2408 4640 vicissim
2439 4577 2743 4640 destruant,
2773 4591 2936 4644 quam
2972 4576 3056 4630 vel
3093 4574 3328 4630 alterum
3375 4590 3496 4630 esse
3541 4589 3736 4629 conce-

2167 4677 2316 4730 dant.
2350 4670 2502 4725 Nulla
2533 4683 2688 4722 mens
2731 4667 2964 4722 hominis
3003 4675 3182 4736 potest
3231 4681 3428 4737 capere
3471 4665 3738 4736 quomodo

2169 4765 2220 4820 id
2245 4763 2386 4834 quod
2415 4762 2467 4815 in
2497 4774 2604 4814 uno
2627 4759 2744 4814 loco
2777 4767 2945 4812 totum
2974 4765 3060 4814 est
3082 4757 3270 4815 eodem
3298 4767 3540 4828 tempore
3569 4767 3736 4812 totum

2167 4869 2285 4910 esse
2325 4850 2494 4922 possit
2539 4849 2591 4904 in
2635 4848 2824 4914 altero,
2864 4863 2986 4904 cum
3017 4848 3083 4904 de
3111 4863 3241 4903 voce
3273 4858 3452 4903 tamen
3479 4849 3734 4916 hominis,

2169 4946 2222 5000 id
2259 4957 2447 4998 omnes
2493 4949 2748 5005 teneant;
2800 4939 3038 4994 animam
3069 4954 3281 5009 quoque
3307 4939 3536 5011 singulis
3564 4941 3734 4994 inesse

2170 5034 2429 5091 membris
2451 5031 2608 5088 simul
2636 5039 2823 5096 totam,
2851 5031 3042 5086 beatus
3063 5031 3396 5102 Augustinus
3415 5032 3732 5100 inexpugna-

2168 5125 2263 5181 bili
2288 5126 2496 5179 ratione
2517 5121 2818 5178 conﬁrmet.
2847 5120 2915 5175 Et
2939 5135 3066 5177 ecce
3097 5121 3338 5176 omnium
3369 5135 3550 5176 rerum
3580 5136 3727 5176 crea~

2173 5217 2245 5271 tio
2293 5215 2551 5277 creditur,
2597 5227 2720 5267 cum
2759 5219 2942 5267 tamen
2979 5211 3047 5266 ab
3083 5212 3304 5268 homine
3330 5227 3438 5267 non
3471 5211 3728 5282 capiatur.
