4006 5282
256 129 389 186 MM

750 125 836 182 DE
875 122 1212 182 CORPORIS
1248 123 1337 178 ET
1378 121 1576 179 SANG.
1607 118 1838 177 DOMINI
1870 119 2216 175 VERITATE
2252 119 2427 174 LIBRI
2465 119 2662 176 TRES.
2705 120 2918 174 -—'L'.R.
2963 121 3002 174 I.

3359 122 3502 178 1N2

251 258 395 306 esse,
443 240 571 296 illud
622 241 762 310 quod
808 241 1043 310 primum
1086 238 1288 294 factum
1335 237 1456 304 fuit,
1501 245 1678 309 potest
1703 251 1824 291 esse
1852 237 1901 297 Α
1931 250 2030 289 nos
2052 236 2318 290 fateamur
2351 237 2675 306 investigare
2703 245 2808 290 non
2833 253 3007 304 posse.
3037 237 3094 292 In
3125 239 3317 294 talibus
3339 243 3502 299 rebus

253 333 479 401 aliquid.
532 329 663 384 Nam
715 329 844 384 illud
884 329 1084 398 aliquid
1123 329 1266 398 quod
1305 328 1610 394 interesset,
1649 327 1825 395 primo

253 421 456 476 factum
495 428 673 479 esset;
715 419 844 474 illud
874 435 1004 474 vero
1029 419 1256 474 alterum
1285 419 1573 488 posterius.
1601 417 1824 484 Quando

253 528 384 582 ergo
421 512 470 565 id
499 511 642 580 quod
669 511 844 581 primo
876 510 1076 565 factum
1112 520 1217 575 est,
1252 511 1438 564 habuit
1465 508 1616 563 ﬁeri?
1640 507 1824 561 habuit

257 613 457 658 tamen.
485 602 638 669 Quod
663 603 806 657 enim
831 618 936 657 non
965 612 1114 657 caret
1135 603 1289 657 initio
1315 601 1622 656 nullatenus
1652 611 1821 663 esset,

252 695 357 748 nisi
407 694 577 749 ﬁeret.
622 692 744 763 Ipse
774 695 970 765 quippe
1021 695 1152 748 dixit
1193 705 1240 748 et
1288 694 1429 764 facta
1480 701 1600 746 sunt
1644 689 1818 762 (Paul.

251 786 450 856 xxxn).
487 786 532 841 Ο
567 785 890 840 admirabile
915 786 1032 839 ﬁeri
1061 786 1203 855 quod
1229 783 1535 839 necessario
1557 783 1821 847 creditur,

249 887 308 933 et
347 879 494 932 nullo
533 879 767 949 cogitatu
823 877 1332 946 comprehenditur!
1368 877 1437 929 At
1473 877 1516 930 si
1549 876 1670 946 quis
1709 877 1823 929 haec

249 969 479 1024 absurde
529 968 834 1023 ratiocinari
879 984 964 1023 me
1008 969 1259 1031 :estimat,
1311 968 1469 1036 eique
1497 968 1607 1020 hrec
1631 967 1812 1022 omnia

248 1059 563 1130 displicent,
599 1060 741 1113 dicat
770 1060 850 1113 vel
883 1060 997 1129 ipse
1021 1059 1161 1128 quod
1195 1059 1392 1129 placet,
1420 1070 1471 1113 et
1503 1059 1739 1113 inveniet
1761 1073 1821 1112 se

245 1161 400 1206 certe
431 1152 484 1205 in
515 1153 768 1206 omnibus
802 1151 1000 1216 verbis,
1030 1151 1082 1205 in
1106 1151 1314 1205 cunctis
1342 1151 1506 1206 etiam
1539 1151 1822 1221 cogitatio-

251 1243 412 1297 nibus
439 1243 574 1306 suis,
602 1243 646 1296 si
680 1251 858 1296 tamen
895 1241 1166 1297 subtiliter
1195 1243 1508 1308 adverterit,
1540 1245 1604 1298 de
1636 1258 1818 1298 rerum

245 1331 441 1400 primis
483 1331 674 1395 initiis,
726 1330 1088 1386 deﬁcientem.
1132 1331 1256 1386 llaec
1297 1332 1477 1401 itaque
1507 1348 1627 1387 cum
1658 1331 1817 1386 ﬁdem

245 1421 558 1476 necessario
586 1422 823 1492 exigant,
841 1423 1230 1477 diseussionem
1257 1424 1566 1478 omnimodo
1592 1439 1695 1480 non
1720 1426 1816 1479 ad-

243 1512 493 1577 mittant,
526 1511 593 1565 ad
625 1513 792 1582 ipsius
833 1514 1071 1568 auctoris
1112 1528 1330 1583 corpus,
1373 1530 1550 1569 nonne
1588 1516 1818 1569 rationao

243 1601 430 1656 biliter
494 1611 753 1670 expetunt
818 1601 1118 1672 simplicem
1178 1605 1541 1670 creditorem,
1589 1615 1820 1675 arguunt

241 1689 554 1760 improbum
607 1692 1014 1746 discussorem?
1081 1693 1216 1750 Hinc
1265 1711 1394 1750 sane
1442 1697 1820 1766 disputationis

238 1794 462 1849 quoque
506 1780 666 1850 hujus
716 1782 952 1838 recolere
989 1783 1144 1839 decet
1188 1785 1418 1840 initium.
1449 1785 1816 1857 Proposuera-

237 1887 365 1926 mus
394 1887 588 1942 nempe
619 1873 715 1937 ita,
743 1882 804 1928 ut
830 1889 949 1928 cum
981 1875 1165 1930 dicunt
1210 1886 1456 1930 naturam
1503 1894 1607 1932 non
1656 1894 1814 1948 posse

241 1961 600 2016 mutationem
643 1962 782 2018 hanc
823 1965 958 2034 pati,
1009 1965 1093 2021 vel
1140 1966 1262 2020 addi
1306 1976 1649 2038 paterentur,
1710 1971 1812 2025 nisi

239 2051 388 2106 Deus
417 2051 564 2115 velit,
599 2053 682 2108 vel
713 2069 838 2108 non.
869 2055 925 2110 Si
958 2072 1063 2111 non
1098 2058 1375 2128 patiuntur
1413 2059 1514 2114 hoc
1542 2061 1686 2124 addi,
1717 2064 1814 2117 sed

238 2155 440 2213 prater
480 2147 850 2215 exceptionem
896 2159 1146 2202 asserunt
1172 2150 1222 2204 id
1247 2160 1496 2204 naturam
1521 2167 1626 2206 non
1654 2167 1814 2222 posse

238 2235 380 2304 pati,
427 2235 590 2289 etiam
630 2237 675 2290 si
719 2237 863 2293 Deus
915 2238 1070 2304 velit,
1110 2255 1214 2294 non
1244 2255 1373 2312 ergo
1417 2244 1643 2298 credunt
1689 2245 1814 2313 quia

236 2328 418 2382 omnia
467 2345 785 2400 quaecunque
831 2329 996 2385 voluit
1038 2333 1323 2399 Dominus,
1363 2335 1505 2404 fecit.
1532 2335 1590 2389 Si
1624 2348 1813 2391 autem

241 2433 348 2472 non
373 2421 603 2473 credunt
632 2421 888 2490 quoniam
921 2421 1101 2475 omnia
1139 2438 1474 2494 qumcunque
1512 2424 1680 2478 voluit
1709 2424 1815 2481 Do-

237 2511 424 2565 minus
449 2509 596 2577 fecit,
625 2513 858 2582 primum
899 2514 1115 2583 quidem
1154 2514 1468 2586 Scripturas
1499 2516 1810 2582 canonicas,

233 2614 377 2668 quas
406 2599 839 2670 isequentissime
869 2611 922 2658 et
959 2605 1055 2674 ipsi
1087 2605 1337 2670 recitant,
1371 2607 1480 2660 imo
1505 2620 1626 2662 cum
1659 2607 1812 2677 cujus

236 2700 368 2743 sunt
397 2690 710 2761 Scriptum,
759 2693 1008 2748 videlicet
1036 2694 1224 2761 Deum,
1255 2695 1586 2766 chpiciunt;
1618 2698 1811 2752 deinde

237 2794 376 2836 vero
413 2781 586 2851 ipsum
633 2782 800 2837 Deum
845 2799 947 2839 nec
988 2786 1449 2856 omnipotentem,
1498 2803 1598 2842 nec
1644 2790 1810 2843 Deum

232 2873 491 2926 credunt.
520 2872 636 2930 Non
673 2876 817 2930 enim
855 2892 982 2932 vere
1009 2878 1370 2948 omnipotens,
1401 2889 1495 2934 aut
1520 2895 1645 2934 vere
1669 2879 1811 2935 Deus

230 2972 317 3020 est
372 2965 465 3032 qui
497 2967 636 3034 quod
682 2967 795 3021 vult
824 2982 928 3022 non
969 2941 1175 3037 potest:
1194 2969 1300 3025 Sed
1329 2941 1583 3041 quoniam
1612 2972 1726 3026 haec
1755 2982 1811 3027 et
1842 2941 1882 2997 C

227 3054 376 3125 apud
407 3055 550 3124 ipsos
572 3055 956 3112 nel‘andissima
985 3070 1128 3125 sunt,
1164 3059 1436 3114 fateantur
1470 3077 1694 3118 necesse
1725 3072 1810 3118 est

231 3144 493 3212 quoniam
545 3144 724 3199 omnia
775 3161 1112 3215 quaacunque
1151 3147 1320 3203 voluit
1359 3149 1614 3206 Dominus
1661 3151 1806 3206 fecit.

228 3233 298 3289 Et
326 3235 472 3290 hanc
509 3235 672 3304 igitur
707 3238 1062 3292 mutationem
1106 3239 1400 3308 quamlibet
1431 3241 1585 3296 nobis
1615 3240 1807 3296 ditIici-

225 3325 359 3390 lem,
392 3327 436 3379 si
467 3326 641 3380 facere
684 3327 848 3381 voluit
889 3328 1050 3393 Deus,
1090 3331 1296 3400 absque
1325 3331 1487 3386 dubio
1515 3331 1664 3386 fecit.
1704 3333 1807 3388 Rc-

224 3416 558 3485 quirendum
603 3431 732 3488 ergo
778 3421 1150 3476 tantummodo
1179 3431 1261 3477 est
1283 3438 1349 3477 an
1378 3423 1428 3477 id
1461 3425 1600 3478 Deus
1624 3424 1808 3480 volue-

231 3508 327 3589 rit.
363 3507 520 3574 Quod
548 3523 668 3562 cum
701 3509 932 3565 voluisse
961 3512 1128 3566 Deum
1171 3513 1286 3583 ipso
1323 3513 1612 3582 adjuvante
1648 3532 1784 3586 opor

227 3607 364 3654 tuno
395 3600 513 3654 loco
540 3604 1047 3667 monstraverimus,
1079 3605 1194 3659 sive
1223 3605 1396 3677 possit
1426 3605 1650 3678 intelligi
1675 3623 1805 3677 quo-

223 3694 394 3748 modo
435 3691 546 3758 ﬁat,
588 3693 704 3749 sive
745 3709 851 3749 non
885 3695 1078 3763 possit,
1112 3695 1473 3752 obtinebimus
1503 3706 1680 3753 tamen
1713 3713 1806 3753 ne-

221 3785 473 3840 cessaria
526 3786 738 3842 ratione
792 3788 1049 3856 quoniam
1108 3788 1256 3844 fecit.
1310 3788 1426 3843 Non
1477 3789 1621 3844 enim
1675 3791 1806 3845 satis

218 3885 553 3948 argumento
600 3887 704 3943 est,
751 3878 796 3933 si
841 3889 1040 3936 nostra:
1096 3879 1430 3935 inﬁrmitatis
1481 3879 1700 3935 caecitas
1753 3881 1804 3936 id

219 3984 510 4039 nunquam
542 3969 594 4024 in
624 3970 726 4026 hac
750 3970 856 4024 vita
883 3986 1078 4042 capere
1108 3971 1268 4038 valet,
1298 3971 1584 4040 quominus
1611 3971 1805 4028 debeas

217 4065 483 4131 credere,
535 4065 578 4120 si
622 4063 925 4120 manifesta:
971 4065 1195 4120 rationis
1238 4064 1556 4130 necessitas,
1587 4079 1700 4118 rem
1731 4065 1802 4119 ita

216 4164 277 4211 ut
305 4153 574 4220 diximus,
602 4155 914 4225 probaverit
938 4168 1079 4208 esse.
1107 4152 1222 4208 Non
1249 4153 1391 4207 enim
1421 4153 1676 4222 prmcepit
1709 4152 1802 4208 tibi

214 4246 481 4302 Christus
508 4263 520 4299 :
551 4245 811 4316 Intellige,
850 4245 942 4301 sed
971 4246 1150 4300 crede.
1184 4243 1313 4313 Ejus
1337 4253 1421 4299 est
1446 4259 1640 4299 curare
1669 4259 1800 4313 quo-
1839 4275 1880 4331 η

213 4338 387 4393 modo
422 4337 474 4391 id
505 4339 648 4407 quod
699 4337 815 4393 ﬁeri
859 4337 994 4402 vult,
1038 4336 1160 4403 ﬁat;
1197 4346 1344 4391 tuum
1373 4345 1457 4392 est
1484 4345 1661 4391 autem
1693 4352 1797 4391 non

211 4430 524 4491 discutere,
575 4429 668 4485 sed
722 4431 1002 4484 humiliter
1054 4431 1310 4496 credere,
1367 4429 1491 4498 quia
1541 4429 1800 4498 quidquid

211 4521 450 4576 omnino
501 4521 616 4575 ﬁeri
663 4521 799 4587 vult,
853 4521 967 4576 ﬁat.
1019 4521 1137 4577 Non
1196 4521 1340 4576 enim
1395 4520 1802 4588 intelligendum

210 4615 374 4685 prius
415 4620 519 4676 est,
552 4623 610 4668 ut
640 4613 980 4683 postmodum
1018 4613 1210 4668 credas
1236 4631 1249 4666 :
1277 4613 1370 4667 sed
1398 4612 1551 4680 prius
1573 4613 1802 4666 creden-

211 4707 374 4770 dum,
408 4711 470 4755 ut
502 4706 843 4772 postmodum
875 4705 1162 4777 intelligas.
1193 4703 1302 4758 Nec
1334 4703 1595 4773 propheta
1637 4703 1803 4757 Isaias

212 4794 402 4848 dixit:
441 4791 554 4845 Nisi
604 4794 1000 4859 intellexeritis,
1052 4812 1158 4851 non
1203 4794 1470 4858 credetis;
1508 4794 1650 4848 sed:
1688 4793 1799 4847 Nisi

213 4882 598 4949 credideritis,
632 4900 739 4940 non
765 4885 1077 4956 intelligetis
1106 4887 1244 4960 (Isa.
1280 4886 1398 4957 vit).
1450 4885 1679 4941 Utamur
1709 4886 1808 4956 igi-

210 4985 304 5034 tur
343 4975 534 5030 verbis
584 4978 754 5032 sancti
787 4977 1074 5045 Augustini
1117 4987 1310 5036 contra
1351 4978 1682 5033 Felicianum
1719 4979 1804 5032 di-

205 5067 434 5124 centis:
472 5064 620 5122 «Hoc
649 5068 782 5124 fides
811 5068 1018 5134 credat,
1059 5069 1417 5140 intelligentia
1467 5086 1573 5126 non
1617 5071 1802 5139 requi-

207 5167 326 5226 rat;
380 5172 453 5211 ne
503 5166 594 5211 aut
637 5175 744 5214 non
789 5160 1067 5218 inventum
1114 5171 1270 5233 putet
1308 5163 1657 5228 incredibile,
1699 5172 1795 5216 aut

1607 5274 1623 5282 ι
1652 5255 1792 5282 ΙᾹΑ...

203 5257 492 5282 νηηηιιιιιηὶ
539 5263 640 5282 ΙὶΛη
683 5253 867 5282 nanda!
917 5250 1192 5282 οἷηη..Ι.-Λ
1226 5255 1364 5282 Il...-
1423 5272 1448 5282 ,ι
1501 5257 1551 5282 O\

1929 335 2037 382 tota
2076 330 2216 383 ratio
2248 328 2373 382 facti
2424 338 2506 383 est
2555 329 2789 397 potentia
2849 330 3116 387 facientis.
3175 351 3194 384 ι
3239 331 3354 388 Non
3393 344 3498 400 est,

1927 419 2106 489 inquit
2134 420 2325 474 beatus
2355 420 2612 484 Hilarius,
2643 422 2878 475 humano
2914 431 3006 475 aut
3036 423 3216 478 saeculi
3243 439 3404 478 sensu
3443 425 3496 479 in

1931 509 2024 564 Dei
2078 511 2240 565 rebus
2291 510 2639 580 loquendum.
2684 510 2836 566 Unde
2877 513 3067 566 beatus
3101 513 3418 568 Ambrosius
3445 514 3497 568 in

1924 599 2063 656 Iibro
2095 602 2159 656 de
2189 602 2544 656 sacramentis
2582 600 2682 672 (De
2717 602 2974 671 mysteriis
3005 603 3296 666 initiandis,
3346 619 3393 658 c.
3439 603 3496 673 9)

1926 690 1991 745 de
2019 691 2119 745 hac
2150 691 2262 759 ipsa
2291 693 2589 760 quieslione
2621 708 2786 762 agens
2815 691 3002 759 :Quid,
3031 694 3125 754 ait,
3159 695 3496 763 argumentis

1924 780 2168 834 utimur?
2217 783 2328 835 suis
2391 792 2606 836 utamur
2651 784 2941 852 exemplis.
3002 784 3499 855 incarnatioaisque

1923 873 2170 941 exemplo
2212 882 2524 927 astruamus
2572 875 2812 944 mysterii
2859 876 3162 929 veritatem.
3221 875 3357 943 Quid
3408 877 3498 932 hic

1925 963 2090 1030 quaeri
2121 971 2326 1015 natura:
2351 964 2593 1017 ordinem
2625 965 2677 1018 in
2705 966 2904 1018 Christi
2932 982 3181 1034 corpore,
3211 982 3332 1020 cum
3363 981 3499 1036 pra:-

1928 1061 2011 1103 ter
2057 1061 2307 1105 naturam
2357 1055 2428 1107 sit
2463 1053 2576 1123 ipse
2617 1053 2865 1110 Christus
2910 1065 3098 1125 partus
3145 1073 3208 1111 ex
3257 1057 3499 1128 virgine?

1923 1140 2192 1208 Quoniam
2225 1158 2356 1214 ergo
2406 1161 2507 1198 nos
2534 1145 2601 1199 ad
2662 1147 3047 1202 intarnatiouis
3087 1135 3179 1202 seu
3221 1148 3498 1218 virginalis

1923 1241 2109 1301 partus
2154 1233 2344 1288 invitat
2383 1237 2708 1305 exemplum,
2739 1253 2916 1306 opera:
2944 1239 3175 1306 pretitun
3210 1254 3331 1292 reor
3359 1255 3496 1308 pau-

1923 1323 2086 1392 lisper
2117 1325 2254 1380 hanc
2283 1326 2556 1382 elucidare
2587 1329 2993 1384 similitudinem
3035 1331 3301 1400 pauloque
3337 1331 3498 1387 altius

1922 1414 2305 1486 incipiendum.
2360 1417 2757 1484 Quadrifariam
2824 1437 3059 1491 namque
3106 1424 3158 1476 in
3205 1424 3497 1492 Scripturis

1922 1508 2126 1562 sanctis
2155 1509 2434 1563 hominum
2464 1513 2868 1579 generationem
2907 1515 3222 1583 acc'pimus.
3257 1513 3374 1568 Una
3408 1527 3492 1571 est

1924 1601 2218 1672 singularis
2268 1603 2390 1668 viri,
2447 1617 2622 1674 neque
2652 1604 2718 1658 de
2757 1605 2894 1670 viro,
2936 1621 3110 1676 neque
3155 1608 3222 1662 de
3273 1607 3492 1673 femina,

1922 1696 2016 1747 sed
2046 1695 2113 1748 de
2144 1694 2272 1749 limo
2319 1704 2492 1757 terrae,
2537 1711 2657 1764 qua:
2685 1703 2768 1750 est
2797 1697 2942 1751 Adae.
2977 1698 3158 1752 Altera
3201 1699 3323 1753 huic
3354 1715 3491 1768 quo-

1921 1785 2208 1840 dammodo
2235 1788 2532 1851 contraria,
2580 1787 2647 1841 de
2694 1788 2813 1841 viro
2852 1796 2907 1841 et
2949 1788 3168 1852 femina,
3209 1802 3273 1840 ex
3307 1805 3410 1857 qua
3441 1799 3495 1844 et

1916 1875 2020 1928 viri
2049 1885 2105 1930 et
2135 1875 2384 1941 feminae;
2419 1892 2537 1945 qua:
2559 1876 2798 1931 omnium
2830 1876 2943 1932 fere
2975 1877 3230 1932 solemnis
3252 1889 3352 1934 est.
3375 1880 3494 1936 Alia

1919 1981 2107 2021 rursus
2136 1967 2341 2036 absque
2363 1967 2628 2036 exemplo,
2671 1983 2775 2036 qua
2814 1969 2878 2023 de
2910 1969 3114 2038 virgine
3144 1971 3264 2023 viro
3294 1971 3494 2040 prodiit

1917 2056 2072 2126 virgo
2097 2057 2328 2122 femina;
2361 2057 2428 2111 de
2464 2058 2634 2111 Adam
2665 2057 2919 2112 videlicet
2949 2058 3078 2112 Eva.
3113 2057 3314 2124 Quarta
3348 2059 3491 2113 nihi-

1917 2145 2152 2202 lominus
2179 2147 2469 2218 singularis
2509 2158 2673 2218 atque
2718 2150 2898 2215 unica,
2928 2165 3024 2219 pro
3054 2150 3277 2220 reliquis
3309 2153 3489 2207 omni-

1916 2237 2019 2293 bus
2049 2237 2212 2304 facta,
2253 2239 2612 2309 omnibusque
2658 2240 2872 2305 melior,
2924 2249 2978 2296 et
3020 2241 3206 2296 utilior
3245 2243 3485 2311 reliquis,

1916 2330 2189 2382 contraria
2237 2338 2292 2382 et
2339 2329 2454 2398 ipsa
2499 2330 2900 2398 quodammodo
2937 2330 3127 2395 tertiae,
3161 2347 3265 2400 qua
3312 2333 3396 2385 vir
3422 2333 3490 2387 de

1917 2418 2117 2473 femina
2170 2418 2389 2488 Virgine
2450 2419 2641 2490 Virgo,
2681 2421 2748 2476 de
2795 2420 2962 2475 Maria
3007 2423 3192 2491 utique
3243 2422 3490 2477 Salvator

1914 2512 2157 2566 omnium
2188 2510 2439 2566 Christus
2465 2521 2650 2566 nostro
2673 2512 2856 2567 seculo
2882 2522 3045 2567 natus
3064 2512 3256 2567 'Iluxit.
3294 2514 3372 2568 Ex
3403 2514 3488 2570 his

1916 2596 2098 2665 itaque
2140 2597 2584 2667 generationibus
2633 2596 2777 2650 illam
2823 2612 2930 2666 qua
2961 2599 3027 2654 de
3053 2598 3172 2652 viro
3206 2606 3260 2654 et
3286 2598 3486 2658 femina

1915 2689 2015 2742 viri
2048 2697 2346 2743 nascuntur
2371 2697 2426 2744 et
2448 2687 2680 2752 femina),
2713 2690 2838 2759 quia
2871 2691 3183 2760 quotidiano
3213 2707 3310 2746 usu
3341 2703 3490 2748 tene-

1918 2789 2021 2842 tur,
2055 2795 2214 2836 nemo
2245 2781 2496 2847 miratur,
2547 2796 2707 2835 nemo
2755 2782 3126 2836 incredibilem
3163 2783 3388 2853 judicat.
3429 2785 3487 2840 In

1915 2887 2018 2942 qua
2055 2882 2230 2928 tamen
2264 2873 2393 2928 illud
2420 2873 2560 2942 quod
2592 2885 2747 2928 extra
2785 2883 3008 2929 cazteras
3043 2874 3198 2929 valde
3234 2876 3483 2932 mirabile

1917 2974 2030 3030 est;
2064 2967 2205 3034 quod
2234 2981 2299 3021 ex
2329 2967 2540 3020 duobus
2575 2967 2850 3036 corruptis
2888 2981 3162 3036 nunquam
3209 2969 3310 3020 nisi
3351 2968 3489 3022 inte-

1912 3072 2090 3126 grum,
2122 3072 2298 3126 neque
2321 3058 2586 3126 integrum
2619 3072 2880 3126 unquam,
2910 3058 3014 3110 nisi
3043 3072 3107 3111 ex
3139 3057 3348 3112 duobus
3379 3074 3486 3113 non

1915 3149 2166 3219 integris,
2213 3158 2466 3218 tanquam
2514 3162 2579 3202 ex
2630 3149 2912 3203 contrario
2955 3151 3286 3202 contrarium
3337 3152 3484 3204 nasci

1911 3241 2169 3310 possibile
2202 3248 2305 3295 est.
2339 3240 2474 3294 Illud
2521 3255 2650 3294 vero
2694 3250 2908 3307 penitus
2944 3240 3488 3309 incomprehensibile

1911 3339 2049 3391 scitu
2090 3335 2344 3390 Salomon
2389 3334 2602 3396 asserit,
2644 3335 2901 3403 quomodo
2940 3334 3338 3403 compingantur
3366 3351 3485 3388 ossa

1910 3427 1963 3480 in
2000 3438 2175 3480 ventre
2217 3425 2544 3494 prtrgnantis
2576 3421 2773 3492 (Eccle.
2809 3423 2907 3494 χι).
2931 3422 3076 3476 Illam
3124 3437 3339 3493 quoque
3378 3439 3482 3492 qua

1909 3519 1975 3575 de
2019 3534 2126 3572 non
2166 3517 2386 3572 homine
2431 3517 2613 3578 homo,
2641 3514 2813 3568 Adam
2845 3514 3097 3568 videlicet
3128 3515 3192 3568 de
3221 3514 3348 3568 limo
3374 3512 3481 3568 for-

1911 3618 2092 3663 matus
2135 3623 2254 3678 qua:
2281 3615 2334 3661 et
2361 3606 2412 3660 in
2442 3607 2546 3661 hoc
2583 3606 2797 3660 caeteris
2833 3605 2990 3674 longe
3021 3606 3235 3660 videtur
3263 3606 3484 3662 mirabi-

1909 3700 2034 3765 lior,
2065 3708 2119 3753 et
2143 3699 2290 3754 illam
2323 3713 2428 3768 qua
2467 3697 2532 3752 de
2571 3698 2780 3767 virgine
2825 3697 2996 3751 Adam
3039 3697 3190 3768 virgo
3222 3697 3328 3752 Eva
3360 3714 3486 3769 pro-

1909 3794 2070 3846 ducta
2109 3798 2224 3855 est;
2273 3789 2362 3842 vix
2405 3803 2640 3858 unquam
2670 3789 2864 3858 aliquis
2891 3788 3242 3858 impugnavit,
3270 3788 3356 3843 vix
3384 3789 3483 3843 ali-

1908 3886 2030 3954 quis
2055 3883 2352 3938 accusavit.
2384 3881 2614 3948 Quando
2647 3896 2774 3936 vero
2799 3881 2864 3935 de
2897 3880 3106 3949 virgine
3133 3879 3300 3932 Maria
3331 3881 3485 3951 virgo

1907 3972 2159 4028 Christus
2191 3971 2514 4042 przedicatus
2546 3979 2628 4024 est
2666 3979 2844 4034 natus,
2890 3979 3034 4023 totus
3062 3971 3292 4025 mundus
3324 3970 3482 4023 innu-

1906 4064 2074 4120 meris
2118 4061 2644 4117 contradictionibus
2693 4069 2884 4114 contra
2934 4060 3232 4124 infremuit,
3261 4069 3313 4115 et
3347 4061 3396 4115 vi
3426 4069 3481 4116 et

1906 4152 2046 4214 dolo,
2093 4152 2348 4219 omnique
2389 4165 2588 4220 genere
2635 4149 2874 4213 malitiae,
2905 4151 3043 4204 hanc
3069 4152 3478 4220 generationem

1906 4243 1973 4296 de
2001 4241 2178 4296 medio
2200 4256 2421 4310 prorsus
2451 4240 2669 4295 auferre
2715 4250 2944 4296 conatus
2987 4250 3088 4295 est.
3141 4239 3289 4296 Satis
3326 4252 3479 4298 certe

1907 4333 2127 4404 injuste,
2176 4348 2299 4387 cum
2347 4331 2572 4401 reliquis
2612 4331 2867 4385 omnibus
2897 4331 3009 4385 haec
3035 4330 3387 4386 excellentior
3412 4333 3482 4387 sit

1906 4434 2070 4493 atque
2097 4422 2300 4484 utilior,
2327 4429 2515 4492 utpote
2548 4419 2878 4490 reliquarum
2901 4421 3145 4474 onmium
3171 4435 3277 4474 non
3306 4421 3480 4476 solum

1908 4516 2083 4570 honor
2128 4523 2295 4584 atque
2337 4513 2612 4573 nobilitas,
2661 4525 2846 4565 verum
2885 4511 3048 4565 etiam
3079 4510 3366 4565 medicina.
3398 4512 3486 4567 Si-

1907 4607 2123 4675 quidem
2157 4605 2272 4659 haac
2294 4603 2363 4658 ab
2391 4606 2513 4660 aliis
2549 4603 2714 4656 nostri
2743 4601 2959 4671 generis
2987 4609 3199 4654 tantum
3231 4611 3483 4658 naturam

1909 4699 2152 4760 trahens.
2197 4694 2329 4750 nihil
2377 4708 2565 4754 autem
2608 4694 2831 4748 honoris
2859 4692 3006 4758 inde,
3042 4693 3155 4745 imo
3185 4705 3316 4748 vero
3341 4693 3495 4747 inﬁr-

1906 4790 2157 4844 mitatum
2215 4801 2280 4842 ac
2328 4791 2696 4847 tentationum
2753 4784 3046 4854 plurimum
3109 4796 3376 4850 sumens,
3426 4785 3496 4840 ad

1903 4885 2206 4954 perfectam
2252 4881 2497 4956 undique
2543 4879 2856 4936 felicitatem
2899 4893 3000 4946 per
3045 4878 3314 4927 virtutem
3357 4876 3498 4928 divi-

1903 4989 2026 5030 nam
2063 4970 2166 5025 sibi
2208 4970 2320 5038 ipsa
2358 4976 2654 5033 sufﬁceret.
2699 4968 2920 5022 Czcterze
2964 4978 3098 5021 vero
3134 4974 3234 5029 per
3273 4962 3412 5016 hanc
3437 4963 3503 5018 de

1902 5065 2002 5122 sub
2045 5059 2275 5132 pedibus
2319 5057 2685 5123 infelicissimi
2740 5054 2984 5112 omnium
3035 5064 3226 5109 rerum
3280 5051 3505 5117 diaboli,

1902 5169 2071 5226 usque
2102 5151 2168 5204 ad
2202 5159 2543 5214 consortium
2592 5149 2687 5204 Dei
2731 5144 3128 5215 omnipotentis
3172 5137 3509 5206 sublimatae,

1906 5258 1957 5282 nl
1989 5247 2150 5282 nimim
2179 5243 2254 5282 (nl
2287 5241 2362 5282 ait
2415 5239 2771 5282 lmnliccimnc
2810 5237 3008 5282 Petrus
3062 5227 3376 5282 aDOSIOIIISI
