4006 5282
455 225 586 280 1445

1541 216 1754 272 GUITM
1769 215 1926 270 UNDl
1965 213 2394 268 AliClllliPlSC.
2443 211 2666 266 AYERE‘
2681 209 2788 263 .tNl

3573 206 3702 262 Hii

453 341 593 392 inter
655 345 770 390 tres
831 332 1132 404 singulares
1157 371 1172 397 ,
1233 329 1604 383 usitatissiuue
1672 328 2040 398 generationis
2069 343 2114 384 Α
2143 327 2282 380 forte
2314 327 2400 378 illa
2433 325 2576 379 dicat
2605 325 2742 378 inea
2773 337 2890 389 quae
2913 321 3298 391 superveniunt
3327 325 3696 377 transmutari.

451 428 622 482 multo
665 425 894 479 vicinior
939 422 1215 487 multoque
1253 418 1507 482 similior,
1539 419 1768 484 ideoque
1797 416 2029 471 credibi-

453 519 556 572 lior
583 516 875 569 invenitur.
907 511 1003 566 Cui
1036 511 1184 566 enim
1216 525 1320 564 non
1352 509 1486 562 satis
1517 508 1720 570 elucet,
1751 505 2028 562 communi

453 603 816 676 generationi,
846 617 964 670 quae
995 601 1062 654 de
1091 600 1208 654 viro
1235 607 1291 652 et
1319 597 1520 652 femina
1560 607 1662 660 est,
1708 596 2028 650 similiorem

453 696 570 750 fore
605 698 744 748 hanc
781 709 899 760 qum
930 693 995 746 de
1025 691 1219 744 horum
1251 697 1336 742 est
1359 687 1531 742 altero
1553 703 1714 754 quam
1743 685 1884 739 illaut
1912 699 2030 753 (inae

453 793 537 838 est
587 784 650 836 de
704 781 932 835 neutro?
979 778 1130 842 Item,
1173 777 1217 832 si
1254 775 1684 843 contemplemur
1729 772 1873 826 illam
1924 788 2030 840 qua

455 878 521 932 de
553 875 668 928 viro
700 873 814 928 solo
845 872 1048 927 femina
1091 869 1311 940 prodiit,
1363 868 1514 922 valde
1544 882 1573 920 a
1608 865 1879 920 coumtuni
1933 879 2031 918 usu

455 975 511 1020 et
551 966 636 1019 illa
678 964 960 1018 remotior.
1009 960 1354 1014 Familiarius
1391 958 1589 1028 quippe
1630 965 1684 1012 et
1727 969 2032 1011 accentum—

457 1058 638 1114 datius
666 1055 939 1112 communi
975 1062 1182 1108 natura:
1218 1059 1383 1106 estut
1411 1051 1608 1105 femina
1649 1063 1853 1104 marem
1884 1049 2030 1118 (nam

459 1151 512 1205 id
557 1149 798 1220 quotidie
845 1145 924 1208 lit)
966 1159 1128 1214 quam
1161 1151 1219 1196 ut
1251 1157 1364 1196 mas
1393 1137 1650 1194 feminam
1685 1139 1880 1207 pariat.
1925 1137 2031 1192 Sed

457 1261 633 1313 neque
663 1242 903 1297 fortassis
924 1239 1048 1294 Eva:
1069 1236 1497 1308 generationem,
1523 1245 1738 1302 partum
1767 1230 2032 1300 quispiam

457 1338 686 1402 dixerit;
735 1343 896 1402 atque
947 1332 1068 1386 ideo
1108 1329 1270 1384 etiam
1303 1343 1333 1380 a
1359 1325 1632 1380 communi
1683 1340 1780 1378 usu
1822 1321 2034 1391 longin-

460 1428 620 1496 quior
649 1433 752 1479 est.
803 1423 908 1476 Sed
955 1419 1082 1490 quid
1134 1429 1187 1472 ct
1231 1415 1380 1478 illud,
1416 1415 1558 1484 quod
1609 1414 1674 1468 de
1719 1410 1820 1464 viri
1869 1409 2036 1464 latere

457 1517 803 1579 dormientis,
861 1513 972 1576 illa,
1023 1513 1132 1566 imo
1181 1518 1330 1564 costa
1361 1505 1428 1561 de
1454 1520 1558 1575 qua
1607 1503 1748 1558 facta
1796 1511 1878 1556 est
1923 1499 2032 1566 illa,

459 1619 652 1664 contra
692 1613 1012 1662 consuetum
1047 1613 1252 1656 natura:
1285 1615 1500 1654 cursum
1535 1603 1756 1666 repente
1789 1593 2036 1664 prorupit

459 1703 613 1771 (Gen.
643 1701 733 1771 tt);
769 1700 855 1753 hic
887 1713 1014 1752 vero
1037 1696 1180 1750 sicut
1219 1693 1398 1746 ueteri
1447 1690 1694 1744 homines
1735 1688 1789 1741 in
1841 1685 2036 1740 matris

459 1795 580 1848 alvo
613 1807 802 1846 novem
833 1789 1108 1842 mensibus
1133 1784 1394 1854 paulatim
1419 1781 1609 1844 crevit,
1645 1779 2034 1848 communique

463 1882 722 1938 nascendi
775 1881 890 1950 lege
941 1878 1127 1941 exivit,
1180 1879 1282 1930 hoc
1311 1883 1538 1944 excepto
1577 1872 1721 1941 quod
1765 1869 1940 1924 Mater
1981 1868 2036 1922 in

461 1988 619 2046 partu
662 1989 769 2029 non
819 1973 1008 2036 doluit,
1055 1983 1110 2024 et
1157 1969 1302 2038 quod
1351 1966 1533 2020 Matris
1581 1966 1716 2034 ipse,
1773 1973 1832 2017 ut
1876 1961 2037 2016 talem

467 2071 700 2124 decebat
751 2068 988 2129 Filium,
1049 2063 1334 2134 virginalia
1385 2061 1735 2132 integerrima
1780 2073 2036 2123 servans,

465 2160 727 2230 singulari
775 2158 1130 2227 praerogativa
1179 2154 1484 2209 decoravit!
1530 2151 1716 2221 Neque
1762 2149 1906 2205 enim
1955 2147 2038 2204 fas

461 2261 691 2316 eratut,
737 2250 862 2318 quia
905 2255 1158 2318 corrupta
1208 2253 1611 2300 restauraturus
1657 2251 1818 2311 atque
1873 2241 2037 2296 inho-

461 2353 616 2400 nesta
651 2345 1020 2396 honoraturus
1063 2339 1332 2402 veniebat,
1372 2337 1582 2406 integra
1637 2335 1892 2396 violaret,
1943 2333 2038 2386 bo.

461 2445 616 2491 nesta
647 2435 1056 2496 dehonestaret,
1101 2429 1380 2497 multoque
1419 2425 1698 2482 decentius
1727 2433 1867 2488 erat,
1899 2423 1943 2478 si
1974 2422 2040 2476 de

467 2530 584 2582 viro
608 2527 820 2597 virgine
843 2523 1112 2578 violatura
1139 2521 1401 2574 mundum
1435 2519 1542 2572 Eva
1573 2515 1858 2588 processit,
1893 2521 1950 2566 ut
1973 2512 2039 2566 de

464 2618 690 2688 Virgine
749 2615 946 2670 lentina
1001 2621 1408 2666 rcstauraturus
1474 2607 1732 2664 nutndum
1792 2603 2040 2658 Christus

463 2710 804 2778 procederet.
839 2705 994 2759 Addo
1031 2703 1198 2756 etiam
1229 2699 1370 2768 qttod
1398 2712 1587 2753 omnes
1616 2695 1733 2748 alia:
1758 2705 2038 2748 servorum

463 2807 615 2862 sunt,
657 2797 770 2850 haec
816 2793 1048 2848 Domini.
1083 2791 1162 2844 lix
1194 2790 1316 2844 aliis
1347 2789 1626 2852 homines,
1651 2801 1718 2840 ex
1747 2786 1850 2840 hac
1875 2782 2036 2837 Deus.

465 2889 614 2942 Alias
647 2901 836 2941 omnes
881 2887 1022 2938 Deus
1073 2881 1204 2935 fecit
1260 2897 1326 2934 ex
1375 2879 1516 2942 solo,
1563 2889 1622 2932 ut
1671 2878 1742 2931 ita
1786 2875 2036 2938 dixerim,

466 2983 759 3050 praecepto,
805 2976 944 3028 hanc
993 2972 1147 3042 quasi
1191 2985 1258 3024 ex
1295 2983 1487 3039 magno
1515 2968 1694 3022 studio
1723 2965 1948 3028 faciens,
1987 2969 2040 3016 et

465 3068 650 3121 verbis
703 3075 759 3120 et
815 3065 976 3119 rebus
1024 3062 1194 3132 gestis
1223 3099 1238 3127 ,
1269 3069 1324 3114 et
1369 3057 1754 3112 miraculorum
1803 3055 2042 3109 novitate

465 3159 787 3229 promittere
840 3157 908 3210 ab
955 3154 1111 3208 initio
1157 3161 1212 3208 et
1260 3149 1608 3222 praefigurare
1659 3162 1764 3202 non
1813 3144 2040 3200 destitit.

471 3249 623 3304 Unde
672 3257 926 3316 tanquam
982 3245 1046 3299 de
1101 3259 1266 3313 Opere
1316 3241 1537 3310 speciali
1600 3240 1862 3308 scriptum
1917 3246 2040 3292 est:

469 3342 746 3412 Sapientia
791 3338 1068 3406 rediﬁcarit
1103 3333 1200 3390 sibi
1229 3336 1441 3388 danaum
1479 3333 1663 3403 (Prov.
1693 3333 1793 3401 lx).
1835 3331 2044 3398 Quibus

466 3433 717 3488 omnibus
743 3431 964 3500 aliisque
995 3426 1273 3497 permultis
1295 3426 1454 3496 digne
1481 3423 1865 3488 consideratis,
1911 3423 2046 3476 satis

469 3527 586 3580 lucc
624 3524 935 3580 credibilior
963 3522 1285 3587 chariorque
1313 3534 1474 3588 quam
1501 3519 1688 3588 prima:
1711 3517 1832 3570 dua:
1862 3515 2047 3570 debuit

465 3618 722 3688 judicari.
768 3616 874 3670 Sed
922 3615 1051 3683 quid
1105 3614 1376 3666 attineant
1420 3611 1536 3665 haec
1584 3610 1651 3666 ad
1699 3624 1812 3664 rem
1845 3610 1910 3663 de
1940 3622 2045 3678 qua

477 3709 748 3776 loquimur
778 3707 996 3775 dignum
1031 3714 1114 3760 est
1145 3703 1363 3757 intueri.
1401 3701 1645 3768 Quatuor
1675 3701 1818 3754 enim
1851 3699 2046 3754 nihilo-

471 3801 650 3853 minus
679 3813 859 3851 rcrum
888 3797 1215 3850 mutationes
1243 3795 1612 3850 substantivas
1665 3795 1780 3848 sive
1816 3791 2048 3848 ellicien-

477 3893 580 3945 tias
611 3889 766 3944 nobis
807 3888 1086 3956 Scriptura
1138 3887 1317 3940 divina
1371 3886 1734 3940 commendat.
1773 3883 1945 3938 Unam
1983 3884 2049 3938 de

475 4001 578 4052 qua
605 3983 826 4038 ontnino
853 3979 985 4034 nihil
1017 3981 1068 4034 in
1095 3980 1146 4034 id
1170 3978 1313 4048 quod
1339 3986 1488 4044 sunt,
1517 3976 1662 4031 facta
1687 3985 1810 4032 sunt
1835 3976 2046 4040 omnia;

475 4077 700 4129 alteram
751 4072 878 4127 huic
920 4071 1288 4136 contrariam,
1346 4085 1510 4138 quam
1571 4068 1781 4122 tametsi
1841 4069 2051 4136 experi-

475 4176 660 4222 manto
696 4182 802 4220 non
853 4165 926 4218 ita
976 4164 1198 4229 scimus,
1247 4163 1460 4218 ratione
1510 4171 1686 4217 tamen
1725 4161 2046 4231 colligimus.

474 4275 582 4330 qua
607 4259 858 4312 videlicet
883 4259 949 4311 de
977 4271 1042 4311 eo
1067 4257 1212 4326 quod
1238 4265 1386 4319 sunt,
1415 4264 1675 4326 quantum
1704 4255 1756 4308 itt
1786 4255 1918 4322 ipsis
1944 4262 2044 4315 est,

2129 419 2284 484 Quod
2315 417 2358 470 si
2387 417 2457 470 ita
2485 423 2586 478 est,
2617 415 2898 470 innumera
2941 414 3096 468 nobis
3130 412 3374 483 exempla
3407 425 3694 470 occurrent

2129 525 2315 566 earum
2343 523 2522 562 rerum
2555 523 2673 578 qua:
2697 505 3058 562 essentialiter
3089 507 3140 560 in
3171 519 3253 567 ea,
3293 523 3414 574 qua:
3449 507 3700 562 similiter

2131 601 2390 660 existunt,
2451 607 2902 654 transmutantur.
2951 598 3066 667 Age
3113 598 3284 662 enim,
3333 597 3485 654 verbi
3513 611 3732 664 eausa,‘

2131 700 2434 746 atramento
2471 691 2764 760 nigerrimo
2799 689 3114 744 membrana
3159 689 3432 744 albissima
3487 690 3696 744 inficia-

2135 783 2480 838 tur:albedo
2547 782 2812 852 nigredini
2867 781 3128 836 continuo
3183 780 3342 834 cedit.
3419 779 3474 834 Si
3541 782 3698 851 igitur

2133 875 2325 931 albedo
2353 876 2404 930 in
2437 875 2770 941 nigredinem
2811 887 2967 926 versa
3011 881 3114 936 est,
3158 873 3210 926 in
3243 873 3294 926 id
3327 873 3514 941 utique
3551 889 3705 928 versa

2133 977 2218 1022 est
2239 967 2380 1036 quod
2406 966 2520 1034 iam
2545 973 2686 1022 erat.
2734 965 2920 1034 Neque
2948 967 3094 1019 enim
3131 965 3236 1020 dici
3271 975 3450 1034 palest
3481 975 3611 1019 tunc
3637 965 3706 1020 ibi

2134 1059 2318 1129 augeri
2373 1058 2708 1127 nigredinem
2759 1057 2812 1110 in
2869 1073 3032 1126 quam
3085 1057 3449 1112 transferatur
3497 1057 3706 1119 aibedo,

2133 1149 2566 1219 quandoquidem
2619 1163 2720 1203 nec
2764 1158 3124 1203 atramentum
3167 1149 3374 1219 nigrius
3421 1161 3507 1204 est
3549 1165 3708 1218 quam

2136 1240 2286 1307 prius
2317 1247 2458 1303 erat,
2487 1253 2664 1307 neque
2697 1239 2912 1308 'aliquid
2959 1240 3286 1294 membrana:
3325 1249 3525 1309 pneter
3569 1253 3710 1294 atra-

2137 1345 2376 1390 mentum
2423 1335 2710 1403 occupavit
2755 1334 3002 1404 nigredo.
3064 1333 3208 1387 Idem
3248 1347 3464 1402 quoque
3501 1333 3555 1387 in
3593 1335 3712 1386 aliis

2134 1437 2504 1494 saepenumero
2529 1424 2754 1478 inveniri
2800 1431 2994 1492 potest.
3037 1422 3190 1477 Unde
3231 1421 3288 1474 fit
3313 1433 3374 1476 ut
3411 1424 3710 1478 accidentia

2139 1517 2476 1581 recedentia,
2508 1516 2650 1570 sicut
2701 1515 2958 1580 diximus,
3010 1525 3104 1570 aut
3151 1516 3371 1584 penitus
3399 1516 3534 1570 nihil
3561 1517 3709 1578 fiant,

2137 1615 2251 1670 aut,
2285 1605 2332 1658 si
2373 1615 2776 1676 permutantur,
2821 1607 2876 1660 in
2923 1607 3288 1668 advenientis,
3332 1608 3478 1676 quod
3515 1619 3712 1662 nostra:

2138 1711 2316 1752 causa:
2345 1711 2450 1750 non
2477 1711 2668 1765 parum
2705 1697 3006 1761 accederet,
3035 1699 3088 1750 in
3119 1713 3180 1752 ea
3207 1699 3392 1767 utique
3422 1699 3700 1753 multoties

2137 1797 2534 1859 permutentur,
2577 1803 2698 1856 qua:
2735 1789 2850 1859 jam
2880 1799 3057 1842 erant.
3104 1787 3342 1844 Tertiam
3385 1799 3565 1844 autem
3591 1805 3710 1844 mu-

2139 1877 2398 1931 tationem
2436 1876 2751 1932 solemniter
2797 1878 3098 1942 cernimus,
3149 1893 3250 1946 qua
3300 1879 3552 1932 videlicet
3587 1877 3712 1933 sub-

2139 1969 2352 2024 stantia:
2399 1969 2452 2022 in
2499 1984 2594 2024 eas
2640 1983 2760 2038 quae
2799 1983 2906 2023 non
2936 1977 3094 2024 erant
3135 1969 3472 2024 substantias
3499 1969 3582 2024 vel
3619 1984 3710 2024 na-

2141 2060 2300 2115 turali
2327 2077 2444 2124 usu,
2479 2060 2562 2114 vel
2597 2076 2692 2130 per
2733 2060 2994 2114 miracula
3039 2069 3364 2126 transeunt;
3415 2062 3556 2115 sicut
3607 2078 3708 2116 nuo

2141 2152 2290 2208 cleus
2327 2153 2378 2206 in
2419 2153 2700 2216 arborem,
2761 2167 2945 2206 semen
2989 2153 3044 2206 in
3081 2152 3326 2218 herbam,
3367 2167 3488 2206 esca
3525 2161 3582 2206 et
3617 2167 3708 2220 po-

2141 2253 2230 2300 tus
2289 2243 2342 2297 in
2401 2257 2622 2298 Carnem
2675 2251 2730 2298 et
2789 2243 3160 2314 sanguinem;
3224 2242 3306 2296 vel
3363 2244 3504 2296 sicut
3559 2245 3704 2310 v'rga

2142 2337 2196 2390 in
2235 2344 2560 2405 serpentem,
2603 2347 2828 2403 serpens
2883 2333 2938 2388 in
2997 2333 3204 2404 virgam
3229 2374 3243 2400 ,
3285 2343 3338 2388 et
3377 2343 3574 2388 uetera
3613 2334 3710 2386 hu-

2135 2428 2393 2498 jusmodi.

2216 2519 2420 2588 Quarta
2441 2535 2570 2575 vero
2599 2518 2826 2574 mutatio
2860 2531 2962 2586 est,
3001 2519 3126 2588 quia
3157 2519 3211 2573 id
3239 2519 3508 2588 quodest,
3540 2531 3712 2572 trans-

2142 2615 2183 2670 it
2212 2615 2264 2668 in
2287 2615 2338 2668 id
2361 2614 2506 2682 quod
2533 2613 2884 2668 nihilominus
2927 2621 3012 2667 est
3036 2653 3049 2674 ,
3083 2613 3225 2666 sicut
3245 2627 3436 2682 panem
3461 2612 3710 2680 ervimnn

2142 2705 2340 2759 virtute
2365 2705 2546 2760 divina
2587 2703 2642 2758 in
2671 2718 2869 2773 corpus
2903 2703 3102 2758 Christi
3143 2703 3418 2772 proprium
3451 2702 3708 2771 singulm

2141 2797 2371 2864 quadam
2409 2794 2643 2863 potentia
2682 2793 2952 2848 credimus
2981 2793 3322 2846 commutari.
3359 2792 3424 2844 Et
3453 2792 3566 2845 hzrc
3593 2793 3712 2861 qui-

2143 2887 2262 2942 dem
2293 2886 2465 2940 tribus
2485 2885 2606 2939 aliis
2633 2885 2790 2954 longe
2809 2883 3020 2947 melior,
3052 2884 3316 2952 longeque
3340 2882 3522 2936 utilior
3551 2899 3578 2934 a
3601 2899 3716 2935 crc-

2069 3013 2110 3068 ρ
2145 2978 2396 3033 dentibus
2439 2975 2595 3030 facile
2629 2974 2924 3044 iudicatur.
2959 2974 3148 3028 Melior
3183 2973 3396 3041 quidem
3419 3013 3432 3036 ,
3463 2975 3714 3042 quoniam

2145 3067 2199 3122 in
2225 3066 2464 3120 divinant
2494 3081 2738 3127 carnem,
2771 3080 2890 3134 qua:
2925 3080 3100 3118 rerum
3127 3073 3212 3116 est
3233 3064 3474 3116 onttiium
3497 3062 3713 3132 Optima,

2146 3159 2198 3214 id
2247 3159 2388 3227 quod
2435 3167 2695 3220 mutatur,
2739 3157 2956 3211 transit.
3005 3156 3200 3211 Utilior
3227 3164 3436 3220 autem,
3469 3158 3717 3224 quoniam

2147 3253 2286 3308 hanc
2320 3261 2538 3320 propter
2562 3249 2698 3303 alias
2721 3247 2942 3312 factam,
2965 3247 3293 3316 singularem
3320 3249 3480 3302 nobis
3507 3247 3719 3300 medica-

2147 3359 2272 3400 nam
2319 3343 2568 3398 Christus
2616 3342 2912 3397 constituit.
2973 3342 3047 3395 De
3090 3341 3258 3394 nihilo
3303 3343 3502 3410 quippe
3547 3341 3718 3410 primo

2147 3437 2286 3490 facta
2313 3443 2439 3490 sunt
2460 3435 2748 3499 elementa,
2771 3449 2801 3486 e
2823 3434 3019 3503 quibus
3037 3448 3140 3486 non
3157 3434 3343 3488 felices
3363 3433 3488 3486 facti
3514 3449 3718 3487 sumus.

2147 3528 2254 3583 Sed
2281 3537 2333 3582 et
2372 3527 2490 3583 alite
2523 3527 2642 3582 dure
2675 3527 3002 3582 mutationes
3033 3527 3168 3580 nihil
3199 3527 3353 3580 nobis
3389 3525 3720 3596 profuerant,

2145 3621 2274 3691 quin
2303 3621 2368 3674 ad
2395 3634 2635 3676 summas
2661 3621 3066 3674 traduceremur
3089 3619 3334 3680 miserias
3353 3659 3368 3682 ,
3405 3619 3504 3672 nisi
3535 3629 3720 3688 quarta

2147 3711 2540 3766 medicinaliter
2576 3711 2990 3779 superveniens,
3031 3711 3363 3764 subveniret.
3403 3709 3502 3765 Cui
3544 3711 3722 3779 itaque

2147 3803 2359 3857 caeteris
2384 3801 2636 3857 omnibus
2669 3803 2781 3856 haec
2814 3802 3182 3856 honorabilior
3207 3801 3278 3856 sit
3322 3811 3484 3870 atque
3519 3803 3720 3864 utilior.

2151 3904 2261 3948 tum
2289 3896 2450 3949 etiam
2495 3893 2564 3946 illi
2595 3908 2714 3962 qua:
2748 3895 3096 3948 usitatissima
3123 3905 3237 3957 est,
3289 3894 3458 3949 multo
3497 3895 3724 3949 vicinior

2151 3997 2311 4057 atque
2339 3988 2593 4053 similior;
2629 3988 2746 4042 ideo
2769 3986 2938 4042 multo
2959 3987 3288 4051 credibilior,
3315 4003 3478 4056 quam
3503 3988 3620 4041 dua:
3645 4003 3724 4042 re-

2149 4079 2328 4149 liqua},
2361 4081 2645 4150 reperitur.
2674 4079 2805 4132 Cum
2833 4080 2976 4134 enim
3001 4095 3104 4133 non
3141 4079 3260 4134 luce
3289 4079 3490 4132 clarius
3523 4087 3720 4148 pateat,

2150 4173 2198 4225 ei
2231 4172 2541 4236 ntutatioui,
2579 4185 2696 4239 qua:
2727 4171 3078 4226 nsitatissime
3115 4171 3183 4224 de
3213 4170 3392 4238 aliquo
3429 4172 3480 4224 in
3527 4170 3726 4239 aliquid

2153 4265 2234 4330 fit,
2267 4279 2384 4318 eam
2407 4279 2528 4333 qua:
2553 4264 2712 4319 etiam
2737 4263 2852 4334 ipsa
2875 4263 2939 4318 de
2969 4263 3149 4332 aliquo
3183 4263 3242 4317 fit
3269 4264 3322 4317 in
3351 4263 3575 4330 aliquid,
3605 4263 3728 4316 licet

475 4351 656 4406 redire
697 4351 750 4404 in
801 4349 1030 4403 nihilum
1085 4359 1328 4418 [JOSSIIM-
1372 4345 1508 4402 Nam
1549 4347 1594 4402 Si
1635 4349 1737 4402 hoc
1775 4346 1890 4402 5010
1919 4345 2046 4415 (Ιυίέι
2074 4363 2125 4423 ι)
2152 4356 2426 4424 aliquanto
2461 4355 2792 4421 mirabilius,
2839 4356 3272 4424 prepinquiorem
3319 4355 3610 4409 admodum
3663 4369 3728 4408 ac

477 4443 595 4496 vult
641 4441 803 4506 Deus,
849 4441 1032 4494 omnia
1074 4451 1239 4504 sunt;
1293 4439 1338 4493 si
1382 4438 1712 4492 voluntatem
1756 4453 1908 4493 suam
1946 4453 2050 4505 qua

477 4545 702 4606 praestat
747 4543 802 4587 ut
841 4533 970 4598 sint,
1023 4532 1106 4586 vel
1151 4532 1359 4586 modice
1409 4532 1736 4592 substrahat,
1793 4530 1935 4585 illico
1988 4530 2040 4582 in

480 4626 708 4681 nihilum
729 4640 884 4679 suum
915 4623 1093 4677 omnia
1129 4623 1462 4677 remeabunt.
1484 4621 1562 4676 lta
1594 4623 1824 4690 denique
1855 4620 1915 4674 Β.
1944 4619 2055 4674 Au-

479 4718 728 4787 gustinus
759 4725 945 4769 contra
979 4713 1310 4768 Felicianum
1338 4731 1352 4766 :
1387 4731 1406 4764 ι
1431 4713 1713 4775 Creatura,
1758 4711 1953 4780 inquit,
1986 4726 2053 4764 ex

483 4808 653 4862 nihilo
697 4807 907 4875 prolata
951 4813 1034 4859 est
1065 4819 1078 4857 :
1110 4811 1164 4859 et
1223 4813 1510 4873 propterea
1559 4811 1821 4871 quantmn
1873 4799 1940 4854 ad
1992 4815 2051 4854 se

481 4899 733 4967 pertinet,
777 4912 844 4949 ex
883 4911 948 4950 eo
993 4897 1134 4964 quod
1161 4905 1243 4950 est
1269 4895 1322 4949 in
1356 4895 1405 4948 id
1442 4894 1584 4963 quod
1615 4909 1720 4946 non
1752 4901 1854 4956 est,
1885 4892 1938 4945 id
1969 4899 2054 4944 est

487 4990 538 5041 in
571 4987 822 5050 nihilum,
855 4987 955 5040 nisi
990 4997 1248 5056 perpetua
1273 4987 1447 5056 gratia
1478 4984 1690 5049 fecerit,
1718 4994 1924 5038 natura:
1945 4998 2054 5038 sua:

485 5080 746 5128 mmlitate
802 5081 1058 5128 vertenda
1105 5089 1188 5128 est
1235 5081 1368 5128 (Ann
1415 5095 1444 5120 ιτ
1494 5080 1636 5128 ιιι.»
1685 5080 1946 5128 Onamvis
1991 5079 2057 5128 de

2153 4447 2467 4502 similiorem
2515 4461 2676 4502 esse:
2713 4461 2876 4515 quam
2910 4447 3074 4513 illam,
3107 4461 3228 4514 qua:
3263 4447 3330 4499 de
3372 4445 3542 4498 nihilo
3583 4447 3640 4498 lit
3675 4447 3724 4498 in

2153 4538 2376 4606 aliquid,
2399 4547 2494 4591 aut
2521 4538 2609 4592 illa
2637 4553 2754 4607 qure
2783 4539 2849 4592 de
2873 4537 3052 4608 aliquo
3081 4538 3140 4591 fit
3171 4537 3223 4590 in
3256 4536 3422 4591 nihil?
3451 4536 3558 4590 Illa:
3583 4537 3726 4589 enim

2154 4631 2258 4685 duo
2303 4629 2480 4698 aliqua
2517 4629 2748 4693 habent;
2783 4629 2897 4682 ista:
2937 4643 3100 4682 unum
3147 4637 3393 4682 tantum:
3425 4627 3668 4695 adeoque
3701 4641 3728 4678 a

2154 4718 2836 4788 capacitateintelligcntim
2859 4727 3057 4773 nostra:
3078 4729 3296 4772 remoue
3310 4727 3459 4782 sunt,
3484 4727 3543 4771 ut
3559 4731 3730 4785 neque

2155 4808 2484 4862 mutationes
2511 4822 2606 4861 eas
2635 4805 3020 4876 quisfortasse
3051 4808 3318 4862 vocaverit
3347 4827 3358 4858 :
3391 4806 3728 4860 difﬁcillime-

2154 4913 2261 4967 quc
2295 4899 2520 4954 verbum
2551 4898 2817 4966 reperiat,
2853 4897 2898 4951 si
2931 4906 3106 4952 tamen
3141 4897 3218 4952 vel
3253 4887 3594 4959 ditl‘icillirne,
3623 4911 3729 4965 quo

2156 5005 2248 5045 eas
2277 4989 2612 5059 aliquatenus
2649 4989 2862 5059 proprie
2893 4989 3196 5057 exprimere
3217 4990 3404 5059 possit.
3433 4988 3498 5041 Et
3517 4997 3724 5041 caetera:

2156 5081 2371 5128 uiridem
2397 5082 2722 5128 minationes
2743 5096 2920 5128 rerum
2947 5079 3308 5128 subiectarum
3331 5087 3478 5128 sunt.
3497 5081 3607 5128 lucc
3631 5078 3728 5128 Do-
