4006 5282
303 234 442 289 Η-ιῧ

813 227 906 282 DE
941 223 1279 282 CORPORIS
1297 223 1382 278 ΕΤ
1423 220 1622 276 SANG.
1665 215 1896 276 DOMINI
1942 209 2285 268 VERITA'I’E
2327 206 2504 262 LlDlil
2547 201 2742 258 TllES.
2769 189 2836 240 ἶ--
2855 199 2979 255 LIB.
3022 200 3085 256 ll.

3431 193 3566 250 ivi-i6

295 352 512 416 insuper
543 357 761 414 precum
790 340 1130 396 solemnitate
1153 347 1208 394 et
1229 337 1430 402 studio,
1455 351 1550 407 per
1573 334 1732 389 verba
1757 347 1878 402 qua:
1910 339 1953 392 Λ
1987 329 2160 384 bonus
2185 334 2380 378 cuncta
2407 322 2546 376 bona
2577 321 2628 374 in
2657 318 2923 372 creaturis
2943 357 2958 382 ,
2995 331 3114 385 quae
3147 314 3262 368 fore
3292 314 3344 368 in
3371 313 3450 368 eis
3474 313 3568 368 dem

295 439 360 492 ad
391 439 494 491 hoc
523 437 696 503 ipsum
735 432 950 502 propria
987 431 1130 484 Deus
1167 429 1282 498 ipse
1309 443 1374 482 ac
1413 426 1670 482 Dominus
1697 433 1882 478 noster

293 529 450 584 .lcsus
471 525 722 581 Christus
753 522 980 578 dictavit
1019 521 1258 592 quatidie
1293 519 1520 588 repetita
1559 518 1764 586 praebet
1797 513 1882 568 ef-

297 621 516 678 fectum.
549 619 754 686 Quibus
801 615 1085 677 omnibus,
1127 613 1356 682 aliisque
1405 609 1688 680 permultis
1722 609 1884 678 digne

293 711 612 783 perspectis,
639 707 796 762 valde
821 703 1132 760 credibilior
1157 702 1272 756 lucc
1289 742 1303 766 ,
1331 701 1656 768 chariorque
1675 737 1690 762 ,
1721 711 1882 766 quam

297 805 401 858 iil.e
430 803 547 856 dua:
578 807 754 870 potest
790 806 846 852 et
890 797 1052 850 debet
1083 793 1344 863 judicari.
1377 791 1434 846 Si
1471 791 1617 844 enim
1661 790 1802 842 Deus
1832 787 1884 842 id

303 895 448 966 quod
475 890 746 946 difﬁcilius
772 897 825 942 et
855 887 922 942 ab
953 886 1230 941 intellectu
1259 895 1448 938 nostro
1477 882 1740 937 remotius
1761 889 1842 934 est
1866 920 1880 944 ,

296 987 420 1054 quia
463 983 662 1046 voluit,
696 980 864 1034 feeit:
905 977 1176 1047 quomodo
1218 990 1324 1030 non
1374 975 1426 1028 id
1475 973 1618 1042 quod
1671 972 1885 1024 videtur

296 1078 478 1146 :liquo
500 1075 656 1129 modo
685 1071 895 1126 facilius
919 1079 974 1125 et
995 1067 1410 1137 intelligibilius,
1435 1065 1480 1120 si
1505 1064 1696 1126 voluit,
1727 1061 1888 1115 fecit?

295 1166 458 1232 Atqui
487 1163 754 1218 difﬁcilius
801 1161 932 1214 illud
983 1160 1150 1214 Deum
1183 1157 1376 1212 fecisse
1435 1170 1594 1210 nemo
1653 1153 1884 1208 dubitat.

297 1258 444 1311 Istud
474 1257 636 1326 igitur
671 1253 884 1308 facilius
915 1253 1080 1306 Deum
1113 1249 1324 1314 facere,
1363 1249 1408 1303 si
1441 1247 1572 1310 vult,
1603 1259 1760 1300 nemo
1787 1245 1888 1298 dst—

295 1349 475 1402 bitarc
505 1347 683 1400 debet.
713 1345 818 1398 Aut
857 1357 1028 1412 quare
1069 1341 1211 1394 hanc
1253 1347 1502 1408 quartam
1537 1335 1888 1390 mutationem

295 1456 406 1496 non
438 1439 656 1494 deberet
687 1435 894 1490 addere
925 1434 1064 1488 Deus
1087 1431 1156 1486 ob
1183 1430 1444 1486 medelam
1470 1429 1770 1491 hominum,
1799 1425 1890 1507 qui

303 1539 558 1601 quartam
607 1525 1011 1597 generationem
1060 1523 1143 1594 (ut
1185 1519 1546 1589 ostendimus)
1576 1518 1782 1572 addidit
1823 1517 1892 1572 ob

308 1617 710 1692 reparationem
737 1614 928 1670 salutis
967 1614 1207 1684 ipsorum
1235 1629 1250 1664 :
1291 1620 1352 1666 ut
1381 1611 1522 1665 sicut
1561 1609 1572 1662 i
1600 1609 1650 1664 le
1679 1621 1890 1664 summe

1990 421 2169 482 cehat,
2201 417 2316 472 sine
2349 413 2544 470 invidia
2577 425 2695 468 esse
2721 410 2919 474 voluit;
2955 409 3028 462 ita
3057 421 3268 476 quoque
3299 406 3434 458 mira
3465 420 3562 459 va-

1985 509 2200 564 rietatis
2257 504 2658 577 pulchritudine
2711 501 2890 556 nullus
2953 497 3316 568 generationis
3379 497 3570 551 modus

1989 603 2188 656 decens
2230 600 2440 654 deesset
2493 595 2836 657 hominibus,
2883 592 3064 646 nullus
3095 589 3334 645 mutandi
3386 589 3577 643 modus

1987 701 2300 760 competens
2351 689 2562 742 deesset
2611 686 2791 740 rebus.
2825 683 3088 750 Quoniam
3137 682 3298 750 igitur
3329 681 3462 734 satis
3508 679 3577 736 de

1987 781 2378 852 propositione,
2405 789 2460 831 ιιι
2485 777 2742 840 arbitror,
2775 775 3022 830 constitit
3050 772 3280 842 (scilicet
3317 771 3573 840 quoniam

1987 873 2344 928 mutationem
2380 872 2518 924 hanc
2561 869 2728 930 Deus,
2761 867 2804 920 si
2847 865 3046 928 voluit,
3077 864 3232 932 fecit)
3265 863 3576 932 probanda,

1992 975 2197 1020 tantum
2233 972 2401 1018 restat
2453 961 2786 1029 assumptio,
2836 959 3046 1012 scilicet
3085 957 3211 1025 quia
3243 955 3432 1008 voluit.
3468 953 3576 1008 Sed

1989 1057 2244 1126 quoniam
2276 1054 2442 1108 multa
2490 1051 2666 1107 adhuc
2713 1049 3081 1104 exhaurienda
3125 1062 3332 1101 venena
3389 1061 3576 1116 super-

1991 1157 2148 1210 sunt,
2181 1145 2537 1216 opportunius
2565 1145 2616 1198 id
2639 1157 2736 1198 suo
2761 1141 2876 1196 loco
2899 1155 3199 1196 servamus.
3221 1138 3370 1192 Nunc
3395 1139 3577 1208 igitur,

1993 1240 2266 1310 prioribus
2295 1237 2731 1292 adversariorum
2761 1233 3046 1288 calumniis
3085 1231 3364 1294 discussis,
3397 1231 3506 1296 hic,
3535 1231 3578 1283 si

1993 1333 2188 1402 placet,
2220 1329 2615 1399 aliquantulum
2656 1327 3040 1395 quiescamus:
3077 1331 3133 1377 ut
3168 1332 3222 1376 et
3271 1338 3390 1392 qua:
3437 1323 3579 1376 dicta

1993 1433 2120 1478 sunt
2169 1421 2479 1492 diligentius
2517 1417 2748 1482 recolas,
2779 1425 2858 1480 et,
2891 1417 3016 1469 dum
3061 1421 3200 1468 novo
3247 1415 3402 1468 initio
3439 1413 3492 1467 in
3517 1427 3582 1467 ea

1993 1531 2114 1584 quae
2141 1521 2442 1584 sequuntur
2467 1510 2827 1580 assurgimus,
2851 1507 3066 1562 animus
3089 1515 3212 1566 tuus
3241 1521 3376 1561 nova
3409 1503 3586 1560 inten-

1997 1607 2144 1660 tione
2173 1613 2477 1672 reparctur.

317 1787 3566 1836 Wm—o

1123 1943 1590 2034 INCIPIT
1649 1941 2010 2030 LIBER
2064 1937 2714 2032 SECUNDUS.

920 2281 1280 2321 ιιιυιτιιυκυυε.

379 2357 526 2414 Dum
563 2357 670 2413 tuis
697 2355 1092 2426 objectionibus
1121 2356 1445 2426 respondeo,
1472 2356 1766 2426 prudenter
1800 2353 1899 2408 ad»

301 2457 500 2505 vertat
545 2450 590 2505 si
621 2449 743 2520 quis
787 2447 1017 2520 legerit,
1069 2463 1176 2504 non
1208 2463 1294 2503 me
1341 2447 1595 2502 laborare
1653 2461 1794 2501 nunc
1833 2445 1900 2499 a.l

303 2541 734 2614 expugnandum
775 2543 982 2598 nostris
1018 2541 1352 2610 argumentis
1381 2541 1599 2611 penitus
1645 2541 1897 2602 hostem;

299 2637 403 2693 sed
433 2636 500 2688 ad
520 2633 868 2688 muniendam
893 2633 1111 2687 interim
1139 2642 1325 2686 contra
1351 2631 1566 2686 hosrilia
1587 2638 1902 2698 argumenta

303 2725 642 2780 catholicam
671 2723 854 2778 tidem.
889 2723 954 2777 Et
995 2722 1126 2776 illud
1157 2722 1373 2792 quidem
1399 2761 1414 2786 ,
1447 2723 1554 2776 Deo
1581 2719 1904 2782 auxiliante,

299 2814 654 2885 pastinodam
685 2812 796 2866 fiet.
839 2811 992 2868 Nunc
1025 2829 1156 2868 vero
1181 2829 1294 2868 rem
1337 2813 1410 2867 ita
1443 2812 1780 2882 distinguere
1813 2827 1909 2864 vo-

302 2905 526 2968 lumus,
572 2913 630 2958 ut
679 2905 861 2973 primo
906 2905 1155 2960 hostilem
1201 2905 1622 2976 disputationem
1673 2903 1908 2960 debilem

301 3011 469 3062 esse,
501 3003 558 3050 et
590 2995 728 3050 nihil
757 3007 946 3050 contra
979 2997 1138 3052 tidem
1173 3008 1426 3052 nostram
1450 2997 1720 3052 conficere
1753 3012 1910 3066 posse

301 3097 722 3143 monstremus:
757 3098 815 3142 ut
854 3105 978 3143 eum
1009 3089 1062 3142 in
1092 3091 1203 3144 suis
1245 3091 1497 3144 inimicus
1540 3090 1740 3158 ubique
1766 3088 1913 3142 defe-

301 3181 480 3240 cerit,
535 3179 737 3232 nostris
783 3181 848 3232 a.l
903 3179 1151 3233 ultimum
1203 3179 1349 3250 (Deo
1406 3181 1652 3248 favente)
1703 3181 1912 3249 plenius

301 3269 633 3324 subruatur.
661 3268 736 3322 Ex
763 3284 866 3338 qua
901 3285 958 3322 re
989 3277 1118 3337 puto
1148 3268 1262 3322 fieri
1297 3277 1352 3322 ut
1410 3271 1664 3324 lucretica
1699 3269 1908 3323 fallacia

303 3363 483 3416 citius
511 3361 697 3424 sileat,
732 3369 786 3414 et
815 3361 1080 3415 catholica
1128 3361 1330 3416 veritas
1369 3361 1570 3416 clarius
1609 3360 1910 3416 clarescat.

305 3453 424 3509 Sed
475 3452 591 3506 lucc
643 3460 864 3521 prepter
907 3467 1002 3506 eos
1057 3452 1202 3506 dicta
1263 3453 1400 3517 sint,
1449 3454 1541 3521 qui
1571 3451 1915 3506 festinantius

311 3557 494 3614 quam
523 3555 612 3596 res
663 3541 900 3610 postulat
941 3541 1198 3598 satisfieri
1247 3542 1348 3596 sibi
1389 3543 1614 3598 omnino
1653 3543 1912 3606 volentes,

301 3637 446 3707 quia
485 3649 588 3688 non
619 3635 798 3688 omnia
826 3645 1010 3688 nostra
1042 3636 1130 3689 hic
1159 3635 1540 3704 expendimus,
1569 3636 1708 3702 apud
1735 3650 1796 3689 se
1820 3650 1917 3690 nos

307 3727 562 3782 Iorsitan
597 3727 663 3781 de
695 3725 956 3782 ineflicaci
1002 3743 1166 3796 opere
1199 3727 1617 3797 reprehendant.
1646 3727 1764 3782 iam
1793 3743 1918 3783 veo

303 3827 530 3874 caetera
561 3833 975 3889 prosequamur.

980 3929 1261 3972 ROGEDIUS.

385 4000 760 4070 Berengarius
811 4001 942 4056 dicit
985 4018 999 4056 :
1046 4004 1186 4059 Caro
1231 4005 1432 4060 Christi
1485 4007 1922 4076 incorruptibilis

303 4101 426 4158 est,
465 4103 812 4148 sacramenta
851 4110 980 4149 vero
1022 4096 1244 4160 altaris,
1276 4099 1321 4152 si
1368 4099 1572 4153 diutius
1611 4109 1920 4163 serventur,

304 4197 556 4258 possunt
591 4189 884 4260 corrumpi,
925 4190 1179 4246 videntur
1206 4193 1350 4246 enim
1388 4193 1690 4263 putrefieri.

938 4296 1303 4340 CUITMUNDUS.

387 4369 440 4426 Ο
466 4368 804 4425 ealumuibsa
827 4369 1038 4440 lingua!
1063 4387 1094 4428 0
1124 4373 1305 4446 lingua
1327 4373 1654 4444 blasphemis
1677 4378 1920 4433 assueta!

305 4461 636 4534 promptior
667 4463 733 4516 ad
785 4465 1218 4533 extorquendam
1265 4469 1496 4538 superbe
1531 4468 1596 4522 de
1632 4470 1926 4540 Scripturis

306 4553 414 4608 Dei
454 4566 615 4604 suam
645 4552 1036 4620 perditionem,
1069 4569 1232 4623 quam
1262 4557 1328 4611 ad
1361 4559 1763 4627 percipiendam
1804 4577 1925 4616 cum

309 4647 584 4704 fidelibus
621 4646 890 4702 salubrem
941 4647 1318 4706 refectionem.
1351 4651 1596 4707 Credidit
1632 4655 1930 4725 Scripturis

309 4736 546 4794 sanctis
575 4737 878 4794 dicentibus
909 4739 1188 4797 Christum
1217 4757 1337 4797 esse
1363 4743 1846 4816 incorruptibilem,
1876 4757 1932 4803 et

309 4847 437 4888 non
474 4829 708 4884 credidit
733 4830 949 4888 Christo
973 4833 1204 4891 dicenti:
1227 4835 1393 4890 Panis
1415 4853 1564 4907 quem
1595 4856 1688 4910 ego
1717 4841 1927 4908 dedero,

1933 2248 1973 2302 Β
2003 2260 2090 2315 illa
2115 2257 2477 2324 eueliaristia,
2509 2255 2750 2312 divinum
2793 2255 2922 2310 illud
2955 2267 3176 2321 manna;
3214 2269 3354 2323 quoo
3393 2257 3586 2309 innua-

2005 2353 2162 2408 culati
2191 2352 2324 2420 Δεδιιί
2367 2365 2584 2405 carnem
2619 2347 3004 2419 impassibilem
3041 2347 3237 2402 factam
3262 2386 3276 2412 ,
3314 2346 3377 2400 de
3419 2346 3590 2401 sacris

2005 2443 2266 2498 altaribus
2317 2443 2610 2506 sumimus,
2643 2457 2738 2511 per
2765 2441 2908 2511 quod
2933 2450 2987 2495 et
3025 2440 3285 2504 vivimus,
3315 2447 3368 2494 et
3395 2453 3422 2491 a
3471 2453 3592 2492 cor-

2007 2538 2256 2606 raptione
2283 2551 2561 2599 sanamur,
2597 2549 2868 2603 nunquam
2900 2534 3287 2603 corrumpitur,
3317 2549 3591 2603 nunquam

2007 2631 2295 2700 putrescit;
2328 2629 2455 2700 quia
2504 2645 2626 2684 cum
2675 2631 2741 2684 de
2777 2629 2864 2683 die
2909 2628 2960 2682 in
2994 2629 3138 2684 diem
3186 2643 3286 2684 nos
3329 2639 3591 2686 renovet.

2011 2725 2184 2792 ipsum
2230 2733 2575 2779 veterascere
2623 2739 2897 2792 nunquam
2949 2722 3121 2776 novit.
3171 2723 3267 2776 Cui
3313 2721 3597 2776 sententias

2010 2816 2204 2870 beatus
2253 2815 2574 2869 Ambrosius
2621 2814 2948 2883 astipulatur
2997 2813 3050 2867 in
3100 2813 3240 2868 libro
3292 2811 3367 2866 De
3413 2828 3598 2866 sarra-

2013 2910 2234 2972 mentis,
2263 2909 2348 2963 his
2371 2908 2551 2962 verbis
2575 2909 2714 2976 (cap.
2745 2907 2799 2976 9)
2825 2923 2838 2958 :
2877 2924 2892 2956 ι
2924 2905 3216 2960 Considera
3250 2920 3392 2958 nunc
3417 2913 3596 2956 utrum

2013 3003 2355 3072 prms‘antiot‘
2396 3002 2465 3056 sit
2511 3003 2662 3070 panis
2701 3001 3057 3070 angelorum,
3107 3016 3172 3052 an
3212 3013 3342 3054 caro
3372 2995 3598 3060 Christi,

2013 3111 2132 3163 qua:
2160 3096 2340 3162 utique
2369 3109 2565 3162 corpus
2591 3103 2673 3148 est
2702 3095 2844 3146 vitae.
2878 3093 3071 3145 Manna
3101 3093 3226 3146 illud
3254 3107 3283 3144 e
3312 3090 3468 3154 cmlo,
3499 3089 3600 3143 hoc

2016 3199 2175 3252 Sttpt'a
2222 3185 2438 3237 coelum.
2485 3183 2615 3237 Illud
2677 3185 2836 3246 CtL’ll,
2889 3185 2990 3236 hoc
3053 3181 3262 3236 Domini
3314 3179 3598 3235 caelorum.

2017 3275 2148 3328 Illud
2179 3273 2838 3343 (-orruptioni.obuoxium
2873 3274 2916 3327 si
2953 3273 3003 3326 in
3045 3273 3186 3326 diem
3219 3271 3450 3325 alterum
3485 3285 3602 3325 ser-

2017 3377 2258 3428 varetur,
2296 3366 2395 3420 hoc
2423 3365 2657 3418 alienum
2711 3366 2778 3418 ah
2827 3365 2974 3418 omni
3029 3365 3395 3432 corruptione.
3449 3360 3599 3428 Quod

2020 3459 2326 3527 quicunque
2357 3456 2604 3525 religiose
2630 3455 2948 3526 gustaverit,
2977 3456 3376 3523 corruptionem
3401 3453 3604 3508 sentire

2023 3567 2126 3603 non
2163 3551 2380 3620 poterit.
2407 3571 2424 3602 ι
2466 3549 2521 3603 Si
2551 3563 2682 3618 ergo
2729 3547 2866 3602 forte
2903 3547 3136 3616 cuipiam
3166 3555 3438 3601 vetustate
3478 3562 3604 3602 cor-

1965 3636 1988 3654 ’⁴
2025 3652 2237 3713 ruptum
2266 3650 2318 3694 et
2349 3641 2620 3710 putridum
2661 3639 2951 3708 aliquando
2997 3638 3267 3702 videatur,
3320 3637 3362 3692 si
3413 3637 3458 3692 is
3498 3651 3600 3690 non

2022 3735 2192 3788 credit
2239 3733 2338 3787 hoc
2369 3732 2511 3802 quod
2543 3733 2718 3794 videt,
2759 3747 2879 3786 esse
2925 3747 3122 3801 corpus
3175 3730 3416 3795 Domini,
3445 3729 3604 3797 juxta

2022 3839 2115 3878 cor
2147 3839 2324 3886 suum,
2354 3837 2475 3876 eum
2499 3836 2563 3876 eo
2597 3822 2862 3876 credimus
2891 3821 2974 3891 agi
3009 3839 3021 3874 :
3049 3821 3130 3891 (ut
3153 3821 3604 3891 quemadmodum

2025 3920 2090 3972 de
2118 3916 2334 3970 Christo
2383 3915 2686 3986 peregrino,
2717 3923 2772 3969 ct
2820 3916 3028 3969 duobus
3073 3915 3354 3985 discipulis
3383 3933 3504 3972 eum
3540 3933 3605 3974 eo

2027 4009 2078 4062 in
2129 4007 2214 4061 via
2264 4007 2610 4078 loquentibus
2657 4007 2848 4061 beatus
2898 4006 2973 4059 ait
3021 4005 3336 4076 Gregorius)
3387 4009 3492 4064 tale
3531 4010 3604 4064 illi

2029 4098 2158 4154 loris
2187 4107 2474 4168 appareat,
2513 4096 2671 4166 quale
2717 4097 2862 4151 intus
2898 4097 2948 4150 in
2982 4097 3146 4150 corde.
3197 4097 3448 4152 videlicet
3492 4115 3612 4156 cre-

2028 4191 2191 4244 ditur.
2225 4189 2282 4243 Si
2310 4199 2488 4242 autem
2521 4189 2727 4251 credit,
2771 4189 2872 4242 hoc
2904 4189 3046 4256 quod
3087 4188 3231 4243 videt
3265 4205 3384 4245 esse
3414 4205 3609 4262 corpus

2030 4279 2263 4341 Domini,
2299 4278 2349 4331 id
2375 4293 2498 4332 cum
2529 4293 2592 4332 eo
2623 4277 2736 4332 fieri
2765 4279 3057 4342 credimus,
3086 4289 3141 4332 ut
3170 4289 3262 4334 aut
3288 4281 3465 4350 aliqua
3494 4282 3610 4350 ejus

2031 4369 2352 4440 negligentia
2399 4368 2749 4438 corrigenda,
2801 4369 2882 4423 vel
2939 4371 3205 4439 punienda
3273 4371 3606 4436 declaretur,

2031 4478 2128 4531 pro
2153 4477 2218 4516 eo
2266 4459 2517 4516 videlicet
2559 4459 2700 4531 quod
2733 4463 2942 4516 Domini
2972 4464 3053 4516 sui
3083 4479 3314 4532 corpus,
3347 4472 3610 4533 quantum

2033 4553 2084 4607 in
2117 4568 2174 4607 se
2204 4560 2319 4616 est,
2359 4551 2576 4622 indigne
2625 4553 2974 4617 tractaverit,
3015 4553 3096 4608 vel
3136 4563 3322 4608 contra
3361 4555 3617 4610 ecclesiis-

2033 4647 2196 4702 slicas
2225 4645 2438 4715 regulas
2467 4645 2666 4700 diutius
2695 4646 2980 4702 retinendo
3004 4647 3378 4704 inolicdienter
3407 4650 3615 4718 egerit;

2033 4747 2126 4792 aut
2151 4745 2295 4792 certe
2327 4735 2446 4788 fidei
2482 4737 2600 4806 ejus
2630 4736 2873 4789 soliditas
2914 4739 3194 4814 copiosius
3229 4741 3624 4793 remuneranda

2035 4831 2430 4900 comprobetur,
2465 4833 2556 4900 qui
2584 4839 2771 4886 contra
2801 4829 2852 4882 id
2877 4833 3060 4893 etiam
3087 4831 3230 4902 quod
3252 4831 3437 4886 oculos
3459 4832 3634 4888 cernit

311 4937 456 4978 caro
493 4934 612 4971 mea
639 4927 713 4972 es!
742 4938 836 4990 pro
870 4921 1052 4976 smculi
1103 4928 1208 4981 vita
1258 4923 1442 4996 (Ioan.
1471 4927 1566 4996 vi),
1617 4930 1712 4986 scd
1740 4939 1928 4987 contra
1967 4945 2014 5005 ο
2037 4923 2104 4977 de
2129 4921 2290 4976 rebus
2319 4935 2382 4973 ac
2411 4921 2652 4988 potentia
2685 4919 2900 4976 Domini
2936 4932 3064 4994 sui,
3095 4933 3148 4980 et
3170 4922 3436 4973 communi
3459 4922 3644 4977 Eccle-

313 5017 426 5044 I.nn
477 5009 702 5044 nnnnnil
755 5012 1153 5044 Dn’ﬂllnI:l\cinm
1229 5016 1492 5044 11mm”..-

1539 5021 1720 5044 ἶικη-.-
1762 5021 1865 5044 ..η-1
1887 5040 1894 5044 .

2751 5013 2819 5044 Δι’
2851 5012 2982 5044 Iuno.
3053 5035 3147 5044 ,_.~‘
3186 5011 3404 5044 ιὶῖιδὶηυια

2306 5027 2410 5044 nn“
2445 5013 2677 5044 :‘I-l\:lnl:
2751 5013 2819 5044 Δι’
2851 5012 2982 5044 Iuno.
3053 5035 3147 5044 ,_.~‘
3186 5011 3404 5044 ιὶῖιδὶηυια
3469 5030 3525 5044 Av
3572 5011 3652 5044 ιη-

2039 5017 2130 5044 0:.“
2165 5015 2265 5044 ηιξη
