4006 5282
422 246 553 304 ΗΠ

1418 235 2272 304 ϐυΙΤΜυΝΒΙἎῐὶΟΗΙΕΡίΞΟ.
2306 246 2653 302 AV'ERSANI

3525 239 3658 296 ωε

416 364 673 436 quoniam
710 363 1027 435 prophetias
1056 363 1121 419 de
1149 362 1369 419 Christo
1393 364 1572 419 minus
1597 364 1880 434 diligenter
1906 375 1990 417 at-
2018 373 2064 428 Α
2094 366 2308 420 valeant
2343 366 2510 436 ipsius
2545 364 2810 434 adjutorio
2845 363 2967 419 ﬁdei
3012 364 3064 418 in
3113 363 3225 417 suis
3261 359 3660 416 inﬁrmitatibus

415 455 719 520 tenderant,
746 455 812 508 de
854 453 1172 526 negligentia
1223 455 1458 522 primum
1507 455 1722 522 quiJem
1774 452 1984 524 puniri,

416 549 541 603 dum
570 547 717 602 stulti
754 557 1042 610 vocantur;
1065 545 1261 602 deinde
1287 547 1506 616 corrigi,
1537 547 1662 600 dum
1694 546 1992 615 Scriptum

415 639 496 692 eis
515 637 852 705 aperiuntur,
877 646 1209 690 meruerunt.
1233 635 1512 702 Quomodo
1545 645 1720 689 autem
1749 637 1815 689 ad
1845 652 1991 689 com-

417 727 723 797 probandos
772 727 1304 794 remunerandosqne
1343 726 1528 780 ﬁdeles
1568 725 1992 795 incorruptibilis

419 819 662 872 Christus
709 816 863 884 quasi
930 817 1298 884 corruptibilis
1357 816 1526 870 videri
1581 817 1830 884 dignatus
1881 814 1991 879 sit,

419 907 607 961 beatus
635 903 929 975 Gregorius
955 903 1196 958 declarat
1226 904 1291 958 de
1330 905 1560 972 quodam
1593 902 1851 973 Martyrio
1881 917 1994 956 mo-

421 1000 595 1054 nacho
615 1012 862 1062 narrans,
890 996 981 1066 qui
1004 995 1286 1051 Dominum
1314 995 1494 1051 Jesum
1518 996 1570 1049 in
1598 995 1777 1065 specie
1798 992 1994 1063 leprosi

420 1090 522 1144 sibi
547 1097 896 1158 apparentem
931 1087 1164 1156 propriis
1211 1087 1408 1141 meruit
1455 1087 1696 1140 humeris
1731 1084 1993 1155 bajulare.

421 1183 660 1250 Cumque
693 1179 760 1245 is,
796 1178 994 1247 inquit,
1026 1177 1115 1247 qui
1147 1178 1300 1246 quasi
1329 1177 1574 1248 leprosus
1605 1177 1907 1241 videbatur,
1931 1177 1997 1231 de

421 1273 560 1328 collo
585 1271 702 1341 ejus
719 1270 1049 1334 evanuisset,
1079 1269 1146 1322 ab
1175 1269 1288 1339 ipso
1310 1284 1434 1323 mox
1464 1269 1786 1324 sententiam
1818 1283 1998 1322 remu-

423 1364 720 1420 nerationis
747 1363 992 1432 accepit:
1024 1362 1318 1428 Quoniam,
1352 1363 1556 1432 inquit,
1597 1377 1702 1416 non
1733 1361 1996 1416 erubuisli

423 1472 510 1512 tne
538 1456 587 1508 in
627 1468 789 1516 terra,
821 1469 854 1507 ο
893 1453 1146 1526 Martyri,
1195 1468 1296 1508 nec
1334 1468 1462 1523 ergo
1497 1454 1812 1509 erubescam
1857 1463 1909 1507 te
1943 1454 1997 1508 in

429 1551 588 1606 caelo.
621 1547 772 1602 Sicut
803 1547 966 1618 igitur
991 1548 1057 1601 ad
1085 1545 1540 1616 comprobandum
1570 1556 1623 1601 et
1651 1561 1999 1600 remuneran-

426 1646 548 1699 dam
583 1643 824 1708 Martyrii
855 1642 1212 1696 humilitatem
1240 1643 1353 1697 sive
1380 1642 1738 1705 dilectionem,
1773 1643 1825 1698 in
1855 1652 1998 1697 terra

427 1737 651 1791 deformi
681 1735 1059 1806 horrendaque
1100 1735 1281 1806 Specie
1330 1735 1588 1791 Dominus
1630 1744 1813 1790 uoster
1845 1733 2001 1790 Jesus

427 1827 676 1882 Christus
715 1827 991 1897 apparuit;
1038 1828 1109 1880 ita
1152 1826 1217 1880 ad
1254 1826 1708 1896 comprobandum
1747 1834 1796 1880 et
1828 1841 2005 1879 remu-

437 1918 734 1972 nerandam
764 1932 1043 1971 servorum
1074 1932 1296 1971 suorum
1344 1916 1500 1971 fidem
1521 1957 1535 1980 ,
1561 1917 1608 1971 si
1642 1916 1784 1970 nulla
1831 1917 2005 1971 increo

431 2005 627 2060 dulitas
652 2016 757 2071 est,
787 2005 871 2060 vel
898 2005 1221 2076 negligentia
1249 1993 1520 2075 punienda
1545 2006 1629 2060 vel
1666 2005 2002 2076 corrigenda,

434 2093 487 2147 in
519 2095 698 2164 specie
729 2094 969 2163 corrupti
1017 2094 1161 2150 illius
1203 2095 1389 2164 panis,
1429 2095 1474 2151 si
1503 2097 1718 2165 quando
1755 2095 1856 2150 hoc
1879 2111 2011 2152 con-

437 2185 640 2253 tingat,
673 2186 970 2240 credendus
1016 2195 1101 2240 est
1146 2186 1340 2241 videri.
1374 2186 1470 2251 Et,
1503 2186 1643 2240 sicut
1691 2202 1794 2240 non
1843 2185 2008 2240 alium

435 2273 703 2344 leprosum
737 2275 884 2329 illum
929 2274 1384 2331 deformissimam
1433 2274 1598 2332 fuisse
1626 2277 1726 2333 nisi
1771 2277 2009 2346 seipsum

437 2363 502 2419 de
528 2363 662 2418 collo
689 2362 926 2435 Martyrii
971 2379 1304 2419 evanescens
1334 2363 1582 2420 Christus
1624 2367 1901 2432 ostendit;
1937 2365 2012 2422 ita

437 2466 543 2506 non
574 2451 718 2506 aliud
745 2468 903 2521 quam
934 2453 1136 2509 Christi
1166 2469 1387 2508 carnem
1413 2463 1468 2510 et
1491 2455 1808 2523 sanguinem
1844 2455 1897 2511 in
1935 2456 2014 2511 di-

435 2544 577 2598 vinis
590 2529 967 2610 sacramentis,
989 2547 1152 2600 etiam
1173 2546 1217 2600 si
1237 2547 1334 2602 sub
1355 2548 1534 2617 specie
1555 2549 1706 2618 quasi
1726 2547 2013 2618 putrefacti

442 2634 601 2704 panis
642 2643 695 2687 et
742 2635 852 2689 vini
900 2635 1190 2706 aliquando
1237 2637 1545 2706 videantur,
1591 2640 2014 2694 orthodoxorum

445 2723 728 2794 prudentia
772 2726 994 2781 credere
1041 2727 1209 2782 novit.
1262 2727 1415 2794 Quod
1452 2729 1495 2784 si
1543 2729 1771 2799 objicias
1801 2730 1882 2800 (ut
1911 2728 2016 2784 diei

438 2815 656 2886 assolet)
689 2817 811 2887 quia
850 2817 1204 2886 Berengarius
1252 2820 1400 2875 Vitas
1434 2830 1743 2876 sanctorum
1780 2837 1876 2892 pro
1923 2837 2017 2876 au-

441 2908 695 2960 ctoritate
730 2922 835 2960 non
881 2911 1113 2977 recepit,
1153 2910 1294 2964 scias
1315 2950 1329 2974 ,
1360 2911 1484 2980 quia
1513 2912 1726 2966 tametsi
1755 2912 2017 2980 quasdam

445 3005 758 3049 sanctorum
790 2994 939 3050 Vitas
965 3012 1069 3052 non
1115 2998 1324 3067 recipit,
1372 2999 1513 3053 beati
1545 3000 1788 3071 Gregorii
1839 3010 2015 3055 tamen

441 3083 612 3139 libros
641 3099 932 3153 numquam
971 3101 1092 3139 eum
1122 3086 1393 3156 reSpuisse
1423 3097 1584 3156 prout
1618 3089 1887 3153 recordor,
1929 3105 2016 3144 ac-

443 3175 582 3245 cepi.
613 3175 952 3246 Quapropter
998 3187 1052 3231 et
1105 3177 1376 3247 dialogum
1425 3178 1570 3234 beati
1620 3179 1866 3251 Gregorii
1921 3197 2018 3251 pro

446 3265 776 3322 auctoritate
817 3267 1239 3337 assumpsimus,
1273 3269 1326 3322 in
1361 3284 1469 3340 quo
1501 3271 1566 3325 de
1613 3272 1873 3343 martyrio
1903 3287 2018 3327 me-

444 3365 750 3437 morantur.
775 3357 875 3412 ista
926 3373 1047 3427 qua:
1085 3359 1341 3416 diximus.
1389 3361 1594 3418 Tantus
1640 3365 1785 3418 enim
1834 3374 2023 3420 auctor

445 3462 554 3501 non
583 3463 645 3502 ea
673 3449 953 3516 scriberet,
987 3449 1088 3505 nisi
1118 3460 1172 3505 et
1199 3451 1311 3520 ipse
1338 3468 1463 3507 vera
1495 3469 1616 3510 esse
1645 3457 1926 3522 crederet,
1968 3466 2023 3511 et

447 3537 606 3608 digna
638 3539 783 3593 credi
827 3555 855 3592 a
886 3542 1119 3609 posteris
1158 3542 1451 3612 iudicaret.
1498 3545 1807 3613 Postremo,
1854 3555 2020 3600 totam

448 3627 621 3698 ipsam
650 3627 1110 3700 dispensationem
1141 3635 1492 3690 humanitatis
1525 3637 1819 3693 Dominica:
1845 3640 2026 3694 animo

448 3733 858 3788 percurramus.
887 3721 1020 3776 Tota
1063 3725 1260 3793 quippe
1289 3725 1411 3780 talis
1453 3727 1688 3795 exstitit,
1717 3728 1783 3783 de
1829 3745 1935 3798 qua
1973 3739 2027 3784 ct

454 3811 794 3866 inimicorum
813 3813 1159 3868 incredulitas
1176 3817 1347 3886 magis
1363 3833 1422 3872 ex
1432 3821 1700 3886 caccanda,
1719 3833 2029 3891 propterea-

453 3912 562 3968 que
584 3899 903 3966 danmanda,
933 3903 1429 3960 scandalizaretur:
1457 3917 1510 3962 et
1534 3910 1866 3964 credentium
1899 3911 2030 3967 ﬁdes

455 3987 629 4059 magis
657 3994 1070 4060 augmentauda,
1099 4004 1152 4048 et
1183 4007 1466 4067 preptcrea
1491 4002 1801 4055 coronanda
1832 4005 2030 4072 proba-

457 4089 629 4135 retur.
667 4080 803 4148 Quid
842 4083 984 4138 cnim
1018 4084 1120 4139 hoc
1159 4087 1362 4155 ipsum,
1395 4089 1536 4158 quod
1573 4089 1640 4146 de
1679 4089 1898 4162 Virgine
1936 4094 2026 4149 de-

458 4182 712 4242 Sponsata
739 4172 936 4244 Ioseph
969 4177 1115 4231 nasci
1147 4178 1349 4233 voluit?
1386 4179 1574 4236 Nonne
1603 4193 1656 4237 et
1699 4183 1933 4241 inimicis
1969 4187 2035 4241 ad

461 4272 809 4334 augmentum
870 4268 1164 4322 niortil‘erm
1221 4270 1512 4339 impietatis
1567 4276 1806 4330 scandali
1870 4295 2034 4334 causa

2034 1705 2077 1760 B

2090 470 2197 509 non
2227 454 2487 518 deﬁcere;
2519 455 2611 509 sed
2642 453 2883 523 ejusdem
2912 453 3133 522 insuper
3157 451 3365 505 Domini
3397 450 3480 505 sui
3511 449 3660 502 auxi-

2089 545 2220 602 lium
2265 547 2548 601 credentes
2593 545 2845 600 charitati
2894 561 2998 614 qua
3049 559 3146 613 pro
3187 543 3318 612 ipsis
3363 541 3663 594 infirmatus

2091 644 2195 697 est,
2227 651 2611 706 usquequaque
2643 634 2945 689 ﬁducialius
2973 635 3204 686 audeant
3251 631 3558 699 implorare.
3591 631 3665 683 De

2094 736 2268 780 morte
2301 734 2481 779 autem
2511 723 2630 794 ejus
2658 724 2785 793 quid
2823 722 3036 777 dicam?
3070 720 3256 774 Nonne
3281 720 3408 773 dicit
3435 720 3667 788 Aposto-

2094 815 2195 879 lus,
2223 817 2350 884 quia
2382 830 2477 884 per
2505 815 2675 887 ipsam
2716 813 2953 868 Christus
2993 811 3197 865 Judtris
3223 822 3296 864 est
3333 807 3665 877 scandalum.

2093 909 2329 979 gentibus
2371 917 2544 961 autem
2592 907 2857 961 stultitia:
2889 905 3208 961 Christianis
3241 919 3389 967 vero,
3427 901 3667 956 Christus

2096 999 2195 1053 Dei
2245 1000 2408 1053 virtus
2453 1010 2500 1053 et
2549 999 2646 1053 Dei
2685 999 2938 1068 sapientia
2988 997 3039 1070 (I
3068 998 3188 1052 Cor.
3220 997 3278 1052 ιλ
3317 995 3468 1050 Sicut
3511 995 3670 1066 igitur

2096 1099 2224 1146 tunc
2249 1107 2370 1146 cum
2423 1092 2564 1146 inter
2609 1090 2855 1145 homines
2904 1089 3144 1144 mortalis
3193 1089 3368 1144 adhuc
3419 1089 3668 1144 Christus

2096 1181 2323 1244 viveret,
2346 1182 2489 1236 circa
2512 1179 2627 1250 ejus
2652 1195 2868 1235 carnem
2899 1181 3184 1246 agebatur;
3209 1180 3284 1233 ita
3310 1179 3471 1233 etiam
3500 1195 3671 1250 quan-

2098 1269 2186 1324 diu
2219 1270 2456 1323 Ecclesia
2485 1270 2600 1338 ejus
2633 1283 2802 1337 usque
2833 1269 2898 1322 ad
2931 1269 3456 1322 consummationem
3488 1266 3670 1322 saeculi

2099 1361 2342 1416 mortalis
2372 1361 2491 1423 erit,
2528 1376 2625 1430 pro
2651 1361 2837 1414 eadem
2871 1360 3103 1414 utilitate
3129 1357 3384 1414 Ecclesirc
3403 1401 3417 1424 ,
3446 1373 3552 1428 qua
3582 1357 3674 1412 illa

2101 1462 2226 1508 tunc
2260 1452 2458 1507 ﬁebant
2487 1453 2632 1508 circa
2671 1453 2840 1521 ipsam
2869 1454 3113 1506 eamdem
3144 1465 3382 1515 carnem,
3412 1450 3562 1504 salva
3591 1450 3676 1503 in,

2101 1544 2444 1613 corruptione
2467 1543 2603 1613 ejus,
2630 1543 2733 1597 tale
2755 1543 2881 1613 quid
2908 1543 3086 1613 specie
3113 1550 3268 1596 tenus
3296 1555 3555 1611 apparere
3578 1556 3680 1609 po-

2103 1648 2208 1694 test
2239 1636 2378 1691 unde
2402 1635 2854 1700 scandalizentur,
2893 1645 2946 1691 et
2977 1635 3436 1690 contenebrentur
3460 1649 3680 1704 semper

2107 1731 2391 1796 increduli,
2421 1739 2782 1786 exerceantur
2810 1738 2989 1784 autem
3022 1737 3078 1784 et
3112 1728 3479 1783 illuminentur
3507 1727 3680 1798 magis

2105 1821 2280 1878 electi.
2317 1821 2653 1890 Quapropter
2678 1820 2928 1876 desinant
2953 1819 3200 1874 homines
3229 1827 3408 1872 mente
3439 1818 3680 1888 corrupti

2107 1923 2160 1969 et
2189 1913 2411 1984 putridi,
2437 1911 2800 1982 corruptelam
2829 1920 2882 1966 et
2912 1911 3248 1981 putredinem
3284 1924 3555 1980 opponere
3583 1925 3678 1963 sa-

2108 2003 2400 2058 cramentis
2431 2002 2556 2069 Dei;
2594 2003 2719 2071 quia
2745 2043 2760 2067 ,
2797 2001 2937 2056 sicut
2974 2008 3248 2070 assumpta
3287 2000 3554 2070 peregrini
3594 1997 3684 2052 vel

2109 2092 2404 2156 hortulani,
2429 2092 2512 2145 vel
2540 2092 2735 2161 leprosi
2764 2092 2989 2162 species,
3015 2091 3246 2145 fidelium
3277 2090 3685 2160 negligentiam,

2109 2183 2194 2239 vel
2220 2183 2504 2254 increpuit,
2527 2183 2607 2238 vel
2631 2181 2912 2252 corripuit,
2935 2182 3018 2237 vel
3048 2181 3207 2236 ﬁdem
3230 2181 3688 2249 dilectionemque

2112 2275 2380 2346 probavit,
2412 2275 2692 2330 veritatem
2717 2283 2894 2328 tamen
2918 2275 3168 2328 essentiae
3193 2271 3394 2327 Christi
3425 2289 3525 2325 non
3558 2287 3690 2323 eva-

2114 2365 2328 2420 cuavit?
2358 2365 2431 2418 ita
2458 2365 2502 2419 si
2533 2363 2750 2434 quando
2775 2363 3023 2433 putredo,
3057 2361 3137 2416 vel
3165 2361 3309 2416 aliud
3333 2361 3506 2415 simile
3535 2360 3691 2414 inde-

2114 2469 2242 2511 cens
2297 2454 2427 2525 quid
2479 2455 2531 2509 in
2584 2453 2840 2508 Ecclesiae
2887 2453 3242 2508 sacramentis
3297 2461 3585 2522 appareat,
3616 2452 3690 2504 ad

2115 2546 2496 2618 negligentiam
2545 2546 2916 2601 ministrorum
2946 2546 3270 2616 puniendam
3302 2545 3386 2599 vel
3414 2544 3696 2614 corrigen-

2116 2641 2239 2694 dam
2261 2678 2275 2703 ,
2313 2638 2396 2692 vel
2421 2646 2566 2692 certe
2593 2637 2659 2690 ad
2697 2635 2855 2692 ﬁdem
2896 2635 3302 2692 dilectionemve
3333 2635 3689 2705 probandam,

2119 2741 2177 2787 ut
2203 2731 2456 2796 diximus,
2482 2729 2624 2785 valet
2649 2746 2662 2784 :
2695 2729 2981 2784 veritatem
3021 2739 3200 2783 tamen
3232 2727 3481 2782 essentia
3511 2725 3695 2781 Domi-

2120 2827 2256 2881 nica:
2319 2826 2500 2879 carnis
2557 2833 2606 2878 et
2663 2823 2942 2891 sanguinis
3001 2837 3264 2876 evacuare
3325 2836 3432 2874 non
3493 2828 3693 2889 potest.

2121 2914 2351 2971 Proinde
2398 2928 2526 2984 ergo
2555 2927 2654 2967 nec
2689 2914 2823 2968 istas
2871 2911 3112 2966 Ecclesia
3164 2910 3257 2964 Dei
3311 2909 3693 2964 haereticorum

2120 3006 2384 3062 versutias
2413 3013 2616 3060 metuat
2644 3021 2657 3057 :
2691 3019 2809 3074 qua:
2831 3004 2999 3074 ipsam
3035 3001 3194 3056 etiam
3224 3010 3388 3054 totam
3421 2999 3692 3054 carnalem

2121 3099 2174 3154 in
2207 3098 2363 3153 terris
2388 3096 2836 3166 dispensationem
2876 3093 3084 3149 Domini
3121 3094 3202 3148 sui
3229 3093 3331 3148 sibi
3357 3093 3572 3162 quidem
3609 3107 3696 3145 sa-

2120 3189 2311 3255 lutem,
2342 3187 2650 3244 scandalum
2678 3196 2858 3241 autem
2891 3201 3103 3255 semper
3129 3183 3296 3239 fuisse
3323 3183 3568 3254 reprobis
3590 3199 3694 3236 non

2123 3282 2357 3354 ignorat.

2778 3387 3060 3427 BOGEIUUS.

2192 3469 2237 3522 Α
2267 3467 2510 3523 muribus
2557 3480 2805 3537 quoque,
2835 3464 2918 3519 vel
2967 3461 3331 3532 hujuscemodi
3368 3457 3695 3529 quibuslibet

2125 3559 2446 3616 animalibus
2494 3557 2703 3612 corrodi
2731 3596 2746 3623 ,
2797 3556 2878 3610 vel
2913 3554 3155 3610 consumi
3207 3555 3321 3608 lucc
3356 3558 3696 3606 sacramenta

2124 3667 2283 3724 posse
2306 3649 2586 3721 objiciunt.

2441 3727 2454 3732 ν
2735 3754 3090 3796 GUITMUNDUS.

2199 3831 2326 3886 Mihi
2378 3831 2628 3907 equidem
2685 3840 3027 3885 sacramenta
3096 3830 3208 3884 luce
3274 3840 3612 3897 nequaquam
3673 3840 3700 3879 a

2130 3923 2374 3978 muribus
2425 3921 2505 3975 vel
2537 3920 2807 3989 aliquibus
2852 3922 3026 3975 brutis
3077 3919 3399 3973 animalibus
3453 3917 3704 3970 videntur

2131 4026 2292 4084 posse
2314 4011 2546 4066 corrodi.
2580 4011 2732 4078 Quod
2777 4012 2822 4066 si
2867 4011 3154 4080 aliquando
3185 4009 3331 4064 velut
3365 4023 3584 4064 eorrosa
3622 4008 3701 4058 vi-

2137 4104 2389 4167 deantur,
2419 4102 2562 4172 quod
2593 4111 2719 4157 tunc
2747 4103 2814 4157 de
2841 4103 3124 4157 hortulano
3143 4142 3157 4166 ,
3188 4103 3254 4156 de
3279 4100 3595 4170 peregrino,
3625 4095 3708 4150 vel

2136 4193 2349 4263 leproso
2387 4193 2640 4258 diximus,
2671 4193 2978 4263 responderi
3003 4202 3208 4263 potest,
3237 4193 3286 4246 id
3315 4202 3395 4246 est
3447 4207 3552 4244 non
3591 4203 3708 4244 esse

2137 4298 2390 4350 corrosa;
2444 4284 2534 4340 sed
2582 4284 2666 4338 vel
2715 4285 2780 4339 ad
2825 4285 3148 4354 puniendam
3192 4299 3285 4340 seu
3333 4283 3706 4352 corr-Egendam

461 4350 598 4447 ξων
638 4362 698 4407 ω
732 4355 1060 4425 appellarem
1109 4373 1230 4413 eum
1264 4360 1428 4414 ﬁlium
1485 4362 1657 4430 fabri;
1691 4375 1747 4421 et
1794 4371 2036 4426 credenti
2068 4385 2118 4444 ι)
2144 4378 2514 4433 ministrorum
2552 4350 2962 4447 negligentiam,
2999 4377 3082 4432 vel
3133 4379 3199 4430 ad
3244 4350 3573 4446 probandam
3621 4387 3712 4426 eo-

463 4441 625 4500 Petro
675 4447 742 4499 ad
798 4461 1144 4518 augmentum
1199 4456 1607 4510 remunerandtc
1655 4458 1774 4512 ﬁdei
1802 4461 2036 4528 prol‘uit,

463 4537 556 4604 qui
586 4537 640 4591 in
670 4539 815 4594 nullo
853 4557 946 4610 per
975 4542 1074 4597 hoc
1105 4542 1393 4613 impeditus
1414 4546 1586 4604 dixit:
1623 4548 1699 4602 Tu
1728 4567 1781 4604 es
1805 4551 2042 4607 Christus

466 4625 640 4682 Filius
673 4629 766 4683 Dei
801 4633 943 4685 vivi?
966 4633 1142 4702 (iilatt.
1185 4636 1318 4707 xvi.)
1353 4637 1489 4704 Quid
1519 4640 1751 4710 denique
1783 4650 1893 4698 tota
1925 4660 2046 4699 car-

467 4718 553 4772 nis
577 4718 691 4788 ejus
720 4722 1040 4778 inlirmitas?
1071 4724 1259 4782 Nonne
1287 4737 1340 4783 et
1368 4730 1543 4799 ipsum
1572 4732 1844 4788 diabolum
1876 4752 2044 4807 usque

468 4810 605 4865 adeo
631 4817 950 4881 excaecavit,
984 4826 1040 4871 ut
1073 4834 1172 4875 ncc
1202 4821 1462 4877 miracula
1494 4823 1734 4879 inaudita
1765 4829 1916 4896 prius
1958 4839 2045 4884 at-

471 4902 719 4968 tendens,
749 4921 919 4976 usque
947 4909 1012 4963 ad
1041 4911 1392 4966 occidendum
1425 4930 1540 4966 enm
1585 4915 1918 4987 insurgeret,
1947 4935 2046 4976 nec

2144 4483 2263 4521 rum
2300 4467 2390 4536 qui
2429 4468 2531 4521 hoc
2581 4466 2849 4531 viderint,
2888 4465 3080 4530 ﬁdem,
3114 4467 3166 4521 in
3207 4467 3295 4520 tali
3337 4466 3515 4533 specle
3556 4476 3712 4533 posse

2142 4558 2314 4612 videri
2331 4557 2466 4628 (l0).
2483 4557 2562 4612 Ad
2588 4557 2687 4612 hoc
2706 4572 2834 4612 vero
2851 4559 2992 4628 quod
3023 4575 3050 4612 a
3069 4558 3238 4612 brutis
3257 4557 3577 4612 animalibus
3590 4573 3713 4612 con-

2145 4647 2284 4702 sumi
2316 4663 2473 4718 posse
2500 4648 2773 4714 dicuntur,
2807 4649 3135 4717 respondere
3176 4664 3458 4718 possumus
3483 4649 3552 4703 ob
3581 4663 3713 4718 piae-

2145 4737 2317 4792 dictas
2369 4752 2596 4804 causas,
2651 4739 2702 4793 id
2736 4738 3174 4807 est,probandae
3230 4737 3382 4802 ﬁdei,
3434 4747 3527 4791 aut
3566 4742 3714 4791 dam-

2146 4833 2337 4888 nanda
2373 4847 2465 4887 seu
2493 4834 2822 4904 corrigenda:
2853 4833 3132 4887 custodum
3163 4831 3522 4902 negligentiae.
3559 4831 3710 4884 bruta

2149 4924 2399 4978 animalia
2428 4933 2651 4980 eatenus
2679 4924 2744 4978 ad
2787 4939 2981 4993 corpus
3009 4923 3206 4978 Christi
3237 4937 3393 4992 posse
3438 4922 3712 4983 accedere,
