4006 5282
191 281 210 334 t
225 263 312 334 tit)

645 267 730 326 DF.
761 267 1107 336 CORPORIS
1137 267 1228 323 ET
1267 263 1473 322 SANG.
1517 261 1756 320 DOMINI
1783 261 2135 318 VERITATE
2177 259 2356 316 LIBRI
2396 258 2594 316 TRES.
2636 289 2705 300 --
2741 257 2870 314 LIB.
2909 258 2971 312 ll.

3313 257 3452 313 “30

192 401 240 448 tu
265 391 512 457 malisque
537 387 813 442 constitui.
861 385 1026 450 Cujus
1054 389 1340 438 sententue
1374 391 1584 448 martyr
1631 378 1748 448 glo-
1782 378 1826 432 Α
1853 377 2034 430 carnis
2063 385 2116 430 et
2143 389 2422 444 sanguinis
2458 373 2712 444 speciem.
2747 385 2962 427 sumere
2989 370 3301 440 trepidaret,
3337 387 3450 426 rem

193 487 353 540 riosus
399 480 668 536 'Iarsitius
715 479 872 533 nobis
921 479 1146 531 idoneus
1189 475 1341 530 testis
1367 475 1624 529 Occurrit.
1655 473 1756 540 Qui

191 575 302 628 eum
323 565 630 626 veneranda
665 567 930 624 Dominici
969 567 1214 634 carperis
1253 569 1592 620 sacramenta
1639 579 1762 634 por"-

193 671 343 724 taret,
369 677 398 714 a
423 660 646 730 paganis
677 659 817 714 forte
844 657 1382 728 supervenientibus.
1410 665 1466 710 et
1501 654 1762 724 quidnam

189 754 346 809 ferret
369 753 783 822 exquirentibns
809 751 1235 820 comprehensus
1263 760 1366 804 est.
1409 747 1590 802 Atille
1625 747 1762 801 mori

190 846 359 913 potius
388 859 551 913 quam
595 852 840 896 sanctum
871 843 998 894 dare
1039 841 1260 894 canibus
1291 839 1511 911 (Matth.
1541 839 1636 900 vi.)
1667 837 1762 890 eli-

189 951 342 1008 gens,
387 933 618 1002 palmam
669 933 920 1002 pretiose
969 931 1160 984 mortis
1207 931 1458 982 emeruit.
1511 927 1586 982 Illi
1639 941 1768 978 vero

191 1023 558 1078 curiosissime
584 1021 766 1074 omnia
799 1028 1132 1084 scrutantes,
1165 1027 1324 1088 rapto
1351 1017 1567 1071 coalitus
1591 1017 1768 1068 Domi-

191 1113 310 1167 nico
340 1126 588 1180 corpore,
627 1109 760 1164 nihil
789 1111 1023 1177 penitus,
1060 1109 1164 1162 nisi
1194 1107 1308 1162 sola
1341 1107 1654 1160 linteamina
1681 1121 1768 1158 rc-

190 1191 460 1270 p'ercrunt.
483 1199 650 1252 Porro
673 1213 802 1252 vero
828 1198 874 1251 si
896 1199 1019 1266 quis
1042 1211 1102 1252 se
1121 1197 1324 1252 vidisse
1346 1197 1489 1249 dicat
1513 1195 1660 1264 (nam
1683 1195 1770 1248 isti

189 1303 374 1349 contra
404 1307 542 1361 quos
567 1293 779 1362 agiiuus
807 1307 912 1344 non
940 1299 1136 1344 curant
1161 1289 1288 1360 quid
1317 1288 1621 1358 proferant,
1647 1289 1771 1344 dum

190 1389 364 1437 tamen
407 1383 610 1451 aliquid
660 1397 725 1436 ne
775 1393 923 1436 recte
969 1381 1193 1437 credant
1227 1397 1444 1450 semper
1495 1379 1774 1448 objiciunt)

193 1476 304 1530 lucc
333 1491 360 1528 a
391 1475 565 1528 brutis
611 1473 934 1528 animalibus
981 1473 1264 1538 devorari,
1300 1481 1356 1526 et
1391 1473 1530 1526 intra
1561 1485 1777 1524 eorum-

187 1568 306 1621 (lem
348 1581 577 1636 corpora
623 1565 884 1630 inveniri,
929 1565 1056 1620 licet
1101 1565 1208 1620 tale
1255 1565 1622 1619 testimonium
1672 1577 1776 1617 non

189 1657 345 1713 facile
393 1657 756 1727 recipiendum
784 1697 798 1722 ,
851 1656 1144 1726 dignumve
1189 1655 1544 1725 responsione
1601 1653 1780 1708 vidca-

1863 467 2109 536 protinus
2139 483 2238 522 suo
2273 468 2528 536 episcopo
2556 465 2841 520 consilium
2867 457 3192 534 qumsiturus
3219 455 3452 533 aperitit.

1864 560 2161 628 EpiseOpus
2205 567 2419 622 autem,
2459 573 2582 614 cum
2629 557 2815 611 multis
2864 557 3196 626 coepiscopis
3239 559 3308 611 ad
3351 557 3458 612 huc

1865 653 2202 714 conrocatis,
2231 652 2458 706 Calicem
2491 650 2638 704 illum
2668 665 2790 704 cum
2823 651 3010 704 eadem
3055 663 3217 704 carne
3253 659 3306 704 et
3335 663 3460 703 sau-

1867 745 2028 815 guine
2075 745 2282 798 Domini
2329 743 2621 812 diligenter
2672 753 2918 812 opertum
2969 755 3030 795 ac
3079 741 3356 812 sigillalim
3405 743 3458 794 iu

1871 835 2050 888 medio
2077 834 2266 888 altaris
2305 834 2542 898 inclusit,
2575 849 2674 903 pro
2703 833 2928 886 summis
2981 831 3220 900 reliquiis
3264 847 3460 900 perpe-

1872 935 1964 980 tuo
2007 927 2411 979 reservandum.
2450 925 2508 978 Si
2551 934 2730 978 tamen
2775 939 2929 978 sacra
2961 924 3216 994 mysteria
3249 923 3464 984 ignibus

1875 1017 2243 1087 imponuntur,
2293 1033 2400 1070 non
2453 1017 2742 1072 traduntur
2789 1015 3037 1084 equidem
3083 1015 3296 1084 ignibus
3339 1030 3464 1069 cre-

1875 1110 2094 1171 manda,
2122 1111 2214 1162 sed
2253 1109 2620 1170 numdissimo,
2671 1119 2728 1160 ut
2764 1109 2892 1171 dixi,
2923 1109 3192 1164 elemento
3237 1111 3466 1164 lidelitcr

1875 1202 2309 1264 committuntur,
2347 1201 2498 1253 nobis
2525 1199 2844 1253 occultanda
2880 1209 2934 1254 et
2971 1201 3221 1269 supernis
3249 1202 3467 1256 sedibus

1879 1291 2022 1345 illico
2045 1291 2374 1361 reponenda.
2398 1291 2550 1359 Quod
2574 1292 2616 1343 si
2651 1290 2787 1345 forte
2809 1291 2990 1345 cuivis
3009 1293 3215 1348 curio“
3247 1293 3467 1347 videam

1885 1393 1972 1437 tur
2009 1383 2276 1446 comburi,
2309 1383 2613 1437 certissime
2659 1384 2870 1438 noverit
2901 1385 3042 1454 quod
3089 1383 3349 1440 Duminici
3383 1399 3472 1439 ςι-

1879 1473 2144 1528 cramenti
2187 1471 2493 1526 substantia
2543 1473 2762 1540 quidem
2807 1472 3114 1528 nullatenus
3158 1485 3467 1538 crematur;

1881 1565 1976 1618 sed
2001 1579 2030 1616 a
2055 1563 2230 1627 nobis,
2251 1571 2312 1616 ut
2333 1563 2536 1616 dictum
2558 1571 2664 1627 est,
2693 1563 2934 1618 cmlrstia
2957 1572 3148 1633 petens
3173 1565 3468 1634 abripitur;

1883 1656 2174 1726 qualitates
2219 1671 2349 1710 vero
2375 1655 2676 1725 sensuales,
2717 1672 2854 1726 quas
2883 1657 3082 1712 ibidem
3123 1667 3243 1726 post
3281 1660 3476 1713 imum-

189 1759 296 1810 tur,
347 1758 528 1802 tamen
558 1763 624 1802 ne
651 1747 778 1818 quid
800 1748 1104 1816 neglexisse
1125 1747 1210 1801 vel
1241 1747 1478 1800 evitasse
1505 1753 1778 1816 putemur,
1814 1722 1856 1780 η
1887 1749 2146 1802 tationem
2175 1747 2494 1803 substantia:
2523 1748 2614 1804 Dei
2655 1763 2935 1804 remanere
2959 1749 3223 1804 altissmio
3251 1752 3476 1805 consilio

187 1839 504 1910 responderi
551 1847 758 1909 potest,
793 1839 1052 1910 quoniam
1106 1839 1152 1894 si
1197 1837 1376 1908 placet
1401 1837 1652 1902 Christo,
1699 1835 1782 1890 vel

185 1935 414 2002 propter
447 1947 542 1987 cas
579 1947 716 2001 quas
755 1929 914 1986 modo
950 1931 1217 1996 diximus,
1249 1931 1336 1986 vel
1379 1939 1604 2002 prepter
1649 1929 1786 1983 alias

185 2023 495 2092 quaslibet,
543 2037 681 2094 quas
717 2023 832 2092 ipse
889 2022 1098 2076 noverit
1129 2025 1357 2086 cattsas,
1409 2029 1470 2075 ut
1529 2021 1643 2074 lucc
1695 2033 1784 2074 sa-

183 2123 474 2170 cramenta
505 2115 714 2184 absque
741 2115 826 2169 sui
863 2115 1217 2184 corruptione
1245 2129 1274 2168 a
1309 2113 1496 2168 bestiis
1524 2115 1639 2168 sive
1669 2112 1782 2166 avi-

183 2207 290 2262 bus
319 2207 540 2261 comedi
583 2206 834 2276 possint:
867 2205 995 2274 quid
1027 2206 1130 2261 hoc
1169 2207 1236 2260 ad
1266 2205 1590 2270 veritatem,
1621 2219 1786 2274 quam

184 2297 506 2360 credimus,
547 2296 811 2352 Dominici
862 2297 1109 2366 corporis
1163 2297 1382 2351 obstat?
1425 2295 1586 2351 Certe
1641 2297 1786 2350 enim

181 2405 294 2444 non
329 2389 512 2460 magis
551 2388 850 2442 bestiarum
875 2415 890 2454 ς
919 2388 1004 2442 vel
1039 2387 1219 2441 avium
1243 2429 1259 2451 ,
1286 2403 1448 2460 quam
1477 2395 1666 2441 nostro
1695 2385 1788 2442 la:-

180 2480 336 2534 tIItur
361 2487 547 2548 gustu.
579 2477 687 2534 Sed
717 2491 816 2534 nec
844 2493 944 2548 pro
967 2477 1204 2531 utilitate
1231 2476 1552 2539 bestiarum,
1584 2487 1680 2530 ora
1707 2473 1790 2528 vel

178 2569 372 2622 avium
405 2577 587 2622 rostra
613 2567 847 2636 refugit,
886 2568 981 2638 qui
1013 2568 1068 2622 in
1111 2567 1287 2637 lapide
1315 2566 1748 2636 scpulcrijacuit
1772 2607 1786 2632 ,

173 2659 274 2728 qui
307 2673 438 2732 post
477 2661 896 2717 resurrectionis
923 2661 1088 2716 etiam
1125 2659 1390 2730 gloriam,
1431 2665 1636 2713 terram
1677 2658 1793 2714 cal-

174 2757 354 2810 cavit.
403 2747 916 2810 Manifestissimum
965 2751 1166 2823 quippe
1210 2761 1295 2807 est
1323 2765 1390 2805 ex
1435 2751 1626 2805 ordine
1651 2749 1744 2804 Dei
1773 2789 1788 2815 ,

171 2849 438 2903 animata
457 2861 688 2916 corpora
724 2845 1059 2910 inanimatis.
1098 2841 1794 2900 sensibiliainsensibilibus

172 2939 420 2993 meliova
451 2949 594 2992 esse.
629 2935 815 3006 Neque
837 2937 964 2990 huic
989 2935 1270 2990 sententia:
1295 2934 1462 2989 ullum
1501 2934 1586 2989 vel
1619 2933 1794 2990 tenui-

167 3041 260 3088 ter
287 3031 538 3086 sciolum
571 3029 970 3098 refragaturum
998 3027 1182 3082 credo.
1209 3025 1338 3094 Qua:
1361 3035 1542 3081 autem
1565 3027 1790 3082 meliora

167 3132 309 3179 sunt
331 3163 348 3188 ,
381 3121 536 3190 apud
584 3119 850 3189 optimum
889 3115 1177 3172 Dominum
1209 3116 1471 3172 chariora
1497 3155 1512 3180 ,
1563 3115 1793 3184 ideoque

165 3209 610 3268 honorabiliora
639 3217 765 3263 sunt
789 3225 803 3260 :
835 3223 944 3276 quo
977 3206 1038 3260 fit
1066 3213 1126 3260 ut
1147 3219 1344 3275 corpus
1370 3202 1657 3272 cujuslibet
1685 3203 1790 3258 vivi

163 3299 456 3357 animalis
487 3313 594 3352 non
635 3298 708 3351 sit
754 3295 894 3367 apud
931 3295 1097 3349 Deum
1141 3293 1300 3347 vilius
1340 3307 1502 3362 quam
1551 3305 1696 3346 terra
1742 3299 1796 3345 et

161 3395 344 3464 lapis.
393 3389 516 3448 Sed
557 3391 732 3461 ipsum
777 3387 980 3444 Christi
1019 3399 1253 3456 corpus,
1303 3385 1446 3440 sicut
1487 3383 1602 3453 jam
1653 3383 1797 3438 dixi-

159 3501 344 3551 mus,
389 3485 454 3539 in
509 3481 688 3552 lapide
727 3480 944 3550 jacuit,
990 3485 1046 3533 et
1093 3489 1294 3532 terram
1345 3476 1577 3532 calcavit
1616 3495 1628 3529 :
1691 3491 1795 3530 nou

156 3579 351 3650 igitur
381 3585 621 3646 propter
642 3573 878 3644 aliquam
903 3571 1169 3626 vilitatem
1195 3571 1567 3640 cujuscunque
1593 3569 1800 3622 anima-

153 3675 234 3730 lis
287 3687 524 3742 corpus
573 3669 865 3725 horrescit.
897 3667 1262 3737 Quapropter,
1307 3665 1473 3719 etiam
1525 3663 1571 3716 si
1619 3661 1802 3730 aliquo

151 3765 373 3824 divino
423 3762 642 3832 judicio
684 3761 842 3815 erta
882 3757 1134 3828 quaelibet
1170 3755 1425 3812 animalia
1469 3769 1575 3809 non
1627 3753 1801 3808 solum

149 3861 562 3911 sacrosancta
595 3848 852 3920 mysteria
884 3857 1126 3918 tangere,
1149 3847 1244 3900 sed
1273 3847 1438 3900 etiam
1467 3841 1688 3896 valeant
1711 3841 1808 3896 de-

151 3959 415 4010 vorare,
449 3941 602 3995 nulla
627 3950 805 3995 taiueu
828 3955 896 3994 ex
923 3941 1024 3994 hoc
1047 3939 1202 3992 nobis
1225 3937 1364 3992 ratio
1388 3935 1570 3991 obviat
1588 3950 1707 4006 qua:
1720 3951 1808 3990 vc-

149 4039 416 4094 ritatem
445 4031 747 4087 Dominica:
761 4029 946 4085 carnis
970 4039 1025 4084 et
1048 4029 1350 4097 sanguinis,
1372 4043 1535 4098 quam
1561 4037 1807 4083 tenemus

145 4132 210 4187 in
231 4128 450 4187 sacris
469 4123 772 4194 mysteriis,
787 4135 884 4176 nos
895 4135 1096 4190 negare
1107 4119 1687 4190 compellat.Quocirca
1702 4135 1761 4174 su
1770 4118 1810 4172 f-

146 4223 458 4279 ticientcr
481 4229 714 4270 excussa
731 4222 786 4269 et
805 4213 910 4268 hac
923 4211 1280 4282 blasphemia,
1294 4211 1806 4267 caztera'videamus.

143 4317 236 4371 De
272 4314 430 4382 igne
473 4307 697 4378 grandis
727 4319 942 4376 quoque
969 4303 1195 4376 quaestio
1217 4303 1411 4370 oritur,
1441 4319 1540 4373 pro
1565 4317 1633 4358 eo
1664 4301 1811 4372 quod

141 4407 206 4463 in
259 4403 660 4476 quibusnam.
705 4407 765 4452 ut
812 4398 983 4462 aiunt,
1032 4395 1331 4452 canouibus
1391 4395 1496 4464 igni
1551 4403 1809 4463 tanquam

137 4495 578 4558 absumenda,
616 4507 770 4547 sacra
801 4490 1056 4562 mysteria
1101 4489 1242 4543 tradi
1278 4489 1552 4557 iubentur.
1589 4487 1815 4560 verum—

139 4605 370 4650 tamen
410 4601 542 4643 non
566 4593 624 4639 ut
643 4583 1018 4640 combustioue
1047 4589 1461 4642 consumantur,
1491 4578 1542 4632 id
1571 4577 1818 4648 praccipi-
1863 4624 1870 4632 .

137 4700 279 4754 tur,
335 4682 460 4741 sed
527 4685 781 4747 tanquam
824 4674 1067 4730 omnium
1115 4673 1506 4728 elementorum
1545 4669 1818 4740 purgatis-

137 4781 312 4836 simo
372 4787 458 4828 ac
523 4765 877 4822 mundissimo
921 4763 1378 4835 dignissimoque,
1437 4761 1579 4831 quod
1635 4760 1818 4816 omnia

137 4869 401 4936 reliqua
440 4858 728 4914 elementa
753 4863 968 4928 purgat,
996 4853 1170 4923 ipsum
1207 4865 1336 4906 vero
1371 4866 1436 4905 ex
1463 4849 1686 4920 reliquis
1717 4863 1820 4904 nec

137 4954 492 5033 inquinari
529 4949 688 5012 valet,
724 4963 821 5004 nec
848 4947 1045 5017 indiget
1085 4943 1405 5021 expurgari,
1437 4942 1821 4999 venerabiliter

135 5045 484 5112 committi
545 5041 816 5109 iubentur.
870 5038 1008 5092 Satis
1047 5045 1235 5102 tamen
1285 5033 1416 5088 mihi
1463 5033 1719 5103 placeret,
1763 5039 1822 5084 ut

137 5144 422 5222 quando
461 5134 659 5204 aliqua
691 5129 996 5202 negligentia
1031 5137 1118 5194 ve]
1169 5137 1326 5187 certe
1369 5125 1690 5183 miraculum
1717 5138 1820 5178 no—

243 5255 290 5260 _-
339 5235 420 5260 ,ιη
455 5226 636 5260 οηηιῖο
665 5222 920 5260 mvetm-iie
947 5222 1143 5260 nor-inn
1214 5221 1268 5260 irI
1317 5218 1438 5260 inrln
1473 5219 1620 5260 [im-nl
1677 5216 1820 5260 mind

1888 1840 2078 1902 voluit.
2109 1841 2404 1895 ostendunt
2433 1839 2576 1910 quod
2625 1855 2782 1895 suum
2811 1849 2912 1895 est.
2945 1840 3098 1896 Unde
3143 1841 3201 1895 fit
3237 1851 3293 1896 ut
3327 1843 3478 1899 color

1886 1941 1942 1984 et
1965 1946 2148 2000 sapor,
2177 1933 2311 1987 odor
2333 1947 2570 2001 quoque,
2597 1941 2651 1986 et
2685 1933 2728 1988 si
2761 1947 2865 2003 qua
2897 1931 3202 2002 hujusmodi
3231 1935 3481 1990 acciden-

1891 2023 1960 2076 tia
2003 2023 2202 2092 prioris
2255 2025 2506 2079 essentia:
2553 2021 2804 2080 videlicet
2855 2026 3011 2094 panis
3059 2035 3271 2082 servata
3319 2037 3478 2090 sunt,

1888 2115 2344 2185 quemadmodum
2381 2117 2435 2170 in
2465 2133 2606 2186 pane
2635 2116 2719 2171 vel
2751 2118 2986 2172 ustulato
3015 2117 3140 2190 (ab,
3179 2117 3480 2192 jusculato]

1892 2206 1974 2261 vel
2003 2207 2166 2262 nimis
2185 2208 2274 2262 ditt
2300 2217 2514 2264 servato
2541 2208 2676 2264 solet
2707 2208 2844 2262 ﬂeri.
2865 2209 3038 2264 Simili
3065 2211 3225 2266 modo
3249 2211 3336 2265 hic
3354 2227 3484 2281 quo-

1889 2315 2018 2368 que,
2037 2299 2182 2354 salva
2205 2300 2427 2356 omnino
2454 2300 2715 2356 Dominici
2740 2300 2985 2370 corporis
3005 2301 3328 2366 substantia,
3354 2317 3480 2358 cor-

1895 2392 2130 2460 ruptioui
2153 2392 2394 2446 exterius
2412 2393 2526 2462 ipsa
2551 2392 2851 2447 accidentia
2873 2391 3217 2462 aliquatenus
3229 2379 3484 2449 videntur

1892 2484 2150 2548 obnoxia,
2173 2492 2441 2553 quatenus
2469 2484 2710 2539 cmlestis
2737 2483 2964 2540 altitudo
2981 2471 3262 2556 'iiiysterii,
3305 2495 3487 2540 reten-

1895 2577 1964 2631 tis
1989 2576 2162 2631 velata
2193 2576 2588 2640 accidentibus,
2628 2591 2730 2631 nec
2755 2577 2954 2647 passim
3003 2579 3274 2634 reveletur
3303 2581 3482 2633 incre-

1895 2665 2054 2729 dulis,
2091 2673 2146 2719 et
2185 2664 2422 2734 probata:
2467 2664 2592 2719 ﬁdei
2642 2666 2858 2727 merito,
2911 2666 3132 2721 uberius
3179 2675 3234 2720 et
3275 2667 3483 2736 gratius

1895 2757 2304 2812 commendetur
2319 2755 2503 2826 iustis.

2555 2883 2838 2925 ROGERIUS.

1969 2958 2028 3014 Si
2059 2959 2214 3030 panis
2239 2967 2294 3014 et
2319 2959 2504 3014 vinum
2528 2960 2582 3014 in
2611 2959 2814 3016 Christi
2839 2975 3058 3016 carnem
3094 2969 3149 3016 et
3168 2963 3487 3034 sanguinem

1897 3063 2260 3120 verterentur,
2309 3053 2422 3124 jam
2479 3055 2658 3119 toties,
2715 3054 2986 3124 inquiunt,
3055 3054 3178 3109 talia
3236 3058 3491 3111 devorata

1899 3157 2047 3212 sunt,
2075 3155 2134 3200 ut
2168 3147 2213 3200 si
2243 3145 2447 3201 Christi
2480 3159 2677 3213 corpus
2711 3153 2820 3198 tam
2853 3161 3104 3214 magnum
3139 3155 3196 3200 ut
3227 3147 3494 3216 ingentis-

1899 3239 2069 3293 simus
2098 3253 2252 3291 mons
2295 3237 2507 3302 fuisset,
2539 3235 2650 3305 jam
2683 3243 2853 3289 totum
2885 3235 3198 3292 devoratum
3240 3253 3492 3292 consum-

1908 3341 2170 3398 ptumque
2202 3328 2408 3382 fuisset.

2519 3453 2879 3498 GUITMUNDUS.

1975 3537 2050 3590 Ita
2079 3534 2327 3606 equidem
2351 3533 2627 3586 videretur
2646 3547 3006 3600 consequens,
3035 3533 3080 3586 si
3110 3547 3207 3590 nos
3227 3533 3493 3590 concede-

1905 3644 2086 3684 remus
2113 3642 2312 3696 corpus
2341 3624 2552 3678 Domini
2577 3623 2918 3678 membratim
2942 3625 3202 3696 discerpi,
3234 3634 3396 3696 atque
3422 3627 3498 3682 ita

1907 3725 2274 3796 particulatim
2303 3740 2334 3778 a
2371 3722 2620 3778 fidelibus
2659 3719 2972 3776 manducari
3004 3726 3062 3774 ut
3091 3718 3204 3787 jam
3239 3718 3356 3774 sine
3389 3717 3498 3772 ullo

1908 3823 1990 3878 sui
2019 3823 2218 3876 damno
2243 3828 2414 3874 totum
2443 3818 2584 3890 apud
2621 3833 2679 3872 se
2710 3829 2994 3875 remanere
3029 3832 3134 3871 non
3164 3825 3376 3886 posset;
3405 3817 3502 3872 sed

1908 3915 2162 3986 quoniam
2188 3914 2256 3968 ad
2293 3913 2464 3968 instar
2493 3912 2664 3976 vocis,
2700 3926 2820 3980 qua:
2869 3909 3013 3964 inter
3058 3909 3206 3964 mille
3250 3910 3500 3964 homines

1911 4007 1992 4078 (ut
2019 4023 2180 4077 supra
2204 4005 2408 4061 dictum
2431 4005 2536 4074 est)
2561 4005 2628 4058 ab
2651 4019 2757 4056 uno
2783 4002 3014 4071 prolata,
3037 4001 3104 4056 ad
3135 4000 3374 4072 singulos
3397 4008 3504 4054 tota

1911 4097 2180 4170 pervenit,
2203 4106 2260 4152 et
2282 4099 2424 4165 apud
2458 4095 2728 4150 dicentem
2771 4102 2883 4148 tota
2927 4099 3188 4156 remanet,
3213 4090 3286 4145 ita
3325 4090 3494 4144 Domi-

1913 4191 2095 4245 nicum
2125 4203 2322 4258 corpus
2350 4202 2380 4240 a
2406 4185 2633 4254 singulis
2662 4184 2874 4240 comedi
2901 4182 3195 4244 credimus,
3225 4189 3284 4236 ut
3323 4190 3504 4236 tamen

1912 4281 2054 4352 apud
2107 4295 2166 4334 se
2214 4286 2386 4333 totum
2445 4276 2823 4346 integrumque
2879 4287 3160 4328 remanere
3213 4270 3506 4331 fateamur,

1909 4373 2025 4441 jam
2051 4385 2151 4426 nos
2187 4369 2242 4424 in
2278 4367 2423 4423 nullo
2467 4366 2766 4438 impediens
2803 4364 2918 4418 haec
2945 4361 3179 4430 objectio
3211 4375 3350 4414 vana
3376 4375 3508 4416 con-

1840 4435 2100 4528 l)‘ticeat,
2143 4461 2290 4532 quia,
2340 4460 2483 4514 sicut
2519 4435 2710 4514 beatus
2753 4455 3087 4522 Augustinus
3134 4460 3188 4506 et
3245 4451 3512 4507 Eusebius

1921 4555 2230 4610 Emisscnus
2256 4552 2508 4607 dixerunt
2537 4570 2550 4606 :
2585 4567 2604 4598 ε
2635 4547 2760 4602 Haec
2785 4546 2959 4616 gratia
2985 4545 3080 4602 Dei
3112 4542 3215 4598 scit
3241 4543 3516 4612 distribui,

1921 4646 2100 4702 nescit
2125 4643 2506 4700 distributione
2531 4639 2797 4698 consumi.
2846 4656 2864 4688 ›

2577 4763 2862 4807 ιιοῦειιιυε.

1993 4851 2202 4922 Corpus
2265 4844 2480 4904 Domini
2529 4839 2936 4912 inconveniens
3015 4849 3109 4902 est
3157 4837 3216 4889 in
3269 4847 3556 4897 secessum

1923 4945 2100 5012 mitti;
2130 4943 2297 4998 Omne
2320 4947 2494 4994 autem
2524 4935 2665 5010 quod
2693 4935 2854 4986 intrat
2879 4931 2938 4982 in
2973 4953 3089 5004 οε,
3109 4938 3172 4985 ut
3193 4923 3446 4979 Salvator
3467 4937 3576 4994 an,

1924 5037 1980 5089 in
2004 5011 2229 5090 uentrem
2259 5031 2415 5087 vadit.
2443 5039 2492 5082 et
2521 5031 2576 5084 in
2599 5037 2857 5082 secessum
2883 5028 3191 5087 emiuitur
3223 5011 3434 5084 (Matth.
3459 5029 3592 5093 κγ),

1927 5129 2168 5200 Denique
2195 5126 2263 5180 de
2295 5120 2668 5178 sacramentis
2697 5115 2814 5169 istis
2849 5111 2894 5166 si
2937 5129 3018 5172 in
3031 5117 3150 5182 υιιῑ
3181 5118 3360 5200 panes,
3398 5120 3464 5200 ut
3527 5121 3605 5170 in.

1926 5196 2119 5260 ηηίιηξι
2166 5227 2218 5260 Μ
2259 5215 2424 5260 multa
2463 5214 2592 5260 vina
2637 5213 2946 5260 sacrenltll’.
3009 5211 3223 5260 mtest
3267 5196 3380 5259 (tuis
3427 5196 3616 5260 longe
