4006 5282
537 107 668 161 1451

1139 247 1500 289 ςυιτιωκουε..

597 339 810 412 Corpus
854 340 1062 399 Domini
1095 345 1312 411 quidem
1364 346 1511 402 nullo
1551 349 1710 404 modo
1750 349 1801 404 in
1847 363 2121 407 secessum

531 433 698 500 mitti,
711 443 766 490 et
781 449 882 490 nos
897 434 1191 492 credimus.
1211 435 1316 491 Sed
1333 454 1438 492 non
1451 440 1627 501 onmia
1643 455 1762 510 qum
1775 439 1828 495 in
1843 456 1904 496 os
1917 441 2122 497 intrant

527 524 584 578 in
609 539 881 581 secessum
915 525 995 581 ire
1021 528 1389 582 concedimus.
1412 527 1525 584 Non
1559 530 1702 584 enim
1733 531 1998 584 sententia
2030 531 2119 586 illa

529 615 826 681 Dominica,
842 615 945 671 nisl
960 617 1026 671 de
1038 617 1172 672 cibis
1186 618 1276 687 qui
1297 619 1362 672 ad
1387 619 1795 674 sustentandam
1810 620 2118 690 hujusmor-

530 707 655 762 talis
677 707 922 778 corporis
941 708 1108 764 vitam
1134 709 1473 780 ingeruntur,
1497 722 1864 781 competenter
1892 713 2112 785 intelligi

525 811 722 872 potest.
755 801 922 859 Nemo
946 814 1028 858 est
1048 804 1190 859 enim
1218 805 1309 874 qui
1338 805 1404 860 dc
1441 821 1506 861 eo
1547 807 1690 875 quod
1719 805 2115 876 Salvator-post

529 896 982 949 resurrectionem
1010 909 1164 950 suam
1200 897 1452 961 comedit,
1491 896 1633 952 sicut
1664 912 1763 960 nec
1807 898 1874 953 de
1908 913 2114 971 angens

527 985 617 1054 qui
657 986 797 1044 apud
826 986 1097 1041 Abraham
1128 986 1478 1042 comederunt
1511 988 1662 1059 (Gen.
1699 987 1874 1054 xviii),
1928 990 1980 1044 id
2028 991 2110 1048 vel

524 1079 718 1132 audeat
757 1077 1043 1146 suspicari.
1096 1078 1248 1132 Sicut
1295 1078 1460 1148 igitur
1506 1079 1659 1134 cibus
1707 1081 2109 1149 corruptibilis,

521 1181 642 1226 cum
683 1167 749 1221 ab
797 1167 1192 1224 immortalibus
1239 1169 1492 1234 sumitur,
1545 1171 1645 1225 hac
1697 1185 1948 1227 secessus
1993 1187 2110 1251 tege

521 1273 759 1328 congrue
784 1259 1023 1315 creditur
1050 1277 1161 1324 non~
1188 1261 1387 1327 teneri;
1420 1262 1490 1316 ita
1515 1263 1693 1318 cibum
1724 1265 2107 1336 incorruptibid

475 1376 481 1378 η·
517 1347 646 1416 lem,
679 1350 821 1420 quod
848 1359 932 1406 est
954 1367 1150 1422 corpus
1179 1353 1413 1420 Domini,
1438 1369 1558 1410 cum
1590 1371 1619 1410 a
1652 1357 1969 1412 mortalibus
1993 1359 2107 1412 edi-

517 1449 633 1510 tur,
661 1456 907 1498 secessus
937 1446 1312 1503 necessitatem
1344 1449 1457 1519 pati
1499 1448 1651 1504 nefas
1699 1458 1784 1505 est
1828 1451 2103 1507 arbitrari.

514 1535 672 1589 Absit
695 1536 838 1592 enim
863 1547 921 1593 ut
951 1538 1293 1596 inhonestam
1321 1543 1565 1612 corporis
1589 1544 1921 1614 egestionem
1951 1545 2104 1601 cibus

1549 116 1762 174 GUITM
1774 117 1931 177 UNDI
1970 119 2401 183 ΑΒει-ιιεριδοσ
2441 127 2713 188 AV’ERSA
2723 129 2791 186 Nl
2817 205 2820 207 Δ

2145 279 2196 337 Α
2225 242 2491 314 corporis,
2541 246 2587 300 si
2622 246 2798 316 placet
2838 246 2910 301 ita
2946 242 3076 313 Deo,
3106 258 3328 321 propter
3369 251 3608 325 aliquam
3652 268 3808 326 quam

3679 139 3809 197 1451

2227 339 2344 408 ipse
2361 351 2806 398 noverttcausam
2830 359 2938 400 non
2975 345 3096 412 dico
3120 360 3186 400 es
3217 345 3562 403 multitudine
3586 365 3805 419 panum,

2225 430 2318 485 SCtI
2357 431 2439 485 vel
2487 446 2553 487 cx
2599 434 2807 488 modica
2855 437 3199 516 portiuncuia
3246 447 3425 508 potest
3478 440 3602 510 quis
3655 441 3805 513 longo

2226 527 2468 590 tempore
2495 523 2686 578 melius
2713 539 2874 592 quam
2902 541 2969 580 ex
3005 527 3256 584 munibus
3289 527 3448 598 huius
3473 533 3656 586 modi
3681 546 3805 602 epu-

2222 609 2288 665 lis
2314 614 2626 668 sustentari.
2678 615 2812 670 Nam
2855 617 2900 672 si
2949 617 3114 680 Elias,
3160 635 3224 674 ex
3264 621 3467 676 virtute
3499 622 3806 676 refectionis

2222 701 2362 758 illius
2386 720 2548 775 quam
2584 722 2651 762 ex
2687 709 2896 764 duobus
2943 710 3320 768 subcinericiis
3352 714 3583 782 panibus
3609 725 3665 770 et
3695 731 3805 768 nio-

2219 794 2339 848 dico
2373 811 2547 866 aquae,
2587 799 2779 871 angelo
2820 801 3180 868 ministrante,
3209 814 3547 874 perceperat,
3575 807 3802 874 quadra-

2216 883 2362 953 ginta
2411 886 2603 943 diebns
2661 892 2993 962 totidemque
3038 895 3289 948 noctibus
3329 896 3465 949 vixit
3509 896 3638 966 (III
3678 897 3801 966 Reg.

2215 977 2355 1045 XIX),
2388 986 2593 1047 quanto
2628 980 2802 1050 magis
2835 997 2900 1036 ex
2940 983 3142 1039 virtute
3171 983 3328 1054 hujus
3350 987 3589 1041 caelestis
3609 987 3802 1042 divini—

2214 1080 2319 1132 que
2341 1070 2596 1136 convivii,
2627 1071 2682 1126 in
2711 1088 2820 1143 quo
2852 1090 2956 1130 non
2990 1091 3101 1144 jam
3149 1076 3537 1134 subeinerieios
3558 1094 3727 1150 partes
3749 1089 3800 1133 et

2212 1168 2408 1224 aquam
2459 1159 2525 1214 de
2567 1176 2729 1214 manu
2782 1163 2978 1234 angeli,
3022 1167 3116 1220 sed
3157 1167 3326 1237 ipsius
3356 1167 3516 1224 Verbi
3554 1169 3652 1224 Dei
3677 1184 3799 1238 pro.

2211 1247 2384 1315 priam
2413 1265 2631 1306 carnem
2660 1262 2716 1308 et
2741 1256 3058 1327 sanguinem
3082 1259 3150 1313 de
3173 1275 3333 1314 manu
3363 1257 3603 1328 ejusdem
3635 1263 3802 1316 sum?-

2210 1350 2330 1396 mus
2358 1337 2586 1406 Christi,
2627 1353 2808 1412 potest
2846 1347 3114 1418 quispiam
3157 1349 3306 1403 nullo
3348 1350 3456 1406 alio
3478 1353 3601 1408 cibo
3624 1363 3800 1418 utens.

2208 1426 2253 1481 si
2294 1430 2512 1497 quando
2557 1432 2629 1486 ita
2663 1418 2910 1500 voluntas
2964 1437 3056 1492 Dei
3081 1447 3186 1504 est,
3226 1441 3432 1510 optime
3471 1446 3796 1500 sustentari!

2208 1518 2448 1589 Denique
2475 1531 2530 1577 et
2555 1521 2657 1578 hoc
2690 1526 2759 1579 de
2800 1526 3119 1595 quibusdam
3155 1531 3361 1586 sanctis
3383 1529 3642 1589 Patribus
3673 1535 3800 1606 leg‘a

513 1623 602 1680 ille
646 1628 913 1682 sumiueat
952 1629 1042 1698 qui
1097 1646 1296 1700 corpus
1339 1641 1392 1686 et
1441 1647 1677 1688 animam
1729 1635 1794 1688 ad
1842 1644 2087 1690 aeternam

2209 1623 2350 1677 mus,
2381 1613 2495 1681 qui,
2533 1613 2738 1669 nullum
2787 1617 2932 1672 aliud
2977 1629 3256 1676 sumentes
3277 1635 3505 1691 prorsus
3531 1626 3798 1693 edulium,

512 1716 855 1773 honestatem
885 1729 1060 1790 parat.
1089 1722 1196 1777 Sed
1224 1724 1270 1779 si
1297 1725 1383 1779 cui
1424 1725 1524 1782 hoc
1553 1727 1695 1797 quod
1731 1729 1964 1783 diximus
1995 1728 2106 1783 for-

517 1818 660 1864 tasse
691 1826 794 1865 non
821 1810 1038 1876 suilicit,
1061 1814 1243 1869 audiat
1269 1817 1411 1885 quod
1436 1817 1501 1873 de
1525 1818 1655 1887 ipsis
1693 1819 1892 1875 nostris
1921 1820 2099 1876 incor-

509 1900 859 1970 ruptibilihus
892 1901 1027 1957 cibis
1064 1903 1266 1975 physici
1311 1915 1365 1960 et
1397 1908 1588 1964 medici
1630 1911 1884 1976 maxime,
1908 1911 2102 1980 certis-

509 1988 648 2041 sima
679 1989 888 2045 ratione
938 1992 1188 2058 doceant,
1224 1994 1467 2052 dicentes
1503 2009 1716 2069 partem
1754 2000 1998 2056 ciborum
2042 2010 2100 2057 et

507 2089 751 2150 potuum,
769 2097 886 2138 cam
905 2084 1152 2142 videlicet
1171 2101 1291 2157 qua:
1318 2091 1685 2160 corpulentior
1713 2103 1766 2146 et
1792 2094 2098 2164 corruptior

503 2183 610 2239 est,
650 2190 747 2244 per
773 2192 1048 2233 secessum
1079 2180 1255 2249 egeri;
1298 2190 1508 2251 partem
1546 2193 1725 2238 autem
1757 2185 2093 2240 subtiliorem

497 2273 554 2319 et
579 2264 873 2330 utiliorem,
901 2278 960 2322 ut
990 2278 1196 2324 naturae
1225 2286 1321 2340 per
1344 2272 1587 2329 diversas
1611 2276 1855 2345 corporis
1888 2285 2090 2344 partes,

497 2357 727 2417 distrahi
770 2368 825 2414 et
876 2361 927 2414 in
973 2363 1154 2417 carnis
1191 2373 1444 2419 naturam
1469 2381 1534 2422 ac
1567 2368 1844 2439 sanguinis
1875 2383 2090 2424 versum

497 2448 597 2513 iri;
630 2461 842 2520 partem
873 2467 998 2508 vero
1020 2453 1209 2520 aliam,
1237 2456 1487 2512 subtilem
1517 2460 1756 2530 quidem,
1783 2461 1879 2516 sed
1909 2461 2088 2517 minus

495 2543 710 2609 utilem,
763 2561 860 2616 per
904 2555 1086 2616 partes
1135 2549 1678 2618 corporissimilitor
1733 2553 2081 2620 transfusam,

490 2649 591 2703 per
616 2652 776 2706 puros
803 2639 1116 2708 evaporari;
1145 2649 1352 2710 partem
1383 2652 1563 2698 autem
1585 2643 1878 2709 residuam,
1908 2659 2084 2715 neque

493 2730 761 2798 tantisper
797 2731 1070 2795 subtilem,
1119 2749 1295 2802 neque
1326 2736 1484 2802 adeo,
1517 2747 1576 2792 ut
1620 2739 1794 2808 prima
1824 2751 1928 2804 est,
1960 2755 2082 2795 cor-

489 2818 790 2886 pulentam,
846 2838 943 2892 per
994 2823 1198 2878 ﬂuxum
1245 2832 1455 2898 narium
1499 2841 1592 2885 aut
1629 2847 1727 2902 per
1767 2842 1946 2902 Sputa,
1993 2832 2078 2888 vel

490 2909 734 2979 quolibet
771 2911 933 2968 simili
985 2915 1143 2970 modo
1183 2915 1402 2994 jactari.
1442 2918 1572 2988 Quae
1601 2922 1647 2976 si
1685 2923 1759 2978 ita
1791 2933 1936 2992 sunt,
1969 2940 2077 2982 non

2205 1700 2316 1755 sola
2343 1697 2722 1760 communione
2748 1706 3023 1764 Dominica
3051 1709 3242 1768 diebus
3267 1719 3476 1770 tantum
3502 1715 3800 1775 Dominicis

2204 1791 2459 1862 saginati,
2491 1795 2675 1851 multis
2703 1800 2860 1852 annis
2882 1800 3155 1856 vixerunt.

2275 1879 2388 1938 Hoc
2435 1883 2600 1953 igitur
2639 1888 2940 1944 concedere
2983 1904 3289 1960 possumus,
3340 1911 3504 1967 posse
3543 1900 3800 1956 videlicet

2202 1972 2436 2043 aliquem
2473 1989 2541 2030 ex
2569 1976 2773 2032 virtute
2802 1978 3067 2037 Dominici
3117 1986 3364 2055 corporis
3405 2002 3504 2056 per
3549 1991 3798 2045 divinum

2199 2066 2522 2122 miraculum
2560 2068 2722 2140 longo
2768 2065 3010 2142 tempore
3053 2075 3264 2144 vivere;
3313 2093 3588 2137 secessum
3611 2092 3796 2140 autem

2195 2156 2244 2210 ei
2273 2169 2428 2226 posse
2455 2156 2572 2213 fieri
2601 2159 2800 2216 exinde
2821 2163 3044 2219 omnino
3065 2164 3412 2238 denegamus.
3431 2169 3489 2224 Si
3510 2172 3640 2240 quid
3664 2188 3798 2227 sane

2195 2245 2410 2302 interim
2458 2249 2624 2305 habet
2662 2265 2931 2319 secessus,
2964 2265 3060 2310 aut
3087 2271 3153 2312 ex
3197 2259 3443 2329 reliquiis
3487 2266 3798 2332 praeterito-

2193 2353 2313 2394 rum
2359 2341 2630 2409 cihorum,
2673 2355 2769 2401 aut
2807 2360 2874 2402 ex
2916 2349 3131 2407 delectu
3176 2355 3258 2409 sui
3295 2357 3541 2426 corporis
3579 2359 3632 2413 id
3673 2374 3795 2416 esse

2192 2443 2416 2486 necesse
2445 2441 2552 2488 est.
2581 2433 2689 2491 Sed
2723 2437 2847 2502 hoc,
2881 2438 3057 2511 inquit
3081 2441 3592 2516 BerengariusJam
3616 2453 3794 2506 mani-

2191 2518 2325 2585 feste
2347 2524 2632 2590 probatum
2659 2536 2743 2583 est
2785 2529 2884 2599 (ita
2911 2532 3054 2587 enim
3095 2537 3335 2591 nonnulli
3383 2554 3484 2608 pro
3517 2555 3584 2595 eo
3623 2543 3793 2599 nobis

2189 2615 2606 2687 responderunt)
2634 2633 2809 2691 neque
2831 2635 2895 2676 ex
2936 2623 3178 2694 reliquiis
3209 2630 3608 2697 przetcritorum
3638 2636 3793 2689 cibo-

2187 2719 2334 2770 rum,
2375 2707 2576 2778 quippe
2610 2721 2832 2781 propter
2869 2715 3284 2775 diuturnitatcm
3331 2722 3472 2795 longi
3525 2733 3790 2797 temporis

2176 2794 2288 2864 jam
2317 2802 2678 2870 consumptis,
2720 2820 2895 2876 neque
2939 2821 3006 2863 ex
3052 2809 3265 2866 defectu
3306 2827 3540 2885 propria:
3577 2794 3786 2874 carnis,

2177 2885 2378 2977 quippe
2429 2903 2688 2948 consueta
2740 2899 2984 2966 corporis
3025 2901 3354 2972 pinguedine
3400 2922 3785 2977 permanente,

488 3001 654 3072 igitur
674 3002 826 3058 cibus
845 3006 936 3074 qui
972 3006 1022 3060 in
1053 3017 1294 3064 ventrem
1321 2991 1490 3078 vadit,
1514 3014 1693 3070 omnis
1724 3015 1775 3070 in
1799 3031 2078 3073 secessum

2190 2973 2524 3034 Eucharistia
2566 2992 2748 3050 pastos
2786 2984 3041 3043 habuisse
3080 3005 3378 3048 secessum.
3427 2996 3473 3052 Ο
3517 2999 3786 3057 haeretica

485 3092 777 3150 emittitur.
823 3097 929 3153 Sed
978 3114 1155 3170 neque
1205 3102 1461 3158 Dominus
1522 3105 1622 3160 hoc
1683 3108 1735 3162 in
1788 3105 2080 3182 Evangelio

485 3183 645 3238 dixit.
689 3183 821 3240 Illud
851 3188 1070 3256 quidem
1101 3205 1167 3244 cx
1190 3193 1456 3246 sententia
1487 3186 1696 3251 Domini
1730 3198 2080 3270 intelligimus

485 3275 630 3340 quod
657 3275 834 3330 omnis
858 3277 1013 3333 cibus
1039 3291 1090 3334 et
1126 3291 1280 3350 potus
1302 3284 1391 3352 qui
1421 3287 1485 3337 ad
1519 3290 1929 3344 sustentandum
1957 3306 2079 3346 cor-

484 3379 588 3432 pus
619 3367 672 3420 in
701 3383 763 3422 os
799 3369 986 3435 intrat,
1030 3372 1082 3425 in
1118 3385 1359 3430 ventrem
1391 3379 1711 3434 naturaliter
1742 3382 1919 3448 vadit;
1967 3399 2074 3439 non

485 3467 669 3511 tamen
719 3459 893 3528 dixit:
935 3462 999 3517 Et
1032 3465 1209 3518 omnis
1249 3465 1300 3520 in
1335 3483 1610 3525 secessum
1665 3471 1949 3540 emittitur,
1981 3476 2075 3530 sed

484 3555 696 3602 tantum
723 3550 884 3608 dixit:
906 3550 972 3607 Et
1003 3557 1055 3607 in
1077 3572 1331 3609 seressttm
1356 3559 1628 3627 emittitur,
1658 3562 1723 3618 de
1749 3573 1901 3632 parte
1928 3565 2074 3620 vide-

480 3637 608 3693 licet
644 3640 894 3698 omnibns
945 3646 1224 3702 notissima
1277 3649 1522 3719 loquens.
1580 3654 1645 3710 Et
1685 3656 1800 3711 ιιωο
1854 3657 2072 3727 quidem

481 3722 750 3797 quantum
795 3733 862 3788 ad
906 3735 1050 3792 hunc
1086 3738 1264 3795 locmn
1302 3745 1518 3812 attinet,
1545 3746 1612 3802 de
1654 3748 1756 3805 hac
1801 3722 2070 3805 sententia

485 3821 800 3890 evangelica
841 3826 1044 3883 dixisse
1091 3831 1340 3888 suﬂiciat.
1386 3835 1652 3892 Cancrum
1690 3841 1734 3894 si
1773 3843 1895 3910 quis
1931 3844 2071 3900 hanc

483 3909 696 3967 Domini
723 3917 1047 3973 sententiam
1071 3922 1403 3980 enucleatius
1429 3927 1528 3981 sibi
1557 3931 1750 3999 exponi
1776 3909 2068 4000 desiderat,

481 4005 851 4076 expositiones
893 4009 1303 4084 Evangeliorum
1357 4021 1630 4080 studiosus
1691 4025 1851 4096 legat.
1903 4027 2069 4087 Nobis

475 4281 602 4338 Sive
630 4293 813 4342 autem
852 4287 957 4344 hoc
991 4294 1167 4356 modo,
1202 4295 1316 4352 sive
1361 4302 1601 4371 quolibet
1641 4304 1765 4368 alio,
1810 4311 2060 4378 praedicta
2092 4336 2142 4398 ο

473 4377 703 4443 quaestio
727 4377 794 4433 de
817 4384 1083 4438 sententia
1113 4385 1324 4442 Domini
1351 4395 1762 4452 convenientius
1787 4377 2058 4457 solvatur:

471 4464 575 4520 hoc
606 4468 842 4536 interim,
874 4474 1018 4542 quod
1056 4476 1122 4530 ad
1161 4493 1466 4552 susceptam
1491 4484 1904 4555 disputationem
1933 4495 2065 4551 satis

470 4565 579 4622 est,
612 4568 850 4625 constat,
897 4565 1122 4633 scilicet,
1172 4572 1295 4639 quia
1348 4590 1452 4629 non
1501 4593 1662 4635 omne
1715 4585 1855 4651 quod
1892 4586 1945 4640 in
1999 4583 2069 4642 osi

469 4644 639 4699 intrat
666 4647 718 4700 in
757 4666 1031 4708 secessum
1071 4658 1357 4717 emittitur.
1393 4664 1614 4724 Frustra
1669 4644 1830 4742 igitur
1856 4683 1908 4729 et
1945 4676 2060 4733 haec

473 4732 631 4787 nobis
675 4734 899 4793 oﬂ'crtur
937 4743 1190 4812 ohjectio,
1236 4752 1362 4819 quia
1409 4756 1555 4810 nullo
1597 4732 1754 4818 modo
1798 4776 1895 4832 per
1937 4756 2056 4823 eam

475 4822 800 4890 impedimur
819 4832 959 4898 quod
987 4835 1054 4888 dc
1089 4851 1271 4894 mensa
1312 4840 1520 4900 Domini
1553 4853 1817 4910 suu‘iimus
1864 4872 2058 4929 corpus

465 4919 521 4964 et
550 4915 866 4983 sanguinem
911 4922 1118 4993 Domini
1157 4932 1398 4999 credere,
1439 4950 1560 4992 cum
1607 4949 1710 4997 tam
1750 4948 1916 5003 multa
1951 4915 2068 5007 alia“

468 4999 706 5057 sciamus
732 5019 853 5073 quae
880 5023 935 5062 tn
963 5023 1026 5066 os
1055 5014 1274 5087 intrant,
1305 5023 1356 5077 in
1389 5039 1663 5085 secessum
1695 5049 1799 5090 non
1837 5039 1932 5094 ire.

534 5091 668 5150 Illuc
688 5111 831 5152 nunc
856 5103 1000 5168 quod
1027 5103 1228 5163 addunt
1255 5127 1322 5166 ex
1352 5130 1410 5170 se
1429 5119 1726 5179 videamus.
1758 5144 1776 5177 ε
1809 5091 2050 5202 Dei—stis,

464 5188 742 5260 inquiunt,
772 5198 1152 5263 sacramentis,
1178 5207 1222 5256 si
1247 5206 1396 5263 multi
1424 5225 1589 5278 panes
1627 5226 1682 5270 et
1719 5222 1884 5277 umlta
1926 5188 2050 5282 vim;

2185 3066 2416 3134 malitia,
2447 3070 2674 3128 hoccine
2703 3078 3080 3145 experimento
3117 3090 3254 3138 ausa
3283 3099 3348 3140 es
3380 3089 3646 3157 probare?
3679 3098 3788 3148 hoc

2185 3162 2237 3208 te
2271 3156 2531 3224 probasse
2571 3177 2702 3217 ansa
2740 3179 2818 3219 es-
2842 3167 3058 3222 dicere?
3096 3171 3198 3226 hoc
3229 3156 3514 3232 manileste
3558 3194 3692 3236 ausa
3720 3196 3784 3238 es

2179 3246 2508 3314 propalare?
2547 3250 2720 3318 Quam
2746 3254 3156 3330 immanissima
3197 3265 3450 3332 nudatio,
3497 3284 3597 3326 nec
3637 3288 3784 3341 pra:-

2179 3338 2346 3393 sentis
2406 3340 2500 3395 Dei
2560 3348 2895 3405 tremendam
2949 3350 3285 3421 maiestatem
3334 3363 3388 3414 in.
3442 3338 3783 3434 experiendo

2179 3427 2526 3497 pcrtimuisti,
2564 3449 2662 3490 nec
2701 3435 2999 3497 Christiani
3039 3448 3221 3518 populi
3253 3464 3349 3518 pro
3379 3427 3530 3508 tanto
3571 3459 3783 3517 sceleris

2177 3514 2335 3586 digne
2362 3521 2671 3580 saevituram
2705 3514 3129 3601 indignationem
3173 3537 3224 3592 in
3260 3540 3544 3599 referendo
3585 3548 3780 3603 formi-

2177 3604 2361 3662 dasti?
2388 3609 2485 3667 Hic
2515 3628 2617 3684 ego
2641 3627 2818 3674 tamen
2847 3637 3030 3692 quazro
3058 3627 3274 3695 quando
3313 3632 3395 3685 vel
3421 3649 3450 3686 a
3481 3649 3592 3704 quo
3629 3639 3776 3694 istud

2177 3696 2465 3796 probatura
2493 3715 2595 3758 est.
2627 3706 2684 3761 Si
2727 3710 2871 3764 enim
2913 3714 3150 3784 antiquis
3183 3696 3514 3790 temporibus
3553 3727 3609 3781 id
3646 3743 3778 3796 pm-

2175 3783 2359 3842 batum
2388 3805 2509 3847 esse
2537 3793 2703 3864 dicat,
2735 3813 2857 3854 cum
2898 3800 3075 3861 nullus
3121 3806 3222 3864 hoc
3257 3783 3539 3870 auctorum
3566 3783 3773 3887 proba-
3855 3842 3862 3850 '

2172 3876 2360 3933 bilium
2403 3882 2626 3953 referat,
2681 3890 2827 3946 nullo
2873 3896 3034 3951 modo
3081 3901 3409 3959 credemlum
3453 3876 3582 3963 est:
3610 3913 3681 3966 At
3717 3915 3772 3968 si

2171 3970 2490 4072 propin-quis
2519 3983 2850 4059 temporibus
2875 3989 3161 4057 probatum
3191 4004 3293 4058 est,
3329 3998 3451 4067 quis
3479 4005 3770 4072 probarit?

2170 4063 2454 4151 catholica:
2495 4073 2666 4138 partis
2717 4078 2967 4144 equidem
3010 4084 3206 4141 nullus.
3249 4063 3382 4156 Quis
3428 4063 3574 4150 enim
3624 4099 3768 4153 hunc

2170 4148 2454 4253 sacratum
2479 4175 2672 4230 panem
2717 4166 2917 4225 Christi
2949 4187 3144 4244 corpus
3174 4193 3303 4236 vere
3348 4197 3472 4240 esse
3511 4191 3761 4253 credens,

2169 4237 2236 4298 de
2275 4241 2604 4317 experiendo
2643 4264 2752 4310 tam
2799 4260 3184 4321 nefandissimo
3224 4270 3431 4328 scelere
3465 4279 3767 4346 cogi'arct?

2167 4335 2318 4404 Quod
2346 4340 2391 4394 si
2417 4342 2530 4411 ipse
2564 4345 2647 4401 vel
2680 4363 2792 4405 sum
2829 4353 3000 4421 partis
3022 4356 3288 4428 quispiam
3322 4379 3493 4433 panes
3531 4335 3751 4436 multos.

2167 4438 2260 4502 aut
2289 4440 2646 4503 pergrandem
2674 4453 2860 4507 unum,
2887 4444 2998 4500 tale
3035 4448 3161 4516 quid
3207 4455 3538 4519 probaturus
3578 4477 3762 4516 sacta-

2165 4520 2270 4584 vit,
2301 4538 2400 4579 nos
2427 4526 2494 4580 de
2518 4528 2682 4583 missa
2710 4531 3005 4590 inlidelium
3036 4547 3090 4592 et
3111 4543 3343 4600 maxime
3365 4554 3577 4604 tantum
3606 4553 3764 4608 nefas

2164 4611 2394 4678 probare
2404 4615 2722 4687 volentimn,
2738 4626 2998 4697 quidquid
3010 4630 3088 4684 eis
3107 4634 3395 4706 contigerit
3409 4655 3515 4692 non
3534 4659 3763 4713 magno-

2163 4713 2290 4766 pere
2303 4702 2415 4772 jam
2437 4721 2710 4766 curamus.
2743 4711 2858 4768 Non
2885 4718 3028 4772 enim
3056 4720 3159 4775 nisi
3187 4726 3326 4793 apud
3354 4741 3449 4782 eos
3472 4731 3564 4800 qui
3593 4735 3758 4789 verba

2161 4790 2358 4847 Christi
2395 4807 2490 4864 per
2526 4799 2785 4856 virtutem
2829 4805 3062 4863 divinam
3117 4790 3278 4868 tantm
3323 4817 3401 4870 rei
3445 4790 3756 4888 operatoria

2161 4894 2282 4937 esse
2304 4887 2551 4955 credunt,
2584 4908 2775 4961 panem
2810 4907 2863 4950 ct
2893 4899 3070 4954 vinum
3100 4900 3151 4955 in
3177 4918 3400 4961 carnem
3441 4887 3498 4964 et
3533 4915 3758 4983 sangui—

2160 4987 2283 5027 nem
2335 4977 2546 5036 Domini
2602 4987 2833 5042 transire
2889 5006 3193 5052 necessario
3251 5003 3550 5059 credimus.
3596 5008 3760 5078 Apud

2157 5078 2255 5119 eos
2275 5078 2452 5124 autem
2477 5076 2566 5142 qui
2605 5075 2764 5131 [idem
2797 5080 2957 5150 hujus
2988 5086 3060 5138 rei
3094 5094 3303 5153 tenent,
3330 5093 3473 5150 hanc
3503 5075 3762 5154 mutatio-

2155 5169 2280 5231 nem
2311 5174 2407 5228 pcr
2435 5164 2596 5218 verba
2629 5167 2830 5225 Christi
2881 5179 3188 5231 necessario
3233 5181 3351 5237 ﬁeri
3385 5195 3444 5241 et
3479 5193 3764 5248 credimus

2153 5254 2203 5282 ρ.
2257 5250 2635 5282 οηΙὶίῖηΜηηιιιη
2717 5258 2773 5282 ‘L
2823 5262 2865 5282 -!
2918 5263 2956 5282 Α..
3007 5275 3044 5282 ι.
3143 5267 3154 5282 I
