4006 5282
264 219 404 278 H53

727 211 812 272 DE
848 212 1190 274 CORPORIS
1229 213 1316 271 ET
1357 211 1560 269 SANG.
1599 209 1832 268 DOMZNI
1874 207 2222 266 VERITATE
2261 208 2440 264 LIBRI
2493 207 2691 262 TRES.
2734 237 2791 249 -
2838 205 2965 260 LIB.
2995 205 3035 260 ll

3381 211 3400 266 Ι
3419 210 3516 268 831

261 337 544 391 celebrans
566 332 748 388 itidem
792 330 949 398 fecit,
973 339 1170 401 cerpus
1197 328 1444 398 equidem
1472 325 1674 381 Christi
1702 323 1843 394 quod
1874 325 1919 382 Α
1945 324 2089 378 enim
2132 324 2456 388 hominum,
2503 325 2557 376 in
2599 321 2754 392 cujus
2795 335 3014 377 carnem
3057 330 3381 377 tuanuueata
3422 340 3528 380 nen

263 434 534 482 sacratum
546 432 632 479 est
650 421 1047 488 credimus,’sed
1073 429 1165 474 aut
1191 434 1461 489 nunquam
1493 434 1545 472 ιιι
1571 430 1844 471 secessum

265 520 388 580 isse,
412 523 505 570 aut
534 515 722 570 eodem
755 522 995 583 tempore
1018 510 1228 567 Domini
1252 523 1478 578 corpore
1507 506 1848 562 invisibiliter

263 615 558 675 assumpto,
591 605 810 675 dignum
843 604 1092 658 fallendis
1134 600 1548 668 refelleudisque
1580 596 1848 652 ha-reticis

261 697 352 765 qui
382 709 651 750 secessum
681 693 881 747 faceret
906 707 1100 761 panem
1128 690 1196 744 ab
1225 687 1448 759 angelis,
1480 687 1592 739 sive
1628 699 1656 738 a
1689 684 1845 738 mali-

264 789 383 858 gnis
411 771 687 858 spiritibus
712 770 1005 854 repositum
1034 781 1442 852 respondemus.
1467 776 1599 831 Nam
1630 776 1682 829 in
1713 775 1848 831 Vitis

262 880 483 934 Patrum
509 879 666 949 (quas
688 885 743 933 ct
769 879 813 932 si
838 875 1195 946 Berengarius
1217 874 1456 943 recipere
1484 886 1589 924 non
1617 868 1750 932 vult,
1780 869 1847 922 ad

264 970 678 1025 instructionem
715 976 897 1022 tamen
928 967 1154 1019 aliorum
1179 965 1281 1018 hoc
1305 953 1598 1032 proferam)
1629 951 1847 1028 legitur,

263 1060 405 1129 quod
433 1058 726 1128 aspiciente
746 1057 979 1126 quodam
1010 1053 1358 1108 sanctissimo
1385 1052 1567 1113 Patre,
1601 1047 1754 1115 cujus
1782 1048 1849 1101 ad

262 1147 316 1212 id
370 1149 700 1204 cernendum
749 1149 891 1202 Deus
939 1145 1124 1201 oculos
1177 1153 1476 1214 aperuerat,
1529 1141 1848 1209 quibusdam

263 1238 504 1308 indignis
526 1237 1016 1292 communicaturis.
1037 1251 1234 1306 corpus
1261 1233 1469 1288 Domini
1509 1231 1851 1286 invisibiliter

261 1327 490 1397 angelus
539 1319 883 1390 subtrahens,
931 1327 1218 1379 carbonem
1271 1320 1611 1392 porrigebat,
1660 1330 1849 1376 contra

260 1401 404 1492 hanc
434 1418 497 1470 de
525 1431 742 1470 secessu
772 1415 1126 1486 quaestionem
1170 1423 1414 1483 posteros
1455 1411 1684 1466 fortasse
1715 1425 1854 1480 prte-

259 1510 532 1564 muniens.
562 1510 675 1565 Non
701 1509 844 1579 quod
873 1508 926 1563 id
948 1522 1162 1578 semper
1205 1505 1436 1577 indignis
1479 1505 1850 1560 communica-

258 1600 402 1655 turis
433 1598 614 1661 faciat,
651 1599 793 1653 sicut
821 1599 888 1652 de
928 1599 1027 1652 hac
1065 1612 1143 1661 re,
1177 1596 1392 1650 volente
1422 1596 1551 1658 Deo,
1584 1593 1852 1664 posterius

256 1689 631 1744 ostendemus.
661 1687 768 1742 Sed
793 1695 849 1742 et
874 1687 1063 1740 beatus
1086 1685 1444 1757 Augustinus,
1473 1662 1631 1754 quem
1659 1683 1850 1737 saltem
1883 1662 1926 1721 Β

259 1779 622 1848 Berengarius
647 1793 921 1849 nunquam
961 1777 1184 1847 respuit,
1237 1777 1290 1830 in
1341 1776 1477 1831 libro
1522 1776 1596 1831 De
1634 1776 1852 1830 civitate

259 1862 358 1926 Dei
393 1872 510 1942 (lib.
541 1882 653 1937 xvi,
675 1887 727 1928 e.
763 1871 875 1942 18),
900 1871 1130 1927 similem
1158 1871 1579 1925 subtractionem
1605 1884 1702 1940 per
1726 1883 1855 1940 apo-

258 1973 439 2018 statas
491 1963 712 2032 spiritus
769 1962 963 2017 factam
1009 1961 1074 2016 de
1116 1959 1387 2030 Iphigenia
1435 1959 1666 2027 virgine,
1713 1959 1857 2028 regis

256 2051 688 2122 Agamemnonis
716 2052 846 2118 lilia,
878 2053 1028 2117 dicit,
1052 2066 1302 2107 asserens
1327 2050 1467 2118 quod
1497 2062 1617 2104 cum
1645 2066 1673 2102 a
1703 2059 1857 2120 patre

257 2142 369 2197 diis
409 2137 736 2197 immolanda
763 2150 929 2207 esset,
973 2150 1032 2196 ut
1074 2137 1320 2196 miraculi
1347 2139 1586 2194 novitate
1629 2137 1856 2191 miseros

255 2233 432 2288 altius
475 2231 708 2298 falleret,
752 2233 995 2288 diabolus
1044 2246 1165 2299 eam
1209 2229 1558 2293 subtraxerit,
1609 2241 1704 2296 pro
1749 2241 1856 2296 qua

255 2323 487 2380 interim
537 2323 737 2380 alicubi
781 2335 1051 2394 sumptam
1115 2335 1331 2377 cervam
1376 2317 1736 2390 supposuerit.
1784 2317 1858 2370 De

256 2418 504 2488 quodam
551 2417 718 2472 etiam
771 2415 885 2470 suis
941 2413 1273 2484 temporibus
1323 2425 1514 2479 magna
1569 2408 1859 2478 contigisse

255 2507 542 2563 mirabilia
598 2505 784 2572 refert,
835 2505 927 2576 qui
986 2504 1134 2559 inter
1179 2503 1422 2572 jumenta
1472 2499 1757 2554 videbatur
1804 2497 1857 2552 in

255 2597 451 2667 specie
475 2595 667 2650 caballi
691 2594 959 2650 frumenta
985 2593 1306 2654 subvehere,
1337 2606 1458 2646 cum
1499 2589 1614 2660 ipse
1643 2587 1858 2642 interim

251 2679 596 2761 gravissimo
621 2695 873 2742 sterteret
909 2684 1056 2740 velut
1098 2698 1286 2740 somno
1321 2697 1634 2753 oppressus,
1666 2689 1721 2736 et
1744 2694 1862 2744 ejus

251 2780 454 2851 specie
480 2787 757 2849 assumpta
781 2773 1045 2842 diabolus,
1078 2791 1142 2832 ac
1183 2776 1378 2831 deinde
1414 2789 1598 2829 coram
1629 2772 1861 2827 homini-

252 2871 364 2925 hus
420 2871 474 2924 in
518 2868 784 2926 caballum
823 2868 1239 2923 transformatus
1279 2863 1548 2920 frumenta
1594 2870 1858 2933 portaret.

250 2963 561 3030 Quocirca,
590 2962 843 3032 quoniam
874 2960 956 3015 vel
981 2961 1032 3015 in
1057 2960 1225 3015 missa
1255 2974 1359 3013 non
1390 2957 1723 3013 credentium
1755 2955 1863 3009 vir-

1949 422 2232 469 ntutentur
2271 429 2334 469 ea
2378 431 2497 485 qua:
2526 414 2738 470 fuerunt
2788 415 3057 471 seminata
3101 424 3158 472 et
3201 415 3427 472 collecta
3477 418 3530 472 iu

1951 505 2128 573 agris?
2157 504 2273 571 Quo
2299 505 2359 560 fit
2384 515 2441 559 ιιι
2475 520 2663 562 omnes
2697 506 2964 572 homines,
3009 507 3100 576 qui
3128 516 3418 563 vescuntur
3446 507 3532 563 his

1949 611 2069 666 quae
2109 597 2161 652 in
2186 597 2333 668 agris
2370 599 2631 652 seminata
2675 606 2730 652 et
2775 597 2997 654 collecta
3027 606 3173 662 sunt,
3204 599 3455 655 sentiuati
3480 611 3536 655 et

1950 689 2158 744 collecti
2221 690 2275 745 in
2318 691 2461 760 agris
2516 690 2724 760 possint
2770 689 2898 744 dici.
2949 690 3018 745 Et
3078 693 3156 747 sic
3210 692 3404 748 falsum
3451 703 3538 748 est

1950 782 2091 850 quod
2112 781 2188 834 ait
2208 780 2574 850 Berengarius
2595 799 2608 834 :
2629 799 2646 831 ι
2668 779 2914 835 Christus
2939 796 3213 851 nunquam
3238 783 3535 837 seminatus

1950 882 2032 926 est
2061 887 2236 940 neque
2272 871 2531 927 collectus
2580 871 2632 926 in
2663 872 2825 941 agris.
2864 889 2882 923 ›
2912 872 3020 926 Aut
3056 872 3102 926 si
3140 881 3362 943 propter
3386 874 3528 928 hanc

1951 977 2168 1016 causam
2201 963 2377 1017 nullus
2402 965 2561 1018 homo
2587 965 2886 1019 seminatus
2913 965 2996 1019 vel
3019 965 3277 1020 collectus
3307 965 3360 1019 in
3389 968 3538 1036 agris

1952 1053 2210 1120 creditur,
2261 1054 2388 1123 quid
2433 1069 2563 1123 ergo
2611 1055 2942 1124 impossibile
2986 1064 3086 1120 est,
3134 1055 3181 1110 si
3233 1057 3285 1110 in
3337 1056 3534 1112 Christi

1953 1156 2150 1210 corpus
2177 1158 2350 1212 neque
2378 1144 2699 1197 seminatum
2742 1160 2794 1198 in
2823 1145 2988 1215 agris,
3021 1160 3197 1217 neque
3223 1145 3533 1210 collectum,

1951 1247 2015 1286 ea
2045 1247 2164 1300 qua:
2191 1232 2243 1286 in
2271 1235 2414 1302 agris
2443 1234 2707 1289 seminata
2735 1244 2785 1288 et
2815 1235 3040 1290 collecta
3068 1246 3192 1291 sunt
3213 1247 3540 1295 convertam

1953 1320 2078 1372 tur?
2112 1317 2217 1373 Sed
2247 1335 2421 1388 neque
2446 1336 2508 1375 ea
2540 1337 2665 1390 qua}
2692 1322 2907 1377 fuerunt
2935 1324 2986 1378 in
3017 1326 3162 1395 agris
3188 1327 3453 1382 seminata
3475 1340 3532 1384 et

1953 1410 2174 1466 collecta
2201 1413 2442 1466 converti
2474 1413 2561 1468 hic
2601 1414 2850 1469 dicimus.
2881 1415 3080 1470 Panem
3123 1417 3268 1472 enim
3316 1417 3370 1473 in
3416 1436 3515 1475 car

1954 1517 2076 1556 nem
2124 1503 2366 1556 converti
2396 1503 2484 1558 hic
2520 1505 2778 1570 dicimus;
2812 1507 2966 1576 panis
2999 1521 3129 1563 vero
3177 1525 3451 1581 nunquam
3484 1513 3535 1567 in

1954 1594 2095 1663 agris
2131 1595 2428 1650 seminatur
2460 1595 2540 1649 vel
2587 1596 2874 1668 colligitur,
2914 1600 3008 1654 sed
3046 1616 3214 1672 grana
3240 1617 3307 1656 ex
3342 1605 3538 1662 quibus

1953 1685 2256 1740 conficitur.
2291 1684 2442 1752 Quod
2477 1686 2521 1740 si
2559 1686 2633 1741 ita
2663 1696 2768 1750 est,
2810 1687 3004 1743 falsum
3034 1705 3164 1762 ergo
3194 1700 3249 1747 et
3296 1693 3426 1748 illud
3454 1705 3540 1749 est

1954 1779 2096 1846 quod
2118 1778 2194 1832 ait
2218 1778 2577 1846 Berengarius
2601 1796 2613 1832 :
2633 1799 2650 1830 ι
2681 1777 2786 1834 Ista
2813 1779 3314 1838 fueruntseminata
3344 1793 3398 1838 et
3428 1770 3540 1840 col-

1953 1868 2091 1925 lecta
2117 1870 2168 1924 in
2192 1872 2354 1942 agris.
2377 1891 2396 1920 ι
2417 1871 2678 1926 Ridentur
2706 1872 2870 1944 igitur
2891 1875 3017 1928 etin
3041 1874 3146 1942 his,
3161 1891 3260 1930 nec
3285 1878 3541 1932 timeatur

1956 1975 2125 2016 vanus
2151 1961 2360 2026 irrisor,
2393 1977 2517 2016 cum
2553 1964 2735 2018 omnia
2781 1951 3536 2036 ornamenta}opposittouum

1957 2049 2092 2118 ejus,
2119 2051 2268 2106 velut
2313 2067 2636 2108 aranearum
2682 2055 2824 2123 telas,
2873 2067 3067 2114 conatu
3121 2059 3266 2114 facili
3309 2059 3542 2116 disrumo

1955 2152 2122 2214 paulu
2132 2159 2177 2198 r.
2733 2149 2735 2152 ‘

2618 2256 2898 2299 ειοοειιιυε.

2029 2348 2354 2419 Recipienda
2376 2351 2706 2424 'dignissime
2736 2367 2789 2412 et
2835 2368 2946 2413 toto
2975 2361 3139 2416 corde
3169 2361 3539 2433 amplectenda

1959 2439 2212 2495 videntur
2237 2442 2371 2498 mihi
2391 2444 2587 2500 cuneta
2612 2461 2732 2516 qua:
2765 2449 2922 2504 dicis.

2565 2573 2924 2616 GUITIIUNDUS.

2030 2662 2155 2718 Haec
2185 2664 2350 2737 igitur
2376 2677 2503 2723 sunt
2526 2671 2706 2726 omnia
2748 2672 2801 2726 in
2847 2685 3105 2744 quantum
3136 2679 3306 2732 adhuc
3340 2683 3542 2735 audivi.

1960 2771 2098 2820 ntus,
2128 2760 2321 2827 quibus
2345 2769 2600 2831 tanquam
2632 2764 2928 2820 rationibus
2953 2767 3310 2840 Bcrcngarius
3341 2781 3396 2826 et
3426 2773 3544 2826 fau-

1963 2855 2106 2900 tores
2150 2849 2232 2902 sui
2288 2859 2475 2905 contra
2517 2848 2812 2908 Ecclesiam
2862 2856 2951 2910 Dei
3000 2857 3260 2914 hactenus
3313 2861 3547 2918 caviliati

1963 2951 2106 2992 sunt.
2135 2939 2974 3011 Quibus,arbitror,suﬂieienter
2994 2951 3249 3020 explosis,
3269 2951 3378 3021 jam
3408 2971 3550 3011 num

253 3025 442 3111 ﬁnem
474 3025 623 3109 mw;
669 3053 931 3110 Dominici
959 3093 973 3116 ν
1019 3067 1219 3122 corpus
1267 3049 1478 3106 Domi";
1514 3065 1618 3102 ηοη
1661 3048 1739 3111 ῆι,
1775 3046 1857 3100 vel
1891 3025 1932 3081 C
1967 3026 2034 3122 ad
2069 3043 2131 3081 ea
2157 3047 2274 3098 quae
2298 3029 2362 3085 de
2408 3033 2692 3103 scripturis
2731 3045 3042 3092 sanctorum
3081 3039 3302 3096 Patrum
3334 3043 3436 3099 sibi
3466 3045 3548 3100 vi-

249 3155 419 3201 certe
465 3160 696 3214 corpore
740 3143 950 3199 Domini
1001 3143 1180 3198 divina
1219 3141 1452 3202 virtute,
1496 3139 1580 3192 vel
1617 3136 1860 3208 angelico

251 3235 581 3291 ministerio
617 3234 958 3289 invisibiliter
987 3231 1186 3294 ablato,
1235 3239 1411 3302 potest
1457 3227 1725 3282 haereticis
1771 3240 1860 3280 sc-

246 3326 451 3382 Cessui
486 3339 758 3396 congruus
782 3324 952 3396 panis,
986 3333 1079 3377 aut
1108 3323 1175 3376 ab
1218 3321 1445 3392 angelis,
1488 3327 1580 3373 aut
1607 3317 1861 3372 dientoul-

249 3420 366 3474 bus
396 3416 624 3487 subjici,
650 3415 762 3486 jam
793 3417 860 3470 de
897 3416 988 3471 tali
1018 3414 1388 3485 experimento
1426 3407 1782 3481 Bereugarius
1810 3416 1865 3462 et

245 3522 540 3580 sequaces
566 3506 679 3576 ejus
711 3516 899 3562 contra
948 3505 1242 3561 Ecclesium
1290 3501 1383 3556 Dei
1425 3501 1675 3555 desinant
1717 3496 1863 3552 obla-

244 3609 438 3664 trare,
457 3617 604 3662 cum,
629 3599 775 3653 salva
800 3610 1184 3669 usquequaque
1203 3595 1255 3648 in
1286 3590 1643 3647 sacrosanctis
1665 3595 1864 3659 mystc-

242 3699 357 3754 riis
392 3695 667 3752 Dominici
695 3695 938 3764 corporis
964 3692 1212 3756 veritate,
1243 3687 1416 3759 magis
1459 3685 1560 3757 ipsi
1603 3683 1764 3738 altius
1808 3683 1861 3736 in

239 3804 352 3846 sua
391 3785 720 3843 stultissima
743 3784 1057 3839 curiositate
1082 3780 1474 3837 convincantur
1499 3789 1708 3831 errare.

938 3886 1210 3927 ROGERIUS.

258 3958 260 3961 V
319 3973 557 4027 Revera
585 3969 678 4022 Dei
706 3966 881 4037 gladio
909 3975 1152 4018 armatus
1178 3961 1525 4031 multiplicem
1554 3965 1860 4030 serpentem

231 4061 594 4134 quaestionis
633 4058 792 4126 hujus
826 4057 960 4111 mira
996 4055 1279 4110 vivacitate
1322 4053 1626 4108 concidisti.
1661 4051 1725 4104 Et
1764 4063 1863 4120 ego

229 4153 482 4227 gratias
513 4164 612 4220 ago
648 4149 778 4210 Deo,
807 4147 931 4215 quia
967 4146 1032 4199 de
1071 4157 1178 4214 quo
1224 4141 1575 4196 vehementer
1602 4142 1860 4210 angebar,

231 4246 608 4304 sufﬁcienter
629 4239 758 4296 mihi
793 4239 1128 4295 satisfactum
1155 4249 1276 4290 esse
1307 4233 1600 4302 conspicio.

888 4342 1250 4386 curruuxous.
1575 4383 1582 4390 _

315 4428 539 4484 Nonne
559 4431 614 4477 et
644 4420 770 4474 illud
793 4420 984 4473 audisti
1014 4419 1186 4487 inquo
1209 4415 1288 4470 vel
1320 4415 1550 4469 maxime
1574 4411 1866 4468 deridendo

225 4518 603 4580 catholicos,
626 4515 916 4588 gloriatur?

934 4619 1213 4660 ιιοοιειιιιεε.

311 4681 623 4753 Quidnam
655 4676 818 4731 illud?

896 4758 1257 4800 GUITHUNDCS.

318 4871 341 4904 ς
382 4844 682 4908 Christus,
715 4841 911 4910 inqttit,
935 4855 1210 4908 nunquam
1238 4835 1338 4890 fuit
1358 4833 1675 4894 seminatus,
1694 4843 1868 4896 neque

1969 3117 2163 3173 dentur
2188 3128 2404 3177 sumere
2437 3123 2737 3193 patrocinia
2766 3121 3067 3184 veniamus.

2618 3255 2896 3296 BOGBNUS.

2036 3344 2367 3417 Augustinus
2396 3347 2448 3402 in
2473 3348 2609 3405 libro
2633 3349 2708 3406 De
2735 3351 2980 3408 doctrina
3005 3354 3313 3412 Christiana
3329 3358 3440 3427 (lib.
3459 3377 3546 3424 ιιι,

1968 3450 2019 3492 c.
2052 3436 2133 3505 9).
2156 3437 2335 3492 cibum
2364 3439 2627 3496 Dominici
2665 3442 3092 3515 altaris‘signum
3119 3456 3174 3500 et
3203 3447 3450 3518 figuram,
3489 3459 3550 3504 ut

1968 3526 2068 3595 ipsi
2099 3539 2368 3593 asserunt,
2399 3531 2660 3595 nominat.
2687 3533 2911 3591 dicens:
2947 3555 2967 3589 ι
3001 3537 3113 3593 lloc
3137 3553 3268 3593 vero
3311 3549 3555 3609 tempore

1966 3628 2318 3690 posteaquam
2355 3638 2450 3692 per
2487 3628 2936 3684 resurrectionem
2973 3629 3186 3688 Domini
3233 3637 3402 3691 nostri
3432 3653 3554 3693 ma-

1968 3708 2375 3768 nifestissimum
2408 3715 2664 3771 indicium
2700 3728 2898 3776 nostra:
2931 3721 3195 3780 libertatis
3216 3726 3418 3794 illuxit,
3448 3742 3552 3784 nec

1968 3815 2154 3855 eorum
2181 3803 2396 3872 quidem
2435 3803 2712 3875 signorum
2745 3825 2867 3880 quin
2892 3812 3004 3880 jam
3048 3813 3393 3887 intelligimus
3421 3833 3554 3888 ope-

1967 3889 2180 3948 ratione
2205 3893 2353 3964 gravi
2379 3897 2587 3952 oncrati
2619 3914 2826 3966 sumus,
2857 3903 2949 3957 sed
2982 3907 3226 3972 quaedam
3255 3922 3424 3978 pauca
3454 3927 3554 3978 pro

1967 3985 2174 4051 multis,
2204 3987 2502 4058 eademque
2529 3989 2672 4045 factu
2702 3990 2979 4061 facillima,
3001 4005 3056 4050 et
3081 3996 3353 4053 intellectu
3385 4015 3555 4071 augu-

1966 4074 2224 4158 stissima,
2245 4085 2302 4130 et
2323 4077 2698 4133 observatione
2719 4083 3044 4150 castissima,
3078 4085 3192 4156 ipse
3215 4086 3474 4146 Dominus
3498 4106 3555 4147 et

1968 4165 2260 4235 apostolica
2291 4169 2455 4222 tradit
2495 4170 2817 4240 disciplina:
2850 4175 3010 4230 sicuti
3047 4188 3131 4234 est
3167 4178 3421 4249 baptismi
3455 4198 3548 4238 sa»

1966 4268 2326 4324 cramentum,
2363 4271 2416 4314 et
2439 4261 2732 4319 celebratio
2773 4268 3017 4336 corporis
3054 4278 3109 4324 et
3141 4272 3422 4341 sanguinis
3449 4274 3554 4330 Do-

1892 4374 1942 4432 ι)
1969 4350 2117 4413 ιιιίιιί,
2154 4366 2274 4420 quae
2298 4353 2665 4424 unusquisque
2690 4370 2812 4411 eum
2843 4359 3068 4427 percipit
3108 4376 3216 4430 quo
3245 4361 3551 4420 referantur

1971 4443 2208 4497 imbutus
2249 4447 2511 4515 agnoscit,
2556 4455 2614 4500 ut
2657 4462 2721 4501 ea
2761 4463 2864 4502 non
2893 4451 3092 4505 carnali
3144 4453 3427 4518 servitute,
3457 4458 3553 4511 sed

1970 4534 2232 4604 spirituali
2261 4537 2442 4606 potius
2469 4537 2716 4595 libertate
2752 4549 3060 4596 veneretur.
3098 4544 3164 4600 Ut
3204 4553 3383 4598 autem
3410 4546 3557 4605 litte-

1971 4642 2086 4680 ram
2117 4626 2268 4695 sequi
2293 4635 2346 4681 et
2377 4627 2526 4697 signa
2558 4644 2656 4698 pro
2680 4630 2839 4690 rebus
2877 4645 2998 4700 quae
3043 4634 3129 4690 his
3177 4635 3556 4703 significantur

1971 4723 2218 4794 accipere
2259 4722 2472 4777 servilis
2496 4721 2828 4782 infirmitatis
2855 4731 2961 4787 est,
3003 4727 3076 4782 ita
3113 4727 3374 4782 inutiliter
3400 4728 3558 4799 signa

1973 4815 2339 4888 interpretari,
2365 4815 2504 4870 male
2529 4816 2770 4886 vagantis
2795 4822 3001 4873 erroris
3025 4830 3125 4876 est.
3156 4840 3175 4872 ι
3210 4818 3419 4874 Audisti
3458 4822 3562 4892 igi—

1974 4913 2078 4972 tur,
2110 4906 2379 4977 inquiunt,
2411 4909 2552 4976 quod
2591 4915 2928 4962 sacramenta
2976 4912 3168 4968 altaris
3196 4913 3348 4982 signa
3385 4913 3567 4972 dicit?

1972 5001 2177 5057 Deinde
2224 4999 2426 5056 infert:
2467 5020 2484 5052 ι
2538 5001 2670 5069 Quae
2713 5004 3089 5077 unusquisque
3137 5021 3259 5063 cum
3308 5009 3569 5078 percipit,

1970 5108 2080 5162 quo
2107 5093 2415 5151 referantur
2443 5093 2679 5147 imbutus
2708 5095 2986 5163 agnoscit,
3019 5110 3077 5155 ut
3115 5115 3179 5155 ea
3224 5114 3328 5156 non
3354 5101 3568 5154 carnali

2947 5189 2955 5198 ι

2925 5186 3142 5216 ...ιβ-ΩΑ·

221 4945 544 5002 collectus
568 4936 618 4988 in
647 4933 820 5003 agris;
849 4931 945 4987 sed
976 4931 1077 4986 ista
1103 4929 1319 4985 fuerunt
1348 4922 1610 4978 seminata
1643 4924 1694 4975 in
1722 4919 1867 4990 agris

221 5045 288 5094 et
342 5028 652 5088 collecta:
694 5021 961 5092 quomodo
1024 5036 1154 5092 ergo
1201 5024 1428 5094 possunt
1489 5028 1610 5068 esse
1671 5026 1868 5079 corpus

223 5122 472 5187 Christi
487 5120 524 5212 7'
563 5136 582 5168 ι
934 5198 1188 5216 “MM”

1970 5120 2080 5162 ιιυυ
2109 5120 2415 5151 relcruluur
2443 5120 2679 5147 ,ιιιιυιιιυδ
2719 5120 2892 5163 ειδιιυδι

1973 5189 2235 5216 annulo-nIA
2301 5185 2393 5216 nnr‘
2420 5184 2685 5216 οηῖιιῖοησιιῖ
2715 5185 2892 5216 νιΛΙῖιιδ

934 5198 1188 5216 υηρεηο-νη
1973 5189 2235 5216 σαυνία-..Α
2301 5189 2393 5216 ραι-1
2420 5189 2685 5216 οηῖ-ιῖιησιΙῖ
2715 5189 2892 5216 νιΛΙῖιιδ
2925 5189 3176 5216 121.--.-ι-
3199 5195 3492 5216 ..Α--Ασλοαε-
3547 5208 3558 5216 .
