4006 5282
499 298 640 352 1455

1493 287 1874 344 GUITMUNDI
1917 289 2342 348 ARCHIEPISC.
2373 293 2718 350 AVERSAM

3637 299 3761 356 1456

569 413 700 468 Item
728 412 780 465 in
817 407 1164 480 sequentibus
1193 423 1203 458 :
1231 404 1346 472 (lib.
1374 418 1456 468 ιιι,
1487 403 1684 472 c.16)t
1706 401 1762 457 Si
1790 410 1968 456 autem
1994 402 2090 455 Πει-
2117 411 2166 470 Α
2197 416 2430 478 peracta:
2461 409 2817 478 significativa
2850 411 3319 464 commemoratio.
3351 411 3451 466 Ubi
3479 421 3660 467 autem
3685 432 3763 470 ες-

500 510 692 581 gitiutn
716 515 810 562 aut
833 501 1263 574 facinusjubere,
1282 506 1371 554 aut
1393 497 1676 553 utilitatem
1701 505 1758 552 et
1781 496 2088 551 beneficen-

502 603 634 658 tiam
659 600 870 658 videtur
889 606 1096 661 vetare,
1112 597 1338 664 figurata
1369 591 1570 646 locutio
1595 599 1700 644 est.
1721 589 1842 643 Nisi
1862 589 2088 642 mandu-

503 693 764 757 caveritis,
791 692 842 746 in
869 689 1006 759 quit,
1039 702 1247 741 carnem
1271 684 1370 754 [itii
1403 683 1627 736 hominis
1679 692 1726 736 et
1778 681 2084 748 sanguinem

503 785 753 848 biberitis,
769 779 1124 836 nonhabebitis
1138 778 1294 832 vitam
1313 777 1365 830 in
1389 775 1527 829 vobis
1543 774 1722 846 (Joan.
1738 770 1836 842 vt).
1855 770 2089 824 Facinus

502 875 589 929 vel
617 874 875 944 flagitium
899 871 1112 924 videtur
1141 867 1332 936 jubere
1363 883 1374 918 :
1412 867 1580 934 figura
1617 878 1748 931 ergo
1773 871 1856 917 est
1893 860 2086 930 praeci-

500 967 656 1037 piens
684 963 918 1034 passioni
945 960 1152 1014 Domini
1185 973 1303 1012 esse
1328 955 1860 1016 communicamlum,
1885 961 1939 1005 et
1963 966 2086 1005 sua-

502 1060 642 1113 viter
671 1067 834 1125 atque
882 1055 1085 1109 utiliter
1119 1051 1517 1105 recondendum
1554 1049 1605 1102 in
1633 1050 1911 1110 memoria,
1941 1045 2085 1114 quod

499 1164 599 1220 pro
625 1149 780 1202 nobis
806 1162 934 1199 caro
963 1145 1077 1214 ejus
1100 1143 1355 1198 crucifixa
1384 1149 1437 1195 et
1467 1139 1746 1192 vulnerata
1776 1138 1896 1190 sit.)
1916 1135 2078 1190 Audi-

500 1240 570 1296 sti
593 1240 926 1310 ergo,aiunt,
955 1236 1202 1304 figuram.
1230 1232 1367 1300 Quid
1391 1229 1622 1300 amplius
1647 1228 1913 1297 requiris?
1933 1225 2084 1278 Adde

503 1341 682 1385 tamen
714 1330 856 1398 quod
885 1327 1025 1398 apud
1047 1340 1237 1380 omnes
1264 1323 1660 1379 ecclesiasticos
1684 1329 1955 1382 auctores,
1988 1317 2083 1371 sed

501 1430 559 1474 et
590 1420 642 1474 in
669 1417 913 1473 collectis
941 1415 1226 1470 missarum
1274 1428 1408 1482 quas
1451 1412 1648 1480 ubique
1685 1409 1922 1464 Ecclesia
1947 1408 2086 1462 cele-

500 1511 648 1576 brat,
697 1509 853 1579 panis
879 1507 1068 1562 altaris
1119 1506 1316 1562 dicitur
1353 1511 1753 1559 sacramentum
1789 1502 1970 1570 :quod
2001 1501 2085 1554 est

499 1618 714 1659 sacrum
749 1601 984 1672 signum.

1111 1701 1458 1743 GUITMUNDUS

573 1792 617 1848 Ο
642 1791 740 1845 viri
773 1788 1089 1858 insipienter
1117 1784 1415 1852 sapientes,
1443 1795 1542 1834 nec
1573 1777 1952 1845 Augustinum,
1978 1783 2086 1826 nec
2116 1749 2160 1808 Β

502 1894 732 1937 οωιρτοε
780 1890 1032 1934 auctores
1079 1881 1319 1936 sanctos,
1377 1886 1477 1926 nec
1535 1875 1796 1922 consueta
1833 1863 2087 1918 Ecclesiae

503 1971 670 2026 verba
727 1968 1127 2037 intelligentes,
1190 1971 1284 2017 aut
1327 1969 1476 2017 certe
1529 1957 1670 2013 male
1711 1962 2089 2026 pervertentes

499 2062 763 2131 praclara
789 2057 1097 2128 diligentia!
1129 2054 1405 2123 Nusquam
1430 2051 1631 2106 etenim
1661 2047 1996 2117 Augustinus
2031 2045 2086 2099 in

499 2155 642 2210 libro
669 2156 742 2209 De
767 2151 1015 2206 doctrina
1056 2148 1371 2204 Christiana
1410 2142 1589 2198 cibum
1637 2139 1824 2194 altaris
1847 2136 2088 2200 Domini,

501 2246 716 2315 signum
738 2241 821 2297 vel
852 2241 1078 2310 ﬁguram
1107 2236 1342 2300 vocavit,
1383 2233 1479 2289 sed
1518 2231 1944 2286 celebrationem
1977 2225 2085 2280 Do-

502 2337 688 2392 minici
719 2335 966 2406 corporis
989 2333 1201 2403 signum
1225 2329 1381 2394 dixit,
1411 2326 1554 2398 quod
1582 2325 1722 2380 idem
1752 2332 1806 2378 et
1834 2337 1934 2376 nos
1963 2335 2087 2376 cre-

503 2429 704 2483 dimus.
736 2427 870 2480 Nam
896 2425 1112 2496 quoties
1138 2420 1432 2477 celebratio
1464 2416 1711 2488 corporis
1729 2423 1789 2469 et
1810 2411 2091 2484 sanguinis

505 2519 719 2575 Domini
742 2518 941 2586 agitur,
973 2531 1080 2571 non
1111 2513 1370 2584 equidem
1406 2510 1679 2566 Christum
1704 2508 1898 2562 iterum
1937 2502 2086 2558 occi-

504 2614 704 2677 dimus,
739 2611 832 2666 sed
862 2619 1091 2665 mortem
1132 2606 1250 2675 ejus
1277 2605 1330 2660 in
1370 2605 1508 2674 ipsa,
1537 2610 1592 2655 et
1621 2615 1717 2671 per
1747 2599 1918 2668 ipsam
1947 2593 2088 2650 celeo

498 2704 806 2759 brationem
835 2714 1201 2756 memoramus
1223 2714 1238 2762 ;
1261 2705 1451 2766 estque
1473 2696 1586 2764 ipsa
1619 2688 1932 2751 celebratio,
1965 2700 2089 2755 pas-

500 2794 672 2849 sionis
697 2792 900 2848 Christi
923 2791 1168 2861 quaedam
1197 2784 1659 2843 commemoratio.
1679 2781 2088 2837 Commemora-

500 2886 578 2940 tio
613 2894 795 2938 autem
824 2882 1090 2954 passionis
1143 2878 1346 2935 Christi
1395 2878 1564 2947 ipsam
1593 2875 1900 2944 passionem
1928 2870 2091 2940 signi-

503 2977 656 3031 ﬁcat.
683 2975 991 3030 Celebratio
1020 2973 1184 3044 igitur
1213 2970 1458 3039 corporis
1477 2977 1531 3023 et
1563 2965 1843 3036 sanguinis
1877 2962 2087 3018 Domini

506 3067 780 3138 passionis
826 3066 1027 3121 Christi
1067 3073 1152 3119 est
1196 3063 1434 3133 signum.
1485 3060 1553 3114 Et
1597 3059 1699 3113 hoc
1729 3056 1983 3126 estquod
2012 3054 2088 3109 ait

500 3133 696 3213 beatus
756 3155 1089 3224 Augustinus
1120 3172 1132 3207 :
1167 3171 1186 3204 ι
1233 3150 1344 3206 lloc
1373 3165 1506 3206 vero
1548 3157 1814 3219 tempore,
1869 3155 2084 3216 postea-
2113 3133 2154 3189 C

499 3267 664 3320 quam
690 3265 791 3320 per
821 3248 1279 3304 resurrectionem
1312 3239 1526 3300 Domini
1555 3244 1726 3298 nostri
1755 3242 2086 3298 manifestis-

499 3342 699 3396 simum
733 3340 991 3395 indtcmm
1019 3347 1218 3393 nostra:
1251 3335 1519 3391 libertatis
1547 3333 1748 3399 illuxit,
1770 3347 1870 3387 nec
1897 3349 2082 3388 eorum

499 3431 720 3502 quidem
769 3429 1048 3499 signorum
1073 3444 1190 3498 quae
1219 3426 1334 3497 jam
1383 3425 1738 3496 intelligimus
1766 3425 2085 3494 operatione

497 3523 649 3593 gravi
675 3521 886 3586 onerati
917 3535 1128 3574 smnus.
1155 3519 1248 3574 sed
1273 3518 1521 3590 quaedam
1551 3531 1724 3586 pauca
1757 3530 1856 3584 pro
1877 3515 2081 3575 multis,

499 3617 801 3685 eademque
827 3613 972 3668 factu
998 3613 1276 3675 facillima,
1298 3620 1356 3666 et
1382 3609 1657 3666 intellectu
1696 3607 2081 3678 augustissima

501 3716 558 3760 et
572 3703 952 3760 observatione
973 3701 1426 3768 castissitna,ipse
1440 3700 1705 3755 Dominus
1721 3708 1776 3753 et
1790 3696 2081 3768 apostolica

503 3796 672 3850 tradit
698 3793 984 3862 disciplina
1022 3811 1035 3846 :
1075 3792 1236 3847 sicuti
1267 3800 1350 3846 est
1392 3789 1648 3860 baptismi
1679 3796 2081 3844 sacramentum

496 3899 552 3943 et
581 3888 876 3944 celebratio
908 3887 1160 3955 corporis
1184 3893 1238 3939 et
1272 3884 1550 3954 sanguinis
1607 3879 1841 3937 Domini.
1881 3900 1900 3932 ι
1927 3879 2081 3948 Quod

498 3997 626 4036 vero
657 3980 887 4047 addidit,
910 3979 1035 4047 quia
1066 3979 1219 4048 sequi
1249 3977 1504 4040 litteram,
1531 3984 1588 4030 et
1609 3975 1762 4044 signa
1792 3989 1889 4042 pro
1921 3974 2082 4027 rebus

495 4091 617 4145 qua:
671 4074 756 4128 Itis
800 4073 1180 4143 significantur
1227 4069 1474 4138 accipere
1502 4067 1714 4121 servilis
1748 4063 2083 4119 infirmitatis

496 4177 612 4232 est;
664 4168 730 4221 de
769 4166 937 4234 signis
982 4163 1194 4218 Veteris
1242 4161 1600 4225 'l‘estatnenti,
1633 4161 1698 4215 de
1727 4159 1924 4229 quibus
1953 4167 2081 4212 tunc

496 4259 839 4328 loquebatur,
880 4258 984 4311 hoc
1039 4256 1190 4310 dicit.
1234 4253 1442 4308 Revera
1478 4254 1624 4306 enim
1659 4251 1858 4306 servile
1879 4259 1998 4306 erat
2026 4259 2081 4304 et

495 4353 769 4404 infirmum
821 4349 1120 4404 secundum
1167 4347 1401 4402 litteram
1464 4355 1670 4400 tantum
1722 4345 2078 4408 circumcidi,

493 4442 732 4511 pecudes
759 4440 1058 4504 immolare,
1091 4439 1402 4494 neomenias
1431 4446 1488 4492 et
1508 4437 1744 4492 Sabbata
1774 4436 2074 4500 celebrare,
2108 4471 2154 4530 Β

497 4549 716 4605 agnum,
749 4543 958 4605 petram
993 4541 1050 4587 et
1094 4542 1292 4588 ctetera
1325 4529 1630 4600 huiusmodi
1659 4546 1781 4599 qua
1799 4530 2074 4585 Christun.

495 4626 894 4696 significabant,
943 4640 1042 4694 pro
1090 4622 1307 4678 Christo
1355 4623 1624 4691 accipere.
1656 4621 1809 4688 Quod
1839 4621 1881 4676 si
1912 4622 2077 4676 etiam

497 4717 567 4770 de
615 4715 982 4770 celebratione
1028 4714 1294 4768 Dominici
1343 4713 1608 4783 corporis,
1667 4727 1830 4782 quam
1861 4712 2074 4777 signum

495 4807 727 4874 vocavit,
743 4805 1352 4877 hocAugustinusdixit,
1382 4813 1438 4858 et
1469 4818 1568 4858 nos
1604 4803 1746 4858 ultro
1774 4818 2070 4874 sequimur.

493 4897 655 4964 Nam,
679 4913 804 4953 cum
827 4899 1058 4954 dicimus
1081 4899 1134 4950 in
1155 4896 1521 4952 celebratione
1549 4895 1809 4951 Dominici
1834 4895 2074 4966 corporis

495 4988 737 5044 Christus
789 4989 1086 5042 immolatur
1119 5001 1278 5042 nemo
1311 4987 1606 5042 carnaliter
1634 4986 1748 5041 haec
1775 4989 2071 5041 secundum

491 5078 734 5133 litteram
779 5076 939 5132 debet
993 5076 1257 5146 accipere.
1293 5075 1534 5132 Christus
1562 5076 1704 5130 enim
1732 5076 1900 5132 semel
1930 5092 2073 5130 mor-

492 5179 642 5234 tuus,
664 5168 783 5237 jam
813 5182 915 5221 non
945 5167 1191 5229 moritur,
1220 5183 1362 5222 mors
1407 5168 1456 5223 ei
1478 5167 1619 5222 ultra
1650 5184 1756 5222 non
1781 5169 2076 5221 dominabi-

491 5269 577 5282 .--η
613 5258 764 5282 ιι)-..
823 5255 900 5282 ...ἱ
964 5254 1069 5282 (ειμι
1107 5256 1226 5282 ιιι-...ι
1251 5259 1558 5282 ..ιι-..ΞΑ-Α...
1597 5257 1706 5282 ηε.--
1764 5260 1956 5282 ...2---.ι
1988 5274 2043 5282 ,Α

2189 503 2380 573 quitur
2406 502 2742 573 Augustinus
2767 501 2954 557 dicens
2985 519 2998 556 :
3032 519 3050 552 ι
3091 502 3146 557 Si
3183 511 3361 557 autem
3395 503 3654 575 flagitium
3677 517 3761 561 aut

2189 595 2400 651 facinus
2423 595 2638 666 jubere,
2670 603 2763 648 aut
2790 594 3077 649 utilitatem
3107 606 3161 650 et
3183 594 3596 650 beneﬁcentiam
3623 601 3759 653 vulc-

2191 697 2277 743 tur
2301 697 2509 752 vetare,
2544 685 2771 756 figurata
2800 685 3001 740 locutio
3022 695 3106 741 est
3134 703 3149 740 :
3184 685 3313 740 Nisi
3329 687 3760 742 manducaveritis

2189 795 2398 834 carnem
2415 777 2544 832 Filii
2556 779 2802 844 hominis,
2820 788 2868 831 et
2888 779 3195 849 sanguinem
3212 777 3468 843 biberilis,
3494 796 3594 833 non
3617 767 3761 834 habe-

2190 870 2304 924 bitis
2322 871 2478 925 vitam
2493 872 2544 923 in
2558 870 2698 923 vobis
2715 867 2898 940 (Joan.
2916 869 3014 938 vi),
3031 867 3240 923 facinus
3255 869 3337 922 vel
3353 868 3612 939 flagitium
3626 871 3761 924 vide-

2191 970 2279 1016 tur
2295 959 2506 1030 jubere.
2528 960 2722 1031 Figura
2737 974 2866 1030 ergo
2877 968 2980 1025 est,
2995 959 3314 1029 prmcipiens
3334 959 3571 1029 passioni
3588 958 3762 1012 Domi-

2189 1054 2241 1108 ni
2264 1067 2384 1108 esse
2404 1052 2936 1117 communicandum,
2964 1059 3019 1105 ct
3047 1051 3287 1105 suaviter
3302 1062 3464 1120 atque
3490 1051 3691 1105 utiliter
3711 1051 3764 1105 in

2191 1145 2450 1196 memoria
2481 1141 2908 1206 recomlcndum,
2949 1149 3007 1194 ut
3035 1156 3132 1211 pro
3161 1141 3316 1195 nobis
3346 1155 3475 1194 caro
3506 1140 3622 1210 ejus
3645 1156 3764 1194 cru-

2199 1235 2358 1290 cifixa
2389 1242 2440 1287 et
2471 1233 2750 1287 vulnerata
2780 1233 2867 1286 sit.
2907 1251 2924 1282 ι
2962 1231 3019 1286 In
3045 1247 3148 1304 qua
3183 1245 3241 1285 re
3271 1230 3485 1284 facinus
3509 1230 3589 1283 vel
3621 1229 3766 1300 fngi-

2190 1324 2321 1378 tium
2377 1323 2624 1376 videatur
2668 1323 2983 1392 przeeiperc,
3030 1322 3142 1392 ipse
3193 1320 3526 1392 Augustinus
3577 1320 3627 1372 in
3660 1321 3761 1373 alio

2192 1415 2309 1469 loco
2329 1415 2463 1468 satis
2483 1413 2767 1484 diligenter
2787 1413 3023 1482 exponit.
3051 1411 3164 1466 Non
3190 1421 3434 1467 nostram
3455 1411 3762 1480 Opinionem

2189 1507 2241 1562 in
2275 1507 2453 1562 verbis
2500 1507 2783 1577 Augustini
2843 1521 3136 1575 sequamur
3159 1549 3172 1572 ,
3228 1507 3320 1561 sed
3355 1506 3529 1572 ipsum
3559 1521 3618 1560 se
3649 1506 3766 1560 ditio

2190 1599 2504 1670 gentissime
2561 1606 2923 1666 exponentem
2967 1598 3268 1652 audiamus.
3307 1597 3599 1667 Exponens
3623 1597 3766 1653 enim

2188 1690 2455 1760 psalmum
2485 1687 2891 1759 nonagesimum
2915 1699 3186 1755 octavum,
3215 1689 3292 1745 sic
3320 1691 3442 1744 dicit
3475 1709 3488 1744 :
3523 1711 3538 1741 ι
3564 1692 3762 1744 Durum

2190 1781 2294 1837 illis
2323 1781 2496 1835 visum
2520 1790 2602 1836 est
2630 1781 2770 1849 quod
2793 1782 2869 1835 ait
2908 1799 2920 1834 :
2951 1781 3067 1835 Nisi
3094 1799 3210 1853 quis
3241 1761 3632 1836 ntanducarerit
3655 1798 3771 1835 car-

2191 1891 2304 1927 nem
2357 1889 2547 1937 nteant,
2577 1889 2678 1926 non
2709 1873 2912 1926 habebit
2941 1872 3097 1926 rimm
3131 1883 3398 1926 wternam.
3432 1873 3768 1942 Acceperunt

2190 1965 2374 2030 stulte,
2405 1965 2696 2020 carnaliter
2732 1965 2859 2019 illud
2902 1967 3298 2034 cogitaverunt,
3341 1973 3395 2019 et
3444 1975 3768 2034 putaverunt

2190 2058 2332 2127 quod
2363 2059 2687 2127 prmcisurns
2719 2067 2859 2112 esset
2899 2057 3154 2112 Dominus
3181 2057 3477 2127 particulas
3505 2057 3767 2128 quasdam

2192 2151 2257 2206 de
2293 2165 2519 2219 corpore
2539 2164 2655 2214 suo,
2697 2158 2750 2202 et
2778 2149 3003 2202 daturus
3026 2147 3148 2213 illis,
3177 2157 3231 2202 et
3257 2147 3509 2202 dixerunt
3544 2165 3557 2198 :
3587 2145 3765 2200 Dant:

2191 2249 2269 2295 est
2297 2241 2382 2294 hic
2412 2256 2598 2293 sermo.
2637 2259 2656 2292 ι
2690 2238 2797 2293 Sed
2821 2224 2875 2292 et
2911 2253 3073 2310 super
3099 2237 3446 2308 Evangelium
3473 2233 3769 2292 secundum

2191 2332 2481 2396 Joannem,
2510 2330 2599 2384 ubi
2637 2332 2751 2386 lucc
2777 2331 2965 2386 eadem
2998 2331 3159 2385 verba
3189 2331 3463 2400 copiosius
3494 2329 3772 2394 tractavit,

2192 2425 2294 2480 hoc
2327 2424 2500 2493 ipsum
2526 2421 2786 2494 ﬂagitium
2815 2421 2896 2478 vel
2923 2423 3133 2478 facinus
3154 2423 3297 2493 quod
3327 2437 3449 2477 eum
3479 2422 3772 2493 pra-ciperc

2192 2515 2476 2584 putabant,
2529 2513 2794 2568 latissima
2844 2514 3182 2585 expositione
3236 2523 3552 2584 prosecutus
3585 2515 3769 2568 estdi-

2193 2619 2352 2659 cens:
2385 2624 2403 2657 ι
2429 2603 2541 2658 Hoc
2570 2621 2658 2658 vos
2685 2605 3174 2675 scandalizat,qnia
3205 2605 3312 2659 dixi
3338 2619 3558 2659 carnem
3593 2612 3768 2660 meant

2192 2696 2262 2749 do
2294 2695 2444 2749 vobis
2501 2693 2853 2760 manducare,
2881 2703 2931 2748 et
2982 2695 3295 2764 sanguinem
3321 2710 3498 2748 meum
3531 2695 3716 2749 bibere
3742 2694 3770 2747 ἲ

2193 2785 2305 2841 Hoc
2329 2801 2422 2839 vos
2451 2801 2643 2852 nempe
2689 2783 3038 2839 scandalizat.
3077 2783 3136 2840 Si
3164 2801 3284 2854 ergo
3314 2785 3543 2838 riderilis
3570 2783 3767 2838 Filium

2192 2877 2417 2932 hominis
2467 2876 2828 2929 ascendentem
2876 2875 2965 2929 ubi
2991 2880 3102 2928 erat
3134 2865 3300 2941 prius.
3329 2875 3471 2942 Quid
3511 2885 3593 2929 est
3624 2875 3770 2930 hoc?

2191 2968 2291 3024 llic
2321 2967 2480 3022 solvit
2502 2968 2643 3036 quod
2679 2967 2794 3022 illos
2821 2977 3082 3032 moverat,
3114 2967 3202 3022 hic
3243 2969 3456 3036 aperuit
3484 2968 3627 3022 unde
3659 2967 3758 3022 fuev

2192 3069 2315 3114 rant
2336 3057 2681 3113 scandalizati
2710 3077 2722 3112 :
2748 3059 2836 3113 hic
2860 3057 3017 3128 plane
3037 3058 3081 3111 si
3113 3058 3497 3128 intelligerent.
3524 3057 3598 3111 Illi
3624 3059 3769 3110 enim

2189 3151 2453 3224 putabant
2487 3160 2832 3220 crogaturum
2864 3165 3064 3220 corpus
3107 3167 3286 3218 sumn,
3317 3150 3405 3204 ille
3428 3159 3607 3204 autem
3635 3151 3764 3203 dixit

2189 3256 2248 3297 se
2275 3256 2630 3296 ascensurum
2666 3241 2717 3295 in
2755 3242 2954 3296 caelum
2983 3243 3170 3311 utique
3213 3243 3498 3313 integrum.
3537 3243 3665 3295 Cum
3697 3242 3745 3296 ri

2189 3332 2371 3386 deritis
2420 3329 2621 3385 Filium
2675 3332 2900 3386 hominis
2945 3333 3307 3386 ascendentem
3339 3334 3426 3385 ubi
3461 3344 3572 3386 erat
3599 3335 3768 3403 prius,

2188 3435 2336 3479 certe
2366 3423 2445 3479 vel
2479 3431 2605 3479 tunc
2634 3424 2887 3479 videbitis
2962 3425 3088 3496 quia
3113 3441 3218 3478 non
3245 3440 3310 3480 eo
3339 3425 3498 3479 modo
3529 3441 3636 3493 quo
3666 3443 3761 3495 pu-

2189 3517 2334 3577 tatis,
2363 3525 2550 3586 erogat
2579 3531 2776 3587 corpus
2806 3533 2959 3572 suum
2993 3536 3006 3571 :
3037 3525 3183 3572 certe
3215 3518 3294 3571 vel
3346 3528 3475 3572 tunc
3505 3519 3761 3589 intellige-

2189 3613 2289 3677 tis,
2312 3612 2436 3680 quia
2471 3612 2644 3681 gratia
2680 3611 2797 3680 ejus
2825 3629 2926 3667 non
2955 3615 3288 3668 consumitur
3315 3616 3607 3670 morsibus.
3644 3635 3665 3669 ι
3702 3616 3766 3669 Et

2187 3704 2383 3758 iterum
2418 3720 2430 3756 :
2462 3723 2479 3754 ι
2511 3701 2600 3756 lsti
2625 3713 2802 3757 autem
2837 3705 2946 3758 cito
2991 3704 3325 3767 defecerunt,
3358 3705 3482 3759 talia
3513 3706 3762 3776 loquente

2187 3793 2415 3848 Domino
2454 3793 2605 3848 Jesu.
2647 3793 2760 3848 Non
2785 3795 3133 3848 crediderunt
3175 3797 3376 3864 aliquid
3403 3813 3654 3868 maguum
3685 3795 3755 3854 di

2185 3894 2417 3947 centem,
2473 3891 2526 3937 et
2560 3883 2743 3936 verbis
2799 3883 2902 3937 illis
2925 3883 3158 3952 aliquam
3193 3886 3423 3953 gratiam
3449 3889 3736 3957 eooperien

2185 3984 2326 4040 tem;
2358 3977 2450 4030 sed
2474 3985 2633 4046 prout
2660 3975 2947 4030 voluerunt
2988 3978 3057 4030 ita
3098 3978 3505 4046 intellexerunt,
3531 3989 3585 4033 et
3612 3993 3764 4034 more

2183 4070 2499 4132 hominum,
2552 4085 2655 4139 qua
2688 4079 2904 4140 poterat
2949 4068 3108 4124 Jesus
3155 4082 3249 4124 aut
3300 4073 3403 4127 hoc
3443 4073 3768 4142 disponebat

2181 4161 2358 4228 Jesus,
2408 4176 2628 4217 carnem
2676 4177 2782 4234 qua
2823 4163 3068 4218 indutum
3115 4175 3231 4217 erat
3297 4165 3553 4230 Verbum,
3597 4165 3768 4220 veluti

2183 4253 2450 4307 concisam
2507 4254 2837 4308 distribuere
2869 4255 3218 4310 credentibus
3249 4256 3298 4310 in
3327 4271 3406 4311 se.
3441 4275 3461 4309 ›
3506 4256 3578 4311 Ει
3604 4253 3764 4328 panic

2181 4352 2333 4410 post:
2356 4362 2372 4394 ι
2400 4344 2536 4410 Quid
2565 4345 2726 4415 ergo?
2748 4345 2864 4400 Non
2894 4348 3110 4417 prodest
3141 4348 3432 4417 quidquam
3454 4364 3586 4403 caro
3615 4367 3628 4401 :
3659 4365 3764 4402 nor

2182 4434 2397 4504 prodest
2443 4437 2773 4505 quidquam;
2828 4435 2920 4491 sed
2955 4437 3318 4506 quomoloilli
3351 4436 3744 4493 intellexerunt

2181 4525 2411 4578 Carnem
2441 4525 2636 4594 quippe
2660 4526 2740 4581 sic
2771 4525 3174 4583 intellexerunt.
3206 4527 3479 4597 quomodo
3514 4528 3570 4581 in
3601 4529 3742 4582 cada

2180 4631 2307 4671 vere
2337 4616 2649 4683 dilaniatur,
2701 4629 2793 4674 aut
2823 4619 2875 4673 in
2924 4619 3150 4673 macello
3179 4621 3450 4684 venditur,
3483 4635 3591 4674 non
3623 4636 3749 4690 quo~

2179 4709 2337 4762 modo
2358 4708 2551 4779 spiritu
2583 4720 2882 4778 vegetatur.
2905 4730 2923 4762 ι
2942 4710 3006 4764 Et
3032 4712 3224 4764 iterum
3253 4729 3270 4761 ι
3293 4709 3554 4780 :Spiritus
3576 4723 3651 4766 est
3673 4727 3762 4780 qn-

2178 4800 2422 4867 riciﬁcat,
2454 4817 2578 4852 caro
2605 4812 2777 4855 autem
2807 4820 2910 4856 non
2943 4804 3152 4873 prodest
3175 4803 3479 4874 quidquam,
3515 4805 3658 4858 sicut
3688 4803 3760 4856 illi

2179 4891 2560 4946 intellexerunt
2611 4907 2855 4956 carnem,
2889 4910 2992 4948 non
3026 4895 3166 4949 sicut
3205 4910 3306 4965 ego
3332 4895 3402 4949 do
3432 4895 3501 4949 ad
3535 4896 3755 4948 inaniin-

2176 4981 2408 5037 candum
2432 4996 2606 5036 meam
2637 4997 2875 5037 carnem.
2912 5003 2931 5035 ι
2966 4985 3265 5054 Certeergo
3286 4985 3422 5038 satis
3447 4985 3500 5038 in
3525 4986 3606 5038 his
3636 4999 3740 5038 ver

2182 5072 2268 5127 bis
2287 5072 2574 5128 declaravit
2615 5085 2832 5129 sanctus
2854 5075 3186 5146 Augustinus
3211 5075 3352 5146 quod
3381 5075 3641 5145 ﬂagitium
3675 5075 3760 5127 vel

2177 5163 2387 5218 facinus
2432 5166 2718 5220 videbatur
2776 5167 3038 5222 Dominus
3068 5167 3260 5235 jubere
3290 5185 3304 5219 :
3346 5168 3446 5221 hoc
3476 5167 3757 5227 videlicet,

3528 5257 3605 5282 Ιτ-ι
3621 5259 3681 5282 ρΙΑ
3707 5267 3755 5282 Α..

2177 5257 2318 5282 nunt...
2354 5256 2428 5282 A:n
2478 5256 2565 5282 ιιι-ε
2600 5256 2886 5282 ..ιιιιξΛΙιΑ--Ι
2967 5258 3156 5282 ,ιιι-...ιιι
3188 5257 3357 5282 -ιξηιιρνι
3389 5266 3466 5282 ιιι..
