4006 5282
285 271 422 330 H57

728 275 818 332 DE
847 275 1190 336 CORPORIS
1228 279 1316 336 ET
1357 279 1558 338 SANG.
1592 280 1828 338 DODHNI
1867 279 2216 338 V’ERITATE
2237 279 2416 337 LlBRi
2455 279 2657 336 TRES.
2697 309 2766 319 —
2793 277 2924 334 LIB.
2959 277 3022 334 ll.

3407 279 3428 335 Ι
3441 277 3541 336 458

282 391 401 452 bus,
455 395 522 443 ct-
547 402 766 444 carnem
813 407 920 462 qua
975 393 1221 448 indutum
1275 405 1392 450 erat
1432 395 1668 452 Verbum
1701 395 1864 453 veluti
1892 401 1940 460 A
1969 395 2014 452 si
2054 395 2305 452 Christus
2335 404 2520 462 est,et
2574 409 2734 450 verus
2763 379 3015 450 Christus
3043 379 3150 460 est,
3195 403 3251 450 et
3285 395 3498 464 signum
3523 415 3567 451 :-

283 481 580 546 concisam,
647 483 918 552 quomodo
957 485 1008 538 in
1047 485 1314 544 cadavere
1343 489 1652 555 dilauiatur,
1677 499 1771 546 aut
1805 491 1860 546 in

285 570 510 628 macello
577 572 864 639 venditur,
915 575 1270 634 distribuerct
1323 579 1699 644 credentibus,
1753 597 1859 636 non

283 663 426 718 sicut
474 663 668 732 spiritu
711 673 1014 736 vegetatur.
1073 666 1186 723 Hoc
1241 677 1326 725 est
1369 684 1500 742 ergo
1541 670 1750 726 facinus
1779 672 1862 728 vel

281 753 569 827 flagitium,
597 758 762 826 quod,
793 767 854 814 ut
880 759 959 814 ait
985 761 1180 816 beatus
1197 761 1550 832 Augustinus,
1581 763 1863 818 videbatur

285 845 548 912 Dominus
571 847 788 917 jubere,
820 863 928 906 non
957 849 1087 919 quia
1133 850 1342 907 facinus
1370 862 1462 910 aut
1485 852 1750 924 ﬂagitium
1773 853 1864 924 ju-

284 931 466 1002 iacret,
483 934 728 1006 jubendo
753 939 1070 994 manducari
1095 953 1318 996 carnem
1342 957 1518 1009 suam,
1537 944 1630 998 sed
1654 943 1864 998 videtur

285 1025 508 1096 (inquit)
534 1025 746 1096 jubere,
775 1029 882 1085 illis
920 1029 1194 1098 videlicet,
1227 1032 1319 1102 qui
1347 1043 1694 1102 putaverunt,
1719 1035 1862 1103 quod

286 1117 388 1176 hoc
417 1117 682 1187 jubendo,
735 1121 1044 1176 necessario
1068 1121 1232 1178 etiam
1259 1137 1318 1178 se
1343 1122 1560 1194 juberet
1587 1125 1780 1190 occidi,
1812 1133 1868 1181 et

285 1207 648 1266 membratim.
691 1211 998 1278 conscindi,
1059 1221 1224 1283 atque
1267 1213 1342 1268 ita
1387 1215 1604 1270 demum
1643 1229 1862 1270 carnem

283 1299 400 1368 ejus
451 1300 677 1356 crudam
731 1301 831 1356 vel'
869 1312 1082 1358 coctam
1119 1306 1454 1362 mauducari.
1479 1307 1712 1364 Proinde
1737 1323 1866 1379 ergo

285 1393 458 1462 figura
489 1400 593 1459 est,
627 1393 822 1465 inquit,
855 1395 908 1450 in
937 1395 1040 1450 hac
1063 1395 1357 1453 locutione.
1391 1398 1489 1454 Hic
1511 1398 1624 1469 jam
1655 1398 1870 1456 obstre-

285 1487 384 1552 pit,
437 1483 527 1541 hic
588 1485 704 1556 jam
758 1487 1028 1558 adgaudet
1074 1488 1324 1546 fortassis
1361 1491 1716 1548 umbraticus.
1747 1492 1866 1550 Noli

285 1585 644 1646 praepostere,
675 1578 995 1646 umbratice,
1033 1581 1142 1636 noli
1171 1582 1573 1651 praecipitanter
1599 1584 1818 1656 gloriari
1847 1600 1862 1640 :

285 1668 440 1737 cujus
464 1669 540 1724 rei
570 1668 740 1740 ﬁgura
765 1669 976 1726 dicatur
998 1671 1084 1728 hic
1105 1686 1246 1738 esse,
1269 1675 1542 1742 patienter
1561 1685 1614 1732 et
1640 1676 1878 1747 diligens

287 1767 368 1812 ter
387 1739 632 1815 adverte:
661 1760 860 1832 Figura
889 1776 1019 1834 ergo
1039 1771 1143 1828 est,
1193 1739 1646 1838 ait—Augustinus,
1675 1739 1868 1838 princi-
1895 1739 1942 1798 Β

283 1851 460 1920 piens.
525 1851 663 1920 Quid
695 1855 1012 1926 praecipiens
1044 1857 1068 1910 ?
1095 1856 1234 1924 Quid
1269 1858 1512 1928 figurans
1533 1859 1699 1916 illoc
1723 1862 1868 1918 enim

287 1937 504 2010 figurat,
571 1941 718 2012 quod
775 1945 1042 2016 praecipit,
1095 1947 1335 2015 passioni
1383 1947 1615 2010 Domini.
1671 1951 1866 2020 inquit,

285 2031 820 2098 communicandum,
865 2043 924 2088 et
972 2036 1214 2090 suaviter
1248 2044 1414 2107 atque
1442 2038 1646 2093 utiliter
1676 2055 1867 2098 recou-

285 2122 520 2178 deudum
549 2122 604 2178 in
637 2125 920 2190 memoria,
945 2127 1090 2194 quod
1122 2142 1220 2196 pro
1249 2128 1403 2182 nobis
1443 2145 1572 2184 caro
1595 2129 1711 2197 ejus
1741 2147 1868 2185 crn-

285 2213 468 2276 citixa,
499 2222 556 2270 et
582 2213 981 2272 vulneratasit.
1013 2216 1124 2274 Deo
1153 2220 1380 2290 gratias.
1401 2220 1672 2292 Quidquid
1706 2224 1870 2294 igitur

287 2301 414 2356 illud
437 2311 546 2368 est,
575 2305 720 2374 quod
741 2303 1078 2376 Augustinus
1107 2307 1196 2364 hic
1218 2312 1446 2380 tignram
1465 2311 1699 2382 appellat
1723 2313 1868 2383 (nam

283 2394 414 2463 quid
459 2393 690 2454 ﬂaturam
730 2396 878 2452 dicat
927 2398 982 2452 in
1011 2399 1097 2456 his
1123 2399 1241 2470 ejus
1275 2401 1456 2458 verbis
1483 2407 1736 2473 cognosci
1763 2421 1869 2462 non

287 2493 398 2546 tam
439 2485 608 2542 facile
652 2489 854 2559 potest)
893 2505 1002 2546 non
1030 2491 1218 2561 utique
1251 2493 1496 2563 corporis
1513 2494 1750 2562 Domini,
1775 2497 1872 2552 sed

284 2577 666 2634 crucifixionis
702 2577 904 2648 ejusoet
934 2581 1346 2649 vniuerationis,
1381 2585 1483 2642 hoc
1511 2595 1615 2654 est,
1643 2587 1873 2644 occisio-

283 2667 370 2728 uis
401 2678 716 2740 nostraque
769 2675 1280 2732 communicationis
1319 2691 1442 2732 cum
1471 2693 1554 2744 ea,
1595 2679 1648 2734 id
1677 2690 1783 2747 est,
1813 2690 1873 2736 ut

285 2758 568 2816 imitemur
591 2760 867 2818 Christum
903 2774 959 2822 et
989 2767 1454 2825 counnuuieemus
1479 2771 1716 2841 passioni
1755 2772 1872 2842 ejus

282 2851 690 2923 compatiendo,
731 2854 1178 2914 manifestissime
1222 2859 1450 2931 figuram
1485 2877 1610 2920 esse
1647 2865 1873 2921 demon-

281 2951 438 2996 strat.
477 2943 646 3001 Paulo
687 2961 904 3016 quoque
929 2951 1174 3018 apostolo
1201 2953 1590 3022 concordante,
1625 2958 1718 3026 qui
1751 2959 1867 3013 ait:

285 3032 714 3142 Quotiescunque
737 3054 926 3108 panem
965 3041 1103 3094 hunc
1145 3043 1554 3109 mandncabitis,
1582 3054 1630 3100 et
1654 3046 1868 3100 calicem
1897 3081 1942 3142 Ο

282 3121 502 3178 Domini
561 3125 742 3182 bibatis
777 3139 998 3184 mortem
1041 3130 1254 3190 Domini
1299 3135 1682 3189 annuntiabitis
1705 3137 1868 3190 donec

283 3216 458 3272 ueniat
485 3215 540 3287 (1
565 3215 690 3274 Car.
725 3219 808 3290 ιι).
841 3219 994 3288 Quod
1037 3221 1084 3276 si
1110 3239 1418 3291 quaeramus
1451 3227 1582 3295 quid
1624 3227 1713 3282 hic
1739 3228 1872 3298 figit»

283 3319 404 3358 ram
465 3306 805 3378 Augustinus
841 3309 1064 3374 dixerit,
1097 3310 1232 3366 nihil
1277 3313 1464 3382 utique
1493 3321 1600 3368 tam
1632 3330 1872 3385 congrue

282 3395 506 3452 videtur
557 3413 869 3464 occurrere,
921 3415 1084 3470 quam
1143 3401 1214 3456 id-
1235 3401 1380 3472 quod
1426 3403 1586 3472 paulo
1620 3407 1880 3474 superius.

283 3487 480 3544 doctor
521 3489 663 3544 idem
687 3487 804 3559 jam
825 3489 1054 3556 dixerat,
1079 3491 1132 3546 id
1159 3503 1265 3557 est,
1297 3492 1590 3549 celebratio
1617 3495 1728 3564 ipsa
1759 3511 1874 3552 cor-

283 3580 437 3646 poris
477 3589 536 3634 et
583 3580 868 3652 sanguinis
915 3581 1152 3638 Domini.
1199 3584 1346 3651 Quas
1389 3587 1460 3641 ob
1495 3601 1604 3648 res.
1631 3589 1795 3643 stulte
1820 3597 1876 3645 et

285 3667 744 3740 insipientissime
790 3669 1180 3742 Berengariani
1239 3675 1438 3730 librum
1505 3677 1582 3732 De
1629 3681 1874 3734 doctrina

286 3758 607 3816 Christiana
640 3763 795 3818 nobis
815 3761 1098 3832 objiciunt,
1125 3781 1247 3821 cum
1273 3767 1428 3823 cibus
1447 3769 1637 3824 altaris
1661 3771 1875 3826 Domini

287 3867 561 3924 nusquam
587 3853 660 3909 ibi
695 3854 891 3926 figura,
947 3871 1214 3926 nusquam
1257 3859 1328 3914 ibi
1361 3859 1572 3930 signum
1611 3860 1826 3916 dicatur
1859 3879 1871 3917 :

284 3951 342 3998 et
373 3945 640 4015 quidquid
672 3945 802 4004 illud
829 3947 922 4013 sit,
946 3949 1088 4018 quod
1119 3949 1331 4020 signum
1356 3951 1430 4007 ibi
1466 3960 1522 4008 et
1550 3953 1718 4024 ﬁgura
1744 3955 1875 4009 dici~

289 4041 402 4099 tur,
425 4049 540 4089 non
569 4035 756 4106 utique
781 4037 995 4106 signum
1021 4046 1078 4095 et
1107 4039 1278 4108 figura
1312 4043 1556 4112 corporis
1581 4053 1636 4098 et
1659 4046 1876 4115 sangui-

285 4125 376 4182 nis
397 4127 638 4196 Domini,
669 4128 1062 4198 sed:passionis
1101 4130 1316 4187 Domini
1339 4141 1616 4189 etznostrse
1635 4151 1878 4191 commu-

286 4215 584 4274 nicationis
637 4235 762 4274 cum
805 4221 1230 4286 ea,_ccrtissime
1255 4225 1678 4279 demonstretur.
1709 4225 1878 4282 Porro

287 4319 476 4368 autem
530 4311 576 4366 si
623 4312 799 4383 ipsam
846 4314 1239 4370 eucharistiam
1263 4318 1600 4373 contentiose
1624 4331 1878 4376 asserunt

1961 490 2098 545 nihil
2137 505 2236 546 nos
2267 490 2510 560 impedit,
2537 491 2583 545 si
2614 491 2716 546 hoc
2745 490 2892 560 quod
2923 490 2990 546 de
3014 489 3168 546 altari
3216 491 3426 546 Domini
3451 507 3546 547 su-

1962 583 2186 648 mimus,
2244 597 2368 637 cum
2417 583 2488 637 sit
2520 597 2712 638 verum
2757 581 2961 638 Christi
3007 597 3224 653 corpus,
3251 583 3464 638 dicatur
3489 587 3545 640 et

1961 674 2198 744 signum.
2251 673 2357 730 Sed
2396 673 2551 743 cujus
2580 674 2684 737 rei,
2709 671 2937 729 forsitan
2969 673 3202 745 inquies,
3232 675 3336 730 nisi
3359 676 3546 732 Domi;

1961 765 2072 822 uici
2125 766 2371 836 corporis
2415 773 2500 820 est
2551 765 2764 834 signum
2796 763 2822 818 ’ἔ
2851 765 2917 820 Ει
2950 779 3051 836 ego
3095 765 3336 820 vicissim
3364 765 3462 822 abs
3493 774 3546 822 te

1964 854 2206 924 requiro,
2245 855 2399 924 cujus
2441 853 2516 908 rei
2541 853 2790 909 Christus
2810 862 2893 911 est
2931 854 3191 924 signum?
3219 853 3277 908 Si
3309 854 3444 909 mihi
3467 871 3544 911 re-

1963 945 2216 1014 spondes,
2253 955 2304 999 tu
2330 946 2444 1015 ipse
2472 946 2615 1014 quod
2641 945 2943 1016 interrogas
2961 945 3144 1000 solvis.
3175 943 3234 1000 Si
3262 944 3390 1001 illud
3415 945 3558 1000 mihi,

1965 1049 2073 1089 non
2121 1035 2433 1104 reSpondes,
2501 1049 2604 1089 nec
2633 1049 2720 1090 me
2755 1033 3083 1103 respondere
3114 1033 3216 1088 hoc
3266 1032 3438 1104 cogis.
3463 1032 3546 1088 Ad

1966 1123 2381 1180 instructionem
2415 1133 2595 1178 tamen
2614 1123 2876 1188 fidelium,
2902 1124 2968 1179 de
2993 1123 3096 1178 hac
3117 1139 3174 1179 re
3199 1123 3339 1180 sicut
3365 1123 3548 1179 Domi-

1968 1229 2071 1270 nus
2097 1214 2312 1270 dederit
2339 1215 2520 1285 aliqna
2551 1215 2727 1270 dicam
2763 1232 2777 1268 :
2809 1212 3058 1270 Christus
3087 1214 3256 1280 enim,
3285 1213 3544 1285 quoniam

1967 1306 2206 1376 seipsum
2253 1323 2352 1378 pro
2399 1307 2556 1363 nobis
2579 1305 2804 1371 obtulit,
2829 1306 3003 1359 factus
3027 1313 3113 1359 est
3149 1303 3306 1359 nobis
3333 1304 3548 1372 signum

1965 1399 2373 1469 redemptionis.
2393 1399 2565 1455 Omne
2587 1397 2731 1454 enim
2755 1397 2990 1467 pretium
3013 1395 3407 1461 translationis,
3433 1394 3550 1465 ejus

1965 1489 2045 1544 rei
2093 1489 2250 1560 cujus
2292 1497 2378 1545 est
2417 1487 2674 1558 pretium,
2725 1487 2940 1557 signum
2975 1493 3078 1540 est.
3105 1485 3354 1542 Christus
3386 1485 3554 1556 igitur

1967 1582 2224 1652 quoniam
2255 1579 2472 1651 quidem
2499 1579 2831 1649 Redemptor
2852 1588 3038 1634 noster
3057 1585 3172 1644 est,
3189 1577 3260 1634 de.
3279 1587 3456 1634 morte
3483 1581 3556 1632 ad

1966 1672 2136 1726 vitam
2189 1671 2304 1740 ipse
2351 1683 2452 1726 nos
2495 1669 2828 1735 transtulit;
2851 1679 2905 1724 et
2945 1668 3201 1738 quoniam
3238 1668 3354 1738 ipse
3380 1675 3465 1724 est
3493 1677 3566 1724 et»

1969 1762 2205 1834 pretium
2249 1769 2521 1826 nostrum,
2574 1758 2734 1829 hujus
2757 1760 2916 1816 nobis
2943 1759 3334 1824 translationis,
3363 1760 3416 1814 id
3445 1769 3551 1824 est,

1971 1861 2171 1909 nostrae
2205 1851 2598 1922 redemptionis
2625 1859 2710 1907 est
2735 1851 2970 1922 signum.
3023 1847 3140 1906 Non
3171 1850 3405 1906 absurde
3423 1865 3552 1922 ergo

1969 1946 2265 2010 credimus,
2315 1945 2359 2000 si
2410 1943 2576 2000 simili
2621 1958 2837 2014 quoque
2895 1943 3109 1998 ratione
3155 1943 3334 1997 cibum
3366 1942 3555 1997 altaris

1975 2035 2261 2101 Dominici,
2299 2043 2356 2088 et
2379 2042 2602 2104 propter
2627 2033 2883 2088 virtutem
2915 2032 3230 2088 Di-vinitatis
3273 2033 3328 2087 in
3357 2047 3424 2088 eo
3443 2032 3554 2104 ple-

1972 2127 2198 2181 nissime
2249 2124 2568 2188 habitantis,
2629 2131 2830 2180 nostra:
2876 2123 3070 2178 salutis
3120 2121 3450 2190 eﬂ‘ectivum,
3495 2131 3554 2178 et

1971 2217 2228 2290 quoniam
2257 2216 2490 2286 pretium
2522 2223 2770 2270 nostrum
2821 2223 2930 2278 est,
2963 2211 3202 2282 ejusdem
3231 2213 3425 2268 salutis
3457 2229 3559 2268 no-

1971 2316 2098 2362 strze
2120 2307 2393 2362 credimus
2419 2305 2858 2377 signiticativum.
2881 2305 3131 2360 Chrirtus
3155 2303 3387 2374 doluique
3415 2305 3558 2361 inter

1973 2397 2143 2454 Deum
2173 2405 2229 2452 et
2271 2395 2520 2452 homines
2551 2395 2822 2452 mediator
2875 2395 2926 2466 (Ι
2959 2395 3092 2450 Tim.
3129 2396 3212 2469 ιι),
3245 2397 3371 2452 dum
3399 2399 3579 2454 nobis

1973 2505 2186 2560 semper
2213 2488 2358 2544 velut
2387 2501 2546 2558 arcus
2581 2487 2635 2542 in
2667 2487 2917 2552 nubibus,
2949 2503 3016 2543 ex
3041 2487 3222 2543 divina
3251 2488 3556 2544 consistens

1971 2593 2024 2637 et
2047 2583 2281 2637 humana
2305 2581 2634 2644 substantia,
2660 2579 2825 2650 fulget
2843 2581 2893 2634 in
2911 2580 3378 2651 praedicatoribus,
3403 2594 3557 2635 cum-

1972 2689 2070 2744 qm
2104 2673 2266 2727 Pater
2287 2687 2385 2742 pro
2417 2671 2573 2726 nobis
2625 2669 3056 2741 interpellantem
3097 2685 3311 2741 semper
3339 2669 3558 2740 aspicit,

1973 2765 2116 2820 inter
2159 2763 2330 2818 Deum
2366 2771 2419 2817 et
2447 2763 2694 2818 homines
2746 2761 2956 2832 signum
2987 2771 3070 2816 est
3100 2761 3322 2817 foederis
3351 2761 3554 2829 semp'-

1973 2855 2134 2920 terni,
2157 2854 2310 2925 juxta
2335 2854 2478 2924 quod
2503 2854 2761 2924 scriptum
2781 2861 2866 2909 est
2894 2871 2906 2907 :
2935 2852 3138 2906 Ponam
3168 2867 3349 2906 arcum
3377 2867 3552 2928 meum

1973 2948 2028 3002 in
2051 2947 2294 3011 nubibus,
2315 2955 2364 3000 et
2392 2946 2488 3002 erit
2517 2947 2724 3014 signum
2747 2943 2958 3014 [cedetis
2975 2944 3075 2998 mei
3099 2945 3238 2997 inter
3257 2945 3396 2997 meet
3421 2943 3560 2998 inter

1975 3049 2166 3094 terram
2184 3037 2656 3111 (Gen.vn).llujus
2687 3053 2904 3108 quoque
2927 3037 3093 3092 divini
3129 3035 3370 3103 foederis,
3397 3033 3574 3104 hujus.

1975 3141 2086 3186 tam
2115 3131 2487 3186 saluberrima:
2516 3129 2687 3198 pacis,
2727 3136 3071 3183 sacrosancta
3105 3127 3294 3182 altaris
3324 3125 3528 3180 oblatio

1972 3237 2002 3277 a
2030 3223 2186 3277 nobis
2213 3222 2456 3278 creditur
2485 3221 2720 3290 signum.
2781 3219 2888 3274 Sed
2918 3227 2974 3274 et
3001 3217 3126 3272 illud
3157 3219 3303 3287 quod
3330 3217 3396 3271 de
3424 3217 3546 3272 Vir-

1973 3313 2096 3384 gine
2123 3321 2283 3367 natus
2317 3319 2404 3368 est
2451 3310 2724 3376 Christus,
2754 3309 2914 3364 nobis
2954 3317 3044 3364 est
3067 3309 3299 3380 signum,
3331 3307 3474 3378 quod
3502 3317 3557 3362 et

1971 3419 2071 3460 nos
2099 3405 2166 3459 de
2216 3411 2390 3459 matre
2423 3403 2632 3473 virgine
2661 3403 2711 3456 in
2739 3401 2957 3457 Christo
2997 3403 3355 3466 renascimur,
3387 3415 3552 3470 quam

1971 3497 2248 3566 despondit
2268 3496 2558 3565 Apostoms
2573 3495 2663 3548 uni
2684 3494 2796 3548 uiro
2819 3493 3069 3564 uirginem
3093 3501 3292 3547 castam
3314 3481 3576 3546 exhibere

1975 3587 2183 3642 Christo
2247 3586 2330 3656 (II
2388 3586 2510 3641 Cor.
2541 3585 2636 3654 ιιι),
2674 3599 2802 3655 (ιιιειε⁴
2831 3593 2912 3640 est
2945 3583 3208 3638 Ecclesia.
3239 3583 3298 3637 in
3335 3581 3554 3637 Christo

1975 3685 2256 3733 crescente
2279 3677 2578 3748 profectum
2607 3685 2850 3731 nostrum
2881 3675 3044 3728 donec
3073 3689 3412 3728 occurramus
3441 3689 3556 3726 om-

1975 3785 2064 3823 nes
2083 3771 2137 3824 in
2157 3770 2320 3824 virum
2344 3768 2628 3839 perfectum
2649 3767 2862 3838 (Ephes.
2879 3766 2975 3836 tv),
2997 3765 3372 3835 prtesignatum
3391 3773 3562 3818 atten-

1977 3859 2172 3914 dimus.
2206 3858 2323 3927 Ipse
2357 3859 2618 3912 dannonia
2643 3855 2811 3928 cjicit,
2847 3856 3108 3910 sanitates
3135 3854 3368 3924 perlicit,
3398 3853 3562 3909 tertia

1977 3949 2066 4004 die
2087 3958 2516 4004 consummatur.
2554 3950 2618 4004 Et
2649 3964 2746 4002 nos
2775 3947 2950 4017 primo
2975 3947 3190 4016 quidem
3211 3945 3340 4000 vitia
3379 3945 3564 4016 expel-

1977 4039 2156 4105 limus,
2191 4041 2420 4096 virtutes
2468 4041 2664 4094 deinde
2701 4041 2997 4104 nutrimus,
3042 4038 3202 4092 tertio
3229 4037 3560 4107 perﬁcimnr.

1979 4131 2429 4200 thuidamplius
2443 4131 2695 4193 referam,
2721 4143 2840 4183 cum
2869 4137 2978 4182 tota
3009 4127 3124 4196 ejus
3147 4128 3200 4180 in
3230 4127 3333 4182 hoc
3362 4115 3563 4183 mundo

1977 4221 2214 4276 carnalis
2261 4220 2619 4284 conversatio,
2670 4218 2953 4287 omnisque
2988 4217 3283 4272 secundum
3341 4230 3562 4270 carnem

1979 4311 2296 4382 disputatio,
2357 4319 2558 4367 nostra:
2603 4312 2732 4365 vitae
2767 4311 3092 4364 Chrisdanm
3148 4317 3480 4378 proponatur
3509 4309 3564 4363 in

289 4401 360 4458 ab
383 4401 630 4458 Ecclesia
654 4405 840 4460 vocari
867 4405 1080 4476 signant
1113 4415 1168 4460 et
1197 4407 1422 4478 Iignram
1453 4409 1701 4480 (vocatur
1729 4411 1874 4465 enim
1907 4431 1954 4491 ι)
1982 4405 2192 4475 signum
2219 4405 2242 4456 ?
2273 4404 2334 4459 Si
2359 4405 2496 4457 enim
2525 4403 2748 4458 dicunt“
2771 4419 2862 4456 nos
2902 4403 2953 4456 in
2979 4401 3184 4454 Christo
3215 4416 3444 4463 manere.
3474 4399 3567 4452 de-

287 4507 719 4562 sacramentum,
779 4497 832 4551 id
871 4505 975 4560 est,
1024 4513 1240 4552 sacrum
1291 4499 1712 4570 signum),quid
1743 4501 1875 4566 sibi,

285 4599 502 4654 quaeso,
531 4585 584 4640 in
631 4588 735 4644 hoc
763 4587 1071 4654 conferent,
1116 4590 1248 4657 quid
1277 4589 1431 4646 nobis
1463 4592 1696 4647 oberunt
1721 4592 1745 4646 ‘i
1770 4591 1877 4648 Nos

287 4678 494 4748 quippe
531 4678 682 4733 illam
707 4692 814 4734 non
841 4695 1096 4735 veremur
1119 4683 1303 4736 dicere
1353 4681 1580 4754 figuram
1613 4694 1668 4739 et
1689 4697 1876 4739 sacra-

291 4782 564 4828 mentum.
591 4771 692 4828 Hic
718 4772 953 4830 fortasse
977 4773 1322 4844 respondebit
1353 4776 1706 4841 umbraticus,
1733 4777 1877 4846 quod

289 4867 346 4914 ct
373 4859 566 4916 dicere
593 4861 785 4918 solitus
803 4871 888 4920 est
912 4881 925 4916 :
952 4862 1028 4918 Si-
1047 4864 1216 4935 figura
1233 4871 1332 4924 est,
1351 4867 1622 4934 quomodo
1643 4867 1880 4922 veritas?

291 4947 351 5004 Si
378 4960 807 5020 sacramentum,
839 4956 1110 5022 quomodo
1145 4953 1396 5010 veritas?
1429 4954 1474 5011 0
1505 4958 1646 5014 male
1667 4958 1876 5014 cordati

293 5039 537 5096 hominis
572 5035 932 5102 insulsissime
967 5047 1122 5102 ratio.
1159 5045 1273 5099 Non
1299 5044 1480 5116 legisti
1508 5049 1559 5104 in
1587 5049 1879 5117 Evangelia

293 5131 473 5200 ipsum
501 5133 775 5193 Christum
795 5137 1009 5205 signum
1024 5136 1279 5210 appellari
1309 5137 1332 5188 ?
1355 5138 1570 5196 dicente
1593 5142 1876 5200 Simeone:

295 5221 432 5277 Ecce
477 5225 561 5278 Ιιίε
602 5231 800 5282 νοδίιιιε
831 5237 907 5282 est
943 5229 998 5282 iu
1033 5235 1240 5282 ruinam
1267 5237 1314 5282 et
1343 5231 1404 5282 in
1447 5235 1880 5282 rum-rectionem

1981 4499 2158 4552 bemus
2176 4499 2310 4551 sicut
2335 4499 2444 4554 ipse
2459 4495 2744 4551 ambulauit
2768 4507 2814 4550 et
2841 4513 2934 4549 nos
2947 4493 3215 4548 aurbulare
3237 4492 3286 4563 (Ι
3300 4493 3460 4546 Joan.
3475 4490 3561 4563 tt)!

1981 4567 2060 4645 Ut'
2079 4598 2254 4643 tamen
2296 4597 2350 4642 et
2375 4589 2442 4644 de
2493 4589 2598 4642 line
2627 4588 2828 4658 aliquid
2867 4601 3186 4649 memorem,
3213 4583 3354 4638 idem
3387 4585 3564 4638 cruci-

1981 4681 2146 4745 ﬁxus,
2193 4689 2460 4746 mortuus,
2507 4679 2751 4748 sepultus
2797 4686 2854 4731 et
2913 4689 3234 4743 resurgens,
3279 4674 3346 4728 ad
3385 4674 3566 4728 Patris

1979 4771 2252 4827 dexteram
2285 4770 2498 4824 demum
2525 4769 2839 4830 ascendens,
2872 4763 3588 4834 nonuejuxta-Apostolum.

1981 4863 2088 4919 hoc
2126 4861 2280 4916 nobis
2309 4861 2579 4932 designat,
2613 4869 2670 4912 ut
2695 4855 3276 4929 quotidie,__sicut,ipse
3303 4852 3571 4923 praecipit,

1979 4969 2201 5012 crucem
2233 4961 2472 5008 nostram
2509 4953 2806 5019 bajulcmtts
2835 4952 2994 5022 (Luc.
3033 4951 3132 5019 lx),
3161 4949 3408 5016 quotidie
3447 4943 3578 5000 huic

1983 5047 2185 5105 mutulo
2220 5045 2543 5111 moriamur,
2574 5043 2867 5111 consepulti
2929 5057 3135 5118 quoque
3172 5040 3339 5092 etiam
3370 5055 3476 5094 non
3503 5041 3582 5086 at-

1985 5141 2274 5199 tendamus
2321 5135 2638 5204 prtesentia,
2681 5127 2778 5189 bsed
2827 5137 2974 5194 sicut
3018 5134 3124 5190 lilii.
3167 5123 3600 5184 resurrectionis.

1983 5229 2310 5282 nnabnlemus
2341 5227 2398 5280 in
2423 5245 2555 5282 nova
2580 5227 2704 5282 vita.
2743 5235 2801 5280 ut
2827 5241 2956 5282 Dost
2987 5227 3200 5282 labores
3225 5213 3588 5282 hujussmctlﬂ
