  <div class='ocr_page' id='page_1' title='image "/cluster/home/n/w/nwhite01/storage/ocr_20150623/149/hvd.32044015473770/733.png"; bbox 0 0 4006 5282; ppageno 0'>
   <div class='ocr_carea' id='block_1_1' title="bbox 441 319 579 372">
    <p class='ocr_par' dir='ltr' id='par_1_1' title="bbox 441 319 579 372">
     <span class='ocr_line' id='line_1_1' title="bbox 441 319 579 372; baseline 0 0"><span class='ocrx_word' id='word_1_1' title='bbox 441 319 579 372; x_wconf 67' lang='lat' dir='ltr'><strong><em>i159</em></strong></span> 
     </span>
    </p>
   </div>
   <div class='ocr_carea' id='block_1_2' title="bbox 1460 313 2686 374">
    <p class='ocr_par' dir='ltr' id='par_1_2' title="bbox 1460 313 2686 374">
     <span class='ocr_line' id='line_1_2' title="bbox 1460 313 2686 374; baseline -0.001 -2"><span class='ocrx_word' id='word_1_2' title='bbox 1460 313 1846 374; x_wconf 78' lang='lat' dir='ltr'><strong><em>GUITMUNDI</em></strong></span> <span class='ocrx_word' id='word_1_3' title='bbox 1874 314 2300 372; x_wconf 78' lang='lat' dir='ltr'><strong><em>ARCHIEPISC.</em></strong></span> <span class='ocrx_word' id='word_1_4' title='bbox 2343 314 2686 372; x_wconf 71' lang='lat' dir='ltr'><strong><em>AVERSA-NI</em></strong></span> 
     </span>
    </p>
   </div>
   <div class='ocr_carea' id='block_1_3' title="bbox 3568 309 3710 364">
    <p class='ocr_par' dir='ltr' id='par_1_3' title="bbox 3568 309 3710 364">
     <span class='ocr_line' id='line_1_3' title="bbox 3568 309 3710 364; baseline 0.007 -1"><span class='ocrx_word' id='word_1_5' title='bbox 3568 309 3710 364; x_wconf 67' lang='lat'><strong><em>“50</em></strong></span> 
     </span>
    </p>
   </div>
   <div class='ocr_carea' id='block_1_4' title="bbox 434 423 3708 500">
    <p class='ocr_par' dir='ltr' id='par_1_4' title="bbox 434 423 3708 500">
     <span class='ocr_line' id='line_1_4' title="bbox 434 423 3708 500; baseline -0.002 -15"><span class='ocrx_word' id='word_1_6' title='bbox 434 431 619 500; x_wconf 79' lang='lat' dir='ltr'><strong><em>ptizati</em></strong></span> <span class='ocrx_word' id='word_1_7' title='bbox 648 445 830 484; x_wconf 82' lang='lat' dir='ltr'><strong><em>sumus</em></strong></span> <span class='ocrx_word' id='word_1_8' title='bbox 861 428 914 484; x_wconf 81' lang='lat' dir='ltr'><strong><em>in</em></strong></span> <span class='ocrx_word' id='word_1_9' title='bbox 938 427 1145 486; x_wconf 83' lang='lat' dir='ltr'><strong><em>Christo</em></strong></span> <span class='ocrx_word' id='word_1_10' title='bbox 1167 428 1292 488; x_wconf 79' lang='lat' dir='ltr'><strong><em>Iesu</em></strong></span> <span class='ocrx_word' id='word_1_11' title='bbox 1322 469 1334 492; x_wconf 90' lang='lat'><strong><em>,</em></strong></span> <span class='ocrx_word' id='word_1_12' title='bbox 1370 430 1423 483; x_wconf 89' lang='lat' dir='ltr'><strong><em>in</em></strong></span> <span class='ocrx_word' id='word_1_13' title='bbox 1465 441 1685 484; x_wconf 80' lang='lat' dir='ltr'><strong><em>mortem</em></strong></span> <span class='ocrx_word' id='word_1_14' title='bbox 1709 430 1872 500; x_wconf 83' lang='lat' dir='ltr'><strong><em>ipsius</em></strong></span> <span class='ocrx_word' id='word_1_15' title='bbox 1913 431 2004 482; x_wconf 70' lang='lat' dir='ltr'><strong><em>bu-</em></strong></span> <span class='ocrx_word' id='word_1_16' title='bbox 2039 430 2084 486; x_wconf 78' lang='grc' dir='ltr'><strong>Α</strong></span> <span class='ocrx_word' id='word_1_17' title='bbox 2109 426 2374 483; x_wconf 76' lang='lat' dir='ltr'><strong><em>Joannem</em></strong></span> <span class='ocrx_word' id='word_1_18' title='bbox 2399 428 2525 483; x_wconf 87' lang='lat' dir='ltr'><strong><em>dicit</em></strong></span> <span class='ocrx_word' id='word_1_19' title='bbox 2550 426 2751 498; x_wconf 77' lang='lat' dir='ltr'><strong><em>(Tract.</em></strong></span> <span class='ocrx_word' id='word_1_20' title='bbox 2785 426 2932 498; x_wconf 71' lang='lat' dir='ltr'><strong><em>xxvi)</em></strong></span> <span class='ocrx_word' id='word_1_21' title='bbox 2967 443 2979 481; x_wconf 95' lang='lat'>:</span> <span class='ocrx_word' id='word_1_22' title='bbox 3010 445 3027 478; x_wconf 78' lang='grc' dir='ltr'><strong><em>ι</em></strong></span> <span class='ocrx_word' id='word_1_23' title='bbox 3057 425 3212 480; x_wconf 79' lang='lat' dir='ltr'><strong><em>Hune</em></strong></span> <span class='ocrx_word' id='word_1_24' title='bbox 3239 424 3422 494; x_wconf 88' lang='lat' dir='ltr'><strong><em>itaque</em></strong></span> <span class='ocrx_word' id='word_1_25' title='bbox 3452 423 3633 478; x_wconf 83' lang='lat' dir='ltr'><strong><em>cibum</em></strong></span> <span class='ocrx_word' id='word_1_26' title='bbox 3658 433 3708 478; x_wconf 82' lang='lat' dir='ltr'><strong><em>et</em></strong></span> 
     </span>
    </p>
   </div>
   <div class='ocr_carea' id='block_1_5' title="bbox 439 509 2022 593">
    <p class='ocr_par' dir='ltr' id='par_1_5' title="bbox 439 509 2022 593">
     <span class='ocr_line' id='line_1_5' title="bbox 439 509 2022 593; baseline 0.001 -19"><span class='ocrx_word' id='word_1_27' title='bbox 439 509 847 593; x_wconf 77' lang='lat' dir='ltr'><strong><em>ptizattsurnus,</em></strong></span> <span class='ocrx_word' id='word_1_28' title='bbox 873 518 1159 588; x_wconf 80' lang='lat' dir='ltr'><strong><em>consepulti</em></strong></span> <span class='ocrx_word' id='word_1_29' title='bbox 1182 519 1231 574; x_wconf 89' lang='lat' dir='ltr'><strong><em>ei</em></strong></span> <span class='ocrx_word' id='word_1_30' title='bbox 1253 537 1345 591; x_wconf 82' lang='lat' dir='ltr'><strong><em>per</em></strong></span> <span class='ocrx_word' id='word_1_31' title='bbox 1368 520 1682 590; x_wconf 73' lang='lat' dir='ltr'><strong><em>baptismum</em></strong></span> <span class='ocrx_word' id='word_1_32' title='bbox 1707 520 1762 576; x_wconf 88' lang='lat' dir='ltr'><strong><em>in</em></strong></span> <span class='ocrx_word' id='word_1_33' title='bbox 1785 533 2022 591; x_wconf 83' lang='lat' dir='ltr'><strong><em>mortem,</em></strong></span> 
     </span>
    </p>
   </div>
   <div class='ocr_carea' id='block_1_6' title="bbox 442 609 2028 684">
    <p class='ocr_par' dir='ltr' id='par_1_6' title="bbox 442 609 2028 684">
     <span class='ocr_line' id='line_1_6' title="bbox 442 609 2028 684; baseline 0.001 -20"><span class='ocrx_word' id='word_1_34' title='bbox 442 622 499 665; x_wconf 86' lang='lat' dir='ltr'><strong><em>ut</em></strong></span> <span class='ocrx_word' id='word_1_35' title='bbox 527 610 967 683; x_wconf 82' lang='lat' dir='ltr'><strong><em>quemadmodum</em></strong></span> <span class='ocrx_word' id='word_1_36' title='bbox 1023 609 1264 664; x_wconf 82' lang='lat' dir='ltr'><strong><em>Christus</em></strong></span> <span class='ocrx_word' id='word_1_37' title='bbox 1312 611 1599 666; x_wconf 69' lang='lat' dir='ltr'><strong><em>resurrexit</em></strong></span> <span class='ocrx_word' id='word_1_38' title='bbox 1629 627 1661 665; x_wconf 90' lang='lat' dir='ltr'><strong><em>a</em></strong></span> <span class='ocrx_word' id='word_1_39' title='bbox 1691 612 1912 666; x_wconf 85' lang='lat' dir='ltr'><strong><em>mortuis</em></strong></span> <span class='ocrx_word' id='word_1_40' title='bbox 1937 631 2028 684; x_wconf 80' lang='lat' dir='ltr'><strong><em>per</em></strong></span> 
     </span>
    </p>
   </div>
   <div class='ocr_carea' id='block_1_7' title="bbox 441 698 2026 771">
    <p class='ocr_par' dir='ltr' id='par_1_7' title="bbox 441 698 2026 771">
     <span class='ocr_line' id='line_1_7' title="bbox 441 698 2026 771; baseline 0.002 -17"><span class='ocrx_word' id='word_1_41' title='bbox 441 700 666 771; x_wconf 79' lang='lat' dir='ltr'><strong><em>gloriam</em></strong></span> <span class='ocrx_word' id='word_1_42' title='bbox 700 698 901 764; x_wconf 83' lang='lat' dir='ltr'><strong><em>Patris,</em></strong></span> <span class='ocrx_word' id='word_1_43' title='bbox 933 701 1007 754; x_wconf 90' lang='lat' dir='ltr'><strong><em>ita</em></strong></span> <span class='ocrx_word' id='word_1_44' title='bbox 1032 710 1079 753; x_wconf 84' lang='lat' dir='ltr'><strong><em>et</em></strong></span> <span class='ocrx_word' id='word_1_45' title='bbox 1108 717 1202 755; x_wconf 89' lang='lat' dir='ltr'><strong><em>nos</em></strong></span> <span class='ocrx_word' id='word_1_46' title='bbox 1224 701 1277 755; x_wconf 90' lang='lat' dir='ltr'><strong><em>in</em></strong></span> <span class='ocrx_word' id='word_1_47' title='bbox 1301 701 1529 756; x_wconf 87' lang='lat' dir='ltr'><strong><em>novitate</em></strong></span> <span class='ocrx_word' id='word_1_48' title='bbox 1557 701 1676 756; x_wconf 83' lang='lat' dir='ltr'><strong><em>vita:</em></strong></span> <span class='ocrx_word' id='word_1_49' title='bbox 1701 700 2026 757; x_wconf 83' lang='lat' dir='ltr'><strong><em>ambulemus</em></strong></span> 
     </span>
    </p>
   </div>
   <div class='ocr_carea' id='block_1_8' title="bbox 443 790 2027 862">
    <p class='ocr_par' dir='ltr' id='par_1_8' title="bbox 443 790 2027 862">
     <span class='ocr_line' id='line_1_8' title="bbox 443 790 2027 862; baseline 0.001 -16"><span class='ocrx_word' id='word_1_50' title='bbox 443 791 626 861; x_wconf 85' lang='lat' dir='ltr'><strong><em>(Rom.</em></strong></span> <span class='ocrx_word' id='word_1_51' title='bbox 658 790 754 862; x_wconf 82' lang='lat' dir='ltr'><strong><em>vt).</em></strong></span> <span class='ocrx_word' id='word_1_52' title='bbox 788 791 922 845; x_wconf 69' lang='lat' dir='ltr'><strong><em>Nam</em></strong></span> <span class='ocrx_word' id='word_1_53' title='bbox 954 793 1097 862; x_wconf 89' lang='lat' dir='ltr'><strong><em>quod</em></strong></span> <span class='ocrx_word' id='word_1_54' title='bbox 1151 802 1274 862; x_wconf 86' lang='lat' dir='ltr'><strong><em>post</em></strong></span> <span class='ocrx_word' id='word_1_55' title='bbox 1299 793 1439 846; x_wconf 82' lang='lat' dir='ltr'><strong><em>hanc</em></strong></span> <span class='ocrx_word' id='word_1_56' title='bbox 1468 793 1633 847; x_wconf 89' lang='lat' dir='ltr'><strong><em>vitam</em></strong></span> <span class='ocrx_word' id='word_1_57' title='bbox 1657 793 1796 849; x_wconf 97' lang='lat' dir='ltr'><strong><em>bene</em></strong></span> <span class='ocrx_word' id='word_1_58' title='bbox 1821 803 2027 862; x_wconf 81' lang='lat' dir='ltr'><strong><em>gestam</em></strong></span> 
     </span>
    </p>
   </div>
   <div class='ocr_carea' id='block_1_9' title="bbox 440 870 2028 954">
    <p class='ocr_par' dir='ltr' id='par_1_9' title="bbox 440 870 2028 954">
     <span class='ocr_line' id='line_1_9' title="bbox 440 870 2028 954; baseline 0.002 -15"><span class='ocrx_word' id='word_1_59' title='bbox 440 883 683 939; x_wconf 78' lang='lat' dir='ltr'><strong><em>coelestia</em></strong></span> <span class='ocrx_word' id='word_1_60' title='bbox 711 891 991 954; x_wconf 85' lang='lat' dir='ltr'><strong><em>petamus,</em></strong></span> <span class='ocrx_word' id='word_1_61' title='bbox 1031 883 1270 940; x_wconf 88' lang='lat' dir='ltr'><strong><em>omnium</em></strong></span> <span class='ocrx_word' id='word_1_62' title='bbox 1305 870 2028 942; x_wconf 84' lang='lat' dir='ltr'><strong><em>Christianorumorthodo-</em></strong></span> 
     </span>
    </p>
   </div>
   <div class='ocr_carea' id='block_1_10' title="bbox 443 973 2028 1044">
    <p class='ocr_par' dir='ltr' id='par_1_10' title="bbox 443 973 2028 1044">
     <span class='ocr_line' id='line_1_10' title="bbox 443 973 2028 1044; baseline 0.001 -16"><span class='ocrx_word' id='word_1_63' title='bbox 443 991 641 1028; x_wconf 69' lang='lat' dir='ltr'><strong><em>xorum</em></strong></span> <span class='ocrx_word' id='word_1_64' title='bbox 693 975 848 1029; x_wconf 86' lang='lat' dir='ltr'><strong><em>testis</em></strong></span> <span class='ocrx_word' id='word_1_65' title='bbox 899 982 984 1028; x_wconf 87' lang='lat' dir='ltr'><strong><em>est</em></strong></span> <span class='ocrx_word' id='word_1_66' title='bbox 1015 975 1165 1028; x_wconf 81' lang='lat' dir='ltr'><strong><em>fides.</em></strong></span> <span class='ocrx_word' id='word_1_67' title='bbox 1194 973 1399 1028; x_wconf 83' lang='lat' dir='ltr'><strong><em>Scimus</em></strong></span> <span class='ocrx_word' id='word_1_68' title='bbox 1443 975 1606 1040; x_wconf 87' lang='lat' dir='ltr'><strong><em>enim,</em></strong></span> <span class='ocrx_word' id='word_1_69' title='bbox 1629 973 1784 1044; x_wconf 79' lang='lat' dir='ltr'><strong><em>juxta</em></strong></span> <span class='ocrx_word' id='word_1_70' title='bbox 1813 976 2028 1030; x_wconf 87' lang='lat' dir='ltr'><strong><em>beatum</em></strong></span> 
     </span>
    </p>
   </div>
   <div class='ocr_carea' id='block_1_11' title="bbox 439 1064 2032 1136">
    <p class='ocr_par' dir='ltr' id='par_1_11' title="bbox 439 1064 2032 1136">
     <span class='ocr_line' id='line_1_11' title="bbox 439 1064 2032 1136; baseline 0.001 -16"><span class='ocrx_word' id='word_1_71' title='bbox 439 1065 784 1135; x_wconf 74' lang='lat' dir='ltr'><strong><em>Apostolum,</em></strong></span> <span class='ocrx_word' id='word_1_72' title='bbox 804 1064 1078 1134; x_wconf 89' lang='lat' dir='ltr'><strong><em>quoniam,</em></strong></span> <span class='ocrx_word' id='word_1_73' title='bbox 1098 1065 1143 1117; x_wconf 89' lang='lat' dir='ltr'><strong><em>si</em></strong></span> <span class='ocrx_word' id='word_1_74' title='bbox 1169 1065 1430 1118; x_wconf 82' lang='lat' dir='ltr'><strong><em>terrestris</em></strong></span> <span class='ocrx_word' id='word_1_75' title='bbox 1453 1065 1639 1122; x_wconf 84' lang='lat' dir='ltr'><strong><em>domus</em></strong></span> <span class='ocrx_word' id='word_1_76' title='bbox 1670 1077 1846 1120; x_wconf 89' lang='lat' dir='ltr'><strong><em>nostra</em></strong></span> <span class='ocrx_word' id='word_1_77' title='bbox 1871 1066 2032 1136; x_wconf 89' lang='lat' dir='ltr'><strong><em>hujus</em></strong></span> 
     </span>
    </p>
   </div>
   <div class='ocr_carea' id='block_1_12' title="bbox 445 1154 2030 1226">
    <p class='ocr_par' dir='ltr' id='par_1_12' title="bbox 445 1154 2030 1226">
     <span class='ocr_line' id='line_1_12' title="bbox 445 1154 2030 1226; baseline 0 -16"><span class='ocrx_word' id='word_1_78' title='bbox 445 1156 786 1210; x_wconf 77' lang='lat' dir='ltr'><strong><em>habitationis</em></strong></span> <span class='ocrx_word' id='word_1_79' title='bbox 809 1154 1129 1211; x_wconf 79' lang='lat' dir='ltr'><strong><em>dissolvatur</em></strong></span> <span class='ocrx_word' id='word_1_80' title='bbox 1154 1196 1168 1220; x_wconf 95' lang='lat'><strong><em>,</em></strong></span> <span class='ocrx_word' id='word_1_81' title='bbox 1194 1156 1333 1226; x_wconf 76' lang='lat' dir='ltr'><strong><em>quod</em></strong></span> <span class='ocrx_word' id='word_1_82' title='bbox 1381 1156 1752 1210; x_wconf 82' lang='lat' dir='ltr'><strong><em>habitationem</em></strong></span> <span class='ocrx_word' id='word_1_83' title='bbox 1784 1157 2030 1213; x_wconf 84' lang='lat' dir='ltr'><strong><em>habemus</em></strong></span> 
     </span>
    </p>
   </div>
   <div class='ocr_carea' id='block_1_13' title="bbox 386 1247 2030 1318">
    <p class='ocr_par' dir='ltr' id='par_1_13' title="bbox 386 1247 2030 1318">
     <span class='ocr_line' id='line_1_13' title="bbox 386 1247 2030 1318; baseline -0.002 -17"><span class='ocrx_word' id='word_1_84' title='bbox 386 1261 396 1277; x_wconf 55' lang='grc' dir='ltr'>κ</span> <span class='ocrx_word' id='word_1_85' title='bbox 443 1263 510 1302; x_wconf 77' lang='lat' dir='ltr'><strong><em>ea:</em></strong></span> <span class='ocrx_word' id='word_1_86' title='bbox 536 1247 669 1313; x_wconf 87' lang='lat' dir='ltr'><strong><em>Deo,</em></strong></span> <span class='ocrx_word' id='word_1_87' title='bbox 697 1249 908 1302; x_wconf 88' lang='lat' dir='ltr'><strong><em>domum</em></strong></span> <span class='ocrx_word' id='word_1_88' title='bbox 934 1263 1036 1300; x_wconf 89' lang='lat' dir='ltr'><strong><em>non</em></strong></span> <span class='ocrx_word' id='word_1_89' title='bbox 1060 1248 1418 1316; x_wconf 80' lang='lat' dir='ltr'><strong><em>manufuctam</em></strong></span> <span class='ocrx_word' id='word_1_90' title='bbox 1447 1248 1500 1301; x_wconf 81' lang='lat' dir='ltr'><strong><em>in</em></strong></span> <span class='ocrx_word' id='word_1_91' title='bbox 1527 1247 1668 1302; x_wconf 68' lang='lat' dir='ltr'><strong><em>uelis</em></strong></span> <span class='ocrx_word' id='word_1_92' title='bbox 1692 1247 1778 1318; x_wconf 86' lang='lat' dir='ltr'><strong><em>(ll</em></strong></span> <span class='ocrx_word' id='word_1_93' title='bbox 1809 1249 1930 1302; x_wconf 72' lang='lat' dir='ltr'><strong><em>(Itr.</em></strong></span> <span class='ocrx_word' id='word_1_94' title='bbox 1957 1251 2030 1318; x_wconf 86' lang='lat' dir='ltr'><strong><em>v).</em></strong></span> 
     </span>
    </p>
   </div>
   <div class='ocr_carea' id='block_1_14' title="bbox 445 1338 2033 1415">
    <p class='ocr_par' dir='ltr' id='par_1_14' title="bbox 445 1338 2033 1415">
     <span class='ocr_line' id='line_1_14' title="bbox 445 1338 2033 1415; baseline 0.003 -24"><span class='ocrx_word' id='word_1_95' title='bbox 445 1338 504 1391; x_wconf 91' lang='lat' dir='ltr'><strong><em>ln</em></strong></span> <span class='ocrx_word' id='word_1_96' title='bbox 533 1338 619 1393; x_wconf 90' lang='lat' dir='ltr'><strong><em>his</em></strong></span> <span class='ocrx_word' id='word_1_97' title='bbox 648 1338 811 1408; x_wconf 80' lang='lat' dir='ltr'><strong><em>igitur</em></strong></span> <span class='ocrx_word' id='word_1_98' title='bbox 856 1339 1108 1394; x_wconf 88' lang='lat' dir='ltr'><strong><em>omnibus</em></strong></span> <span class='ocrx_word' id='word_1_99' title='bbox 1139 1355 1249 1415; x_wconf 79' lang='lat' dir='ltr'><strong><em>suae</em></strong></span> <span class='ocrx_word' id='word_1_100' title='bbox 1305 1350 1507 1395; x_wconf 74' lang='lat' dir='ltr'><strong><em>sancttc</em></strong></span> <span class='ocrx_word' id='word_1_101' title='bbox 1535 1341 1793 1396; x_wconf 67' lang='lat' dir='ltr'><strong><em>Ecclesia:</em></strong></span> <span class='ocrx_word' id='word_1_102' title='bbox 1823 1341 2033 1411; x_wconf 87' lang='lat' dir='ltr'><strong><em>signum</em></strong></span> 
     </span>
    </p>
   </div>
   <div class='ocr_carea' id='block_1_15' title="bbox 452 1428 2037 1502">
    <p class='ocr_par' dir='ltr' id='par_1_15' title="bbox 452 1428 2037 1502">
     <span class='ocr_line' id='line_1_15' title="bbox 452 1428 2037 1502; baseline 0.001 -19"><span class='ocrx_word' id='word_1_103' title='bbox 452 1430 614 1485; x_wconf 91' lang='lat' dir='ltr'><strong><em>nobis</em></strong></span> <span class='ocrx_word' id='word_1_104' title='bbox 648 1428 898 1486; x_wconf 84' lang='lat' dir='ltr'><strong><em>Christus</em></strong></span> <span class='ocrx_word' id='word_1_105' title='bbox 924 1432 1181 1495; x_wconf 79' lang='lat' dir='ltr'><strong><em>occurrit,</em></strong></span> <span class='ocrx_word' id='word_1_106' title='bbox 1207 1431 1350 1501; x_wconf 89' lang='lat' dir='ltr'><strong><em>quod</em></strong></span> <span class='ocrx_word' id='word_1_107' title='bbox 1374 1431 1426 1486; x_wconf 91' lang='lat' dir='ltr'><strong><em>in</em></strong></span> <span class='ocrx_word' id='word_1_108' title='bbox 1453 1447 1615 1486; x_wconf 87' lang='lat' dir='ltr'><strong><em>cruce</em></strong></span> <span class='ocrx_word' id='word_1_109' title='bbox 1642 1433 1884 1502; x_wconf 84' lang='lat' dir='ltr'><strong><em>pendens</em></strong></span> <span class='ocrx_word' id='word_1_110' title='bbox 1909 1446 2037 1484; x_wconf 86' lang='lat' dir='ltr'><strong><em>san-</em></strong></span> 
     </span>
    </p>
   </div>
   <div class='ocr_carea' id='block_1_16' title="bbox 451 1519 2032 1592">
    <p class='ocr_par' dir='ltr' id='par_1_16' title="bbox 451 1519 2032 1592">
     <span class='ocr_line' id='line_1_16' title="bbox 451 1519 2032 1592; baseline 0.001 -17"><span class='ocrx_word' id='word_1_111' title='bbox 451 1519 698 1575; x_wconf 88' lang='lat' dir='ltr'><strong><em>ctissima</em></strong></span> <span class='ocrx_word' id='word_1_112' title='bbox 751 1535 847 1576; x_wconf 86' lang='lat' dir='ltr'><strong><em>sua</em></strong></span> <span class='ocrx_word' id='word_1_113' title='bbox 891 1523 1216 1576; x_wconf 80' lang='lat' dir='ltr'><strong><em>auctoritate</em></strong></span> <span class='ocrx_word' id='word_1_114' title='bbox 1245 1522 1358 1592; x_wconf 85' lang='lat' dir='ltr'><strong><em>ipse</em></strong></span> <span class='ocrx_word' id='word_1_115' title='bbox 1403 1523 1762 1584; x_wconf 88' lang='lat' dir='ltr'><strong><em>conﬁrmavit,</em></strong></span> <span class='ocrx_word' id='word_1_116' title='bbox 1799 1523 1984 1576; x_wconf 79' lang='lat' dir='ltr'><strong><em>dicens</em></strong></span> <span class='ocrx_word' id='word_1_117' title='bbox 2021 1541 2032 1576; x_wconf 93' lang='lat'>:</span> 
     </span>
    </p>
   </div>
   <div class='ocr_carea' id='block_1_17' title="bbox 443 1613 2040 1685">
    <p class='ocr_par' dir='ltr' id='par_1_17' title="bbox 443 1613 2040 1685">
     <span class='ocr_line' id='line_1_17' title="bbox 443 1613 2040 1685; baseline -0.001 -16"><span class='ocrx_word' id='word_1_118' title='bbox 443 1614 612 1683; x_wconf 86' lang='lat' dir='ltr'><strong><em>Deus,</em></strong></span> <span class='ocrx_word' id='word_1_119' title='bbox 627 1614 765 1670; x_wconf 88' lang='lat' dir='ltr'><strong><em>Deus</em></strong></span> <span class='ocrx_word' id='word_1_120' title='bbox 781 1631 947 1680; x_wconf 87' lang='lat' dir='ltr'><strong><em>meus,</em></strong></span> <span class='ocrx_word' id='word_1_121' title='bbox 961 1625 1016 1669; x_wconf 90' lang='lat' dir='ltr'><strong><em>ut</em></strong></span> <span class='ocrx_word' id='word_1_122' title='bbox 1037 1614 1164 1685; x_wconf 84' lang='lat' dir='ltr'><strong><em>quid</em></strong></span> <span class='ocrx_word' id='word_1_123' title='bbox 1175 1616 1500 1685; x_wconf 73' lang='lat' dir='ltr'><strong><em>dereliquisti</em></strong></span> <span class='ocrx_word' id='word_1_124' title='bbox 1516 1632 1594 1668; x_wconf 87' lang='lat' dir='ltr'><strong><em>me</em></strong></span> <span class='ocrx_word' id='word_1_125' title='bbox 1612 1613 1689 1684; x_wconf 83' lang='grc' dir='ltr'><strong><em>(Μ</em></strong></span> <span class='ocrx_word' id='word_1_126' title='bbox 1693 1615 1820 1668; x_wconf 85' lang='lat' dir='ltr'><strong><em>attlt.</em></strong></span> <span class='ocrx_word' id='word_1_127' title='bbox 1842 1614 2040 1684; x_wconf 82' lang='lat' dir='ltr'><strong><em>xxvtt)?</em></strong></span> 
     </span>
    </p>
   </div>
   <div class='ocr_carea' id='block_1_18' title="bbox 456 1704 2036 1775">
    <p class='ocr_par' dir='ltr' id='par_1_18' title="bbox 456 1704 2036 1775">
     <span class='ocr_line' id='line_1_18' title="bbox 456 1704 2036 1775; baseline -0.001 -15"><span class='ocrx_word' id='word_1_128' title='bbox 456 1704 560 1761; x_wconf 88' lang='lat' dir='ltr'><strong><em>Ubi</em></strong></span> <span class='ocrx_word' id='word_1_129' title='bbox 618 1706 763 1761; x_wconf 88' lang='lat' dir='ltr'><strong><em>enim</em></strong></span> <span class='ocrx_word' id='word_1_130' title='bbox 815 1706 981 1762; x_wconf 77' lang='lat' dir='ltr'><strong><em>Pater</em></strong></span> <span class='ocrx_word' id='word_1_131' title='bbox 1033 1720 1179 1772; x_wconf 90' lang='lat' dir='ltr'><strong><em>eum,</em></strong></span> <span class='ocrx_word' id='word_1_132' title='bbox 1212 1715 1303 1760; x_wconf 91' lang='lat' dir='ltr'><strong><em>aut</em></strong></span> <span class='ocrx_word' id='word_1_133' title='bbox 1334 1705 1551 1775; x_wconf 81' lang='lat' dir='ltr'><strong><em>quando</em></strong></span> <span class='ocrx_word' id='word_1_134' title='bbox 1576 1705 1883 1774; x_wconf 80' lang='lat' dir='ltr'><strong><em>dereliquit,</em></strong></span> <span class='ocrx_word' id='word_1_135' title='bbox 1915 1720 2036 1758; x_wconf 91' lang='lat' dir='ltr'><strong><em>cum</em></strong></span> 
     </span>
    </p>
   </div>
   <div class='ocr_carea' id='block_1_19' title="bbox 2128 520 3712 591">
    <p class='ocr_par' dir='ltr' id='par_1_19' title="bbox 2128 520 3712 591">
     <span class='ocr_line' id='line_1_19' title="bbox 2128 520 3712 591; baseline -0.004 -15"><span class='ocrx_word' id='word_1_136' title='bbox 2128 529 2339 589; x_wconf 87' lang='lat' dir='ltr'><strong><em>potum,</em></strong></span> <span class='ocrx_word' id='word_1_137' title='bbox 2373 521 2690 576; x_wconf 85' lang='lat' dir='ltr'><strong><em>societatem</em></strong></span> <span class='ocrx_word' id='word_1_138' title='bbox 2741 520 2858 574; x_wconf 88' lang='lat' dir='ltr'><strong><em>vult</em></strong></span> <span class='ocrx_word' id='word_1_139' title='bbox 2894 520 3119 591; x_wconf 79' lang='lat' dir='ltr'><strong><em>intelligi</em></strong></span> <span class='ocrx_word' id='word_1_140' title='bbox 3169 520 3417 589; x_wconf 83' lang='lat' dir='ltr'><strong><em>corporis</em></strong></span> <span class='ocrx_word' id='word_1_141' title='bbox 3441 527 3500 573; x_wconf 78' lang='lat' dir='ltr'><strong><em>et</em></strong></span> <span class='ocrx_word' id='word_1_142' title='bbox 3539 535 3712 573; x_wconf 83' lang='lat' dir='ltr'><strong><em>mem-</em></strong></span> 
     </span>
    </p>
   </div>
   <div class='ocr_carea' id='block_1_20' title="bbox 2130 609 3715 679">
    <p class='ocr_par' dir='ltr' id='par_1_20' title="bbox 2130 609 3715 679">
     <span class='ocr_line' id='line_1_20' title="bbox 2130 609 3715 679; baseline -0.001 -16"><span class='ocrx_word' id='word_1_143' title='bbox 2130 609 2348 664; x_wconf 88' lang='lat' dir='ltr'><strong><em>brorum</em></strong></span> <span class='ocrx_word' id='word_1_144' title='bbox 2372 626 2614 679; x_wconf 86' lang='lat' dir='ltr'><strong><em>suorum,</em></strong></span> <span class='ocrx_word' id='word_1_145' title='bbox 2639 613 2778 678; x_wconf 82' lang='lat' dir='ltr'><strong><em>quod</em></strong></span> <span class='ocrx_word' id='word_1_146' title='bbox 2807 619 2885 666; x_wconf 71' lang='lat' dir='ltr'><strong><em>est</em></strong></span> <span class='ocrx_word' id='word_1_147' title='bbox 2905 620 3091 665; x_wconf 86' lang='lat' dir='ltr'><strong><em>sancta</em></strong></span> <span class='ocrx_word' id='word_1_148' title='bbox 3114 610 3376 665; x_wconf 81' lang='lat' dir='ltr'><strong><em>Ecclesia.</em></strong></span> <span class='ocrx_word' id='word_1_149' title='bbox 3411 629 3430 661; x_wconf 76' lang='grc' dir='ltr'><strong><em>ι</em></strong></span> <span class='ocrx_word' id='word_1_150' title='bbox 3460 610 3527 663; x_wconf 82' lang='lat' dir='ltr'><strong><em>Et</em></strong></span> <span class='ocrx_word' id='word_1_151' title='bbox 3556 609 3715 679; x_wconf 85' lang='lat' dir='ltr'><strong><em>paulo</em></strong></span> 
     </span>
    </p>
   </div>
   <div class='ocr_carea' id='block_1_21' title="bbox 2130 699 3718 772">
    <p class='ocr_par' dir='ltr' id='par_1_21' title="bbox 2130 699 3718 772">
     <span class='ocr_line' id='line_1_21' title="bbox 2130 699 3718 772; baseline 0.001 -21"><span class='ocrx_word' id='word_1_152' title='bbox 2130 709 2250 770; x_wconf 81' lang='lat' dir='ltr'><strong><em>post</em></strong></span> <span class='ocrx_word' id='word_1_153' title='bbox 2289 719 2301 754; x_wconf 91' lang='lat'><strong>:</strong></span> <span class='ocrx_word' id='word_1_154' title='bbox 2347 719 2366 752; x_wconf 75' lang='grc' dir='ltr'><strong><em>ι</em></strong></span> <span class='ocrx_word' id='word_1_155' title='bbox 2419 700 2713 770; x_wconf 82' lang='lat' dir='ltr'><strong><em>Propterea</em></strong></span> <span class='ocrx_word' id='word_1_156' title='bbox 2736 702 2955 772; x_wconf 81' lang='lat' dir='ltr'><strong><em>quippe,</em></strong></span> <span class='ocrx_word' id='word_1_157' title='bbox 2987 702 3128 755; x_wconf 87' lang='lat' dir='ltr'><strong><em>sicut</em></strong></span> <span class='ocrx_word' id='word_1_158' title='bbox 3153 710 3277 756; x_wconf 84' lang='lat' dir='ltr'><strong><em>ante</em></strong></span> <span class='ocrx_word' id='word_1_159' title='bbox 3309 716 3406 755; x_wconf 81' lang='lat' dir='ltr'><strong><em>nos</em></strong></span> <span class='ocrx_word' id='word_1_160' title='bbox 3432 699 3718 755; x_wconf 75' lang='lat' dir='ltr'><strong><em>intellexe-</em></strong></span> 
     </span>
    </p>
   </div>
   <div class='ocr_carea' id='block_1_22' title="bbox 2131 791 3719 860">
    <p class='ocr_par' dir='ltr' id='par_1_22' title="bbox 2131 791 3719 860">
     <span class='ocr_line' id='line_1_22' title="bbox 2131 791 3719 860; baseline -0.001 -12"><span class='ocrx_word' id='word_1_161' title='bbox 2131 804 2274 858; x_wconf 90' lang='lat' dir='ltr'><strong><em>runt,</em></strong></span> <span class='ocrx_word' id='word_1_162' title='bbox 2299 795 2395 860; x_wconf 87' lang='lat' dir='ltr'><strong><em>ait,</em></strong></span> <span class='ocrx_word' id='word_1_163' title='bbox 2425 794 2673 849; x_wconf 83' lang='lat' dir='ltr'><strong><em>homines</em></strong></span> <span class='ocrx_word' id='word_1_164' title='bbox 2695 795 2866 849; x_wconf 84' lang='lat' dir='ltr'><strong><em>sancti</em></strong></span> <span class='ocrx_word' id='word_1_165' title='bbox 2900 791 3014 858; x_wconf 86' lang='lat' dir='ltr'><strong><em>Dei,</em></strong></span> <span class='ocrx_word' id='word_1_166' title='bbox 3047 793 3305 848; x_wconf 81' lang='lat' dir='ltr'><strong><em>Dominus</em></strong></span> <span class='ocrx_word' id='word_1_167' title='bbox 3335 803 3520 847; x_wconf 89' lang='lat' dir='ltr'><strong><em>noster</em></strong></span> <span class='ocrx_word' id='word_1_168' title='bbox 3559 791 3719 846; x_wconf 85' lang='lat' dir='ltr'><strong><em>Jesus</em></strong></span> 
     </span>
    </p>
   </div>
   <div class='ocr_carea' id='block_1_23' title="bbox 2131 883 3720 956">
    <p class='ocr_par' dir='ltr' id='par_1_23' title="bbox 2131 883 3720 956">
     <span class='ocr_line' id='line_1_23' title="bbox 2131 883 3720 956; baseline -0.002 -17"><span class='ocrx_word' id='word_1_169' title='bbox 2131 885 2382 939; x_wconf 84' lang='lat' dir='ltr'><strong><em>Christus</em></strong></span> <span class='ocrx_word' id='word_1_170' title='bbox 2422 901 2624 956; x_wconf 85' lang='lat' dir='ltr'><strong><em>corpus</em></strong></span> <span class='ocrx_word' id='word_1_171' title='bbox 2698 895 2754 940; x_wconf 89' lang='lat' dir='ltr'><strong><em>ct</em></strong></span> <span class='ocrx_word' id='word_1_172' title='bbox 2806 887 3122 953; x_wconf 82' lang='lat' dir='ltr'><strong><em>sanguinem</em></strong></span> <span class='ocrx_word' id='word_1_173' title='bbox 3181 899 3338 938; x_wconf 84' lang='lat' dir='ltr'><strong><em>suum</em></strong></span> <span class='ocrx_word' id='word_1_174' title='bbox 3369 884 3422 938; x_wconf 87' lang='lat' dir='ltr'><strong><em>in</em></strong></span> <span class='ocrx_word' id='word_1_175' title='bbox 3445 883 3525 938; x_wconf 88' lang='lat' dir='ltr'><strong><em>eis</em></strong></span> <span class='ocrx_word' id='word_1_176' title='bbox 3555 883 3720 938; x_wconf 82' lang='lat' dir='ltr'><strong><em>rebus</em></strong></span> 
     </span>
    </p>
   </div>
   <div class='ocr_carea' id='block_1_24' title="bbox 2133 975 3716 1046">
    <p class='ocr_par' dir='ltr' id='par_1_24' title="bbox 2133 975 3716 1046">
     <span class='ocr_line' id='line_1_24' title="bbox 2133 975 3716 1046; baseline -0.003 -16"><span class='ocrx_word' id='word_1_177' title='bbox 2133 976 2551 1040; x_wconf 81' lang='lat' dir='ltr'><strong><em>commemlavit,</em></strong></span> <span class='ocrx_word' id='word_1_178' title='bbox 2601 991 2720 1046; x_wconf 68' lang='lat' dir='ltr'><strong><em>quae</em></strong></span> <span class='ocrx_word' id='word_1_179' title='bbox 2749 977 2815 1029; x_wconf 90' lang='lat' dir='ltr'><strong><em>ad</em></strong></span> <span class='ocrx_word' id='word_1_180' title='bbox 2857 991 3022 1029; x_wconf 90' lang='lat' dir='ltr'><strong><em>unum</em></strong></span> <span class='ocrx_word' id='word_1_181' title='bbox 3060 975 3264 1044; x_wconf 87' lang='lat' dir='ltr'><strong><em>aliquid</em></strong></span> <span class='ocrx_word' id='word_1_182' title='bbox 3300 975 3621 1045; x_wconf 86' lang='lat' dir='ltr'><strong><em>rediguntur</em></strong></span> <span class='ocrx_word' id='word_1_183' title='bbox 3649 987 3716 1025; x_wconf 79' lang='lat' dir='ltr'><strong><em>ex</em></strong></span> 
     </span>
    </p>
   </div>
   <div class='ocr_carea' id='block_1_25' title="bbox 2135 1064 3714 1138">
    <p class='ocr_par' dir='ltr' id='par_1_25' title="bbox 2135 1064 3714 1138">
     <span class='ocr_line' id='line_1_25' title="bbox 2135 1064 3714 1138; baseline -0.002 -17"><span class='ocrx_word' id='word_1_184' title='bbox 2135 1067 2337 1122; x_wconf 84' lang='lat' dir='ltr'><strong><em>multis.</em></strong></span> <span class='ocrx_word' id='word_1_185' title='bbox 2369 1067 2613 1138; x_wconf 84' lang='lat' dir='ltr'><strong><em>Namque</em></strong></span> <span class='ocrx_word' id='word_1_186' title='bbox 2649 1067 2793 1123; x_wconf 88' lang='lat' dir='ltr'><strong><em>aliud</em></strong></span> <span class='ocrx_word' id='word_1_187' title='bbox 2829 1083 2998 1123; x_wconf 91' lang='lat' dir='ltr'><strong><em>unum</em></strong></span> <span class='ocrx_word' id='word_1_188' title='bbox 3021 1083 3085 1123; x_wconf 79' lang='lat' dir='ltr'><strong><em>ex</em></strong></span> <span class='ocrx_word' id='word_1_189' title='bbox 3116 1067 3300 1121; x_wconf 75' lang='lat' dir='ltr'><strong><em>multis</em></strong></span> <span class='ocrx_word' id='word_1_190' title='bbox 3328 1065 3514 1138; x_wconf 84' lang='lat' dir='ltr'><strong><em>granis</em></strong></span> <span class='ocrx_word' id='word_1_191' title='bbox 3542 1064 3714 1121; x_wconf 86' lang='lat' dir='ltr'><strong><em>conﬁ-</em></strong></span> 
     </span>
    </p>
   </div>
   <div class='ocr_carea' id='block_1_26' title="bbox 2134 1159 3318 1221">
    <p class='ocr_par' dir='ltr' id='par_1_26' title="bbox 2134 1159 3318 1221">
     <span class='ocr_line' id='line_1_26' title="bbox 2134 1159 3318 1221; baseline -0.003 -9"><span class='ocrx_word' id='word_1_192' title='bbox 2134 1159 2302 1221; x_wconf 83' lang='lat' dir='ltr'><strong><em>citur;</em></strong></span> <span class='ocrx_word' id='word_1_193' title='bbox 2330 1159 2474 1213; x_wconf 88' lang='lat' dir='ltr'><strong><em>aliud</em></strong></span> <span class='ocrx_word' id='word_1_194' title='bbox 2500 1175 2662 1214; x_wconf 89' lang='lat' dir='ltr'><strong><em>unum</em></strong></span> <span class='ocrx_word' id='word_1_195' title='bbox 2685 1175 2750 1214; x_wconf 79' lang='lat' dir='ltr'><strong><em>ex</em></strong></span> <span class='ocrx_word' id='word_1_196' title='bbox 2788 1159 2972 1214; x_wconf 88' lang='lat' dir='ltr'><strong><em>multis</em></strong></span> <span class='ocrx_word' id='word_1_197' title='bbox 3002 1159 3194 1213; x_wconf 82' lang='lat' dir='ltr'><strong><em>acinis.</em></strong></span> <span class='ocrx_word' id='word_1_198' title='bbox 3232 1178 3250 1209; x_wconf 74' lang='grc' dir='ltr'><strong><em>ι</em></strong></span> <span class='ocrx_word' id='word_1_199' title='bbox 3310 1184 3318 1192; x_wconf 70' lang='grc' dir='ltr'><strong><em>ι</em></strong></span> 
     </span>
    </p>
   </div>
   <div class='ocr_carea' id='block_1_27' title="bbox 2208 1248 3717 1322">
    <p class='ocr_par' dir='ltr' id='par_1_27' title="bbox 2208 1248 3717 1322">
     <span class='ocr_line' id='line_1_27' title="bbox 2208 1248 3717 1322; baseline -0.001 -18"><span class='ocrx_word' id='word_1_200' title='bbox 2208 1250 2510 1320; x_wconf 80' lang='lat' dir='ltr'><strong><em>Aptissime</em></strong></span> <span class='ocrx_word' id='word_1_201' title='bbox 2557 1251 2721 1322; x_wconf 78' lang='lat' dir='ltr'><strong><em>igitur</em></strong></span> <span class='ocrx_word' id='word_1_202' title='bbox 2757 1261 2812 1305; x_wconf 90' lang='lat' dir='ltr'><strong><em>et</em></strong></span> <span class='ocrx_word' id='word_1_203' title='bbox 2848 1250 3244 1304; x_wconf 87' lang='lat' dir='ltr'><strong><em>rationabiliter</em></strong></span> <span class='ocrx_word' id='word_1_204' title='bbox 3303 1264 3460 1306; x_wconf 84' lang='lat' dir='ltr'><strong><em>sacra</em></strong></span> <span class='ocrx_word' id='word_1_205' title='bbox 3488 1248 3717 1312; x_wconf 74' lang='lat' dir='ltr'><strong><em>ablatio,</em></strong></span> 
     </span>
    </p>
   </div>
   <div class='ocr_carea' id='block_1_28' title="bbox 2137 1341 3724 1408">
    <p class='ocr_par' dir='ltr' id='par_1_28' title="bbox 2137 1341 3724 1408">
     <span class='ocr_line' id='line_1_28' title="bbox 2137 1341 3724 1408; baseline -0.001 -13"><span class='ocrx_word' id='word_1_206' title='bbox 2137 1357 2260 1396; x_wconf 85' lang='lat' dir='ltr'><strong><em>cum</em></strong></span> <span class='ocrx_word' id='word_1_207' title='bbox 2288 1341 2516 1396; x_wconf 87' lang='lat' dir='ltr'><strong><em>aliorum</em></strong></span> <span class='ocrx_word' id='word_1_208' title='bbox 2552 1343 2842 1396; x_wconf 90' lang='lat' dir='ltr'><strong><em>multorum</em></strong></span> <span class='ocrx_word' id='word_1_209' title='bbox 2873 1341 3160 1407; x_wconf 86' lang='lat' dir='ltr'><strong><em>bonorum,</em></strong></span> <span class='ocrx_word' id='word_1_210' title='bbox 3196 1350 3308 1395; x_wconf 89' lang='lat' dir='ltr'><strong><em>tum</em></strong></span> <span class='ocrx_word' id='word_1_211' title='bbox 3337 1341 3502 1394; x_wconf 88' lang='lat' dir='ltr'><strong><em>etiam</em></strong></span> <span class='ocrx_word' id='word_1_212' title='bbox 3528 1354 3724 1408; x_wconf 76' lang='lat' dir='ltr'><strong><em>corpo-</em></strong></span> 
     </span>
    </p>
   </div>
   <div class='ocr_carea' id='block_1_29' title="bbox 2141 1429 3722 1496">
    <p class='ocr_par' dir='ltr' id='par_1_29' title="bbox 2141 1429 3722 1496">
     <span class='ocr_line' id='line_1_29' title="bbox 2141 1429 3722 1496; baseline 0 -12"><span class='ocrx_word' id='word_1_213' title='bbox 2141 1433 2216 1485; x_wconf 87' lang='lat' dir='ltr'><strong><em>ris</em></strong></span> <span class='ocrx_word' id='word_1_214' title='bbox 2270 1432 2504 1496; x_wconf 86' lang='lat' dir='ltr'><strong><em>Domini,</em></strong></span> <span class='ocrx_word' id='word_1_215' title='bbox 2562 1432 2613 1486; x_wconf 87' lang='lat' dir='ltr'><strong><em>id</em></strong></span> <span class='ocrx_word' id='word_1_216' title='bbox 2657 1441 2761 1496; x_wconf 86' lang='lat' dir='ltr'><strong><em>est,</em></strong></span> <span class='ocrx_word' id='word_1_217' title='bbox 2813 1431 3068 1486; x_wconf 71' lang='lat' dir='ltr'><strong><em>Ecclesia:</em></strong></span> <span class='ocrx_word' id='word_1_218' title='bbox 3099 1448 3164 1486; x_wconf 85' lang='lat' dir='ltr'><strong><em>ex</em></strong></span> <span class='ocrx_word' id='word_1_219' title='bbox 3194 1431 3380 1486; x_wconf 60' lang='lat' dir='ltr'><strong><em>muttis</em></strong></span> <span class='ocrx_word' id='word_1_220' title='bbox 3409 1429 3722 1485; x_wconf 83' lang='lat' dir='ltr'><strong><em>hominibus</em></strong></span> 
     </span>
    </p>
   </div>
   <div class='ocr_carea' id='block_1_30' title="bbox 2139 1524 3723 1596">
    <p class='ocr_par' dir='ltr' id='par_1_30' title="bbox 2139 1524 3723 1596">
     <span class='ocr_line' id='line_1_30' title="bbox 2139 1524 3723 1596; baseline -0.003 -17"><span class='ocrx_word' id='word_1_221' title='bbox 2139 1524 2221 1579; x_wconf 87' lang='lat' dir='ltr'><strong><em>vel</em></strong></span> <span class='ocrx_word' id='word_1_222' title='bbox 2252 1526 2462 1595; x_wconf 76' lang='lat' dir='ltr'><strong><em>pOp-tlis</em></strong></span> <span class='ocrx_word' id='word_1_223' title='bbox 2493 1525 2636 1580; x_wconf 81' lang='lat' dir='ltr'><strong><em>velut</em></strong></span> <span class='ocrx_word' id='word_1_224' title='bbox 2663 1525 2868 1596; x_wconf 84' lang='lat' dir='ltr'><strong><em>granis,</em></strong></span> <span class='ocrx_word' id='word_1_225' title='bbox 2896 1525 3040 1580; x_wconf 83' lang='lat' dir='ltr'><strong><em>inter</em></strong></span> <span class='ocrx_word' id='word_1_226' title='bbox 3079 1526 3184 1580; x_wconf 90' lang='lat' dir='ltr'><strong><em>duo</em></strong></span> <span class='ocrx_word' id='word_1_227' title='bbox 3207 1524 3574 1587; x_wconf 80' lang='lat' dir='ltr'><strong><em>Testamenta,</em></strong></span> <span class='ocrx_word' id='word_1_228' title='bbox 3603 1531 3723 1576; x_wconf 83' lang='lat' dir='ltr'><strong><em>tan-</em></strong></span> 
     </span>
    </p>
   </div>
   <div class='ocr_carea' id='block_1_31' title="bbox 2139 1615 3720 1686">
    <p class='ocr_par' dir='ltr' id='par_1_31' title="bbox 2139 1615 3720 1686">
     <span class='ocr_line' id='line_1_31' title="bbox 2139 1615 3720 1686; baseline 0 -19"><span class='ocrx_word' id='word_1_229' title='bbox 2139 1631 2302 1686; x_wconf 80' lang='lat' dir='ltr'><strong><em>qnam</em></strong></span> <span class='ocrx_word' id='word_1_230' title='bbox 2348 1616 2684 1686; x_wconf 75' lang='lat' dir='ltr'><strong><em>superiorem</em></strong></span> <span class='ocrx_word' id='word_1_231' title='bbox 2737 1627 2792 1672; x_wconf 90' lang='lat' dir='ltr'><strong><em>et</em></strong></span> <span class='ocrx_word' id='word_1_232' title='bbox 2839 1615 3151 1671; x_wconf 79' lang='lat' dir='ltr'><strong><em>inferiorem</em></strong></span> <span class='ocrx_word' id='word_1_233' title='bbox 3209 1616 3408 1670; x_wconf 89' lang='lat' dir='ltr'><strong><em>molam</em></strong></span> <span class='ocrx_word' id='word_1_234' title='bbox 3447 1615 3720 1678; x_wconf 85' lang='lat' dir='ltr'><strong><em>contritis,</em></strong></span> 
     </span>
    </p>
   </div>
   <div class='ocr_carea' id='block_1_32' title="bbox 2143 1705 3717 1776">
    <p class='ocr_par' dir='ltr' id='par_1_32' title="bbox 2143 1705 3717 1776">
     <span class='ocr_line' id='line_1_32' title="bbox 2143 1705 3717 1776; baseline -0.002 -16"><span class='ocrx_word' id='word_1_235' title='bbox 2143 1705 2194 1760; x_wconf 90' lang='lat' dir='ltr'><strong><em>id</em></strong></span> <span class='ocrx_word' id='word_1_236' title='bbox 2234 1715 2336 1771; x_wconf 89' lang='lat' dir='ltr'><strong><em>est,</em></strong></span> <span class='ocrx_word' id='word_1_237' title='bbox 2389 1705 2711 1772; x_wconf 86' lang='lat' dir='ltr'><strong><em>humiliatis,</em></strong></span> <span class='ocrx_word' id='word_1_238' title='bbox 2774 1721 2872 1776; x_wconf 82' lang='lat' dir='ltr'><strong><em>per</em></strong></span> <span class='ocrx_word' id='word_1_239' title='bbox 2901 1721 3098 1775; x_wconf 86' lang='lat' dir='ltr'><strong><em>aquam</em></strong></span> <span class='ocrx_word' id='word_1_240' title='bbox 3136 1705 3413 1774; x_wconf 78' lang='lat' dir='ltr'><strong><em>baptismi,</em></strong></span> <span class='ocrx_word' id='word_1_241' title='bbox 3453 1714 3510 1759; x_wconf 90' lang='lat' dir='ltr'><strong><em>et</em></strong></span> <span class='ocrx_word' id='word_1_242' title='bbox 3541 1705 3717 1773; x_wconf 81' lang='lat' dir='ltr'><strong><em>ignem</em></strong></span> 
     </span>
    </p>
   </div>
   <div class='ocr_carea' id='block_1_33' title="bbox 452 1771 3722 1868">
    <p class='ocr_par' dir='ltr' id='par_1_33' title="bbox 452 1771 3722 1868">
     <span class='ocr_line' id='line_1_33' title="bbox 452 1771 3722 1868; baseline 0.001 -20"><span class='ocrx_word' id='word_1_243' title='bbox 452 1797 568 1865; x_wconf 89' lang='lat' dir='ltr'><strong><em>ipse</em></strong></span> <span class='ocrx_word' id='word_1_244' title='bbox 614 1797 812 1852; x_wconf 80' lang='lat' dir='ltr'><strong><em>dixerit</em></strong></span> <span class='ocrx_word' id='word_1_245' title='bbox 852 1815 865 1851; x_wconf 89' lang='lat'><strong>:</strong></span> <span class='ocrx_word' id='word_1_246' title='bbox 907 1795 1034 1851; x_wconf 85' lang='lat' dir='ltr'><strong><em>Non</em></strong></span> <span class='ocrx_word' id='word_1_247' title='bbox 1070 1813 1188 1851; x_wconf 89' lang='lat' dir='ltr'><strong><em>sum</em></strong></span> <span class='ocrx_word' id='word_1_248' title='bbox 1230 1797 1414 1860; x_wconf 83' lang='lat' dir='ltr'><strong><em>solus,</em></strong></span> <span class='ocrx_word' id='word_1_249' title='bbox 1442 1797 1566 1866; x_wconf 87' lang='lat' dir='ltr'><strong><em>quia</em></strong></span> <span class='ocrx_word' id='word_1_250' title='bbox 1623 1793 1787 1849; x_wconf 84' lang='lat' dir='ltr'><strong><em>Pater</em></strong></span> <span class='ocrx_word' id='word_1_251' title='bbox 1837 1811 2037 1849; x_wconf 84' lang='lat' dir='ltr'><strong><em>mecum</em></strong></span> <span class='ocrx_word' id='word_1_252' title='bbox 2071 1771 2114 1824; x_wconf 73' lang='grc' dir='ltr'>Β</span> <span class='ocrx_word' id='word_1_253' title='bbox 2143 1798 2380 1867; x_wconf 86' lang='lat' dir='ltr'><strong><em>Spiritus</em></strong></span> <span class='ocrx_word' id='word_1_254' title='bbox 2426 1800 2596 1853; x_wconf 89' lang='lat' dir='ltr'><strong><em>sancti</em></strong></span> <span class='ocrx_word' id='word_1_255' title='bbox 2643 1799 2696 1853; x_wconf 83' lang='lat' dir='ltr'><strong><em>in</em></strong></span> <span class='ocrx_word' id='word_1_256' title='bbox 2729 1814 2894 1853; x_wconf 90' lang='lat' dir='ltr'><strong><em>unum</em></strong></span> <span class='ocrx_word' id='word_1_257' title='bbox 2939 1797 3179 1853; x_wconf 69' lang='lat' dir='ltr'><strong><em>collectae</em></strong></span> <span class='ocrx_word' id='word_1_258' title='bbox 3213 1808 3375 1868; x_wconf 85' lang='lat' dir='ltr'><strong><em>atque</em></strong></span> <span class='ocrx_word' id='word_1_259' title='bbox 3403 1807 3722 1868; x_wconf 55' lang='lat' dir='ltr'><strong><em>compacta.</em></strong></span> 
     </span>
    </p>
   </div>
   <div class='ocr_carea' id='block_1_34' title="bbox 449 1885 2040 1959">
    <p class='ocr_par' dir='ltr' id='par_1_34' title="bbox 449 1885 2040 1959">
     <span class='ocr_line' id='line_1_34' title="bbox 449 1885 2040 1959; baseline 0.002 -20"><span class='ocrx_word' id='word_1_260' title='bbox 449 1896 525 1941; x_wconf 86' lang='lat' dir='ltr'><strong><em>est</em></strong></span> <span class='ocrx_word' id='word_1_261' title='bbox 555 1885 741 1959; x_wconf 84' lang='lat' dir='ltr'><strong><em>(Joan.</em></strong></span> <span class='ocrx_word' id='word_1_262' title='bbox 772 1887 940 1958; x_wconf 82' lang='lat' dir='ltr'><strong><em>vnt)?</em></strong></span> <span class='ocrx_word' id='word_1_263' title='bbox 984 1899 1040 1942; x_wconf 89' lang='lat' dir='ltr'><strong><em>et</em></strong></span> <span class='ocrx_word' id='word_1_264' title='bbox 1079 1887 1274 1945; x_wconf 88' lang='lat' dir='ltr'><strong><em>iterum</em></strong></span> <span class='ocrx_word' id='word_1_265' title='bbox 1309 1908 1322 1942; x_wconf 87' lang='lat'><strong>:</strong></span> <span class='ocrx_word' id='word_1_266' title='bbox 1360 1885 1517 1942; x_wconf 80' lang='lat' dir='ltr'><strong><em>Pater</em></strong></span> <span class='ocrx_word' id='word_1_267' title='bbox 1559 1890 1667 1942; x_wconf 89' lang='lat' dir='ltr'><strong><em>scio</em></strong></span> <span class='ocrx_word' id='word_1_268' title='bbox 1690 1889 1814 1959; x_wconf 87' lang='lat' dir='ltr'><strong><em>quia</em></strong></span> <span class='ocrx_word' id='word_1_269' title='bbox 1839 1905 2040 1959; x_wconf 85' lang='lat' dir='ltr'><strong><em>sem-per</em></strong></span> 
     </span>
    </p>
   </div>
   <div class='ocr_carea' id='block_1_35' title="bbox 451 1979 2038 2052">
    <p class='ocr_par' dir='ltr' id='par_1_35' title="bbox 451 1979 2038 2052">
     <span class='ocr_line' id='line_1_35' title="bbox 451 1979 2038 2052; baseline 0.002 -20"><span class='ocrx_word' id='word_1_270' title='bbox 451 1996 536 2033; x_wconf 89' lang='lat' dir='ltr'><strong><em>me</em></strong></span> <span class='ocrx_word' id='word_1_271' title='bbox 586 1981 740 2034; x_wconf 78' lang='lat' dir='ltr'><strong><em>audis</em></strong></span> <span class='ocrx_word' id='word_1_272' title='bbox 799 1979 982 2050; x_wconf 82' lang='lat' dir='ltr'><strong><em>(Joan.</em></strong></span> <span class='ocrx_word' id='word_1_273' title='bbox 1013 1979 1140 2050; x_wconf 77' lang='lat' dir='ltr'><strong><em>xl)?</em></strong></span> <span class='ocrx_word' id='word_1_274' title='bbox 1179 1981 1234 2034; x_wconf 92' lang='lat' dir='ltr'><strong><em>In</em></strong></span> <span class='ocrx_word' id='word_1_275' title='bbox 1275 1995 1334 2035; x_wconf 87' lang='lat' dir='ltr'><strong><em>se</em></strong></span> <span class='ocrx_word' id='word_1_276' title='bbox 1377 1997 1506 2052; x_wconf 83' lang='lat' dir='ltr'><strong><em>ergo</em></strong></span> <span class='ocrx_word' id='word_1_277' title='bbox 1544 1980 1842 2036; x_wconf 74' lang='lat' dir='ltr'><strong><em>Ecclesium</em></strong></span> <span class='ocrx_word' id='word_1_278' title='bbox 1886 1997 2038 2036; x_wconf 88' lang='lat' dir='ltr'><strong><em>suam</em></strong></span> 
     </span>
    </p>
   </div>
   <div class='ocr_carea' id='block_1_36' title="bbox 458 2073 2036 2144">
    <p class='ocr_par' dir='ltr' id='par_1_36' title="bbox 458 2073 2036 2144">
     <span class='ocr_line' id='line_1_36' title="bbox 458 2073 2036 2144; baseline -0.001 -18"><span class='ocrx_word' id='word_1_279' title='bbox 458 2074 734 2142; x_wconf 87' lang='lat' dir='ltr'><strong><em>quondam</em></strong></span> <span class='ocrx_word' id='word_1_280' title='bbox 764 2073 818 2127; x_wconf 89' lang='lat' dir='ltr'><strong><em>iu</em></strong></span> <span class='ocrx_word' id='word_1_281' title='bbox 863 2073 1031 2128; x_wconf 87' lang='lat' dir='ltr'><strong><em>Adam</em></strong></span> <span class='ocrx_word' id='word_1_282' title='bbox 1063 2073 1376 2127; x_wconf 83' lang='lat' dir='ltr'><strong><em>derelictam</em></strong></span> <span class='ocrx_word' id='word_1_283' title='bbox 1416 2073 1534 2128; x_wconf 90' lang='lat' dir='ltr'><strong><em>sine</em></strong></span> <span class='ocrx_word' id='word_1_284' title='bbox 1559 2074 1722 2129; x_wconf 90' lang='lat' dir='ltr'><strong><em>dubio</em></strong></span> <span class='ocrx_word' id='word_1_285' title='bbox 1752 2073 2036 2144; x_wconf 84' lang='lat' dir='ltr'><strong><em>ﬁgurabat.</em></strong></span> 
     </span>
    </p>
   </div>
   <div class='ocr_carea' id='block_1_37' title="bbox 459 2162 2037 2233">
    <p class='ocr_par' dir='ltr' id='par_1_37' title="bbox 459 2162 2037 2233">
     <span class='ocr_line' id='line_1_37' title="bbox 459 2162 2037 2233; baseline -0.001 -16"><span class='ocrx_word' id='word_1_286' title='bbox 459 2163 704 2233; x_wconf 80' lang='lat' dir='ltr'><strong><em>Cumque</em></strong></span> <span class='ocrx_word' id='word_1_287' title='bbox 733 2164 872 2218; x_wconf 86' lang='lat' dir='ltr'><strong><em>sicut</em></strong></span> <span class='ocrx_word' id='word_1_288' title='bbox 925 2179 1022 2220; x_wconf 80' lang='lat' dir='ltr'><strong><em>nos</em></strong></span> <span class='ocrx_word' id='word_1_289' title='bbox 1053 2163 1244 2218; x_wconf 89' lang='lat' dir='ltr'><strong><em>beatus</em></strong></span> <span class='ocrx_word' id='word_1_290' title='bbox 1281 2163 1556 2233; x_wconf 84' lang='lat' dir='ltr'><strong><em>apostolus</em></strong></span> <span class='ocrx_word' id='word_1_291' title='bbox 1588 2164 1783 2220; x_wconf 86' lang='lat' dir='ltr'><strong><em>Paulus</em></strong></span> <span class='ocrx_word' id='word_1_292' title='bbox 1818 2162 2037 2218; x_wconf 90' lang='lat' dir='ltr'><strong><em>docuit:</em></strong></span> 
     </span>
    </p>
   </div>
   <div class='ocr_carea' id='block_1_38' title="bbox 452 2253 2038 2325">
    <p class='ocr_par' dir='ltr' id='par_1_38' title="bbox 452 2253 2038 2325">
     <span class='ocr_line' id='line_1_38' title="bbox 452 2253 2038 2325; baseline 0 -16"><span class='ocrx_word' id='word_1_293' title='bbox 452 2255 578 2323; x_wconf 84' lang='lat' dir='ltr'><strong><em>Ipse</em></strong></span> <span class='ocrx_word' id='word_1_294' title='bbox 634 2265 791 2325; x_wconf 83' lang='lat' dir='ltr'><strong><em>caput</em></strong></span> <span class='ocrx_word' id='word_1_295' title='bbox 844 2253 1096 2309; x_wconf 73' lang='lat' dir='ltr'><strong><em>Ecclesia:</em></strong></span> <span class='ocrx_word' id='word_1_296' title='bbox 1143 2255 1236 2321; x_wconf 90' lang='lat' dir='ltr'><strong><em>sit,</em></strong></span> <span class='ocrx_word' id='word_1_297' title='bbox 1293 2264 1350 2310; x_wconf 90' lang='lat' dir='ltr'><strong><em>et</em></strong></span> <span class='ocrx_word' id='word_1_298' title='bbox 1402 2255 1641 2311; x_wconf 81' lang='lat' dir='ltr'><strong><em>Ecclesia</em></strong></span> <span class='ocrx_word' id='word_1_299' title='bbox 1693 2272 1879 2325; x_wconf 81' lang='lat' dir='ltr'><strong><em>corpus</em></strong></span> <span class='ocrx_word' id='word_1_300' title='bbox 1925 2254 2038 2323; x_wconf 83' lang='lat' dir='ltr'><strong><em>ejus</em></strong></span> 
     </span>
    </p>
   </div>
   <div class='ocr_carea' id='block_1_39' title="bbox 457 2344 2038 2416">
    <p class='ocr_par' dir='ltr' id='par_1_39' title="bbox 457 2344 2038 2416">
     <span class='ocr_line' id='line_1_39' title="bbox 457 2344 2038 2416; baseline -0.002 -17"><span class='ocrx_word' id='word_1_301' title='bbox 457 2344 695 2410; x_wconf 82' lang='lat' dir='ltr'><strong><em>(Coloss.</em></strong></span> <span class='ocrx_word' id='word_1_302' title='bbox 720 2348 761 2415; x_wconf 86' lang='grc' dir='ltr'>ι)</span> <span class='ocrx_word' id='word_1_303' title='bbox 792 2361 807 2398; x_wconf 89' lang='lat'><strong>:</strong></span> <span class='ocrx_word' id='word_1_304' title='bbox 836 2345 1010 2414; x_wconf 88' lang='lat' dir='ltr'><strong><em>ipsum</em></strong></span> <span class='ocrx_word' id='word_1_305' title='bbox 1042 2361 1197 2403; x_wconf 88' lang='lat' dir='ltr'><strong><em>suum</em></strong></span> <span class='ocrx_word' id='word_1_306' title='bbox 1252 2346 1552 2416; x_wconf 88' lang='lat' dir='ltr'><strong><em>proprium,</em></strong></span> <span class='ocrx_word' id='word_1_307' title='bbox 1605 2346 1748 2415; x_wconf 89' lang='lat' dir='ltr'><strong><em>quod</em></strong></span> <span class='ocrx_word' id='word_1_308' title='bbox 1787 2344 1853 2398; x_wconf 91' lang='lat' dir='ltr'><strong><em>de</em></strong></span> <span class='ocrx_word' id='word_1_309' title='bbox 1885 2345 2038 2399; x_wconf 88' lang='lat' dir='ltr'><strong><em>beata</em></strong></span> 
     </span>
    </p>
   </div>
   <div class='ocr_carea' id='block_1_40' title="bbox 456 2432 2042 2506">
    <p class='ocr_par' dir='ltr' id='par_1_40' title="bbox 456 2432 2042 2506">
     <span class='ocr_line' id='line_1_40' title="bbox 456 2432 2042 2506; baseline 0 -20"><span class='ocrx_word' id='word_1_310' title='bbox 456 2433 682 2506; x_wconf 72' lang='lat' dir='ltr'><strong><em>Virgine</em></strong></span> <span class='ocrx_word' id='word_1_311' title='bbox 719 2443 1026 2504; x_wconf 86' lang='lat' dir='ltr'><strong><em>sumpserat</em></strong></span> <span class='ocrx_word' id='word_1_312' title='bbox 1073 2450 1293 2504; x_wconf 83' lang='lat' dir='ltr'><strong><em>corpus,</em></strong></span> <span class='ocrx_word' id='word_1_313' title='bbox 1344 2435 1600 2504; x_wconf 81' lang='lat' dir='ltr'><strong><em>corporis</em></strong></span> <span class='ocrx_word' id='word_1_314' title='bbox 1639 2434 1746 2499; x_wconf 88' lang='lat' dir='ltr'><strong><em>sui,</em></strong></span> <span class='ocrx_word' id='word_1_315' title='bbox 1783 2432 1928 2502; x_wconf 88' lang='lat' dir='ltr'><strong><em>quod</em></strong></span> <span class='ocrx_word' id='word_1_316' title='bbox 1959 2441 2042 2488; x_wconf 90' lang='lat' dir='ltr'><strong><em>est</em></strong></span> 
     </span>
    </p>
   </div>
   <div class='ocr_carea' id='block_1_41' title="bbox 455 2525 2041 2597">
    <p class='ocr_par' dir='ltr' id='par_1_41' title="bbox 455 2525 2041 2597">
     <span class='ocr_line' id='line_1_41' title="bbox 455 2525 2041 2597; baseline -0.002 -16"><span class='ocrx_word' id='word_1_317' title='bbox 455 2525 719 2588; x_wconf 84' lang='lat' dir='ltr'><strong><em>Ecclesia,</em></strong></span> <span class='ocrx_word' id='word_1_318' title='bbox 769 2526 981 2596; x_wconf 89' lang='lat' dir='ltr'><strong><em>signum</em></strong></span> <span class='ocrx_word' id='word_1_319' title='bbox 1034 2534 1140 2592; x_wconf 89' lang='lat' dir='ltr'><strong><em>est,</em></strong></span> <span class='ocrx_word' id='word_1_320' title='bbox 1193 2534 1250 2582; x_wconf 89' lang='lat' dir='ltr'><strong><em>et</em></strong></span> <span class='ocrx_word' id='word_1_321' title='bbox 1306 2527 1478 2597; x_wconf 86' lang='lat' dir='ltr'><strong><em>ﬁgura</em></strong></span> <span class='ocrx_word' id='word_1_322' title='bbox 1511 2534 1567 2581; x_wconf 87' lang='lat' dir='ltr'><strong><em>et</em></strong></span> <span class='ocrx_word' id='word_1_323' title='bbox 1617 2532 2041 2580; x_wconf 75' lang='lat' dir='ltr'><strong><em>sacramentum.</em></strong></span> 
     </span>
    </p>
   </div>
   <div class='ocr_carea' id='block_1_42' title="bbox 459 2613 2039 2688">
    <p class='ocr_par' dir='ltr' id='par_1_42' title="bbox 459 2613 2039 2688">
     <span class='ocr_line' id='line_1_42' title="bbox 459 2613 2039 2688; baseline -0.003 -17"><span class='ocrx_word' id='word_1_324' title='bbox 459 2619 614 2685; x_wconf 83' lang='lat' dir='ltr'><strong><em>Quod</em></strong></span> <span class='ocrx_word' id='word_1_325' title='bbox 637 2618 884 2674; x_wconf 85' lang='lat' dir='ltr'><strong><em>videlicet</em></strong></span> <span class='ocrx_word' id='word_1_326' title='bbox 903 2618 1160 2674; x_wconf 82' lang='lat' dir='ltr'><strong><em>Ecclesiae</em></strong></span> <span class='ocrx_word' id='word_1_327' title='bbox 1185 2633 1384 2688; x_wconf 84' lang='lat' dir='ltr'><strong><em>corpus</em></strong></span> <span class='ocrx_word' id='word_1_328' title='bbox 1424 2618 1491 2672; x_wconf 87' lang='lat' dir='ltr'><strong><em>ad</em></strong></span> <span class='ocrx_word' id='word_1_329' title='bbox 1523 2618 1695 2678; x_wconf 87' lang='lat' dir='ltr'><strong><em>instar</em></strong></span> <span class='ocrx_word' id='word_1_330' title='bbox 1713 2616 1908 2686; x_wconf 90' lang='lat' dir='ltr'><strong><em>capitis</em></strong></span> <span class='ocrx_word' id='word_1_331' title='bbox 1932 2613 2039 2678; x_wconf 90' lang='lat' dir='ltr'><strong><em>sui,</em></strong></span> 
     </span>
    </p>
   </div>
   <div class='ocr_carea' id='block_1_43' title="bbox 460 2705 2043 2780">
    <p class='ocr_par' dir='ltr' id='par_1_43' title="bbox 460 2705 2043 2780">
     <span class='ocr_line' id='line_1_43' title="bbox 460 2705 2043 2780; baseline -0.003 -17"><span class='ocrx_word' id='word_1_332' title='bbox 460 2711 529 2764; x_wconf 87' lang='lat' dir='ltr'><strong><em>de</em></strong></span> <span class='ocrx_word' id='word_1_333' title='bbox 566 2709 774 2780; x_wconf 86' lang='lat' dir='ltr'><strong><em>Spiritu</em></strong></span> <span class='ocrx_word' id='word_1_334' title='bbox 812 2719 1003 2765; x_wconf 90' lang='lat' dir='ltr'><strong><em>sancto</em></strong></span> <span class='ocrx_word' id='word_1_335' title='bbox 1057 2719 1112 2764; x_wconf 90' lang='lat' dir='ltr'><strong><em>et</em></strong></span> <span class='ocrx_word' id='word_1_336' title='bbox 1147 2709 1389 2766; x_wconf 85' lang='lat' dir='ltr'><strong><em>Ecclesia</em></strong></span> <span class='ocrx_word' id='word_1_337' title='bbox 1431 2708 1640 2780; x_wconf 81' lang='lat' dir='ltr'><strong><em>virgine</em></strong></span> <span class='ocrx_word' id='word_1_338' title='bbox 1667 2708 1832 2762; x_wconf 85' lang='lat' dir='ltr'><strong><em>corde</em></strong></span> <span class='ocrx_word' id='word_1_339' title='bbox 1859 2705 2043 2760; x_wconf 50' lang='lat' dir='ltr'><strong><em>nasci.</em></strong></span> 
     </span>
    </p>
   </div>
   <div class='ocr_carea' id='block_1_44' title="bbox 455 2794 2043 2869">
    <p class='ocr_par' dir='ltr' id='par_1_44' title="bbox 455 2794 2043 2869">
     <span class='ocr_line' id='line_1_44' title="bbox 455 2794 2043 2869; baseline -0.005 -14"><span class='ocrx_word' id='word_1_340' title='bbox 455 2812 575 2865; x_wconf 87' lang='lat' dir='ltr'><strong><em>tur;</em></strong></span> <span class='ocrx_word' id='word_1_341' title='bbox 618 2812 672 2855; x_wconf 90' lang='lat' dir='ltr'><strong><em>et</em></strong></span> <span class='ocrx_word' id='word_1_342' title='bbox 722 2816 792 2854; x_wconf 78' lang='lat' dir='ltr'><strong><em>ex</em></strong></span> <span class='ocrx_word' id='word_1_343' title='bbox 841 2800 1096 2855; x_wconf 80' lang='lat' dir='ltr'><strong><em>euntibus</em></strong></span> <span class='ocrx_word' id='word_1_344' title='bbox 1143 2799 1414 2869; x_wconf 85' lang='lat' dir='ltr'><strong><em>gentibus,</em></strong></span> <span class='ocrx_word' id='word_1_345' title='bbox 1443 2807 1700 2867; x_wconf 83' lang='lat' dir='ltr'><strong><em>tanquam</em></strong></span> <span class='ocrx_word' id='word_1_346' title='bbox 1727 2812 1794 2852; x_wconf 76' lang='lat' dir='ltr'><strong><em>ex</em></strong></span> <span class='ocrx_word' id='word_1_347' title='bbox 1815 2794 2043 2851; x_wconf 87' lang='lat' dir='ltr'><strong><em>diversis</em></strong></span> 
     </span>
    </p>
   </div>
   <div class='ocr_carea' id='block_1_45' title="bbox 455 2890 2037 2962">
    <p class='ocr_par' dir='ltr' id='par_1_45' title="bbox 455 2890 2037 2962">
     <span class='ocr_line' id='line_1_45' title="bbox 455 2890 2037 2962; baseline -0.003 -20"><span class='ocrx_word' id='word_1_348' title='bbox 455 2891 718 2945; x_wconf 90' lang='lat' dir='ltr'><strong><em>membris</em></strong></span> <span class='ocrx_word' id='word_1_349' title='bbox 763 2890 818 2944; x_wconf 91' lang='lat' dir='ltr'><strong><em>in</em></strong></span> <span class='ocrx_word' id='word_1_350' title='bbox 854 2904 1021 2944; x_wconf 90' lang='lat' dir='ltr'><strong><em>unum</em></strong></span> <span class='ocrx_word' id='word_1_351' title='bbox 1071 2905 1266 2944; x_wconf 89' lang='lat' dir='ltr'><strong><em>novum</em></strong></span> <span class='ocrx_word' id='word_1_352' title='bbox 1319 2890 1596 2943; x_wconf 84' lang='lat' dir='ltr'><strong><em>hominem</em></strong></span> <span class='ocrx_word' id='word_1_353' title='bbox 1649 2894 2037 2962; x_wconf 76' lang='lat' dir='ltr'><strong><em>congregatur.</em></strong></span> 
     </span>
    </p>
   </div>
   <div class='ocr_carea' id='block_1_46' title="bbox 460 2975 2043 3050">
    <p class='ocr_par' dir='ltr' id='par_1_46' title="bbox 460 2975 2043 3050">
     <span class='ocr_line' id='line_1_46' title="bbox 460 2975 2043 3050; baseline -0.005 -14"><span class='ocrx_word' id='word_1_354' title='bbox 460 2979 653 3036; x_wconf 84' lang='lat' dir='ltr'><strong><em>Omnia</em></strong></span> <span class='ocrx_word' id='word_1_355' title='bbox 690 2994 854 3050; x_wconf 86' lang='lat' dir='ltr'><strong><em>porro</em></strong></span> <span class='ocrx_word' id='word_1_356' title='bbox 891 2979 1028 3044; x_wconf 75' lang='lat' dir='ltr'><strong><em>hzec,</em></strong></span> <span class='ocrx_word' id='word_1_357' title='bbox 1079 2994 1174 3048; x_wconf 87' lang='lat' dir='ltr'><strong><em>per</em></strong></span> <span class='ocrx_word' id='word_1_358' title='bbox 1203 2979 1256 3033; x_wconf 88' lang='lat' dir='ltr'><strong><em>id</em></strong></span> <span class='ocrx_word' id='word_1_359' title='bbox 1302 2978 1447 3048; x_wconf 91' lang='lat' dir='ltr'><strong><em>quod</em></strong></span> <span class='ocrx_word' id='word_1_360' title='bbox 1469 2976 1730 3032; x_wconf 79' lang='lat' dir='ltr'><strong><em>de&#39;altari</em></strong></span> <span class='ocrx_word' id='word_1_361' title='bbox 1762 2975 2043 3029; x_wconf 82' lang='lat' dir='ltr'><strong><em>Dominico</em></strong></span> 
     </span>
    </p>
   </div>
   <div class='ocr_carea' id='block_1_47' title="bbox 461 3066 2042 3139">
    <p class='ocr_par' dir='ltr' id='par_1_47' title="bbox 461 3066 2042 3139">
     <span class='ocr_line' id='line_1_47' title="bbox 461 3066 2042 3139; baseline -0.003 -14"><span class='ocrx_word' id='word_1_362' title='bbox 461 3071 718 3136; x_wconf 75' lang='lat' dir='ltr'><strong><em>sumitur,</em></strong></span> <span class='ocrx_word' id='word_1_363' title='bbox 749 3084 858 3125; x_wconf 92' lang='lat' dir='ltr'><strong><em>non</em></strong></span> <span class='ocrx_word' id='word_1_364' title='bbox 908 3069 1206 3138; x_wconf 81' lang='lat' dir='ltr'><strong><em>incongrue</em></strong></span> <span class='ocrx_word' id='word_1_365' title='bbox 1245 3069 1520 3123; x_wconf 88' lang='lat' dir='ltr'><strong><em>credimus</em></strong></span> <span class='ocrx_word' id='word_1_366' title='bbox 1552 3068 1790 3139; x_wconf 82' lang='lat' dir='ltr'><strong><em>ﬁgurari.</em></strong></span> <span class='ocrx_word' id='word_1_367' title='bbox 1823 3066 1954 3122; x_wconf 83' lang='lat' dir='ltr'><strong><em>Nam</em></strong></span> <span class='ocrx_word' id='word_1_368' title='bbox 1985 3077 2042 3120; x_wconf 92' lang='lat' dir='ltr'><strong><em>ut</em></strong></span> 
     </span>
    </p>
   </div>
   <div class='ocr_carea' id='block_1_48' title="bbox 459 3149 2043 3230">
    <p class='ocr_par' dir='ltr' id='par_1_48' title="bbox 459 3149 2043 3230">
     <span class='ocr_line' id='line_1_48' title="bbox 459 3149 2043 3230; baseline -0.003 -14"><span class='ocrx_word' id='word_1_369' title='bbox 459 3164 587 3217; x_wconf 87' lang='lat' dir='ltr'><strong><em>inde</em></strong></span> <span class='ocrx_word' id='word_1_370' title='bbox 615 3161 760 3216; x_wconf 79' lang='lat' dir='ltr'><strong><em>facili</em></strong></span> <span class='ocrx_word' id='word_1_371' title='bbox 785 3160 1106 3230; x_wconf 89' lang='lat' dir='ltr'><strong><em>compendio</em></strong></span> <span class='ocrx_word' id='word_1_372' title='bbox 1134 3149 1490 3226; x_wconf 76' lang='lat' dir='ltr'><strong><em>satisfaciam,</em></strong></span> <span class='ocrx_word' id='word_1_373' title='bbox 1538 3173 1717 3228; x_wconf 88' lang='lat' dir='ltr'><strong><em>neque</em></strong></span> <span class='ocrx_word' id='word_1_374' title='bbox 1740 3169 1921 3213; x_wconf 88' lang='lat' dir='ltr'><strong><em>tamen</em></strong></span> <span class='ocrx_word' id='word_1_375' title='bbox 1951 3173 2043 3212; x_wconf 85' lang='lat' dir='ltr'><strong><em>ra-</em></strong></span> 
     </span>
    </p>
   </div>
   <div class='ocr_carea' id='block_1_49' title="bbox 462 3246 2044 3321">
    <p class='ocr_par' dir='ltr' id='par_1_49' title="bbox 462 3246 2044 3321">
     <span class='ocr_line' id='line_1_49' title="bbox 462 3246 2044 3321; baseline -0.005 -14"><span class='ocrx_word' id='word_1_376' title='bbox 462 3255 642 3309; x_wconf 86' lang='lat' dir='ltr'><strong><em>tiones</em></strong></span> <span class='ocrx_word' id='word_1_377' title='bbox 695 3252 990 3308; x_wconf 87' lang='lat' dir='ltr'><strong><em>altissimas</em></strong></span> <span class='ocrx_word' id='word_1_378' title='bbox 1045 3252 1351 3306; x_wconf 89' lang='lat' dir='ltr'><strong><em>divinormn</em></strong></span> <span class='ocrx_word' id='word_1_379' title='bbox 1403 3250 1789 3321; x_wconf 87' lang='lat' dir='ltr'><strong><em>mysteriorum</em></strong></span> <span class='ocrx_word' id='word_1_380' title='bbox 1841 3246 2044 3317; x_wconf 88' lang='lat' dir='ltr'><strong><em>passim</em></strong></span> 
     </span>
    </p>
   </div>
   <div class='ocr_carea' id='block_1_50' title="bbox 461 3339 2046 3416">
    <p class='ocr_par' dir='ltr' id='par_1_50' title="bbox 461 3339 2046 3416">
     <span class='ocr_line' id='line_1_50' title="bbox 461 3339 2046 3416; baseline -0.006 -15"><span class='ocrx_word' id='word_1_381' title='bbox 461 3347 692 3416; x_wconf 86' lang='lat' dir='ltr'><strong><em>prodam</em></strong></span> <span class='ocrx_word' id='word_1_382' title='bbox 730 3363 743 3399; x_wconf 91' lang='lat'>:</span> <span class='ocrx_word' id='word_1_383' title='bbox 778 3343 846 3400; x_wconf 91' lang='lat' dir='ltr'><strong><em>de</em></strong></span> <span class='ocrx_word' id='word_1_384' title='bbox 873 3345 977 3400; x_wconf 90' lang='lat' dir='ltr'><strong><em>hoc</em></strong></span> <span class='ocrx_word' id='word_1_385' title='bbox 1029 3353 1180 3400; x_wconf 88' lang='lat' dir='ltr'><strong><em>certe</em></strong></span> <span class='ocrx_word' id='word_1_386' title='bbox 1225 3343 1554 3398; x_wconf 81' lang='lat' dir='ltr'><strong><em>universalis</em></strong></span> <span class='ocrx_word' id='word_1_387' title='bbox 1604 3340 1847 3397; x_wconf 89' lang='lat' dir='ltr'><strong><em>Ecclesia</em></strong></span> <span class='ocrx_word' id='word_1_388' title='bbox 1889 3339 2046 3394; x_wconf 90' lang='lat' dir='ltr'><strong><em>testis</em></strong></span> 
     </span>
    </p>
   </div>
   <div class='ocr_carea' id='block_1_51' title="bbox 461 3431 2048 3507">
    <p class='ocr_par' dir='ltr' id='par_1_51' title="bbox 461 3431 2048 3507">
     <span class='ocr_line' id='line_1_51' title="bbox 461 3431 2048 3507; baseline -0.006 -13"><span class='ocrx_word' id='word_1_389' title='bbox 461 3447 569 3504; x_wconf 87' lang='lat' dir='ltr'><strong><em>est,</em></strong></span> <span class='ocrx_word' id='word_1_390' title='bbox 618 3453 746 3507; x_wconf 72' lang='lat' dir='ltr'><strong><em>quia</em></strong></span> <span class='ocrx_word' id='word_1_391' title='bbox 797 3437 1227 3507; x_wconf 84' lang='lat' dir='ltr'><strong><em>quotiescunque</em></strong></span> <span class='ocrx_word' id='word_1_392' title='bbox 1274 3435 1325 3489; x_wconf 92' lang='lat' dir='ltr'><strong><em>id</em></strong></span> <span class='ocrx_word' id='word_1_393' title='bbox 1377 3434 1665 3499; x_wconf 87' lang='lat' dir='ltr'><strong><em>sumimus,</em></strong></span> <span class='ocrx_word' id='word_1_394' title='bbox 1715 3447 1815 3487; x_wconf 89' lang='lat' dir='ltr'><strong><em>nos</em></strong></span> <span class='ocrx_word' id='word_1_395' title='bbox 1861 3431 2048 3500; x_wconf 85' lang='lat' dir='ltr'><strong><em>utique</em></strong></span> 
     </span>
    </p>
   </div>
   <div class='ocr_carea' id='block_1_52' title="bbox 463 3519 2049 3595">
    <p class='ocr_par' dir='ltr' id='par_1_52' title="bbox 463 3519 2049 3595">
     <span class='ocr_line' id='line_1_52' title="bbox 463 3519 2049 3595; baseline -0.006 -11"><span class='ocrx_word' id='word_1_396' title='bbox 463 3529 806 3584; x_wconf 82' lang='lat' dir='ltr'><strong><em>Christianos</em></strong></span> <span class='ocrx_word' id='word_1_397' title='bbox 828 3541 972 3592; x_wconf 90' lang='lat' dir='ltr'><strong><em>esse,</em></strong></span> <span class='ocrx_word' id='word_1_398' title='bbox 999 3526 1052 3580; x_wconf 89' lang='lat' dir='ltr'><strong><em>id</em></strong></span> <span class='ocrx_word' id='word_1_399' title='bbox 1091 3534 1196 3592; x_wconf 88' lang='lat' dir='ltr'><strong><em>est,</em></strong></span> <span class='ocrx_word' id='word_1_400' title='bbox 1225 3523 1583 3595; x_wconf 82' lang='lat' dir='ltr'><strong><em>spiritualiter</em></strong></span> <span class='ocrx_word' id='word_1_401' title='bbox 1620 3530 1779 3577; x_wconf 90' lang='lat' dir='ltr'><strong><em>natos</em></strong></span> <span class='ocrx_word' id='word_1_402' title='bbox 1807 3519 2049 3576; x_wconf 86' lang='lat' dir='ltr'><strong><em>ostendi-</em></strong></span> 
     </span>
    </p>
   </div>
   <div class='ocr_carea' id='block_1_53' title="bbox 463 3614 2048 3690">
    <p class='ocr_par' dir='ltr' id='par_1_53' title="bbox 463 3614 2048 3690">
     <span class='ocr_line' id='line_1_53' title="bbox 463 3614 2048 3690; baseline -0.008 -14"><span class='ocrx_word' id='word_1_403' title='bbox 463 3636 604 3677; x_wconf 90' lang='lat' dir='ltr'><strong><em>mus.</em></strong></span> <span class='ocrx_word' id='word_1_404' title='bbox 646 3620 1057 3690; x_wconf 85' lang='lat' dir='ltr'><strong><em>Consequenter</em></strong></span> <span class='ocrx_word' id='word_1_405' title='bbox 1085 3632 1215 3689; x_wconf 89' lang='lat' dir='ltr'><strong><em>ergo</em></strong></span> <span class='ocrx_word' id='word_1_406' title='bbox 1257 3626 1314 3671; x_wconf 90' lang='lat' dir='ltr'><strong><em>ct</em></strong></span> <span class='ocrx_word' id='word_1_407' title='bbox 1354 3614 1775 3678; x_wconf 73' lang='lat' dir='ltr'><strong><em>concruciﬁxos,</em></strong></span> <span class='ocrx_word' id='word_1_408' title='bbox 1813 3620 1868 3667; x_wconf 88' lang='lat' dir='ltr'><strong><em>et</em></strong></span> <span class='ocrx_word' id='word_1_409' title='bbox 1913 3626 2048 3666; x_wconf 85' lang='lat' dir='ltr'><strong><em>con-</em></strong></span> 
     </span>
    </p>
   </div>
   <div class='ocr_carea' id='block_1_54' title="bbox 462 3695 2050 3780">
    <p class='ocr_par' dir='ltr' id='par_1_54' title="bbox 462 3695 2050 3780">
     <span class='ocr_line' id='line_1_54' title="bbox 462 3695 2050 3780; baseline -0.008 -12"><span class='ocrx_word' id='word_1_410' title='bbox 462 3725 727 3776; x_wconf 89' lang='lat' dir='ltr'><strong><em>mortuos,</em></strong></span> <span class='ocrx_word' id='word_1_411' title='bbox 783 3721 838 3766; x_wconf 89' lang='lat' dir='ltr'><strong><em>et</em></strong></span> <span class='ocrx_word' id='word_1_412' title='bbox 881 3710 1229 3780; x_wconf 81' lang='lat' dir='ltr'><strong><em>consepultus</em></strong></span> <span class='ocrx_word' id='word_1_413' title='bbox 1267 3695 1496 3763; x_wconf 76' lang='lat' dir='ltr'><strong><em>Duntino</em></strong></span> <span class='ocrx_word' id='word_1_414' title='bbox 1528 3715 1711 3760; x_wconf 89' lang='lat' dir='ltr'><strong><em>nostro</em></strong></span> <span class='ocrx_word' id='word_1_415' title='bbox 1741 3721 1836 3775; x_wconf 87' lang='lat' dir='ltr'><strong><em>per</em></strong></span> <span class='ocrx_word' id='word_1_416' title='bbox 1874 3703 2050 3772; x_wconf 85' lang='lat' dir='ltr'><strong><em>bapti-</em></strong></span> 
     </span>
    </p>
   </div>
   <div class='ocr_carea' id='block_1_55' title="bbox 467 3794 2052 3866">
    <p class='ocr_par' dir='ltr' id='par_1_55' title="bbox 467 3794 2052 3866">
     <span class='ocr_line' id='line_1_55' title="bbox 467 3794 2052 3866; baseline -0.008 -7"><span class='ocrx_word' id='word_1_417' title='bbox 467 3819 644 3860; x_wconf 88' lang='lat' dir='ltr'><strong><em>smum</em></strong></span> <span class='ocrx_word' id='word_1_418' title='bbox 697 3803 753 3856; x_wconf 89' lang='lat' dir='ltr'><strong><em>in</em></strong></span> <span class='ocrx_word' id='word_1_419' title='bbox 786 3811 1038 3866; x_wconf 91' lang='lat' dir='ltr'><strong><em>mortem,</em></strong></span> <span class='ocrx_word' id='word_1_420' title='bbox 1065 3800 1159 3855; x_wconf 88' lang='lat' dir='ltr'><strong><em>sed</em></strong></span> <span class='ocrx_word' id='word_1_421' title='bbox 1197 3809 1252 3853; x_wconf 89' lang='lat' dir='ltr'><strong><em>et</em></strong></span> <span class='ocrx_word' id='word_1_422' title='bbox 1283 3798 1692 3854; x_wconf 81' lang='lat' dir='ltr'><strong><em>consurrexisse</em></strong></span> <span class='ocrx_word' id='word_1_423' title='bbox 1731 3811 1828 3852; x_wconf 90' lang='lat' dir='ltr'><strong><em>nos</em></strong></span> <span class='ocrx_word' id='word_1_424' title='bbox 1869 3794 2052 3849; x_wconf 68' lang='lat' dir='ltr'><strong><em>declao</em></strong></span> 
     </span>
    </p>
   </div>
   <div class='ocr_carea' id='block_1_56' title="bbox 473 3886 2051 3960">
    <p class='ocr_par' dir='ltr' id='par_1_56' title="bbox 473 3886 2051 3960">
     <span class='ocr_line' id='line_1_56' title="bbox 473 3886 2051 3960; baseline -0.004 -12"><span class='ocrx_word' id='word_1_425' title='bbox 473 3909 679 3948; x_wconf 85' lang='lat' dir='ltr'><strong><em>ramus.</em></strong></span> <span class='ocrx_word' id='word_1_426' title='bbox 705 3893 806 3947; x_wconf 87' lang='lat' dir='ltr'><strong><em>Per</em></strong></span> <span class='ocrx_word' id='word_1_427' title='bbox 833 3893 976 3947; x_wconf 89' lang='lat' dir='ltr'><strong><em>hanc</em></strong></span> <span class='ocrx_word' id='word_1_428' title='bbox 1018 3905 1232 3960; x_wconf 90' lang='lat' dir='ltr'><strong><em>quoque</em></strong></span> <span class='ocrx_word' id='word_1_429' title='bbox 1254 3889 1385 3943; x_wconf 91' lang='lat' dir='ltr'><strong><em>vitia</em></strong></span> <span class='ocrx_word' id='word_1_430' title='bbox 1419 3889 1758 3956; x_wconf 81' lang='lat' dir='ltr'><strong><em>expellimus,</em></strong></span> <span class='ocrx_word' id='word_1_431' title='bbox 1793 3902 1890 3956; x_wconf 84' lang='lat' dir='ltr'><strong><em>per</em></strong></span> <span class='ocrx_word' id='word_1_432' title='bbox 1911 3886 2051 3942; x_wconf 89' lang='lat' dir='ltr'><strong><em>hanc</em></strong></span> 
     </span>
    </p>
   </div>
   <div class='ocr_carea' id='block_1_57' title="bbox 471 3979 2054 4048">
    <p class='ocr_par' dir='ltr' id='par_1_57' title="bbox 471 3979 2054 4048">
     <span class='ocr_line' id='line_1_57' title="bbox 471 3979 2054 4048; baseline -0.005 -8"><span class='ocrx_word' id='word_1_433' title='bbox 471 4002 572 4042; x_wconf 87' lang='lat' dir='ltr'><strong><em>nos</em></strong></span> <span class='ocrx_word' id='word_1_434' title='bbox 625 3985 678 4039; x_wconf 90' lang='lat' dir='ltr'><strong><em>in</em></strong></span> <span class='ocrx_word' id='word_1_435' title='bbox 729 4000 866 4038; x_wconf 85' lang='lat' dir='ltr'><strong><em>nova</em></strong></span> <span class='ocrx_word' id='word_1_436' title='bbox 922 3984 1030 4040; x_wconf 90' lang='lat' dir='ltr'><strong><em>vita</em></strong></span> <span class='ocrx_word' id='word_1_437' title='bbox 1062 3982 1372 4039; x_wconf 86' lang='lat' dir='ltr'><strong><em>conﬁrmari</em></strong></span> <span class='ocrx_word' id='word_1_438' title='bbox 1399 3980 1754 4044; x_wconf 87' lang='lat' dir='ltr'><strong><em>conﬁdimus;</em></strong></span> <span class='ocrx_word' id='word_1_439' title='bbox 1787 3995 1883 4048; x_wconf 89' lang='lat' dir='ltr'><strong><em>per</em></strong></span> <span class='ocrx_word' id='word_1_440' title='bbox 1913 3979 2054 4032; x_wconf 89' lang='lat' dir='ltr'><strong><em>hanc</em></strong></span> 
     </span>
    </p>
   </div>
   <div class='ocr_carea' id='block_1_58' title="bbox 466 4072 2052 4148">
    <p class='ocr_par' dir='ltr' id='par_1_58' title="bbox 466 4072 2052 4148">
     <span class='ocr_line' id='line_1_58' title="bbox 466 4072 2052 4148; baseline -0.008 -18"><span class='ocrx_word' id='word_1_441' title='bbox 466 4077 811 4148; x_wconf 81' lang='lat' dir='ltr'><strong><em>postmodum</em></strong></span> <span class='ocrx_word' id='word_1_442' title='bbox 837 4076 1109 4146; x_wconf 78' lang='lat' dir='ltr'><strong><em>perfectos</em></strong></span> <span class='ocrx_word' id='word_1_443' title='bbox 1132 4072 1440 4144; x_wconf 85' lang='lat' dir='ltr'><strong><em>ad’regnnm</em></strong></span> <span class='ocrx_word' id='word_1_444' title='bbox 1460 4081 1723 4126; x_wconf 63' lang='lat' dir='ltr'><strong><em>aeternum</em></strong></span> <span class='ocrx_word' id='word_1_445' title='bbox 1744 4085 1843 4124; x_wconf 86' lang='lat' dir='ltr'><strong><em>nos</em></strong></span> <span class='ocrx_word' id='word_1_446' title='bbox 1865 4084 2052 4124; x_wconf 48' lang='lat' dir='ltr'><strong><em>ascen.</em></strong></span> 
     </span>
    </p>
   </div>
   <div class='ocr_carea' id='block_1_59' title="bbox 466 4164 2054 4240">
    <p class='ocr_par' dir='ltr' id='par_1_59' title="bbox 466 4164 2054 4240">
     <span class='ocr_line' id='line_1_59' title="bbox 466 4164 2054 4240; baseline -0.003 -18"><span class='ocrx_word' id='word_1_447' title='bbox 466 4185 627 4224; x_wconf 90' lang='lat' dir='ltr'><strong><em>suros</em></strong></span> <span class='ocrx_word' id='word_1_448' title='bbox 683 4185 988 4240; x_wconf 87' lang='lat' dir='ltr'><strong><em>speramus.</em></strong></span> <span class='ocrx_word' id='word_1_449' title='bbox 1028 4169 1147 4224; x_wconf 75' lang='lat' dir='ltr'><strong><em>1am</em></strong></span> <span class='ocrx_word' id='word_1_450' title='bbox 1183 4184 1312 4223; x_wconf 91' lang='lat' dir='ltr'><strong><em>vero</em></strong></span> <span class='ocrx_word' id='word_1_451' title='bbox 1337 4167 1484 4238; x_wconf 89' lang='lat' dir='ltr'><strong><em>quod</em></strong></span> <span class='ocrx_word' id='word_1_452' title='bbox 1513 4166 1778 4220; x_wconf 85' lang='lat' dir='ltr'><strong><em>unitatem</em></strong></span> <span class='ocrx_word' id='word_1_453' title='bbox 1809 4164 2054 4233; x_wconf 82' lang='lat' dir='ltr'><strong><em>corporis</em></strong></span> 
     </span>
    </p>
   </div>
   <div class='ocr_carea' id='block_1_60' title="bbox 471 4260 2056 4332">
    <p class='ocr_par' dir='ltr' id='par_1_60' title="bbox 471 4260 2056 4332">
     <span class='ocr_line' id='line_1_60' title="bbox 471 4260 2056 4332; baseline -0.004 -17"><span class='ocrx_word' id='word_1_454' title='bbox 471 4261 726 4317; x_wconf 73' lang='lat' dir='ltr'><strong><em>Ecclesim</em></strong></span> <span class='ocrx_word' id='word_1_455' title='bbox 769 4277 924 4317; x_wconf 86' lang='lat' dir='ltr'><strong><em>sacra</em></strong></span> <span class='ocrx_word' id='word_1_456' title='bbox 985 4262 1178 4332; x_wconf 89' lang='lat' dir='ltr'><strong><em>ﬁguret</em></strong></span> <span class='ocrx_word' id='word_1_457' title='bbox 1224 4260 1444 4322; x_wconf 88' lang='lat' dir='ltr'><strong><em>oblatio,</em></strong></span> <span class='ocrx_word' id='word_1_458' title='bbox 1496 4274 1603 4314; x_wconf 89' lang='lat' dir='ltr'><strong><em>non</em></strong></span> <span class='ocrx_word' id='word_1_459' title='bbox 1628 4269 1712 4313; x_wconf 90' lang='lat' dir='ltr'><strong><em>est</em></strong></span> <span class='ocrx_word' id='word_1_460' title='bbox 1745 4271 1968 4312; x_wconf 89' lang='lat' dir='ltr'><strong><em>necesse</em></strong></span> <span class='ocrx_word' id='word_1_461' title='bbox 1995 4264 2056 4308; x_wconf 88' lang='lat' dir='ltr'><strong><em>ut</em></strong></span> 
     </span>
    </p>
   </div>
   <div class='ocr_carea' id='block_1_61' title="bbox 467 4345 2089 4419">
    <p class='ocr_par' dir='ltr' id='par_1_61' title="bbox 467 4345 2089 4419">
     <span class='ocr_line' id='line_1_61' title="bbox 467 4345 2089 4419; baseline -0.003 -17"><span class='ocrx_word' id='word_1_462' title='bbox 467 4349 573 4402; x_wconf 83' lang='lat' dir='ltr'><strong><em>hoc</em></strong></span> <span class='ocrx_word' id='word_1_463' title='bbox 595 4350 873 4419; x_wconf 88' lang='lat' dir='ltr'><strong><em>probando</em></strong></span> <span class='ocrx_word' id='word_1_464' title='bbox 921 4350 1188 4406; x_wconf 88' lang='lat' dir='ltr'><strong><em>laborem.</em></strong></span> <span class='ocrx_word' id='word_1_465' title='bbox 1243 4348 1444 4404; x_wconf 85' lang='lat' dir='ltr'><strong><em>Paulus</em></strong></span> <span class='ocrx_word' id='word_1_466' title='bbox 1472 4348 1616 4403; x_wconf 89' lang='lat' dir='ltr'><strong><em>enim</em></strong></span> <span class='ocrx_word' id='word_1_467' title='bbox 1647 4348 1698 4402; x_wconf 92' lang='lat' dir='ltr'><strong><em>id</em></strong></span> <span class='ocrx_word' id='word_1_468' title='bbox 1724 4345 2056 4402; x_wconf 84' lang='lat' dir='ltr'><strong><em>sullicientcr</em></strong></span> <span class='ocrx_word' id='word_1_469' title='bbox 2085 4359 2089 4364; x_wconf 79' lang='lat'>&#39;</span> 
     </span>
    </p>
   </div>
   <div class='ocr_carea' id='block_1_62' title="bbox 2136 1887 3727 1958">
    <p class='ocr_par' dir='ltr' id='par_1_62' title="bbox 2136 1887 3727 1958">
     <span class='ocr_line' id='line_1_62' title="bbox 2136 1887 3727 1958; baseline -0.001 -16"><span class='ocrx_word' id='word_1_470' title='bbox 2136 1887 2344 1950; x_wconf 83' lang='lat' dir='ltr'><strong><em>dicitur</em></strong></span> <span class='ocrx_word' id='word_1_471' title='bbox 2393 1887 2636 1958; x_wconf 85' lang='lat' dir='ltr'><strong><em>signum.</em></strong></span> <span class='ocrx_word' id='word_1_472' title='bbox 2690 1888 2859 1957; x_wconf 88' lang='lat' dir='ltr'><strong><em>Ipsius</em></strong></span> <span class='ocrx_word' id='word_1_473' title='bbox 2907 1902 3036 1942; x_wconf 84' lang='lat' dir='ltr'><strong><em>vero</em></strong></span> <span class='ocrx_word' id='word_1_474' title='bbox 3067 1888 3311 1956; x_wconf 89' lang='lat' dir='ltr'><strong><em>corporis</em></strong></span> <span class='ocrx_word' id='word_1_475' title='bbox 3333 1902 3446 1958; x_wconf 89' lang='lat' dir='ltr'><strong><em>quo</em></strong></span> <span class='ocrx_word' id='word_1_476' title='bbox 3467 1887 3727 1946; x_wconf 82' lang='lat' dir='ltr'><strong><em>divinitas</em></strong></span> 
     </span>
    </p>
   </div>
   <div class='ocr_carea' id='block_1_63' title="bbox 2137 1977 3722 2048">
    <p class='ocr_par' dir='ltr' id='par_1_63' title="bbox 2137 1977 3722 2048">
     <span class='ocr_line' id='line_1_63' title="bbox 2137 1977 3722 2048; baseline 0.001 -17"><span class='ocrx_word' id='word_1_477' title='bbox 2137 1978 2438 2045; x_wconf 34' lang='lat' dir='ltr'><strong><em>.Salvatoris</em></strong></span> <span class='ocrx_word' id='word_1_478' title='bbox 2481 1979 2697 2047; x_wconf 84' lang='lat' dir='ltr'><strong><em>proprie</em></strong></span> <span class='ocrx_word' id='word_1_479' title='bbox 2745 1977 2929 2032; x_wconf 79' lang='lat' dir='ltr'><strong><em>induta</em></strong></span> <span class='ocrx_word' id='word_1_480' title='bbox 2971 1990 3054 2033; x_wconf 88' lang='lat' dir='ltr'><strong><em>est</em></strong></span> <span class='ocrx_word' id='word_1_481' title='bbox 3087 1977 3227 2047; x_wconf 85' lang='lat' dir='ltr'><strong><em>apud</em></strong></span> <span class='ocrx_word' id='word_1_482' title='bbox 3262 1977 3574 2048; x_wconf 86' lang='lat' dir='ltr'><strong><em>quempiam</em></strong></span> <span class='ocrx_word' id='word_1_483' title='bbox 3599 1992 3722 2032; x_wconf 82' lang='lat' dir='ltr'><strong><em>auc-</em></strong></span> 
     </span>
    </p>
   </div>
   <div class='ocr_carea' id='block_1_64' title="bbox 2146 2069 3726 2139">
    <p class='ocr_par' dir='ltr' id='par_1_64' title="bbox 2146 2069 3726 2139">
     <span class='ocr_line' id='line_1_64' title="bbox 2146 2069 3726 2139; baseline 0.002 -17"><span class='ocrx_word' id='word_1_484' title='bbox 2146 2078 2342 2132; x_wconf 88' lang='lat' dir='ltr'><strong><em>torum,</em></strong></span> <span class='ocrx_word' id='word_1_485' title='bbox 2385 2080 2477 2122; x_wconf 85' lang='lat' dir='ltr'><strong><em>aut</em></strong></span> <span class='ocrx_word' id='word_1_486' title='bbox 2523 2084 2810 2138; x_wconf 80' lang='lat' dir='ltr'><strong><em>nusquam,</em></strong></span> <span class='ocrx_word' id='word_1_487' title='bbox 2870 2076 2964 2123; x_wconf 88' lang='lat' dir='ltr'><strong><em>aut</em></strong></span> <span class='ocrx_word' id='word_1_488' title='bbox 2997 2070 3086 2123; x_wconf 75' lang='lat' dir='ltr'><strong><em>vix</em></strong></span> <span class='ocrx_word' id='word_1_489' title='bbox 3133 2069 3344 2139; x_wconf 86' lang='lat' dir='ltr'><strong><em>signum</em></strong></span> <span class='ocrx_word' id='word_1_490' title='bbox 3387 2080 3575 2138; x_wconf 88' lang='lat' dir='ltr'><strong><em>aperte</em></strong></span> <span class='ocrx_word' id='word_1_491' title='bbox 3619 2069 3726 2125; x_wconf 78' lang='lat' dir='ltr'><strong><em>dici</em></strong></span> 
     </span>
    </p>
   </div>
   <div class='ocr_carea' id='block_1_65' title="bbox 2147 2158 3722 2229">
    <p class='ocr_par' dir='ltr' id='par_1_65' title="bbox 2147 2158 3722 2229">
     <span class='ocr_line' id='line_1_65' title="bbox 2147 2158 3722 2229; baseline 0 -15"><span class='ocrx_word' id='word_1_492' title='bbox 2147 2158 2403 2229; x_wconf 86' lang='lat' dir='ltr'><strong><em>reperies.</em></strong></span> <span class='ocrx_word' id='word_1_493' title='bbox 2465 2159 2563 2215; x_wconf 84' lang='lat' dir='ltr'><strong><em>Ubi</em></strong></span> <span class='ocrx_word' id='word_1_494' title='bbox 2620 2176 2752 2214; x_wconf 85' lang='lat' dir='ltr'><strong><em>sane</em></strong></span> <span class='ocrx_word' id='word_1_495' title='bbox 2801 2159 3074 2214; x_wconf 87' lang='lat' dir='ltr'><strong><em>invenitur</em></strong></span> <span class='ocrx_word' id='word_1_496' title='bbox 3119 2160 3447 2214; x_wconf 89' lang='lat' dir='ltr'><strong><em>eucharistia</em></strong></span> <span class='ocrx_word' id='word_1_497' title='bbox 3505 2161 3722 2216; x_wconf 64' lang='lat' dir='ltr'><strong><em>dicisa«</em></strong></span> 
     </span>
    </p>
   </div>
   <div class='ocr_carea' id='block_1_66' title="bbox 2143 2248 3718 2318">
    <p class='ocr_par' dir='ltr' id='par_1_66' title="bbox 2143 2248 3718 2318">
     <span class='ocr_line' id='line_1_66' title="bbox 2143 2248 3718 2318; baseline -0.001 -15"><span class='ocrx_word' id='word_1_498' title='bbox 2143 2258 2485 2304; x_wconf 87' lang='lat' dir='ltr'><strong><em>cramentum</em></strong></span> <span class='ocrx_word' id='word_1_499' title='bbox 2530 2248 2778 2318; x_wconf 86' lang='lat' dir='ltr'><strong><em>corporis</em></strong></span> <span class='ocrx_word' id='word_1_500' title='bbox 2829 2248 3061 2310; x_wconf 88' lang='lat' dir='ltr'><strong><em>Domini,</em></strong></span> <span class='ocrx_word' id='word_1_501' title='bbox 3109 2256 3202 2302; x_wconf 87' lang='lat' dir='ltr'><strong><em>aut</em></strong></span> <span class='ocrx_word' id='word_1_502' title='bbox 3251 2249 3718 2304; x_wconf 86' lang='lat' dir='ltr'><strong><em>constructionem</em></strong></span> 
     </span>
    </p>
   </div>
   <div class='ocr_carea' id='block_1_67' title="bbox 2143 2341 3728 2410">
    <p class='ocr_par' dir='ltr' id='par_1_67' title="bbox 2143 2341 3728 2410">
     <span class='ocr_line' id='line_1_67' title="bbox 2143 2341 3728 2410; baseline -0.004 -12"><span class='ocrx_word' id='word_1_503' title='bbox 2143 2343 2460 2410; x_wconf 84' lang='lat' dir='ltr'><strong><em>verborum,</em></strong></span> <span class='ocrx_word' id='word_1_504' title='bbox 2521 2343 2602 2399; x_wconf 86' lang='lat' dir='ltr'><strong><em>sic</em></strong></span> <span class='ocrx_word' id='word_1_505' title='bbox 2646 2343 3013 2398; x_wconf 88' lang='lat' dir='ltr'><strong><em>resolvimus:</em></strong></span> <span class='ocrx_word' id='word_1_506' title='bbox 3062 2341 3400 2396; x_wconf 85' lang='lat' dir='ltr'><strong><em>Eucharistia</em></strong></span> <span class='ocrx_word' id='word_1_507' title='bbox 3431 2349 3518 2394; x_wconf 88' lang='lat' dir='ltr'><strong><em>est</em></strong></span> <span class='ocrx_word' id='word_1_508' title='bbox 3542 2355 3728 2394; x_wconf 77' lang='lat' dir='ltr'><strong><em>sacra-</em></strong></span> 
     </span>
    </p>
   </div>
   <div class='ocr_carea' id='block_1_68' title="bbox 2145 2432 3726 2505">
    <p class='ocr_par' dir='ltr' id='par_1_68' title="bbox 2145 2432 3726 2505">
     <span class='ocr_line' id='line_1_68' title="bbox 2145 2432 3726 2505; baseline -0.002 -16"><span class='ocrx_word' id='word_1_509' title='bbox 2145 2444 2390 2490; x_wconf 83' lang='lat' dir='ltr'><strong><em>mentum</em></strong></span> <span class='ocrx_word' id='word_1_510' title='bbox 2444 2435 2588 2504; x_wconf 91' lang='lat' dir='ltr'><strong><em>quod</em></strong></span> <span class='ocrx_word' id='word_1_511' title='bbox 2643 2443 2728 2490; x_wconf 88' lang='lat' dir='ltr'><strong><em>est</em></strong></span> <span class='ocrx_word' id='word_1_512' title='bbox 2762 2449 2962 2505; x_wconf 85' lang='lat' dir='ltr'><strong><em>corpus</em></strong></span> <span class='ocrx_word' id='word_1_513' title='bbox 2996 2434 3231 2497; x_wconf 89' lang='lat' dir='ltr'><strong><em>Domini,</em></strong></span> <span class='ocrx_word' id='word_1_514' title='bbox 3267 2442 3325 2487; x_wconf 91' lang='lat' dir='ltr'><strong><em>ut</em></strong></span> <span class='ocrx_word' id='word_1_515' title='bbox 3369 2433 3482 2502; x_wconf 90' lang='lat' dir='ltr'><strong><em>ipsa</em></strong></span> <span class='ocrx_word' id='word_1_516' title='bbox 3509 2432 3726 2502; x_wconf 75' lang='lat' dir='ltr'><strong><em>quidem</em></strong></span> 
     </span>
    </p>
   </div>
   <div class='ocr_carea' id='block_1_69' title="bbox 2145 2526 3727 2600">
    <p class='ocr_par' dir='ltr' id='par_1_69' title="bbox 2145 2526 3727 2600">
     <span class='ocr_line' id='line_1_69' title="bbox 2145 2526 3727 2600; baseline -0.004 -16"><span class='ocrx_word' id='word_1_517' title='bbox 2145 2528 2216 2584; x_wconf 85' lang='lat' dir='ltr'><strong><em>sit</em></strong></span> <span class='ocrx_word' id='word_1_518' title='bbox 2261 2543 2388 2585; x_wconf 87' lang='lat' dir='ltr'><strong><em>vete</em></strong></span> <span class='ocrx_word' id='word_1_519' title='bbox 2435 2544 2635 2600; x_wconf 75' lang='lat' dir='ltr'><strong><em>corpus</em></strong></span> <span class='ocrx_word' id='word_1_520' title='bbox 2691 2528 2951 2594; x_wconf 90' lang='lat' dir='ltr'><strong><em>Domini;</em></strong></span> <span class='ocrx_word' id='word_1_521' title='bbox 3011 2535 3415 2583; x_wconf 84' lang='lat' dir='ltr'><strong><em>sacramentum</em></strong></span> <span class='ocrx_word' id='word_1_522' title='bbox 3471 2541 3603 2580; x_wconf 86' lang='lat' dir='ltr'><strong><em>vero</em></strong></span> <span class='ocrx_word' id='word_1_523' title='bbox 3652 2526 3727 2579; x_wconf 91' lang='lat' dir='ltr'><strong><em>sit</em></strong></span> 
     </span>
    </p>
   </div>
   <div class='ocr_carea' id='block_1_70' title="bbox 2147 2607 3719 2689">
    <p class='ocr_par' dir='ltr' id='par_1_70' title="bbox 2147 2607 3719 2689">
     <span class='ocr_line' id='line_1_70' title="bbox 2147 2607 3719 2689; baseline -0.001 -16"><span class='ocrx_word' id='word_1_524' title='bbox 2147 2607 2374 2674; x_wconf 84' lang='lat' dir='ltr'><strong><em>aliarum</em></strong></span> <span class='ocrx_word' id='word_1_525' title='bbox 2424 2634 2632 2686; x_wconf 84' lang='lat' dir='ltr'><strong><em>rerum,</em></strong></span> <span class='ocrx_word' id='word_1_526' title='bbox 2690 2613 3074 2689; x_wconf 69' lang='lat' dir='ltr'><strong><em>praedictorum</em></strong></span> <span class='ocrx_word' id='word_1_527' title='bbox 3120 2618 3369 2672; x_wconf 86' lang='lat' dir='ltr'><strong><em>videlicet</em></strong></span> <span class='ocrx_word' id='word_1_528' title='bbox 3427 2617 3719 2671; x_wconf 86' lang='lat' dir='ltr'><strong><em>bonorum.</em></strong></span> 
     </span>
    </p>
   </div>
   <div class='ocr_carea' id='block_1_71' title="bbox 2146 2707 3717 2772">
    <p class='ocr_par' dir='ltr' id='par_1_71' title="bbox 2146 2707 3717 2772">
     <span class='ocr_line' id='line_1_71' title="bbox 2146 2707 3717 2772; baseline -0.004 -6"><span class='ocrx_word' id='word_1_529' title='bbox 2146 2712 2286 2766; x_wconf 88' lang='lat' dir='ltr'><strong><em>sicut</em></strong></span> <span class='ocrx_word' id='word_1_530' title='bbox 2327 2710 2563 2766; x_wconf 87' lang='lat' dir='ltr'><strong><em>solemus</em></strong></span> <span class='ocrx_word' id='word_1_531' title='bbox 2607 2710 2828 2766; x_wconf 85' lang='lat' dir='ltr'><strong><em>dicere:</em></strong></span> <span class='ocrx_word' id='word_1_532' title='bbox 2862 2711 3004 2766; x_wconf 90' lang='lat' dir='ltr'><strong><em>Deus</em></strong></span> <span class='ocrx_word' id='word_1_533' title='bbox 3040 2721 3123 2764; x_wconf 90' lang='lat' dir='ltr'><strong><em>cst</em></strong></span> <span class='ocrx_word' id='word_1_534' title='bbox 3166 2708 3611 2772; x_wconf 75' lang='lat' dir='ltr'><strong><em>fons’bonitatis,</em></strong></span> <span class='ocrx_word' id='word_1_535' title='bbox 3662 2707 3717 2761; x_wconf 86' lang='lat' dir='ltr'><strong><em>id</em></strong></span> 
     </span>
    </p>
   </div>
   <div class='ocr_carea' id='block_1_72' title="bbox 2147 2799 3725 2872">
    <p class='ocr_par' dir='ltr' id='par_1_72' title="bbox 2147 2799 3725 2872">
     <span class='ocr_line' id='line_1_72' title="bbox 2147 2799 3725 2872; baseline -0.003 -16"><span class='ocrx_word' id='word_1_536' title='bbox 2147 2811 2230 2856; x_wconf 87' lang='lat' dir='ltr'><strong><em>cst</em></strong></span> <span class='ocrx_word' id='word_1_537' title='bbox 2262 2800 2381 2856; x_wconf 80' lang='lat' dir='ltr'><strong><em>fons</em></strong></span> <span class='ocrx_word' id='word_1_538' title='bbox 2410 2801 2499 2871; x_wconf 87' lang='lat' dir='ltr'><strong><em>qui</em></strong></span> <span class='ocrx_word' id='word_1_539' title='bbox 2535 2811 2618 2856; x_wconf 88' lang='lat' dir='ltr'><strong><em>est</em></strong></span> <span class='ocrx_word' id='word_1_540' title='bbox 2660 2802 2895 2866; x_wconf 87' lang='lat' dir='ltr'><strong><em>bonitas,</em></strong></span> <span class='ocrx_word' id='word_1_541' title='bbox 2927 2810 2983 2856; x_wconf 87' lang='lat' dir='ltr'><strong><em>et</em></strong></span> <span class='ocrx_word' id='word_1_542' title='bbox 3016 2801 3290 2872; x_wconf 79' lang='lat' dir='ltr'><strong><em>plenitudo</em></strong></span> <span class='ocrx_word' id='word_1_543' title='bbox 3320 2800 3639 2862; x_wconf 82' lang='lat' dir='ltr'><strong><em>divinitatis,</em></strong></span> <span class='ocrx_word' id='word_1_544' title='bbox 3673 2799 3725 2852; x_wconf 88' lang='lat' dir='ltr'><strong><em>id</em></strong></span> 
     </span>
    </p>
   </div>
   <div class='ocr_carea' id='block_1_73' title="bbox 2146 2888 3724 2962">
    <p class='ocr_par' dir='ltr' id='par_1_73' title="bbox 2146 2888 3724 2962">
     <span class='ocr_line' id='line_1_73' title="bbox 2146 2888 3724 2962; baseline -0.004 -15"><span class='ocrx_word' id='word_1_545' title='bbox 2146 2901 2231 2947; x_wconf 86' lang='lat' dir='ltr'><strong><em>est</em></strong></span> <span class='ocrx_word' id='word_1_546' title='bbox 2269 2891 2541 2962; x_wconf 82' lang='lat' dir='ltr'><strong><em>plenitudo</em></strong></span> <span class='ocrx_word' id='word_1_547' title='bbox 2571 2907 2694 2960; x_wconf 72' lang='lat' dir='ltr'><strong><em>qua:</em></strong></span> <span class='ocrx_word' id='word_1_548' title='bbox 2717 2899 2802 2946; x_wconf 90' lang='lat' dir='ltr'><strong><em>est</em></strong></span> <span class='ocrx_word' id='word_1_549' title='bbox 2829 2891 3102 2955; x_wconf 87' lang='lat' dir='ltr'><strong><em>divinitas,</em></strong></span> <span class='ocrx_word' id='word_1_550' title='bbox 3133 2899 3189 2946; x_wconf 86' lang='lat' dir='ltr'><strong><em>et</em></strong></span> <span class='ocrx_word' id='word_1_551' title='bbox 3226 2889 3390 2944; x_wconf 87' lang='lat' dir='ltr'><strong><em>multa</em></strong></span> <span class='ocrx_word' id='word_1_552' title='bbox 3421 2888 3724 2958; x_wconf 74' lang='lat' dir='ltr'><strong><em>huiusmodi</em></strong></span> 
     </span>
    </p>
   </div>
   <div class='ocr_carea' id='block_1_74' title="bbox 2149 2983 3730 3054">
    <p class='ocr_par' dir='ltr' id='par_1_74' title="bbox 2149 2983 3730 3054">
     <span class='ocr_line' id='line_1_74' title="bbox 2149 2983 3730 3054; baseline -0.001 -18"><span class='ocrx_word' id='word_1_553' title='bbox 2149 2983 2276 3046; x_wconf 85' lang='lat' dir='ltr'><strong><em>alia.</em></strong></span> <span class='ocrx_word' id='word_1_554' title='bbox 2310 2983 2416 3038; x_wconf 83' lang='lat' dir='ltr'><strong><em>Aut</em></strong></span> <span class='ocrx_word' id='word_1_555' title='bbox 2463 2993 2612 3039; x_wconf 90' lang='lat' dir='ltr'><strong><em>certe</em></strong></span> <span class='ocrx_word' id='word_1_556' title='bbox 2665 2983 3014 3052; x_wconf 86' lang='lat' dir='ltr'><strong><em>intelligimus</em></strong></span> <span class='ocrx_word' id='word_1_557' title='bbox 3059 2983 3203 3054; x_wconf 83' lang='lat' dir='ltr'><strong><em>quod</em></strong></span> <span class='ocrx_word' id='word_1_558' title='bbox 3257 2983 3375 3053; x_wconf 80' lang='lat' dir='ltr'><strong><em>ipsa</em></strong></span> <span class='ocrx_word' id='word_1_559' title='bbox 3409 2984 3622 3054; x_wconf 89' lang='lat' dir='ltr'><strong><em>quidem</em></strong></span> <span class='ocrx_word' id='word_1_560' title='bbox 3659 2984 3730 3036; x_wconf 88' lang='lat' dir='ltr'><strong><em>sit</em></strong></span> 
     </span>
    </p>
   </div>
   <div class='ocr_carea' id='block_1_75' title="bbox 2148 3073 3726 3145">
    <p class='ocr_par' dir='ltr' id='par_1_75' title="bbox 2148 3073 3726 3145">
     <span class='ocr_line' id='line_1_75' title="bbox 2148 3073 3726 3145; baseline -0.001 -17"><span class='ocrx_word' id='word_1_561' title='bbox 2148 3091 2342 3145; x_wconf 85' lang='lat' dir='ltr'><strong><em>corpus</em></strong></span> <span class='ocrx_word' id='word_1_562' title='bbox 2374 3075 2605 3140; x_wconf 80' lang='lat' dir='ltr'><strong><em>Domini,</em></strong></span> <span class='ocrx_word' id='word_1_563' title='bbox 2636 3075 2804 3145; x_wconf 90' lang='lat' dir='ltr'><strong><em>ipsius</em></strong></span> <span class='ocrx_word' id='word_1_564' title='bbox 2832 3075 3085 3130; x_wconf 82' lang='lat' dir='ltr'><strong><em>videlicet</em></strong></span> <span class='ocrx_word' id='word_1_565' title='bbox 3109 3073 3272 3129; x_wconf 76' lang='lat' dir='ltr'><strong><em>Verbi</em></strong></span> <span class='ocrx_word' id='word_1_566' title='bbox 3306 3074 3398 3130; x_wconf 75' lang='lat' dir='ltr'><strong><em>Dei</em></strong></span> <span class='ocrx_word' id='word_1_567' title='bbox 3433 3074 3726 3144; x_wconf 85' lang='lat' dir='ltr'><strong><em>proprium,</em></strong></span> 
     </span>
    </p>
   </div>
   <div class='ocr_carea' id='block_1_76' title="bbox 2149 3155 3735 3236">
    <p class='ocr_par' dir='ltr' id='par_1_76' title="bbox 2149 3155 3735 3236">
     <span class='ocr_line' id='line_1_76' title="bbox 2149 3155 3735 3236; baseline -0.004 -14"><span class='ocrx_word' id='word_1_568' title='bbox 2149 3175 2203 3222; x_wconf 80' lang='lat' dir='ltr'><strong><em>et</em></strong></span> <span class='ocrx_word' id='word_1_569' title='bbox 2233 3167 2480 3234; x_wconf 87' lang='lat' dir='ltr'><strong><em>corporis</em></strong></span> <span class='ocrx_word' id='word_1_570' title='bbox 2508 3165 2742 3231; x_wconf 85' lang='lat' dir='ltr'><strong><em>Domini,</em></strong></span> <span class='ocrx_word' id='word_1_571' title='bbox 2767 3166 2911 3236; x_wconf 87' lang='lat' dir='ltr'><strong><em>quod</em></strong></span> <span class='ocrx_word' id='word_1_572' title='bbox 2957 3175 3040 3220; x_wconf 88' lang='lat' dir='ltr'><strong><em>est</em></strong></span> <span class='ocrx_word' id='word_1_573' title='bbox 3068 3166 3330 3230; x_wconf 86' lang='lat' dir='ltr'><strong><em>Ecclesia,</em></strong></span> <span class='ocrx_word' id='word_1_574' title='bbox 3370 3166 3508 3220; x_wconf 88' lang='lat' dir='ltr'><strong><em>sicut</em></strong></span> <span class='ocrx_word' id='word_1_575' title='bbox 3546 3155 3735 3220; x_wconf 18' lang='lat' dir='ltr'><strong><em>beatus.</em></strong></span> 
     </span>
    </p>
   </div>
   <div class='ocr_carea' id='block_1_77' title="bbox 2148 3245 3726 3326">
    <p class='ocr_par' dir='ltr' id='par_1_77' title="bbox 2148 3245 3726 3326">
     <span class='ocr_line' id='line_1_77' title="bbox 2148 3245 3726 3326; baseline -0.001 -16"><span class='ocrx_word' id='word_1_576' title='bbox 2148 3254 2439 3324; x_wconf 82' lang='lat' dir='ltr'><strong><em>Apostolus</em></strong></span> <span class='ocrx_word' id='word_1_577' title='bbox 2487 3256 2698 3320; x_wconf 84' lang='lat' dir='ltr'><strong><em>docuit,</em></strong></span> <span class='ocrx_word' id='word_1_578' title='bbox 2749 3269 3173 3312; x_wconf 86' lang='lat' dir='ltr'><strong><em>sacramentum.</em></strong></span> <span class='ocrx_word' id='word_1_579' title='bbox 3226 3245 3475 3323; x_wconf 82' lang='lat' dir='ltr'><strong><em>Quodsi</em></strong></span> <span class='ocrx_word' id='word_1_580' title='bbox 3524 3257 3726 3326; x_wconf 86' lang='lat' dir='ltr'><strong><em>uspiam</em></strong></span> 
     </span>
    </p>
   </div>
   <div class='ocr_carea' id='block_1_78' title="bbox 2151 3345 3728 3418">
    <p class='ocr_par' dir='ltr' id='par_1_78' title="bbox 2151 3345 3728 3418">
     <span class='ocr_line' id='line_1_78' title="bbox 2151 3345 3728 3418; baseline -0.001 -18"><span class='ocrx_word' id='word_1_581' title='bbox 2151 3346 2488 3400; x_wconf 79' lang='lat' dir='ltr'><strong><em>inveniretur</em></strong></span> <span class='ocrx_word' id='word_1_582' title='bbox 2527 3347 2690 3401; x_wconf 87' lang='lat' dir='ltr'><strong><em>etiam</em></strong></span> <span class='ocrx_word' id='word_1_583' title='bbox 2737 3346 2907 3418; x_wconf 91' lang='lat' dir='ltr'><strong><em>ipsius</em></strong></span> <span class='ocrx_word' id='word_1_584' title='bbox 2948 3347 3192 3416; x_wconf 89' lang='lat' dir='ltr'><strong><em>corporis</em></strong></span> <span class='ocrx_word' id='word_1_585' title='bbox 3233 3361 3338 3416; x_wconf 90' lang='lat' dir='ltr'><strong><em>quo</em></strong></span> <span class='ocrx_word' id='word_1_586' title='bbox 3368 3345 3606 3401; x_wconf 85' lang='lat' dir='ltr'><strong><em>Verbum</em></strong></span> <span class='ocrx_word' id='word_1_587' title='bbox 3637 3346 3728 3400; x_wconf 86' lang='lat' dir='ltr'><strong><em>Dei</em></strong></span> 
     </span>
    </p>
   </div>
   <div class='ocr_carea' id='block_1_79' title="bbox 2150 3435 3732 3508">
    <p class='ocr_par' dir='ltr' id='par_1_79' title="bbox 2150 3435 3732 3508">
     <span class='ocr_line' id='line_1_79' title="bbox 2150 3435 3732 3508; baseline -0.001 -18"><span class='ocrx_word' id='word_1_588' title='bbox 2150 3436 2396 3492; x_wconf 88' lang='lat' dir='ltr'><strong><em>indutum</em></strong></span> <span class='ocrx_word' id='word_1_589' title='bbox 2445 3445 2532 3491; x_wconf 87' lang='lat' dir='ltr'><strong><em>est</em></strong></span> <span class='ocrx_word' id='word_1_590' title='bbox 2578 3437 2742 3508; x_wconf 88' lang='lat' dir='ltr'><strong><em>(quod</em></strong></span> <span class='ocrx_word' id='word_1_591' title='bbox 2793 3445 2972 3491; x_wconf 85' lang='lat' dir='ltr'><strong><em>tamen</em></strong></span> <span class='ocrx_word' id='word_1_592' title='bbox 3025 3451 3285 3506; x_wconf 84' lang='lat' dir='ltr'><strong><em>nusquam</em></strong></span> <span class='ocrx_word' id='word_1_593' title='bbox 3328 3444 3424 3490; x_wconf 90' lang='lat' dir='ltr'><strong><em>aut</em></strong></span> <span class='ocrx_word' id='word_1_594' title='bbox 3461 3437 3548 3489; x_wconf 80' lang='lat' dir='ltr'><strong><em>vix</em></strong></span> <span class='ocrx_word' id='word_1_595' title='bbox 3589 3435 3732 3489; x_wconf 82' lang='lat' dir='ltr'><strong><em>clare</em></strong></span> 
     </span>
    </p>
   </div>
   <div class='ocr_carea' id='block_1_80' title="bbox 2149 3525 3732 3598">
    <p class='ocr_par' dir='ltr' id='par_1_80' title="bbox 2149 3525 3732 3598">
     <span class='ocr_line' id='line_1_80' title="bbox 2149 3525 3732 3598; baseline -0.001 -16"><span class='ocrx_word' id='word_1_596' title='bbox 2149 3527 2411 3598; x_wconf 90' lang='lat' dir='ltr'><strong><em>occurrit)</em></strong></span> <span class='ocrx_word' id='word_1_597' title='bbox 2443 3537 2846 3583; x_wconf 87' lang='lat' dir='ltr'><strong><em>sacramentum</em></strong></span> <span class='ocrx_word' id='word_1_598' title='bbox 2876 3527 3016 3591; x_wconf 86' lang='lat' dir='ltr'><strong><em>dici;</em></strong></span> <span class='ocrx_word' id='word_1_599' title='bbox 3050 3527 3179 3598; x_wconf 82' lang='lat' dir='ltr'><strong><em>quid</em></strong></span> <span class='ocrx_word' id='word_1_600' title='bbox 3212 3527 3364 3582; x_wconf 90' lang='lat' dir='ltr'><strong><em>nobis</em></strong></span> <span class='ocrx_word' id='word_1_601' title='bbox 3394 3525 3654 3589; x_wconf 69' lang='lat' dir='ltr'><strong><em>obiceret,</em></strong></span> <span class='ocrx_word' id='word_1_602' title='bbox 3679 3527 3732 3580; x_wconf 77' lang='lat' dir='ltr'><strong><em>in</em></strong></span> 
     </span>
    </p>
   </div>
   <div class='ocr_carea' id='block_1_81' title="bbox 2152 3614 3730 3685">
    <p class='ocr_par' dir='ltr' id='par_1_81' title="bbox 2152 3614 3730 3685">
     <span class='ocr_line' id='line_1_81' title="bbox 2152 3614 3730 3685; baseline 0.001 -18"><span class='ocrx_word' id='word_1_603' title='bbox 2152 3632 2260 3685; x_wconf 88' lang='lat' dir='ltr'><strong><em>quo</em></strong></span> <span class='ocrx_word' id='word_1_604' title='bbox 2319 3615 2479 3670; x_wconf 74' lang='lat' dir='ltr'><strong><em>ﬁdem</em></strong></span> <span class='ocrx_word' id='word_1_605' title='bbox 2539 3625 2781 3670; x_wconf 89' lang='lat' dir='ltr'><strong><em>nostram</em></strong></span> <span class='ocrx_word' id='word_1_606' title='bbox 2839 3615 3234 3670; x_wconf 81' lang='lat' dir='ltr'><strong><em>labefactaret?-</em></strong></span> <span class='ocrx_word' id='word_1_607' title='bbox 3282 3614 3533 3684; x_wconf 85' lang='lat' dir='ltr'><strong><em>Nunquid</em></strong></span> <span class='ocrx_word' id='word_1_608' title='bbox 3590 3615 3730 3668; x_wconf 87' lang='lat' dir='ltr'><strong><em>enim</em></strong></span> 
     </span>
    </p>
   </div>
   <div class='ocr_carea' id='block_1_82' title="bbox 2153 3709 3733 3779">
    <p class='ocr_par' dir='ltr' id='par_1_82' title="bbox 2153 3709 3733 3779">
     <span class='ocr_line' id='line_1_82' title="bbox 2153 3709 3733 3779; baseline -0.001 -15"><span class='ocrx_word' id='word_1_609' title='bbox 2153 3709 2359 3764; x_wconf 89' lang='lat' dir='ltr'><strong><em>nullum</em></strong></span> <span class='ocrx_word' id='word_1_610' title='bbox 2383 3718 2784 3764; x_wconf 85' lang='lat' dir='ltr'><strong><em>sacramentum</em></strong></span> <span class='ocrx_word' id='word_1_611' title='bbox 2808 3717 2913 3774; x_wconf 88' lang='lat' dir='ltr'><strong><em>est,</em></strong></span> <span class='ocrx_word' id='word_1_612' title='bbox 2945 3709 2996 3764; x_wconf 90' lang='lat' dir='ltr'><strong><em>id</em></strong></span> <span class='ocrx_word' id='word_1_613' title='bbox 3019 3709 3174 3779; x_wconf 88' lang='lat' dir='ltr'><strong><em>cujus</em></strong></span> <span class='ocrx_word' id='word_1_614' title='bbox 3194 3721 3276 3765; x_wconf 86' lang='lat' dir='ltr'><strong><em>est</em></strong></span> <span class='ocrx_word' id='word_1_615' title='bbox 3300 3709 3733 3763; x_wconf 78' lang='lat' dir='ltr'><strong><em>sacramentum?</em></strong></span> 
     </span>
    </p>
   </div>
   <div class='ocr_carea' id='block_1_83' title="bbox 2152 3799 3733 3872">
    <p class='ocr_par' dir='ltr' id='par_1_83' title="bbox 2152 3799 3733 3872">
     <span class='ocr_line' id='line_1_83' title="bbox 2152 3799 3733 3872; baseline -0.001 -17"><span class='ocrx_word' id='word_1_616' title='bbox 2152 3801 2260 3855; x_wconf 82' lang='lat' dir='ltr'><strong><em>Aut</em></strong></span> <span class='ocrx_word' id='word_1_617' title='bbox 2289 3799 2431 3854; x_wconf 89' lang='lat' dir='ltr'><strong><em>nulla</em></strong></span> <span class='ocrx_word' id='word_1_618' title='bbox 2473 3801 2644 3872; x_wconf 87' lang='lat' dir='ltr'><strong><em>ﬁgura</em></strong></span> <span class='ocrx_word' id='word_1_619' title='bbox 2682 3809 2765 3856; x_wconf 87' lang='lat' dir='ltr'><strong><em>est</em></strong></span> <span class='ocrx_word' id='word_1_620' title='bbox 2802 3801 2854 3856; x_wconf 92' lang='lat' dir='ltr'><strong><em>id</em></strong></span> <span class='ocrx_word' id='word_1_621' title='bbox 2889 3802 3042 3872; x_wconf 88' lang='lat' dir='ltr'><strong><em>cujus</em></strong></span> <span class='ocrx_word' id='word_1_622' title='bbox 3081 3811 3163 3856; x_wconf 88' lang='lat' dir='ltr'><strong><em>est</em></strong></span> <span class='ocrx_word' id='word_1_623' title='bbox 3202 3802 3404 3871; x_wconf 86' lang='lat' dir='ltr'><strong><em>ﬁgura?</em></strong></span> <span class='ocrx_word' id='word_1_624' title='bbox 3432 3800 3570 3868; x_wconf 79' lang='lat' dir='ltr'><strong><em>Quid</em></strong></span> <span class='ocrx_word' id='word_1_625' title='bbox 3608 3816 3733 3870; x_wconf 83' lang='lat' dir='ltr'><strong><em>ergo</em></strong></span> 
     </span>
    </p>
   </div>
   <div class='ocr_carea' id='block_1_84' title="bbox 2155 3889 3728 3964">
    <p class='ocr_par' dir='ltr' id='par_1_84' title="bbox 2155 3889 3728 3964">
     <span class='ocr_line' id='line_1_84' title="bbox 2155 3889 3728 3964; baseline -0.001 -20"><span class='ocrx_word' id='word_1_626' title='bbox 2155 3891 2220 3964; x_wconf 84' lang='lat' dir='ltr'><strong><em>de</em></strong></span> <span class='ocrx_word' id='word_1_627' title='bbox 2249 3889 2388 3945; x_wconf 83' lang='lat' dir='ltr'><strong><em>Filio</em></strong></span> <span class='ocrx_word' id='word_1_628' title='bbox 2417 3890 2508 3944; x_wconf 88' lang='lat' dir='ltr'><strong><em>Dei</em></strong></span> <span class='ocrx_word' id='word_1_629' title='bbox 2549 3890 2602 3944; x_wconf 92' lang='lat' dir='ltr'><strong><em>in</em></strong></span> <span class='ocrx_word' id='word_1_630' title='bbox 2640 3890 2865 3959; x_wconf 87' lang='lat' dir='ltr'><strong><em>cpistola</em></strong></span> <span class='ocrx_word' id='word_1_631' title='bbox 2910 3891 2976 3945; x_wconf 85' lang='lat' dir='ltr'><strong><em>ad</em></strong></span> <span class='ocrx_word' id='word_1_632' title='bbox 3025 3890 3277 3945; x_wconf 63' lang='lat' dir='ltr'><strong><em>Hebraeos</em></strong></span> <span class='ocrx_word' id='word_1_633' title='bbox 3320 3891 3518 3944; x_wconf 87' lang='lat' dir='ltr'><strong><em>Paulus</em></strong></span> <span class='ocrx_word' id='word_1_634' title='bbox 3555 3891 3728 3944; x_wconf 92' lang='lat' dir='ltr'><strong><em>dicit:</em></strong></span> 
     </span>
    </p>
   </div>
   <div class='ocr_carea' id='block_1_85' title="bbox 2158 3977 3730 4048">
    <p class='ocr_par' dir='ltr' id='par_1_85' title="bbox 2158 3977 3730 4048">
     <span class='ocr_line' id='line_1_85' title="bbox 2158 3977 3730 4048; baseline 0 -17"><span class='ocrx_word' id='word_1_635' title='bbox 2158 3979 2262 4044; x_wconf 82' lang='lat' dir='ltr'><strong><em>Qui</em></strong></span> <span class='ocrx_word' id='word_1_636' title='bbox 2305 3995 2421 4036; x_wconf 75' lang='lat' dir='ltr'><strong><em>cum</em></strong></span> <span class='ocrx_word' id='word_1_637' title='bbox 2461 3978 2527 4032; x_wconf 86' lang='lat' dir='ltr'><strong><em>sit</em></strong></span> <span class='ocrx_word' id='word_1_638' title='bbox 2580 3977 2826 4048; x_wconf 84' lang='lat' dir='ltr'><strong><em>splendor</em></strong></span> <span class='ocrx_word' id='word_1_639' title='bbox 2866 3977 3080 4048; x_wconf 78' lang='lat' dir='ltr'><strong><em>gloriw,</em></strong></span> <span class='ocrx_word' id='word_1_640' title='bbox 3126 3989 3173 4034; x_wconf 86' lang='lat' dir='ltr'><strong><em>et</em></strong></span> <span class='ocrx_word' id='word_1_641' title='bbox 3214 3979 3384 4047; x_wconf 84' lang='lat' dir='ltr'><strong><em>figura</em></strong></span> <span class='ocrx_word' id='word_1_642' title='bbox 3431 3977 3730 4032; x_wconf 67' lang='lat' dir='ltr'><strong><em>substantia</em></strong></span> 
     </span>
    </p>
   </div>
   <div class='ocr_carea' id='block_1_86' title="bbox 2154 4067 3724 4142">
    <p class='ocr_par' dir='ltr' id='par_1_86' title="bbox 2154 4067 3724 4142">
     <span class='ocr_line' id='line_1_86' title="bbox 2154 4067 3724 4142; baseline -0.001 -18"><span class='ocrx_word' id='word_1_643' title='bbox 2154 4073 2269 4141; x_wconf 74' lang='lat' dir='ltr'><strong><em>ejus</em></strong></span> <span class='ocrx_word' id='word_1_644' title='bbox 2309 4069 2497 4142; x_wconf 79' lang='lat' dir='ltr'><strong><em>(Hebr.</em></strong></span> <span class='ocrx_word' id='word_1_645' title='bbox 2527 4069 2589 4141; x_wconf 86' lang='grc' dir='ltr'><strong><em>ι),</em></strong></span> <span class='ocrx_word' id='word_1_646' title='bbox 2614 4069 2666 4124; x_wconf 90' lang='lat' dir='ltr'><strong><em>id</em></strong></span> <span class='ocrx_word' id='word_1_647' title='bbox 2696 4078 2779 4126; x_wconf 90' lang='lat' dir='ltr'><strong><em>cst</em></strong></span> <span class='ocrx_word' id='word_1_648' title='bbox 2801 4069 3010 4125; x_wconf 84' lang='lat' dir='ltr'><strong><em>Patris?</em></strong></span> <span class='ocrx_word' id='word_1_649' title='bbox 3039 4068 3285 4139; x_wconf 80' lang='lat' dir='ltr'><strong><em>Nunquid</em></strong></span> <span class='ocrx_word' id='word_1_650' title='bbox 3316 4083 3420 4122; x_wconf 83' lang='lat' dir='ltr'><strong><em>non</em></strong></span> <span class='ocrx_word' id='word_1_651' title='bbox 3447 4077 3530 4123; x_wconf 84' lang='lat' dir='ltr'><strong><em>est</em></strong></span> <span class='ocrx_word' id='word_1_652' title='bbox 3559 4067 3724 4122; x_wconf 81' lang='lat' dir='ltr'><strong><em>Filius</em></strong></span> 
     </span>
    </p>
   </div>
   <div class='ocr_carea' id='block_1_87' title="bbox 2157 4157 3733 4230">
    <p class='ocr_par' dir='ltr' id='par_1_87' title="bbox 2157 4157 3733 4230">
     <span class='ocr_line' id='line_1_87' title="bbox 2157 4157 3733 4230; baseline -0.004 -15"><span class='ocrx_word' id='word_1_653' title='bbox 2157 4161 2211 4215; x_wconf 90' lang='lat' dir='ltr'><strong><em>id</em></strong></span> <span class='ocrx_word' id='word_1_654' title='bbox 2253 4163 2394 4230; x_wconf 88' lang='lat' dir='ltr'><strong><em>quod</em></strong></span> <span class='ocrx_word' id='word_1_655' title='bbox 2425 4159 2620 4214; x_wconf 86' lang='lat' dir='ltr'><strong><em>Pater?</em></strong></span> <span class='ocrx_word' id='word_1_656' title='bbox 2649 4159 2824 4214; x_wconf 84' lang='lat' dir='ltr'><strong><em>Absit.</em></strong></span> <span class='ocrx_word' id='word_1_657' title='bbox 2858 4159 3029 4214; x_wconf 84' lang='lat' dir='ltr'><strong><em>Filius</em></strong></span> <span class='ocrx_word' id='word_1_658' title='bbox 3058 4159 3203 4213; x_wconf 83' lang='lat' dir='ltr'><strong><em>enim</em></strong></span> <span class='ocrx_word' id='word_1_659' title='bbox 3235 4157 3285 4212; x_wconf 93' lang='lat' dir='ltr'><strong><em>id</em></strong></span> <span class='ocrx_word' id='word_1_660' title='bbox 3319 4157 3564 4217; x_wconf 87' lang='lat' dir='ltr'><strong><em>omnino.</em></strong></span> <span class='ocrx_word' id='word_1_661' title='bbox 3595 4157 3733 4226; x_wconf 88' lang='lat' dir='ltr'><strong><em>quod</em></strong></span> 
     </span>
    </p>
   </div>
   <div class='ocr_carea' id='block_1_88' title="bbox 2162 4241 3733 4320">
    <p class='ocr_par' dir='ltr' id='par_1_88' title="bbox 2162 4241 3733 4320">
     <span class='ocr_line' id='line_1_88' title="bbox 2162 4241 3733 4320; baseline -0.006 -13"><span class='ocrx_word' id='word_1_662' title='bbox 2162 4241 2341 4320; x_wconf 84' lang='lat' dir='ltr'><strong><em>Pater,</em></strong></span> <span class='ocrx_word' id='word_1_663' title='bbox 2385 4245 2504 4317; x_wconf 82' lang='lat' dir='ltr'><strong><em>eSt;</em></strong></span> <span class='ocrx_word' id='word_1_664' title='bbox 2532 4260 2588 4306; x_wconf 90' lang='lat' dir='ltr'><strong><em>et</em></strong></span> <span class='ocrx_word' id='word_1_665' title='bbox 2617 4250 2748 4305; x_wconf 91' lang='lat' dir='ltr'><strong><em>nihil</em></strong></span> <span class='ocrx_word' id='word_1_666' title='bbox 2785 4249 2933 4304; x_wconf 88' lang='lat' dir='ltr'><strong><em>aliud</em></strong></span> <span class='ocrx_word' id='word_1_667' title='bbox 2979 4264 3148 4318; x_wconf 86' lang='lat' dir='ltr'><strong><em>quam</em></strong></span> <span class='ocrx_word' id='word_1_668' title='bbox 3171 4249 3222 4302; x_wconf 92' lang='lat' dir='ltr'><strong><em>id</em></strong></span> <span class='ocrx_word' id='word_1_669' title='bbox 3253 4249 3393 4317; x_wconf 78' lang='lat' dir='ltr'><strong><em>quod</em></strong></span> <span class='ocrx_word' id='word_1_670' title='bbox 3438 4247 3601 4302; x_wconf 89' lang='lat' dir='ltr'><strong><em>Pater</em></strong></span> <span class='ocrx_word' id='word_1_671' title='bbox 3632 4256 3733 4307; x_wconf 81' lang='lat' dir='ltr'><strong><em>est.</em></strong></span> 
     </span>
    </p>
   </div>
   <div class='ocr_carea' id='block_1_89' title="bbox 2160 4338 3734 4414">
    <p class='ocr_par' dir='ltr' id='par_1_89' title="bbox 2160 4338 3734 4414">
     <span class='ocr_line' id='line_1_89' title="bbox 2160 4338 3734 4414; baseline -0.006 -16"><span class='ocrx_word' id='word_1_672' title='bbox 2160 4343 2377 4399; x_wconf 86' lang='lat' dir='ltr'><strong><em>Falsum</em></strong></span> <span class='ocrx_word' id='word_1_673' title='bbox 2430 4351 2511 4398; x_wconf 87' lang='lat' dir='ltr'><strong><em>est</em></strong></span> <span class='ocrx_word' id='word_1_674' title='bbox 2566 4343 2729 4414; x_wconf 89' lang='lat' dir='ltr'><strong><em>igitur</em></strong></span> <span class='ocrx_word' id='word_1_675' title='bbox 2774 4342 2955 4398; x_wconf 90' lang='lat' dir='ltr'><strong><em>dicere</em></strong></span> <span class='ocrx_word' id='word_1_676' title='bbox 3001 4339 3145 4410; x_wconf 82' lang='lat' dir='ltr'><strong><em>quod</em></strong></span> <span class='ocrx_word' id='word_1_677' title='bbox 3179 4339 3322 4394; x_wconf 88' lang='lat' dir='ltr'><strong><em>nuHa</em></strong></span> <span class='ocrx_word' id='word_1_678' title='bbox 3363 4340 3530 4410; x_wconf 84' lang='lat' dir='ltr'><strong><em>ﬁgura</em></strong></span> <span class='ocrx_word' id='word_1_679' title='bbox 3567 4339 3640 4392; x_wconf 85' lang='lat' dir='ltr'><strong><em>sit</em></strong></span> <span class='ocrx_word' id='word_1_680' title='bbox 3684 4338 3734 4390; x_wconf 87' lang='lat' dir='ltr'><strong><em>id</em></strong></span> 
     </span>
    </p>
   </div>
   <div class='ocr_carea' id='block_1_90' title="bbox 471 4428 3736 4524">
    <p class='ocr_par' dir='ltr' id='par_1_90' title="bbox 471 4428 3736 4524">
     <span class='ocr_line' id='line_1_90' title="bbox 471 4428 3736 4524; baseline -0.004 -30"><span class='ocrx_word' id='word_1_681' title='bbox 471 4439 716 4494; x_wconf 85' lang='lat' dir='ltr'><strong><em>declarat</em></strong></span> <span class='ocrx_word' id='word_1_682' title='bbox 767 4440 1048 4509; x_wconf 88' lang='lat' dir='ltr'><strong><em>apostolus</em></strong></span> <span class='ocrx_word' id='word_1_683' title='bbox 1092 4440 1281 4494; x_wconf 87' lang='lat' dir='ltr'><strong><em>dicens</em></strong></span> <span class='ocrx_word' id='word_1_684' title='bbox 1314 4456 1328 4491; x_wconf 89' lang='lat'><strong>:</strong></span> <span class='ocrx_word' id='word_1_685' title='bbox 1358 4436 1524 4491; x_wconf 86' lang='lat' dir='ltr'><strong><em>Panis</em></strong></span> <span class='ocrx_word' id='word_1_686' title='bbox 1548 4454 1701 4507; x_wconf 84' lang='lat' dir='ltr'><strong><em>quem</em></strong></span> <span class='ocrx_word' id='word_1_687' title='bbox 1733 4437 2053 4507; x_wconf 76' lang='lat' dir='ltr'><strong><em>frangimus,</em></strong></span> <span class='ocrx_word' id='word_1_688' title='bbox 2088 4471 2133 4524; x_wconf 69' lang='grc' dir='ltr'>Β</span> <span class='ocrx_word' id='word_1_689' title='bbox 2160 4436 2314 4506; x_wconf 88' lang='lat' dir='ltr'><strong><em>cujus</em></strong></span> <span class='ocrx_word' id='word_1_690' title='bbox 2358 4444 2435 4489; x_wconf 90' lang='lat' dir='ltr'><strong><em>est</em></strong></span> <span class='ocrx_word' id='word_1_691' title='bbox 2477 4433 2668 4504; x_wconf 88' lang='lat' dir='ltr'><strong><em>ﬁgura.</em></strong></span> <span class='ocrx_word' id='word_1_692' title='bbox 2704 4432 2947 4502; x_wconf 87' lang='lat' dir='ltr'><strong><em>Denique</em></strong></span> <span class='ocrx_word' id='word_1_693' title='bbox 2981 4440 3037 4487; x_wconf 89' lang='lat' dir='ltr'><strong><em>et</em></strong></span> <span class='ocrx_word' id='word_1_694' title='bbox 3064 4431 3314 4496; x_wconf 86' lang='lat' dir='ltr'><strong><em>Christus</em></strong></span> <span class='ocrx_word' id='word_1_695' title='bbox 3359 4430 3487 4483; x_wconf 88' lang='lat' dir='ltr'><strong><em>olim</em></strong></span> <span class='ocrx_word' id='word_1_696' title='bbox 3519 4428 3736 4491; x_wconf 85' lang='lat' dir='ltr'><strong><em>docens,</em></strong></span> 
     </span>
    </p>
   </div>
   <div class='ocr_carea' id='block_1_91' title="bbox 473 4530 2054 4603">
    <p class='ocr_par' dir='ltr' id='par_1_91' title="bbox 473 4530 2054 4603">
     <span class='ocr_line' id='line_1_91' title="bbox 473 4530 2054 4603; baseline -0.001 -19"><span class='ocrx_word' id='word_1_697' title='bbox 473 4542 521 4603; x_wconf 82' lang='lat' dir='ltr'><strong><em>et</em></strong></span> <span class='ocrx_word' id='word_1_698' title='bbox 543 4531 682 4586; x_wconf 72' lang='lat' dir='ltr'><strong><em>calix</em></strong></span> <span class='ocrx_word' id='word_1_699' title='bbox 707 4533 793 4586; x_wconf 78' lang='lat' dir='ltr'><strong><em>cui</em></strong></span> <span class='ocrx_word' id='word_1_700' title='bbox 817 4533 1192 4598; x_wconf 82' lang='lat' dir='ltr'><strong><em>benedicimus,</em></strong></span> <span class='ocrx_word' id='word_1_701' title='bbox 1236 4547 1408 4586; x_wconf 81' lang='lat' dir='ltr'><strong><em>nonne</em></strong></span> <span class='ocrx_word' id='word_1_702' title='bbox 1453 4530 2054 4601; x_wconf 81' lang='lat' dir='ltr'><strong><em>participatiocorporis</em></strong></span> 
     </span>
    </p>
   </div>
   <div class='ocr_carea' id='block_1_92' title="bbox 475 4616 2058 4695">
    <p class='ocr_par' dir='ltr' id='par_1_92' title="bbox 475 4616 2058 4695">
     <span class='ocr_line' id='line_1_92' title="bbox 475 4616 2058 4695; baseline -0.002 -19"><span class='ocrx_word' id='word_1_703' title='bbox 475 4632 525 4676; x_wconf 87' lang='lat' dir='ltr'><strong><em>et</em></strong></span> <span class='ocrx_word' id='word_1_704' title='bbox 555 4625 828 4694; x_wconf 83' lang='lat' dir='ltr'><strong><em>sanguinis</em></strong></span> <span class='ocrx_word' id='word_1_705' title='bbox 873 4623 1089 4679; x_wconf 86' lang='lat' dir='ltr'><strong><em>Domini</em></strong></span> <span class='ocrx_word' id='word_1_706' title='bbox 1113 4634 1190 4679; x_wconf 86' lang='lat' dir='ltr'><strong><em>est</em></strong></span> <span class='ocrx_word' id='word_1_707' title='bbox 1217 4625 1244 4678; x_wconf 67' lang='lat'><strong><em>.9</em></strong></span> <span class='ocrx_word' id='word_1_708' title='bbox 1273 4625 1399 4695; x_wconf 86' lang='lat' dir='ltr'><strong><em>quia</em></strong></span> <span class='ocrx_word' id='word_1_709' title='bbox 1431 4622 1581 4677; x_wconf 83' lang='lat' dir='ltr'><strong><em>multi</em></strong></span> <span class='ocrx_word' id='word_1_710' title='bbox 1607 4639 1772 4676; x_wconf 86' lang='lat' dir='ltr'><strong><em>unum</em></strong></span> <span class='ocrx_word' id='word_1_711' title='bbox 1801 4616 1985 4675; x_wconf 83' lang='lat' dir='ltr'><strong><em>sumus</em></strong></span> <span class='ocrx_word' id='word_1_712' title='bbox 2003 4619 2058 4673; x_wconf 83' lang='lat' dir='ltr'><strong><em>in</em></strong></span> 
     </span>
    </p>
   </div>
   <div class='ocr_carea' id='block_1_93' title="bbox 477 4710 2059 4786">
    <p class='ocr_par' dir='ltr' id='par_1_93' title="bbox 477 4710 2059 4786">
     <span class='ocr_line' id='line_1_93' title="bbox 477 4710 2059 4786; baseline -0.003 -18"><span class='ocrx_word' id='word_1_713' title='bbox 477 4713 688 4768; x_wconf 83' lang='lat' dir='ltr'><strong><em>Christo</em></strong></span> <span class='ocrx_word' id='word_1_714' title='bbox 718 4715 770 4784; x_wconf 94' lang='lat' dir='ltr'><strong><em>(I</em></strong></span> <span class='ocrx_word' id='word_1_715' title='bbox 803 4715 907 4770; x_wconf 79' lang='lat' dir='ltr'><strong><em>Cor</em></strong></span> <span class='ocrx_word' id='word_1_716' title='bbox 928 4715 1004 4786; x_wconf 68' lang='grc' dir='ltr'><strong><em>χ).</em></strong></span> <span class='ocrx_word' id='word_1_717' title='bbox 1039 4715 1192 4782; x_wconf 87' lang='lat' dir='ltr'><strong><em>Quod</em></strong></span> <span class='ocrx_word' id='word_1_718' title='bbox 1223 4715 1415 4769; x_wconf 87' lang='lat' dir='ltr'><strong><em>beatus</em></strong></span> <span class='ocrx_word' id='word_1_719' title='bbox 1435 4710 2059 4785; x_wconf 85' lang='lat' dir='ltr'><strong><em>Cyprianusintelligens</em></strong></span> 
     </span>
    </p>
   </div>
   <div class='ocr_carea' id='block_1_94' title="bbox 481 4801 2059 4875">
    <p class='ocr_par' dir='ltr' id='par_1_94' title="bbox 481 4801 2059 4875">
     <span class='ocr_line' id='line_1_94' title="bbox 481 4801 2059 4875; baseline -0.003 -19"><span class='ocrx_word' id='word_1_720' title='bbox 481 4803 536 4857; x_wconf 81' lang='lat' dir='ltr'><strong><em>in</em></strong></span> <span class='ocrx_word' id='word_1_721' title='bbox 576 4803 802 4872; x_wconf 90' lang='lat' dir='ltr'><strong><em>epistola</em></strong></span> <span class='ocrx_word' id='word_1_722' title='bbox 863 4806 932 4859; x_wconf 91' lang='lat' dir='ltr'><strong><em>ad</em></strong></span> <span class='ocrx_word' id='word_1_723' title='bbox 991 4819 1242 4875; x_wconf 88' lang='lat' dir='ltr'><strong><em>magnum</em></strong></span> <span class='ocrx_word' id='word_1_724' title='bbox 1285 4802 1576 4874; x_wconf 89' lang='lat' dir='ltr'><strong><em>quemdam</em></strong></span> <span class='ocrx_word' id='word_1_725' title='bbox 1607 4802 1681 4858; x_wconf 89' lang='lat' dir='ltr'><strong><em>ita</em></strong></span> <span class='ocrx_word' id='word_1_726' title='bbox 1714 4801 2059 4872; x_wconf 89' lang='lat' dir='ltr'><strong><em>prosequitur</em></strong></span> 
     </span>
    </p>
   </div>
   <div class='ocr_carea' id='block_1_95' title="bbox 475 4893 2057 4942">
    <p class='ocr_par' dir='ltr' id='par_1_95' title="bbox 475 4893 2057 4942">
     <span class='ocr_line' id='line_1_95' title="bbox 475 4893 2057 4942; baseline 0 0"><span class='ocrx_word' id='word_1_727' title='bbox 475 4894 595 4942; x_wconf 77' lang='lat' dir='ltr'><strong><em>(lib.</em></strong></span> <span class='ocrx_word' id='word_1_728' title='bbox 627 4911 666 4942; x_wconf 82' lang='grc' dir='ltr'>ι-</span> <span class='ocrx_word' id='word_1_729' title='bbox 699 4897 849 4942; x_wconf 75' lang='lat' dir='ltr'><strong><em>enist.</em></strong></span> <span class='ocrx_word' id='word_1_730' title='bbox 875 4897 931 4942; x_wconf 65' lang='grc' dir='ltr'><strong><em>(ἢ</em></strong></span> <span class='ocrx_word' id='word_1_731' title='bbox 961 4915 973 4942; x_wconf 76' lang='lat'><strong><em>2</em></strong></span> <span class='ocrx_word' id='word_1_732' title='bbox 1005 4916 1024 4942; x_wconf 74' lang='grc' dir='ltr'><strong><em>ι</em></strong></span> <span class='ocrx_word' id='word_1_733' title='bbox 1068 4896 1308 4942; x_wconf 69' lang='lat' dir='ltr'><strong><em>“animm</em></strong></span> <span class='ocrx_word' id='word_1_734' title='bbox 1330 4895 1686 4942; x_wconf 54' lang='lat' dir='ltr'><strong><em>unanimitate</em></strong></span> <span class='ocrx_word' id='word_1_735' title='bbox 1717 4893 2057 4942; x_wconf 71' lang='lat' dir='ltr'><strong><em>Christianos</em></strong></span> 
     </span>
    </p>
   </div>
   <div class='ocr_carea' id='block_1_96' title="bbox 2163 4521 3736 4598">
    <p class='ocr_par' dir='ltr' id='par_1_96' title="bbox 2163 4521 3736 4598">
     <span class='ocr_line' id='line_1_96' title="bbox 2163 4521 3736 4598; baseline -0.004 -19"><span class='ocrx_word' id='word_1_736' title='bbox 2163 4524 2424 4598; x_wconf 78' lang='lat' dir='ltr'><strong><em>miracula</em></strong></span> <span class='ocrx_word' id='word_1_737' title='bbox 2471 4524 2698 4588; x_wconf 79' lang='lat' dir='ltr'><strong><em>faciens,</em></strong></span> <span class='ocrx_word' id='word_1_738' title='bbox 2733 4522 3033 4593; x_wconf 76' lang='lat' dir='ltr'><strong><em>iustissime</em></strong></span> <span class='ocrx_word' id='word_1_739' title='bbox 3063 4522 3216 4577; x_wconf 78' lang='lat' dir='ltr'><strong><em>inter</em></strong></span> <span class='ocrx_word' id='word_1_740' title='bbox 3254 4521 3500 4576; x_wconf 91' lang='lat' dir='ltr'><strong><em>homines</em></strong></span> <span class='ocrx_word' id='word_1_741' title='bbox 3531 4521 3736 4584; x_wconf 83' lang='lat' dir='ltr'><strong><em>vivens,</em></strong></span> 
     </span>
    </p>
   </div>
   <div class='ocr_carea' id='block_1_97' title="bbox 2160 4611 3737 4682">
    <p class='ocr_par' dir='ltr' id='par_1_97' title="bbox 2160 4611 3737 4682">
     <span class='ocr_line' id='line_1_97' title="bbox 2160 4611 3737 4682; baseline -0.005 -12"><span class='ocrx_word' id='word_1_742' title='bbox 2160 4614 2531 4682; x_wconf 88' lang='lat' dir='ltr'><strong><em>manducans,</em></strong></span> <span class='ocrx_word' id='word_1_743' title='bbox 2565 4613 2790 4674; x_wconf 88' lang='lat' dir='ltr'><strong><em>bibens,</em></strong></span> <span class='ocrx_word' id='word_1_744' title='bbox 2829 4611 3136 4675; x_wconf 86' lang='lat' dir='ltr'><strong><em>dormiens,</em></strong></span> <span class='ocrx_word' id='word_1_745' title='bbox 3173 4619 3506 4679; x_wconf 69' lang='lat' dir='ltr'><strong><em>ueteresque</em></strong></span> <span class='ocrx_word' id='word_1_746' title='bbox 3545 4618 3737 4664; x_wconf 67' lang='lat' dir='ltr'><strong><em>nostrae</em></strong></span> 
     </span>
    </p>
   </div>
   <div class='ocr_carea' id='block_1_98' title="bbox 2161 4695 3734 4774">
    <p class='ocr_par' dir='ltr' id='par_1_98' title="bbox 2161 4695 3734 4774">
     <span class='ocr_line' id='line_1_98' title="bbox 2161 4695 3734 4774; baseline -0.008 -12"><span class='ocrx_word' id='word_1_747' title='bbox 2161 4703 2515 4763; x_wconf 88' lang='lat' dir='ltr'><strong><em>humanitatis</em></strong></span> <span class='ocrx_word' id='word_1_748' title='bbox 2577 4703 2937 4774; x_wconf 84' lang='lat' dir='ltr'><strong><em>proprietates</em></strong></span> <span class='ocrx_word' id='word_1_749' title='bbox 2993 4701 3043 4754; x_wconf 90' lang='lat' dir='ltr'><strong><em>in</em></strong></span> <span class='ocrx_word' id='word_1_750' title='bbox 3110 4715 3169 4755; x_wconf 89' lang='lat' dir='ltr'><strong><em>se</em></strong></span> <span class='ocrx_word' id='word_1_751' title='bbox 3225 4699 3549 4761; x_wconf 85' lang='lat' dir='ltr'><strong><em>ostendens;</em></strong></span> <span class='ocrx_word' id='word_1_752' title='bbox 3609 4695 3734 4767; x_wconf 88' lang='lat' dir='ltr'><strong><em>quid</em></strong></span> 
     </span>
    </p>
   </div>
   <div class='ocr_carea' id='block_1_99' title="bbox 2162 4789 3728 4865">
    <p class='ocr_par' dir='ltr' id='par_1_99' title="bbox 2162 4789 3728 4865">
     <span class='ocr_line' id='line_1_99' title="bbox 2162 4789 3728 4865; baseline -0.006 -15"><span class='ocrx_word' id='word_1_753' title='bbox 2162 4796 2320 4850; x_wconf 90' lang='lat' dir='ltr'><strong><em>nobis</em></strong></span> <span class='ocrx_word' id='word_1_754' title='bbox 2361 4794 2505 4849; x_wconf 87' lang='lat' dir='ltr'><strong><em>aliud</em></strong></span> <span class='ocrx_word' id='word_1_755' title='bbox 2557 4809 2718 4865; x_wconf 87' lang='lat' dir='ltr'><strong><em>quam</em></strong></span> <span class='ocrx_word' id='word_1_756' title='bbox 2760 4791 3001 4862; x_wconf 88' lang='lat' dir='ltr'><strong><em>seipsum</em></strong></span> <span class='ocrx_word' id='word_1_757' title='bbox 3030 4789 3622 4857; x_wconf 86' lang='lat' dir='ltr'><strong><em>Deumhomincmque</em></strong></span> <span class='ocrx_word' id='word_1_758' title='bbox 3647 4789 3728 4842; x_wconf 88' lang='lat' dir='ltr'><strong><em>de-</em></strong></span> 
     </span>
    </p>
   </div>
   <div class='ocr_carea' id='block_1_100' title="bbox 2162 4879 3733 4942">
    <p class='ocr_par' dir='ltr' id='par_1_100' title="bbox 2162 4879 3733 4942">
     <span class='ocr_line' id='line_1_100' title="bbox 2162 4879 3733 4942; baseline -0.007 -1"><span class='ocrx_word' id='word_1_759' title='bbox 2162 4886 2441 4942; x_wconf 84' lang='lat' dir='ltr'><strong><em>sianabat?</em></strong></span> <span class='ocrx_word' id='word_1_760' title='bbox 2464 4885 2571 4940; x_wconf 89' lang='lat' dir='ltr'><strong><em>Sed</em></strong></span> <span class='ocrx_word' id='word_1_761' title='bbox 2589 4893 2643 4940; x_wconf 79' lang='lat' dir='ltr'><strong><em>et</em></strong></span> <span class='ocrx_word' id='word_1_762' title='bbox 2667 4899 2808 4939; x_wconf 90' lang='lat' dir='ltr'><strong><em>nunc</em></strong></span> <span class='ocrx_word' id='word_1_763' title='bbox 2831 4898 3045 4942; x_wconf 83' lang='lat' dir='ltr'><strong><em>onoauc</em></strong></span> <span class='ocrx_word' id='word_1_764' title='bbox 3071 4897 3166 4942; x_wconf 83' lang='lat' dir='ltr'><strong><em>oro</em></strong></span> <span class='ocrx_word' id='word_1_765' title='bbox 3191 4881 3346 4936; x_wconf 86' lang='lat' dir='ltr'><strong><em>nobis</em></strong></span> <span class='ocrx_word' id='word_1_766' title='bbox 3373 4879 3733 4942; x_wconf 87' lang='lat' dir='ltr'><strong><em>interpellans,</em></strong></span> 
     </span>
    </p>
   </div>
  </div>
