4006 5282
260 387 512 446 Christus
563 363 990 436 sacramentum.
1039 368 1172 436 Qua:
1215 379 1338 420 cum
1395 363 1471 416 ita
1516 359 1628 414 sint
1683 367 1842 408 nemo
1871 347 2094 412 Aillum

1946 443 2092 507 gent.
2115 453 2132 484 ι
2151 431 2208 486 Si
2231 408 2474 495 ergo,ait
2496 414 2994 488 Berengarius,non
3011 408 3110 462 hos:
3127 417 3343 474 corpus,
3360 413 3538 468 neque.

1949 491 2096 584 illum
2127 491 2480 592 sanguinem,
2507 518 2684 568 restat
2711 515 2770 562 ut
2795 503 2939 576 quod
2973 500 3040 556 de
3085 496 3242 551 altari
3283 491 3537 556 sumitur,

265 491 444 536 tanien
487 472 692 529 idcirco
737 466 868 524 dicit
899 461 1180 518 Christum
1221 455 1467 511 umbram
1509 445 1748 510 Christi,
1789 453 1844 498 et

263 587 370 628 non
391 581 580 624 verum
603 561 882 618 Christum
905 569 1058 616 esse;
1089 565 1188 606 nec
1207 559 1406 616 corpus
1427 541 1564 612 ejus,
1589 537 1846 609 quoniam

261 658 508 731 corporis
553 655 660 720 sui,
693 648 962 722 quod-est
1004 641 1276 704 Ecclesia,
1329 647 1384 692 et
1431 635 1514 692 sui
1559 632 1730 704 ipsius
1793 633 1852 684 ut
1953 637 2042 676 uni

263 763 412 812 nunc
463 746 828 808 ostendimus,
881 739 1295 813 signiﬁcativum
1331 741 1446 798 est,
1489 725 1852 784 umbraticum

263 855 320 901 et
363 859 474 900 non
512 852 716 894 verum:
749 847 950 903 corpus
977 829 1232 886 existere.
1279 821 1448 878 Nemo
1498 819 1662 889 igitur
1709 815 1856 869 dicat
1954 805 2072 876 ejus

1958 905 2050 962 ubi
2081 905 2196 959 haec
2224 899 2414 956 eadem
2446 889 2613 947 verba
2649 881 2863 942 Domini
2901 881 3229 938 tractantur,

264 934 672 994 eucharistiam
696 939 938 984 uestram
975 931 1198 994 propter
1231 919 1518 989 praedictas
1543 911 1854 984 signiﬁcatio

267 1033 371 1086 tias
412 1029 660 1084 umbram
707 1023 849 1078 illius
885 1015 1148 1073 Dominici
1181 1011 1452 1081 corporis,
1481 1007 1626 1079 quod
1661 1002 1859 1059 divini-

268 1133 354 1177 tas
401 1116 704 1176 Salvatoris
751 1112 856 1168 sibi
905 1108 1126 1180 proprie
1177 1104 1386 1166 induit,
1434 1109 1490 1156 et
1537 1113 1641 1154 non
1681 1097 1860 1167 ipsum

265 1225 460 1266 verum
485 1217 541 1263 et
567 1201 844 1276 proprium
877 1195 1180 1254 Salvator-is
1207 1208 1406 1264 corpus
1433 1190 1700 1254 existere;
1735 1199 1860 1240 nam

267 1303 314 1356 si
355 1297 428 1354 ob
474 1295 764 1367 praedictas
814 1285 1210 1362 signiﬁcantias
1251 1285 1366 1352 ipsa
1406 1295 1512 1336 non
1553 1288 1637 1334 est
1673 1288 1862 1330 verum

266 1390 474 1447 Christi
517 1397 574 1442 et
610 1385 892 1457 proprium
935 1394 1154 1449 corpus,
1183 1382 1404 1446 propter
1439 1371 1656 1428 easdem
1699 1368 1868 1438 signi-

269 1482 558 1540 ﬁcationes
611 1491 712 1532 nee
760 1473 1012 1529 Christus
1059 1469 1166 1525 cn‘t
1221 1479 1382 1520 verus
1431 1461 1702 1518 Christus.
1759 1457 1868 1513 Sed

268 1575 430 1630 absit-
467 1571 538 1626 ab
587 1567 834 1624 omnium
885 1563 1160 1620 mentibus
1201 1559 1334 1624 hoc,
1379 1563 1442 1611 ut
1487 1539 1744 1625 quoniam
1791 1559 1870 1604 tot

269 1675 664 1733 tantorumque
728 1661 996 1714 bonorum
1075 1653 1234 1709 nobis
1305 1659 1388 1707 est
1467 1653 1868 1704 sacramentum

267 1761 560 1824 Christus,
609 1755 816 1812 idcirco
855 1739 1518 1821 ejus‘veritas'ullatenus
1554 1743 1868 1794 evacuetur.

268 1853 432 1909 Absit
463 1865 598 1921 ergo
627 1846 834 1919 pariter
879 1845 946 1898 ab
993 1840 1240 1898 omnium
1285 1834 1542 1892 cordibus
1577 1840 1630 1886 ut
1674 1829 1874 1888 eucha-

271 1944 430 2000 ristia
459 1919 672 2003 nostra,
706 1936 964 2007 quoniam
995 1931 1154 1991 nobis
1181 1927 1372 1986 eadem
1410 1926 1552 1981 bona
1582 1919 1874 1992 signiﬁcat,

271 2034 492 2090 idcirco
545 2045 738 2086 verum
789 2025 988 2082 Christi
1045 2031 1100 2078 et
1156 2018 1435 2092 preprium
1501 2027 1701 2082 corpus
1739 2013 1880 2064 bsse

272 2135 536 2197 negetur.
573 2122 916 2191 Quapropter
961 2115 1119 2197 satis,
1159 2121 1221 2168 ut
1271 2111 1528 2170 arbitror,
1561 2093 1882 2169 abundeque

277 2193 658 2274 monstratum
689 2221 794 2280 est,
824 2193 1092 2282 quidquid
1125 2221 1191 2262 ex
1227 2205 1486 2277 prazdicta
1526 2200 1669 2256 beati
1705 2197 1884 2268 Augu-

273 2311 414 2366 stini
475 2309 782 2379 scriptura,
840 2311 936 2358 aut
1003 2317 1074 2358 ex
1139 2297 1482 2359 nominibus,
1553 2287 1885 2348 sacramenti

273 2377 686 2468 videlieerget
737 2399 958 2470 ﬁgurae,
1003 2405 1060 2450 et
1115 2391 1290 2464 signi,
1340 2403 1462 2460 quae
1507 2387 1562 2440 in
1591 2377 1700 2440 lusu
1737 2387 1887 2436 tenet

277 2497 574 2562 Ecclesia,
642 2491 992 2550 adversarius
1049 2485 1270 2556 objicit,
1323 2489 1523 2538 nostra:
1579 2476 1700 2532 ﬁdei
1754 2472 1888 2529 nihil

278 2590 512 2652 obesse,
547 2561 736 2640 verum
767 2596 933 2653 quam
963 2577 1248 2651 pueriliter
1287 2571 1452 2632 etiam
1491 2569 1548 2626 ln
1582 2565 1704 2628 aliis
1739 2561 1886 2618 desi-

281 2681 426 2744 oiat,
455 2691 530 2733 ex
559 2675 646 2730 his
673 2682 884 2744 patere.
1153 2681 1156 2684 λ
1779 2669 1782 2672 ’

965 2774 1247 2817 ιιοῦειιιυς.

358 2863 612 2920 Constat
636 2857 885 2928 equidem
922 2855 1164 2924 satisque
1197 2848 1484 2922 probatum
1515 2851 1599 2900 est
1627 2853 1769 2897 nunc
1796 2835 1893 2894 abs

282 2968 340 3014 te
371 2957 510 3028 quia
541 2953 626 3008 sui
655 2951 823 3028 ipsius
855 2947 1104 3003 Christus
1129 2954 1210 2998 est
1236 2942 1480 3011 signum;
1517 2941 1893 2991 verumtamen

285 3052 364 3106 id'
385 3044 693 3120 quomodo:
713 3023 834 3099 esse
865 3039 1057 3112 possit,
1088 3036 1336 3092 desidero
1361 3029 1572 3104 plenius
1604 3023 1890 3082 declarari.

933 3143 1297 3196 GUJTMUNWS.

361 3231 534 3300 Quid‘
564 3243 728 3298 super
751 3227 855 3282 hoc
899 3223 1154 3278 miraris?
1188 3219 1296 3273 Res
1333 3215 1478 3271 enim
1525 3213 1598 3267 ita
1639 3207 1900 3265 solemnis

279 3333 476 3382 cst‘ut
511 3321 790 3378 neminem
832 3317 1026 3372 deceat
1055 3313 1324 3368 dubitare.
1368 3307 1502 3374 Quis
1536 3303 1700 3358 enim
1725 3300 1904 3356 homi-i

285 3433 432 3475 num
485 3423 579 3471 est
618 3411 792 3484 (verbi
844 3407 1032 3476 causa)
1072 3405 1162 3476 qui
1207 3416 1441 3472 operans
1504 3391 1782 3468 quidlibet,
1816 3389 1903 3446 vel

281 3513 470 3567 etiam
521 3505 644 3562 solo
693 3519 792 3559 suo
837 3510 988 3557 moui
1033 3507 1330 3568 spontaneo
1391 3505 1499 3546 non
1538 3485 1806 3564 signiﬁcet
1844 3481 1906 3537 se

287 3598 632 3660 viventem?
661 3597 850 3667 Itaque
895 3593 955 3648 ﬁt
1001 3601 1060 3646 ut
1105 3603 1242 3644 unus
1287 3585 1449 3640 homo
1483 3581 1554 3637 'in
1605 3575 1908 3636 substantia

287 3709 548 3766 semper,
575 3691 768 3755 idem,
826 3685 1126 3744 secundum
1180 3679 1397 3736 diversa
1452 3687 1618 3746 opera
1671 3669 1908 3739 seipsum

287 3762 638 3864 signiﬁcare
674 3780 865 3852 possit.
906 3775 984 3832 Ita
1019 3787 1149 3848 ergo
1187 3769 1439 3828 Christus
1479 3762 1914 3822 substantialiter

290 3891 552 3950 semper-
607 3873 783 3939 idem,
841 3863 1636 3931 tamen,visibilia'operans,_
1676 3855 1913 3924 seipsum

289 3945 604 4043 signiﬁcat
659 3963 952 4024 invisibilia
995 3965 1330 4030 operantem.
1384 3951 1492 4009 Sed
1545 3959 1601 4006 ct
1646 3945 1812 4004 verbo
1863 3951 1920 4000 et
1983 4015 1988 4019 ι

291 4035 673 4126 habitudine,
699 4072 793 4113 seu
816 4053 996 4125 specie
1022 4047 1271 4120 corporis
1297 4045 1382 4101 his
1411 4043 1607 4114 quibus
1629 4035 1920 4109 aliquando

291 4153 621 4230 apparuit,
666 4145 990 4221 signiﬁcavit
1029 4158 1089 4199 se
1133 4139 1423 4212 pr0pitium
1462 4134 1547 4191 vel
1587 4133 1804 4186 iratum.
1839 4127 1922 4182 Ad

295 4256 468 4310 hunc
534 4258 760 4318 quoque
817 4239 1036 4296 modum
1082 4233 1226 4290 sacri
1276 4229 1466 4286 altaris
1515 4223 1746 4286 oblatio,
1798 4235 1922 4276 cum

293 4338 642 4404 substantia
675 4333 918 4405 corporis
947 4329 1149 4386 Christi
1189 4323 1458 4381 veraciter
1487 4319 1588 4382 sit,
1625 4314 1925 4372 secundum

293 4434 612 4495 visibilem
644 4428 882 4499 speciem
919 4433 975 4479 et
1013 4419 1244 4477 visibilia
1288 4413 1566 4486 mysteria,
1597 4409 1680 4465 vel
1711 4408 1778 4463 de
1809 4406 1926 4474 ipso
1955 4397 2003 4458 D

294 4527 594 4588 Domino,
626 4519 710 4572 vel
756 4517 823 4570 de
863 4515 981 4584 ejus
1019 4509 1289 4573 Ecclesia,
1321 4504 1526 4575 absque
1568 4499 1691 4556 tidei
1729 4503 1928 4551 nostra:

291 4615 580 4692 periculo
612 4610 792 4681 aliqua
822 4605 1127 4680 signiﬁcare
1159 4605 1358 4672 potest.

1009 4706 1292 4750 ιιοσειιιυς.

377 4802 604 4866 Perge-
627 4805 736 4862 quo
769 4787 1120 4850 intenderas;
1147 4795 1273 4837 nam
1303 4777 1371 4834 de
1406 4775 1491 4832 his
1522 4769 1934 4830 insanissimum

295 4907 398 4958 est
429 4883 691 4958 amplius
723 4881 994 4938 dubitare.

967 4975 1330 5022 GUITMUNDUS.

379 5069 540 5134 Illud
577 5077 716 5121 sane
739 5058 1128 5131 Berengarium
1157 5065 1377 5112 movere
1409 5053 1748 5121 permaxime
1777 5045 1936 5108 solet,

299 5163 468 5200 ~.......t
525 5159 590 5200 in
647 5151 986 5200 arm-"inae
1028 5143 1326 5200 supradicti
1378 5143 1710 5200 nonagesimi
1759 5145 1946 5200 octavi
2047 5123 2190 5180 δίθυι

719 263 810 320 DE
851 251 1192 318 CORPORIS
1231 249 1320 309 ET
1362 205 1836 307 SANG..DOMINI
1875 227 2230 292 VERITATE
2274 221 2455 282 L-llml
2493 205 2696 276 TRES.
2735 242 2806 253 α·-
2835 207 2964 266 LIB.
2999 205 3062 262 ll.

2137 339 2456 411 sanguinem
2499 343 2662 404 quem
2705 323 2875 380 fusuri
2909 327 3036 378 sunt
3073 314 3166 387 qui
3199 327 3288 370 me
3315 309 3536 368 cruciﬁ-

2047 619 2144 673 bra
2174 584 2384 669 tantum
2415 608 2488 662 sit
2513 599 2758 673 eOrporis
2787 606 2842 652 et
2871 590 3150 662 sanguinis
3177 595 3238 642 et
3265 584 3463 655 ﬁgura;
3525 615 3528 618 ι

2026 706 2182 778 Quod
2211 706 2260 762 si
2294 700 2580 772 superiora
2611 687 2898 764 Augustini
2927 683 3096 739 verba
3127 681 3180 734 in
3205 674 3548 746 expositione

2075 805 2196 860 dem
2227 796 2458 872 psalmi,
2495 791 2582 848 vel
2617 797 2764 843 certe
2803 785 2860 839 in
2898 776 3234 850 expositione
3267 764 3550 839 Evangelii

1961 995 2310 1056 advertisset,
2341 997 2618 1055 nunquam
2654 974 2850 1034 ex’his
2885 968 3112 1026 forsitan
3147 958 3352 1020 erroris
3389 953 3552 1026 huius

1961 1087 2286 1146 calumniam
2321 1073 2728 1153 persuasisset.
2765 1065 2872 1122 Sed
2897 1061 3083 1118 infelix
3127 1058 3320 1118 homo,
3359 1049 3452 1132 diu
3489 1046 3547 1102 in

1963 1187 2116 1253 peste
2155 1138 2410 1233 haeretica
2455 1170 2810 1226 inveteratus,
2832 1155 3095 1214 suadente
3131 1145 3366 1210 diabolo,
3398 1138 3555 1212 cujus

1968 1232 2175 1328 retibus
2204 1279 2340 1338 pene
2373 1253 2832 1330 inexplicabiliter
2862 1247 3132 1317 implexus
3166 1247 3270 1304 est,
3296 1232 3556 1290 libentius

1963 1377 2158 1420 omnes
2187 1355 2387 1430 ingenii
2419 1352 2500 1407 sui
2531 1349 2674 1403 vires
2705 1343 2772 1399 ad
2807 1336 3185 1409 aucupandutn
3217 1327 3386 1386 unum
3429 1329 3553 1378 ver-‘-

1969 1458 2136 1520 bum,
2188 1415 2298 1522 queo
2345 1445 2487 1502 male
2543 1439 2820 1498 intellecto
2865 1435 3220 1504 propagatam
3269 1415 3558 1476 stultitiam

1973 1537 2188 1604 munire
2237 1541 2508 1602 videatur,
2565 1527 2972 1589 accommodat,
3025 1531 3186 1590 quam
3250 1505 3558 1569 divinarum

1975 1639 2388 1710 Scripturarum
2433 1621 2966 1700 providentissimam
3005 1607 3334 1683 vigilantiam
3373 1607 3562 1656 contra

2849 1708 2860 1710 “
3043 1702 3056 1710 ⁸
3231 1703 3268 1710 --
3288 1709 3294 1710 κ
3323 1709 3326 1710 ν
3356 1691 3430 1710 1--
3497 1685 3553 1710 1..

1901 1701 1948 1762 Β
1975 1747 2034 1788 se
2079 1685 2258 1784 v'alide
2307 1685 2734 1778 reclaimantem,
2779 1691 3456 1765 vel'tenuiter-attendat.
3497 1685 3556 1740 In

1973 1779 2413 1886 eodemwcpuippe
2455 1805 2664 1879 psalmo
2701 1802 2818 1856 haec
2849 1793 3188 1868 praedixerat
3229 1787 3420 1840 beatus
3447 1779 3560 1834 Au—

1977 1915 2225 1986 gustinus
2250 1927 2264 1964 :
2294 1927 2314 1960 ‹
2337 1903 2592 1973 Suscepit
2627 1895 2876 1954 Christus
2903 1891 2971 1946 de
2999 1897 3143 1944 terra
3175 1891 3402 1946 terram,
3435 1870 3568 1942 quia

1981 2023 2110 2062 caro
2139 2003 2204 2058 de
2233 2011 2382 2054 terra
2409 2003 2526 2058 est;
2569 1999 2626 2047 et
2661 1990 2728 2045 de
2753 1997 2918 2043 carne
2945 1979 3129 2036 Marize
3164 1983 3386 2030 carnem
3416 1975 3572 2020 acce-

1980 2098 2078 2169 pit,
2107 2093 2242 2150 etin
2283 2091 2400 2161 ipsa
2441 2097 2607 2142 carne
2641 2080 2734 2136 hic
2775 2073 3098 2134 ambulavit,
3139 2076 3193 2122 et
3233 2064 3410 2132 ipsam
3445 2071 3573 2112 car-

2823 2167 2834 2169 -
2921 2163 2936 2169 -
3131 2157 3144 2169 .
3352 2148 3406 2169 οε
3441 2159 3566 2169 mm

1984 2148 2286 2244 neminobis
2305 2148 2742 2235 manducandum
2769 2167 2838 2222 ad
2857 2163 3086 2220 salutem
3113 2155 3279 2211 dedit.
3303 2171 3323 2206 ι
3341 2148 3409 2204 51
3436 2159 3568 2214 ergo

1987 2279 2161 2349 ipsam
2187 2285 2430 2334 carnem,
2452 2279 2614 2337 quam
2639 2261 2705 2316 de
2729 2253 2892 2315 carne
2919 2251 3102 2310 Maria:
3127 2243 3358 2314 accepit,
3382 2239 3435 2300 in
3466 2251 3574 2305 qua

2931 2341 2945 2349 ⁸
3114 2338 3126 2349 ⁵
3217 2334 3228 2349 ¹
3255 2345 3284 2349 γι
3303 2345 3374 2349 -γη
3409 2327 3436 2349 ιλΙ
3455 2326 3574 2349 “lim;

1985 2326 2398 2423 latio—ambulavit
2417 2326 3036 2412 nobismandueandam
3064 2338 3128 2393 ad
3152 2334 3380 2391 salutem
3404 2326 3579 2382 dedit”.

1987 2451 2258 2529 quomodo
2294 2463 2402 2504 non
2441 2445 2545 2501 hoc
2587 2451 2804 2512 corpus,
2847 2431 2950 2490 nisi
2983 2428 3110 2500 quia
3141 2425 3316 2496 ipsam
3352 2415 3575 2475 carnem

1989 2512 2083 2607 dat
2113 2546 2268 2604 nobis
2304 2529 2828 2598 manducandam-in
2867 2524 3058 2581 eadem
3099 2512 3425 2576 substantia,
3457 2521 3572 2564 non

1991 2643 2097 2698 hoe
2133 2645 2314 2692 autem
2357 2645 2588 2701 corpus,
2637 2623 2702 2680 id'
2733 2627 2817 2676 est
2857 2612 3140 2674 in-Aeadem
3177 2607 3385 2669 forma,
3435 2613 3499 2654 ac
3529 2596 3580 2652 si

2227 2690 2246 2782 :7
2267 2690 2478 2794 Corpus
2505 2690 2724 2790 quidem
2751 2725 2954 2773 tnetnn,
2994 2703 3134 2761 sicut
3157 2695 3404 2756 audistis,
3437 2690 3578 2747 dabo

1995 2821 2168 2884 vobis,
2201 2817 2298 2874 sed
2345 2783 2462 2870 uou-
2499 2783 2796 2866 secundum
2828 2801 2932 2856 hoc.
2981 2793 3122 2867 quod
3161 2787 3376 2852 videtis,
3411 2783 3463 2838 id
3497 2787 3584 2838 est.

1999 2927 2106 2970 non
2139 2909 2254 2966 tale
2287 2904 2448 2977 quale
2477 2899 2708 2963 videtis,
2752 2907 2856 2949 non
2903 2889 2956 2946 in
3006 2887 3108 2942 hac
3155 2886 3350 2942 lorma,
3382 2888 3492 2928 non
3527 2871 3582 2924 in

2001 2963 2498 3070 spe—(nequam
2523 2988 2736 3045 videtis.
2763 2982 3014 3052 Alioquin
3039 2992 3137 3032 cur
3161 2971 3364 3030 addidit
3396 2987 3409 3022 :
3438 2963 3604 3036 [ιιιοά-

2003 3095 2218 3159 videtis,
2239 3105 2362 3147 eum
2384 3085 2654 3143 subiceret
2679 3078 2880 3134 dixisse
2901 3089 3006 3130 non
3031 3071 3168 3126 hoc:
3202 3065 3304 3120 nisi
3329 3061 3453 3132 quia
3483 3059 3600 3116 hoc;

2002 3179 2297 3244 secundum
2365 3174 2687 3236 essentiam,
2747 3183 2853 3224 non
2915 3166 3018 3220 hoc
3081 3155 3376 3215 secundum
3407 3181 3413 3184 -
3443 3148 3608 3218 quod

2003 3239 2240 3334 videtis?
2285 3270 2529 3340 Denique
2587 3274 2648 3319 ut
2701 3261 2824 3316 hoc-
2857 3255 3000 3328 quod
3054 3249 3282 3307 dicimus
3336 3239 3593 3311 Augusti-

2005 3387 2135 3429 num
2189 3367 2429 3425 sensisse
2481 3369 2805 3430 coguoscas,
2857 3361 3082 3407 recense
3139 3339 3398 3398 attentius
3463 3333 3594 3404 quiJ

2009 3465 2063 3520 in
2111 3461 2194 3518 eis
2230 3458 2320 3530 qui
2369 3448 2723 3512 seandalizati
2771 3453 2898 3502 sunt
2947 3441 3001 3496 in
3051 3425 3604 3512 expositionethujus

2011 3517 2200 3626 psalmi
2245 3517 2330 3606 vel
2379 3541 2658 3615 Evangelii
2695 3538 3028 3608 culpaverat.
3066 3528 3226 3585 Certe
3281 3521 3426 3580 enim
3465 3517 3600 3574 sub;

2013 3643 2272 3708 stantiam
2335 3642 2480 3698 illam
2542 3613 2712 3712 quam
2779 3627 3076 3688 cernebant
3137 3617 3350 3683 oculis,
3407 3613 3596 3668 datum

2277 3701 2826 3793 ad'manducandum
2874 3718 3169 3794 putabant,
3213 3724 3318 3767 non
3363 3701 3598 3777 panem,

2019 3799 2126 3893 non
2153 3829 2300 3887 aliud
2319 3825 2618 3899 quidpiam.
2641 3817 2976 3890 Augustinus
3003 3819 3182 3868 autem
3211 3805 3316 3864 hoc
3343 3799 3507 3860 stulte
3546 3805 3606 3852 et

2021 3921 2317 3981 carnaliter
2341 3916 2476 3972 dicit
2502 3927 2597 3968 eos
2631 3909 2927 3978 accepisse;

2098 4033 2117 4066 ι
2151 4012 2491 4068 Pntaverunt
2527 4002 2697 4065 enim,
2723 3997 2920 4068 inquit,
2943 3991 3084 4063 quod
3106 3986 3436 4059 prazcisurus
3461 3983 3611 4036 esset

2025 4104 2290 4161 Dominus
2334 4094 2628 4170 particulas
2675 4067 2957 4160 quasdam
2994 4083 3060 4138 de
3105 4089 3334 4147 corpore
3383 4067 3512 4134 suo,
3552 4075 3608 4121 et

2027 4199 2257 4253 daturus
2290 4165 2416 4247 illis.
2448 4185 2784 4242 l‘utaverunt
2807 4174 2946 4247 quod
2976 4171 3148 4243 gratia
3177 4165 3295 4237 ejus
3324 4172 3610 4220 consume-

2029 4297 2183 4344 retur
2226 4281 2520 4341 morsibus,
2555 4286 2612 4331 et
2644 4285 2866 4328 carnem
2902 4280 3006 4336 qua
3039 4262 3288 4320 indutum
3324 4261 3443 4314 erat
3479 4251 3617 4307 Ver-

2030 4383 2185 4445 bum,
2222 4391 2329 4432 non
2373 4339 2662 4441 integram,
2688 4365 2830 4420 sicut
2868 4355 3114 4414 ascendit
3157 4352 3212 4406 in
3255 4346 3476 4409 cadum,
3517 4339 3626 4398 sed'

2031 4471 2196 4531 veluti
2223 4467 2522 4529 concisam,
2553 4460 2639 4524 vel
2676 4453 2946 4528 quomodo
2989 4449 3043 4504 in
3085 4443 3350 4502 cadavere
3383 4434 3628 4492 dilania-.

2033 4577 2142 4633 tur,
2175 4573 2270 4618 aut
2303 4562 2356 4616 in
2397 4526 2626 4614 macello
2655 4526 2930 4611 venditur,
2965 4526 3634 4598 distribueret-credenti-x

2032 4626 2167 4722 bus,
2202 4670 2308 4710 non
2339 4648 2610 4720 quomodo
2658 4641 2850 4713 spiritu
2897 4640 3201 4705 vegetatur,
3255 4626 3310 4682 id
3347 4631 3462 4688 est,
3515 4633 3628 4674 non

2036 4753 2235 4808 vivam.
2287 4709 2424 4799 Nam
2461 4743 2507 4796 si
2543 4709 2738 4809 spiritu
2783 4737 3092 4798 vegetatur,
3129 4725 3148 4776 ὸ
3179 4733 3302 4776 νιγα
3329 4727 3434 4774 est.
3483 4709 3638 4780 Quid-

2039 4857 2170 4916 ergo
2201 4839 2247 4896 si
2289 4839 2574 4906 putassent
2611 4841 2672 4884 se
2717 4829 3038 4890 accepturos
3075 4824 3298 4872 carnem
3325 4807 3624 4877 integram,

3313 4909 3326 4916 -
3380 4915 3391 4916 κ
3424 4915 3452 4916 η
3536 4889 3624 4916 ,ΑΔ

2043 4889 2167 4916 νὐ*
2201 4889 2247 4896 ⁷-
2289 4889 2312 4906 I'
2391 4903 2394 4906 ,
2848 4889 2864 4890 κ

2043 4951 2151 4996 non
2197 4945 2296 5004 per
2345 4925 2646 4998 particulas
2686 4917 2965 4974 concisam
2985 4955 3002 4982 ,
3037 4925 3146 4967 non
3190 4909 3494 4964 mortua,
3535 4889 3636 4948 sed

2043 5031 2256 5090 vivam;
2294 5033 2402 5074 non
2447 5018 2592 5073 sicut
2637 5005 2966 5068 in-macello
3007 5001 3278 5062 venditur,
3315 4991 3412 5050 sed
3457 4990 3639 5045 vivam

2227 5078 2422 5183 έΡίτίιιι
2450 5101 2784 5180 vegetatur?
2809 5095 3058 5168 nunquid
3103 5083 3412 5149 errassent?
3440 5078 3642 5146 Utique

3223 5197 3232 5199 —
3249 5193 3308 5200 ⁸-
3343 5174 3468 5200 ξᾹΑΑ
3517 5178 3643 5200 nulla
