4006 5282
549 312 577 365 1
588 312 689 369 46⁸7

1543 335 1585 391 G
1598 335 1937 393 L'ITMUNDI
1968 336 2396 395 ARCHIEPISC.
2441 338 2787 395 AVERSANI

3659 338 3790 393 1168

547 431 907 490 subaudiatur
949 447 1221 497 nactenus-
1256 444 1431 513 panis,
1462 463 1529 503 ex
1558 450 1789 519 hocjam
1818 462 1902 507 est
1931 468 2128 523 corpus
2158 454 2203 511 Α
2228 453 2527 521 capiamus.
2550 454 2687 519 Quid
2714 454 2738 507 ?
2785 455 2843 507 ιιι
2876 451 3056 509 futuro
3100 468 3229 524 ergo
3273 452 3469 509 sarculo
3500 469 3701 525 corpus
3743 467 3796 511 et

550 535 755 593 meum,
791 541 895 581 non
921 531 1111 597 panis;
1156 543 1212 589 et
1265 536 1351 591 hic
1407 539 1577 611 calix,
1604 543 1960 598 subaudiatur
2020 546 2121 599 ha-

548 622 739 668 ctenus
778 631 1071 683 vmum,cx
1108 624 1209 678 hoc
1247 631 1359 693 iam
1410 640 1495 685 est
1541 636 1762 704 sanguis
1788 651 1963 701 meus,
2012 652 2115 691 non

548 703 751 797 vinum.
784 707 876 763 Vel
937 721 1080 768 certe
1104 715 1184 771 sic
1212 719 1415 788 absque
1456 722 1576 778 istis
1598 724 2067 797 subauditionibus
2098 747 2112 782 :

551 796 654 850 hoc
706 799 849 855 enim
876 819 1170 872 pronomen
1219 800 1448 883 nonest
1496 815 1561 869 ad
1594 819 1901 886 supradicta
1933 818 2116 874 relati»

546 892 801 951 vum,sed
830 898 1196 963 tantummodo
1221 900 1719 971 demonstravitum.
1739 908 1804 962 Et
1826 908 1945 977 ideo
1966 912 2118 980 panis

548 988 604 1033 ct
624 981 809 1038 vinum
856 1003 977 1054 qua:
1022 1004 1183 1059 supra
1229 1008 1281 1046 ιιι
1335 994 1625 1067 Evangelio
1672 1002 1942 1056 nominata
1973 1012 2122 1069 sunt,

548 1071 691 1127 nuiia
722 1074 811 1130 hic
837 1079 1161 1145 necessitate
1194 1084 1605 1142 subaudiuntur.
1646 1088 1763 1145 Jam
1790 1092 2009 1147 miseret
2036 1109 2120 1151 me

545 1162 712 1230 illius,
747 1177 800 1221 et
829 1169 1093 1226 erubesco
1139 1188 1234 1249 pro
1260 1176 1370 1243 illo.
1398 1176 1529 1244 Quis
1571 1181 1734 1246 enim,
1768 1184 1869 1249 nisi
1910 1199 1967 1251 se
2006 1185 2121 1254 ipse

545 1255 619 1309 ita
653 1256 922 1335 proderet,
956 1262 1071 1345 ejus
1100 1267 1336 1322 nominis
1359 1255 1534 1337 virum
1560 1280 1665 1326 tam
1694 1275 1974 1343 pueriliter
1999 1258 2121 1347 gar-

548 1346 676 1408 rire,
704 1356 760 1402 et
803 1358 909 1405 tam
961 1354 1153 1410 frivolc
1196 1358 1440 1428 desipere
1494 1362 1715 1431 credere
1757 1368 1984 1437 posset?
2013 1369 2119 1424 Sed

555 1438 833 1496 videamus
862 1457 957 1527 per
1003 1445 1100 1502 has
1148 1458 1257 1503 tam
1304 1437 1638 1510 necessarias
1674 1457 2120 1531 subauditiones,

554 1538 736 1597 tantus
758 1532 846 1588 hic
875 1537 1246 1607 ratiocinator,
1275 1558 1381 1612 quo
1411 1548 1736 1614 pervenerit,
1779 1550 1909 1621 quid
1930 1552 2121 1608 confe-

550 1622 707 1712 cerit,
744 1625 871 1694 quid
917 1629 1228 1686 obtinuerit.
1300 1624 1430 1701 Hoc,
1455 1637 1641 1707 inquit,
1691 1650 1752 1707 ut
1780 1654 2121 1712 sacramenta

548 1711 736 1804 aitaris
760 1718 917 1785 panis
948 1721 1157 1776 dicatur
1177 1733 1230 1779 et
1270 1726 1477 1796 vinum.
1511 1729 1748 1789 lluccine
1774 1732 1936 1804 igitur
1967 1711 2114 1791 totus

550 1801 703 1859 labor
728 1806 815 1863 ilie
845 1812 1095 1883 tendebat
1114 1815 1143 1883 ?_
1161 1817 1236 1871 Ad
1262 1819 1363 1873 hoc
1390 1820 1561 1886 solum
1588 1823 1659 1877 ita
1683 1834 1734 1878 te
1758 1801 2039 1896 profudisti
2064 1839 2121 1885 ut

548 1910 650 1951 nec
676 1904 779 1989 tua!
798 1905 1064 1969 senectuti
1114 1921 1367 1974 parceres
1390 1913 1519 1982 quin
1554 1922 1625 1981 te,
1651 1930 1750 1986 pro
1776 1900 2118 1989 disputatore

545 1988 763 2056 egregio
808 1992 1350 2056 calumniosissimum
1397 1992 1806 2075 cavillatorem,
1841 1988 1938 2079 pro
1992 2026 2129 2065 cons.

550 2087 819 2136 structore
838 2086 1028 2153 perito,
1057 2090 1515 2165 qualiumcunqnc
1540 2099 1950 2167 panniculorum
1976 2103 2122 2159 iner-

548 2169 811 2228 tissimum
840 2187 894 2230 et
913 2177 1302 2248 ineptissimum
1334 2196 1629 2243 assntorcni
1678 2190 2121 2251 demonstrares?

549 2260 682 2327 Quis
708 2266 849 2320 enim
882 2268 934 2323 id
956 2274 1158 2341 negat?
1202 2275 1333 2341 Quis
1369 2293 1473 2332 non
1517 2280 1570 2335 id
1617 2281 1849 2337 libenter
1896 2284 2127 2353 fatetur,»

549 2353 691 2419 quod
719 2369 1058 2415 sacramenta
1102 2354 1397 2420 Dominica:
1451 2384 1649 2425 mensae
1700 2383 1845 2427 recte
1880 2375 2035 2444 panis
2065 2387 2121 2431 et

544 2445 730 2499 vinum
761 2460 1047 2524 vocantur,
1075 2456 1157 2509 vel
1191 2458 1313 2525 quia
1346 2460 1497 2526 panis
1536 2471 1591 2516 et
1624 2464 1803 2518 vinum
1828 2467 1977 2535 prius
2008 2466 2118 2522 fue-

552 2546 697 2602 runt,
719 2538 803 2593 vel
828 2542 953 2612 quia
982 2547 1135 2614 panis
1163 2557 1218 2603 et
1251 2550 1359 2605 vini
1410 2553 1817 2613 similitudinem
1864 2559 2122 2614 substanv

547 2626 751 2683 tialiter
787 2638 1147 2691 transmutata
1190 2643 1442 2697 servant?
1473 2644 1564 2699 Sic
1612 2661 1847 2717 namque
1877 2664 2118 2720 serpens,

550 2716 643 2808 qui
679 2716 747 2772 de
793 2720 947 2792 virga
998 2724 1171 2781 factus
1218 2738 1322 2793 est,
1367 2732 1515 2803 virga
1566 2716 1785 2792 dicitur.
1846 2716 2118 2808 Scriptum

550 2806 749 2877 quippe
793 2820 876 2865 est
913 2831 927 2869 :
980 2816 1257 2872 Devoravi!
1304 2822 1447 2891 virga
1490 2826 1669 2878 Aaron
1724 2826 1896 2898 virgas
1940 2806 2119 2883 eorum

548 2897 747 2965 (Εποάο
776 2905 894 2973 VII),
937 2903 991 2961 ld
1025 2914 1126 2973 est,
1160 2926 1383 2982 serpens
1413 2915 1503 2983 qui
1536 2919 1603 2970 de
1627 2916 1777 2988 virga
1825 2921 2004 2974 Aaron
2047 2922 2121 2974 fa-

551 2997 671 3044 ctus
701 2989 898 3060 fuerat,
953 3011 1234 3068 serpentes
1261 3020 1473 3059 eorum.
1522 3007 1613 3061 Sic
1644 3008 1806 3064 homo
1825 3012 1955 3081 quia
1997 3013 2121 3067 inde

549 3079 726 3136 factus
755 3093 856 3151 est,
883 3102 1023 3158 saepe
1048 3099 1211 3158 terra,
1257 3104 1311 3147 et
1356 3096 1548 3165 pulvis,
1580 3108 1634 3154 et
1674 3079 2114 3159 lutunivocatur.

2222 542 2538 608 sanguinem
2564 543 2773 597 Domini
2804 558 2929 597 vere
2973 552 3026 597 et
3054 542 3387 599 substantive
3439 547 3795 600 manducabi-

2218 645 2338 684 mus
2358 630 2519 688 Hice
2546 634 2739 703 quippe
2764 643 2958 688 oratur
2985 642 3043 688 ut
3074 634 3126 688 id
3154 633 3296 703 quod
3332 651 3475 689 nunc
3500 637 3684 705 specie
3708 652 3813 706 ge-,

2222 720 2412 786 rimus,
2446 723 2704 793 quidquid
2733 724 2860 780 illud
2890 725 2980 789 sit,
3013 725 3142 779 illud
3170 725 3311 780 idem
3342 727 3396 781 in
3440 729 3674 783 veritate
3710 745 3797 783 ca-

2218 813 2452 883 piamus.
2498 816 2784 883 Quare,si
2839 831 3055 886 semper
3107 817 3160 871 in
3212 818 3316 873 hoc
3371 818 3571 873 sarculo
3604 835 3795 890 corpus

2218 903 2446 969 Christi,
2477 914 2535 959 nt
2558 918 2612 960 tu
2637 906 2860 971 deliras,
2906 907 3104 976 specie,
3157 907 3207 961 id
3234 916 3336 971 est,
3372 908 3681 962 umbratice
3706 924 3795 963 eo-

2220 992 2485 1047 medimus
2511 1004 2740 1063 ;‘restat,
2770 1004 2828 1048 ut
2867 994 2996 1049 illud
3022 996 3075 1050 in
3103 995 3274 1063 altero
3302 997 3793 1061 siticulosubstang

2222 1078 2330 1133 tive
2379 1082 2743 1137 comedamus.
2797 1082 2948 1149 Quod
3000 1085 3055 1137 si~
3093 1085 3296 1138 sentire
3343 1086 3794 1141 absurdissimum

2222 1177 2519 1239 est,._quam
2569 1171 2887 1226 stultissime
2930 1172 3303 1241 interpretaris
3334 1176 3637 1230 Orationem
3668 1192 3797 1245 pra:-

2220 1257 2440 1327 dictam,
2456 1261 2567 1331 jam
2600 1277 2699 1316 nec
2723 1262 2955 1331 teipsnm
2984 1250 3155 1318 latere
3178 1273 3325 1333 puta.
3352 1265 3408 1319 Δ·
3428 1268 3610 1336 capite
3633 1268 3705 1337 igi
3737 1284 3800 1325 ur

2226 1350 2490 1405 orationis
2527 1352 2654 1421 quid
2683 1351 2811 1406 velit
2846 1350 3131 1422 Scriptura
3151 1355 3352 1419 dicere,
3383 1356 3805 1427 diligentissime

2223 1438 2523 1495 videamus.
2557 1440 2849 1495 Rcrﬁciant
2894 1442 2946 1497 in
2976 1443 3515 1512 nobis,qu:esumus,
3548 1446 3797 1512 Domine,

2223 1538 2313 1584 tua
2358 1542 2710 1596 sacramenta.
2738 1534 2889 1603 quod~
2931 1535 3227 1591 continent.
3280 1536 3455 1606 Supra
3483 1538 3599 1605 jam
3669 1540 3801 1594 dixis

2222 1635 2362 1687 nius,
2394 1631 2447 1676 et
2480 1621 2622 1676 beati
2674 1624 2900 1693 apostoli
2936 1624 3084 1679 Pauli
3128 1626 3319 1681 verbis.
3347 1629 3794 1697 approbavimus,

2224 1710 2365 1777 quod
2387 1710 2566 1764 divina
2597 1720 2935 1765 sacramenta
2984 1713 3245 1767 unitatem
3295 1716 3542 1784 corporis
3568 1716 3809 1782 Christi,

2154 1786 2195 1845 Β
2224 1814 2345 1869 qua:
2369 1810 2452 1855 est
2480 1800 2751 1867 Ecclesia,
2801 1803 3170 1873 designarent,
3201 1814 3256 1859 et
3308 1806 3411 1861 hoe
3444 1816 3526 1861 est
3555 1811 3705 1876 quod
3733 1812 3802 1864 si-

2222 1892 2528 1961 gniﬁcando
2557 1893 2854 1947 continent.
2899 1893 3013 1948 lloc
3059 1895 3224 1966 igitur
3265 1907 3419 1968 rogat
3450 1899 3700 1954 Ecclesia
3730 1902 3802 1953 di-

2221 1994 2348 2035 cens
2390 1995 2404 2034 :
2439 1980 2819 2037 l’erﬁeianbin
2857 1982 3044 2052 nobis,
3070 2000 3393 2053 quaesumus,
3421 1987 3678 2055 Domine,
3714 1999 3798 2043 tua

2220 2082 2555 2134 sacramenta
2588 2074 2729 2141 quod
2777 2073 3075 2141 continent,
3119 2074 3173 2130 id
3197 2086 3302 2142 est,
3343 2078 3674 2148 (perﬁciant
3694 2100 3713 2131 ο
3746 2090 3802 2134 ιιι

2220 2174 2319 2215 nos
2353 2177 2477 2215 vere
2499 2162 2669 2217 simus
2694 2178 2856 2216 unum
2887 2164 3088 2220 Christi
3116 2180 3333 2237 corpus,
3379 2184 3483 2223 una
3526 2169 3804 2234 Ecclesia,

2220 2254 2362 2322 quod
2394 2253 2646 2309 videlicet
2694 2255 3040 2324 signiﬁcant:
3093 2266 3153 2312 ut
3195 2262 3339 2328 quod
3391 2276 3557 2326 nunc,
3606 2264 3663 2316 id
3698 2273 3821 2329 est,

2220 2343 2345 2399 dum
2411 2347 2798 2401 manducamus
2847 2363 3042 2415 corpus
3100 2349 3220 2406 Filii
3269 2352 3365 2418 tui,
3427 2354 3611 2423 specie
3657 2356 3803 2424 geri-

2225 2450 2366 2499 mus,
2424 2438 2475 2491 id
2525 2445 2630 2504 est,
2652 2437 2820 2507 ﬁgura
2865 2439 2999 2493 tanti
3029 2444 3353 2497 sacramenti
3379 2443 3758 2514 signiﬁcamus
3788 2464 3803 2498 :

2218 2524 2323 2580 hoc
2344 2541 2529 2581 rerum
2555 2527 2786 2582 veritate
2831 2530 3126 2599 capiamus,
3178 2531 3231 2586 id
3280 2540 3386 2598 est,
3419 2548 3617 2589 revera
3632 2551 3802 2589 unum

2219 2616 2427 2672 Christi
2472 2634 2671 2686 corpus
2696 2629 2752 2672 et
2796 2634 2900 2673 una
2932 2618 3174 2676 Ecclesia
3220 2620 3412 2677 simus.
3441 2622 3567 2689 Iste,
3615 2626 3808 2689 credo,

2224 2706 2533 2762 intellectus
2591 2707 2865 2777 possibilis
2923 2716 3029 2774 est,
3080 2718 3139 2763 et.
3189 2707 3485 2779 Scriptura
3533 2722 3620 2765 est
3668 2728 3801 2767 con-

2218 2799 2659 2853 venientissimus
2714 2805 2772 2853 et.
2818 2799 2976 2854 nobis
3020 2800 3361 2867 utilissimus,
3408 2804 3553 2857 hunc
3604 2812 3801 2859 beatus

2218 2887 2417 2947 Paulus
2457 2888 2730 2958 apostolus
2782 2889 3121 2959 comprobat,
3166 2892 3294 2946 huic
3337 2892 3505 2949 totius
3539 2894 3809 2950 Ecclesia}

2224 2978 2356 3031 lides
2380 2979 2674 3032 concordat
2702 2994 2717 3044 ;
2765 2979 3062 3034 adversarii
3094 2982 3256 3049 porro
3282 2967 3562 3036 vesaniam
3598 2984 3804 3040 nullius

2220 3068 2525 3123 auctoritas
2570 3070 2763 3133 munit,
2809 3070 2902 3124 sed
2954 3068 3195 3125 Ecclesia
3245 3076 3377 3125 tota
3414 3081 3474 3127 ut
3524 3088 3798 3129 venenum

551 3170 643 3226 Sic
682 3175 843 3230 etiam
895 3150 1114 3250 propter
1153 3150 1557 3245 similitudinem
1587 3150 2115 3265 'iiiiiiiiio'siaiii;
2147 3150 2190 3211 Ο
2222 3157 2562 3265 “me?”
2618 3157 2772 3227 ["31"
2819 3156 2937 3216 Ν⁰¹¹
2985 3173 3110 3265 cf?"
3144 3157 3263 3265 "ni
3303 3174 3527 3265 te“???
3570 3163 3800 3265 “funis'

553 3262 715 3319 Pctra
744 3280 856 3323 erat
889 3269 1127 3329 Christus
1156 3276 1205 3345 (1
1222 3276 1344 3335 Cor.
1371 3279 1445 3344 ιι).
1478 3281 1547 3337 Ει
1578 3282 1628 3337 ἰιι
1656 3262 1855 3341 Psalni.
1874 3282 2115 3344 canitur:

555 3351 670 3423 Ego
692 3374 805 3411 sum
835 3364 1019 3417 vermis
1070 3375 1117 3419 et
1148 3383 1250 3421 non
1281 3374 1433 3425 homo
1465 3370 1636 3444 (Psal.
1672 3377 1807 3445 xxi),
1832 3392 1952 3430 cum
1993 3378 2119 3432 sub—

550 3449 877 3505 stantialiter
895 3464 1038 3511 esset
1062 3456 1242 3524 homo,
1275 3462 1385 3516 sola
1409 3464 1758 3522 similitudine
1788 3470 2004 3523 vermis.
2029 3470 2119 3526 Sic

556 3537 695 3593 ultra
724 3556 1006 3601 numerum
1036 3548 1140 3604 alia
1176 3551 1361 3607 multa.
1390 3554 1447 3609 Si
1473 3555 1633 3625 igitur
1666 3558 1845 3613 multa:
1874 3574 1956 3614 res
1996 3576 2119 3630 pro-

547 3638 670 3698 pter
697 3632 886 3689 harum
929 3651 1211 3696 causarum
1235 3644 1478 3713 alteram,
1514 3658 1662 3704 recte
1687 3649 1915 3705 aliarum
1937 3668 2116 3707 rerum

547 3718 707 3792 longe
755 3725 1091 3785 diversarum
1143 3737 1418 3792 vocabulis
1467 3751 1867 3811 nuncupantur,
1917 3757 2119 3814 quanto

548 3814 721 3882 magis
746 3830 1084 3874 sacramenta
1137 3834 1318 3879 nostra
1369 3838 1589 3897 propter
1637 3841 1925 3903 utramque
1979 3834 2119 3888 hanc

550 3918 792 3972 causam,
830 3919 973 3965 recte
1011 3914 1161 3981 panis
1185 3925 1239 3969 et
1266 3933 1449 3973 vinum
1486 3922 1591 3976 dici
1642 3934 1884 3992 possunt,
1938 3941 2119 3980 rerum

552 3992 804 4051 videlicet
854 4016 972 4069 qua:
1021 4001 1240 4059 fuerunt
1288 4007 1509 4062 inultam
1552 4013 1835 4067 retinentia
1879 4014 2125 4070 similitu-

552 4084 755 4154 dinem,
785 4106 904 4145 cuin
960 4094 1390 4152 substantialitcr
1429 4101 1648 4172 proprie
1686 4104 1947 4161 Dominici
2003 4122 2123 4162 cor-

550 4179 699 4247 poris
731 4190 782 4236 ct
812 4186 1086 4256 sanguinis
1104 4198 1322 4246 teneant
1342 4195 1668 4249 veritatem?

623 4270 742 4327 Jam
793 4292 932 4332 nunc
961 4279 1085 4335 illud
1118 4284 1259 4352 quod
1307 4286 1688 4342 ecclesiastica:
1736 4288 1997 4344 orationis
2028 4307 2123 4344 au-

548 4366 805 4421 ctoritate
847 4385 903 4423 se
951 4372 1218 4428 conﬁcere
1271 4375 1627 4446 Bercngarius
1661 4378 1908 4447 jactitat,
1951 4380 2123 4435 vidcae

552 4470 705 4512 mus:
740 4477 756 4509 ι
800 4459 1063 4528 Ecclesia,
1098 4465 1292 4534 inquit,
1340 4468 1390 4523 in
1423 4470 1587 4525 missa
1605 4471 1839 4540 quadam
1865 4471 1937 4526 ita
1969 4481 2115 4529 orat:
2154 4500 2197 4554 ο

550 4545 842 4605 Perﬁciant
894 4551 945 4606 in
994 4556 1179 4620 nobis,
1225 4572 1560 4626 quzesumus,
1611 4561 1857 4623 Domine,
1904 4570 1993 4615 tua
2040 4576 2121 4616 sa-

552 4653 832 4697 cramenta
870 4646 1011 4715 quod
1060 4649 1358 4713 continent,
1387 4660 1445 4705 ut
1470 4654 1611 4721 quod
1653 4668 1796 4707 nunc
1823 4654 2001 4722 specie
2029 4669 2120 4723 ge-

548 4734 739 4799 rimus,
777 4752 956 4792 rerum
988 4743 1217 4795 veritate
1240 4745 1537 4812 capiamus.
1582 4744 1679 4799 Hic
1725 4760 1854 4813 ergo
1885 4746 2122 4800 ostendit

546 4836 607 4876 se
631 4838 735 4877 non
766 4828 965 4884 habere
988 4847 1165 4886 rerum
1186 4834 1488 4899 veritatem,
1515 4838 1607 4890 sed
1631 4838 1887 4906 speciem.
1910 4857 1928 4888 ι
1948 4835 2116 4903 Heus,

550 4913 693 4969 bone
720 4917 1047 4987 intellector,
1076 4940 1325 4993 quarum,
1354 4927 1592 4998 inquam,
1635 4943 1813 4982 rerum
1859 4925 2121 4998 speciem,

554 5020 659 5058 non
690 5008 973 5064 veritatem
1004 5014 1026 5066 ?
1056 5013 1330 5074 Cet-nevis.
1370 5019 1603 5074 inuuies.
1628 5031 1683 5072 et
1705 5021 1985 5074 sanguinis
2012 5021 2121 5074 Do-

2226 3263 2335 3306 uon
2361 3250 2536 3304 oratio
2592 3264 2705 3319 ipsa
2737 3250 3098 3316 commendat,
3145 3252 3238 3306 sed
3270 3252 3579 3309 absurdius
3608 3256 3819 3310 intole-t

2223 3340 2415 3399 rabilis
2444 3381 2458 3405 ,
2514 3355 2635 3408 qua:
2668 3341 2815 3394 illum
2846 3349 3114 3409 sequitur,
3147 3343 3367 3397 omnino
3395 3354 3633 3400 recusat.
3664 3347 3799 3412 Quis

2222 3430 2389 3500 igitur
2432 3447 2531 3501 pro
2558 3431 2789 3494 bestiali,
2841 3447 2938 3501 pro
2987 3432 3325 3495 stultissimo,
3379 3435 3492 3491 imo
3547 3438 3801 3506 impossi-

2219 3522 2521 3587 bilisensu,
2572 3527 2840 3578 nullatenus
2885 3526 3077 3580 debeat
3123 3526 3391 3595 impediri,
3418 3543 3543 3582 cum
3590 3534 3805 3585 habeat

2219 3613 2591 3667 rationabilem
2662 3621 2717 3669 et
2784 3614 3346 3687 congruentissimum
3388 3617 3724 3671 intellectum
3759 3659 3775 3682 ,

2224 3721 2287 3759 ac
2344 3705 2681 3775 sapientibus
2738 3705 2988 3761 omnibus
3038 3705 3465 3776 amplectendam
3509 3708 3533 3761 2
3591 3708 3803 3763 Utrum.

2219 3799 2477 3867 ergojam
2506 3798 2623 3853 haec
2651 3798 2897 3855 sullicere
2944 3799 3298 3865 a-stiuias,an
3321 3801 3499 3856 adhuc
3526 3801 3684 3870 plura
3714 3818 3797 3858 re-

2220 3890 2394 3959 quiris
2418 3890 2440 3944 i

2869 4038 3036 4080 80633
3044 4039 3145 4081 ωε.

2294 4154 2423 4208 Mihi
2455 4157 2614 4223 plane
2642 4153 2710 4207 ad
2740 4155 3013 4209 cumulum
3044 4156 3146 4209 ista
3178 4154 3474 4220 sutllciunt,
3518 4156 3801 4227 mirorque

2223 4246 2535 4301 lia'reticuni
2565 4244 2676 4298 suis
2705 4244 3096 4313 olijectionibus
3143 4256 3502 4317 prostratum,
3558 4262 3625 4303 ac
3670 4261 3791 4317 prof

2224 4337 2355 4407 priis
2377 4336 2583 4392 retibus
2604 4336 2898 4391 irretitum.

2830 4484 3189 4525 GUITIUNDUS.

2296 4609 2422 4679 Hazc
2445 4609 2661 4680 quidem
2705 4617 2973 4678 suntquae
3024 4622 3089 4662 ex
3119 4608 3271 4663 libris
3294 4607 3439 4662 beati
3476 4608 3799 4679 Augustini,

2225 4700 2310 4756 vel
2358 4716 2425 4756 ex
2455 4701 2671 4754 nomine
2721 4700 3072 4764 sacramenti,
3124 4714 3218 4755 seu
3269 4714 3333 4753 ex
3367 4699 3622 4755 oratione
3663 4712 3795 4752 nunc

2225 4791 2491 4854 discussa,
2515 4788 2899 4859 Berengarium
2944 4788 3065 4843 ﬁdei
3116 4800 3315 4844 nostra:
3353 4791 3597 4856 obiicere
3632 4787 3797 4843 solere

2225 4883 2609 4952 comperimus.
2635 4880 2691 4936 Si
2719 4897 2822 4950 qua
2860 4895 2989 4935 vero
3040 4880 3160 4949 alia
3186 4896 3251 4934 ex
3298 4881 3457 4935 beato
3503 4879 3797 4950 Augustino

2225 4971 2430 5041 objicit,
2466 4972 2519 5025 in
2548 4972 2749 5027 virtute
2788 4971 2991 5027 Christi
3025 4971 3303 5027 conﬁdens
3349 4972 3472 5027 dico
3520 4972 3649 5042 quia
3681 4970 3798 5024 dili—
