4006 5282
196 308 324 361 nea
622 282 720 356 'ne
760 300 1097 357 conputus
1135 300 1223 354 ur
1250 298 1451 353 saxo.
1482 295 1717 363 uomat
1758 296 1765 319 ε

1854 290 2102 349 ιιιΤΑτΕ
2136 289 2316 344 LIBRI
2354 289 2555 344 TRES.
2582 288 2662 330 ’-
2700 288 2825 343 LIB.
2870 288 2955 342 Ill.
3283 290 3425 344 H70

920 589 1385 685 INCIPIT
1451 583 1814 673 LIBER
1906 583 2461 674 TERTIUS.

254 932 524 985 ῃεωιρηιιε
576 925 752 981 oratio
792 941 876 987 ea,
932 925 1127 993 quibus
1181 923 1522 977 adversarius
1568 932 1621 975 et
1666 936 1723 976 se
1779 902 1818 956 Α
1851 917 2143 973 secundum
2173 920 2418 987 corporis
2444 920 2524 973 sui
2553 921 2938 988 substantiam,
2965 926 3106 994 quod
3134 926 3417 984 ferebatur

181 1024 413 1077 cumtum
446 1020 682 1073 rationes
698 1026 752 1069 et
777 1019 1069 1071 secundum
1096 1016 1406 1085 Scripturas
1430 1024 1619 1069 contra
1649 1014 1752 1069 EC?

175 1114 394 1166 clesiatn
439 1111 751 1172 nitebatur,
808 1119 1126 1175 argumenta
1176 1107 1437 1162 dissolvit.
1484 1106 1747 1172 Quocirca

177 1203 415 1257 hostium
458 1200 743 1265 machinis,
773 1200 885 1253 Deo
925 1200 1239 1264 auxiliante,
1270 1199 1487 1268 eopiose
1523 1204 1749 1251 lrustra-e

174 1296 260 1358 tis,
297 1293 462 1346 etiam
491 1292 535 1345 si
571 1292 642 1344 nil
668 1290 896 1360 amplius
920 1290 1262 1350 addcremus,
1292 1288 1401 1343 sola
1435 1287 1531 1341 tibi
1562 1286 1749 1340 catho-

176 1383 292 1435 lica:
338 1381 461 1434 ﬁdei
522 1381 767 1434 sullicere
817 1380 1086 1447 generalis
1130 1378 1461 1433 consuetudo
1506 1378 1746 1433 deberet.

171 1474 260 1526 llla
291 1474 440 1526 enim
473 1471 584 1524 sola
636 1470 946 1523 ﬁrmissime
978 1469 1205 1523 tenenda
1244 1478 1328 1523 est
1354 1468 1506 1530 lides,
1533 1468 1747 1521 etiamsi

177 1562 335 1617 valde
381 1562 749 1631 impugnetur,
799 1575 920 1631 qua:
969 1558 1238 1615 catholica
1284 1567 1385 1611 est.
1436 1558 1749 1626 Quicunque

173 1654 321 1706 enim
369 1651 486 1705 vult
516 1651 699 1705 salvus
751 1666 891 1713 esse,
923 1652 1063 1705 sicut
1108 1650 1282 1705 sancti
1329 1648 1518 1703 Patres
1556 1665 1749 1703 sanxe-

170 1752 315 1807 ruut,
347 1750 405 1795 et
434 1750 578 1795 tutus
605 1741 840 1795 concinit
880 1741 1129 1808 mundus,
1179 1756 1401 1796 necesse
1444 1748 1528 1793 est
1566 1748 1623 1792 ttt
1666 1747 1749 1792 te-

171 1846 299 1891 neat
345 1835 670 1889 catholicam
700 1837 879 1890 ﬁdem.
916 1835 1067 1902 Quod
1098 1837 1165 1899 si,
1194 1838 1527 1906 impugnata,
1568 1834 1750 1890 fortis-

170 1930 307 1982 sime
339 1929 622 1982 retinenda
656 1936 761 1990 est,
784 1935 985 1996 quanto
1012 1928 1201 1996 magis,
1229 1929 1273 1981 si
1299 1927 1478 1981 omnia
1503 1942 1621 1994 qua:
1647 1925 1748 1979 sibi

169 2026 522 2085 opponuntur
574 2031 887 2085 expugnans
946 2023 1091 2084 patet
1142 2016 1256 2083 ipsa
1298 2013 1747 2084 inexpugnabilis.

174 2108 490 2161 nullatenus
522 2106 873 2174 relinquenda
914 2104 1048 2158 est?
1083 2104 1190 2159 Sed
1219 2105 1477 2173 quoniam
1506 2113 1559 2158 et
1595 2103 1750 2157 valde

171 2196 343 2249 multa
376 2196 446 2249 ad
472 2196 803 2249 rohorandas
853 2195 1029 2249 adhuc
1057 2203 1239 2262 partes
1284 2204 1517 2255 nostras,
1562 2203 1616 2247 et
1658 2195 1751 2246 ad-

170 2286 547 2340 versariorum
573 2284 885 2349 diruendas,
910 2284 1018 2338 Deo
1035 2283 1278 2353 juvantc,
1324 2284 1446 2339 addi
1501 2294 1745 2353 p0ssunt,

174 2387 228 2429 et
252 2384 307 2431 te
340 2377 594 2433 sitienter
621 2390 685 2430 ea
715 2376 1025 2431 desiderare
1056 2385 1205 2430 certe
1256 2376 1390 2440 scio,
1426 2376 1531 2429 tuis
1551 2376 1751 2430 oratio-

168 2465 358 2529 nibus,
389 2466 622 2525 Domino
647 2465 802 2519 nobis
844 2465 1079 2529 favente,
1122 2466 1187 2519 de
1227 2466 1430 2519 sanctis
1458 2465 1751 2535 Scripturis

165 2556 351 2609 adhuc
380 2554 564 2624 aliqua
584 2554 939 2626 proferemus,
977 2555 1168 2624 quibus
1214 2564 1268 2609 et
1297 2555 1468 2611 hostis
1511 2555 1751 2609 lubricus

162 2644 222 2715 ιι
242 2645 385 2700 titius
418 2655 817 2715 prosternatur,
843 2654 898 2699 et
928 2655 1127 2699 ucstra:
1176 2646 1344 2715 partis
1373 2647 1534 2699 robur
1570 2646 1751 2699 inviu-

164 2737 331 2791 cibile
360 2752 466 2807 per
490 2736 703 2806 propria
725 2747 1041 2808 argumenta
1068 2748 1250 2792 nostra
1269 2737 1498 2807 amplius
1525 2736 1751 2791 demon-

160 2835 399 2881 stretur.
435 2827 514 2881 Ac
551 2827 725 2895 primo
780 2828 995 2895 quidem
1018 2825 1172 2894 juxta
1223 2829 1469 2882 ordinent
1499 2829 1753 2898 qua‘stio-

144 2934 319 2991 ,ttum,
350 2919 500 2988 quod
540 2933 736 2988 corpus
757 2918 957 2973 Christi
979 2934 1166 2974 verum
1209 2920 1261 2972 in
1292 2919 1590 2973 substantia
1630 2936 1748 2984 sua,

161 3026 277 3063 nan
314 3010 371 3063 itt
420 3009 612 3069 umbra
639 3008 1035 3077 Bercngariana
1082 3010 1440 3076 comedimus,
1492 3013 1754 3079 approbe-

156 3120 287 3159 mus
314 3119 330 3168 ;
368 3102 572 3156 deimle
598 3111 788 3157 contra
834 3104 1197 3172 impanatores
1219 3102 1484 3157 Dominici
1508 3103 1752 3171 corporis

152 3194 414 3263 vigilabit
437 3194 633 3246 oratio.
1742 3240 1745 3243 .

226 3282 286 3337 lu
317 3281 599 3353 principio
644 3296 774 3350 ergo
809 3281 1187 3349 disputationis
1237 3292 1455 3336 nostrae.
1489 3282 1748 3351 quoniam

149 3394 218 3431 ex
248 3378 424 3432 beato
449 3364 748 3445 Augustino
776 3376 1011 3431 scandali
1039 3390 1176 3443 pene
1203 3377 1363 3431 totius
1390 3376 1602 3430 videtur
1628 3391 1748 3431 esse

146 3470 529 3539 principium,
568 3470 694 3537 quid
748 3470 1112 3525 nobilissimus
1144 3469 1281 3524 idem
1336 3470 1526 3524 doctor
1571 3470 1637 3523 de
1664 3484 1751 3522 sa-

1853 1010 1905 1062 itt
1933 1010 2183 1064 manibus
2227 1012 2362 1076 suis,
2392 1014 2663 1081 quontodo
2708 1014 2762 1068 id
2812 1015 3081 1070 invenitur
3135 1019 3188 1072 itt
3236 1035 3302 1073 eo
3332 1036 3419 1076 se-

1851 1100 2084 1154 cundum
2148 1101 2381 1157 litteram
2416 1100 2453 1157 ‘?
2500 1104 2751 1174 Nunquid
2814 1110 3108 1163 secundum
3170 1112 3415 1169 litteram

1848 1188 2099 1245 Christus
2145 1200 2230 1244 est
2280 1202 2449 1259 petra,
2507 1201 2562 1247 et
2605 1193 2711 1261 leo,
2768 1206 2821 1250 et
2863 1213 3051 1266 agnus,
3084 1210 3137 1253 et
3176 1217 3421 1272 serpens,

1850 1297 1971 1334 cum
1999 1282 2071 1335 sit
2093 1282 2208 1337 ltzec
2238 1286 2414 1338 omnia
2444 1288 2737 1341 secundum
2765 1288 3025 1357 ﬁguram?
3049 1291 3287 1347 Minime.
3315 1294 3421 1349 Sed

1850 1370 1904 1422 itt
1932 1369 2152 1426 Christo
2187 1372 2512 1438 invenimus,
2545 1377 2736 1447 inquit,
2790 1383 3058 1448 quomodo
3096 1384 3423 1455 intelligatur

1850 1462 2144 1514 secundum
2199 1463 2480 1518 litteram?
2508 1466 2681 1521 Aliter
2730 1471 2873 1524 enim
2924 1472 3072 1526 nullo
3104 1477 3262 1529 modo
3300 1492 3421 1530 cou-

1850 1555 1986 1607 strui
2024 1565 2197 1623 potest
2239 1558 2433 1623 oratio,
2483 1574 2602 1628 qua:
2631 1564 2696 1615 de
2732 1562 2949 1618 Christo
3001 1567 3247 1622 comedit
3280 1569 3421 1637 quod
3510 1584 3514 1588 '

1851 1646 1917 1699 de
1950 1647 2115 1701 David
2155 1660 2462 1718 negaverat.
2502 1649 2618 1705 Non
2670 1654 2834 1722 igitur
2866 1654 2926 1709 ut
2976 1657 3062 1709 isti
3095 1657 3299 1721 volunt,
3332 1676 3411 1713 se-

1850 1736 2083 1789 cundum
2111 1737 2353 1804 ﬁguram,
2387 1739 2479 1793 sed
2514 1741 2811 1795 sccundum
2860 1744 3242 1798 substantiam.
3288 1746 3419 1801 Dili-

1850 1835 2058 1896 genter,
2113 1844 2316 1897 quaeso,
2371 1829 2550 1884 omnis
2609 1831 2845 1899 prudens
2900 1833 3073 1888 lector
3117 1835 3413 1902 advertat,

1849 1934 2010 1986 quatit
2036 1919 2406 1975 eﬂicacissime
2438 1923 2561 1976 hinc
2585 1923 2768 1977 omnia
2798 1924 3172 1982 hereticorum
3194 1927 3421 1984 istorum

1850 2010 2179 2077 sophismata
2210 2014 2595 2068 excludantur.

1923 2100 2195 2155 Ponamus
2224 2104 2390 2166 enim,
2433 2104 2477 2158 si
2526 2104 2722 2174 placet,
2775 2107 2916 2176 quod
2975 2112 3271 2167 adversarii
3298 2112 3425 2169 hinc

1852 2190 2032 2244 dicere
2062 2200 2311 2259 possunt,
2348 2200 2407 2245 ut
2444 2194 2571 2262 quid
2594 2204 2853 2262 sequatur
2890 2197 3094 2253 clarius
3130 2201 3420 2254 eluccscal.

1850 2279 1985 2334 Cum
2015 2280 2159 2334 enim
2208 2282 2327 2336 ait:
2379 2302 2396 2333 ε
2424 2283 2726 2339 Ferebatur
2775 2287 3021 2344 Christus
3064 2291 3124 2344 'in
3176 2292 3425 2347 manibus

1852 2369 1983 2433 suis,
2005 2388 2025 2421 ι
2053 2378 2107 2423 et
2129 2370 2320 2434 deinde
2348 2390 2361 2426 :
2395 2391 2413 2423 ι
2438 2372 2669 2428 Ferebat
2699 2377 2824 2430 illud
2851 2394 3049 2447 corpus
3091 2381 3143 2435 in
3171 2383 3426 2437 manibus

1852 2459 2033 2523 suis“
2062 2460 2107 2513 si
2138 2462 2435 2517 adversarii
2492 2465 2661 2519 nostri
2696 2466 2796 2521 hoc
2843 2483 2940 2537 pro
2989 2484 3083 2523 sua
3136 2481 3287 2539 parte
3341 2473 3419 2526 sic

1852 2558 2163 2617 exponunt:
2189 2549 2487 2605 Ferebatur
2512 2552 2760 2609 CltriStus
2799 2555 2852 2608 in
2896 2559 3144 2612 manibus
3202 2560 3335 2624 suis,
3368 2561 3421 2614 id

1851 2649 1957 2703 est,
1983 2639 2476 2713 ferebatur‘umhra
2504 2652 2709 2698 tantum
2737 2646 2816 2700 vel
2855 2647 3021 2715 figura
3050 2649 3275 2713 Christi,
3310 2667 3416 2703 noa

1852 2729 2154 2784 substantia
2182 2731 2233 2784 itt
2265 2734 2516 2787 manibus
2541 2735 2675 2800 suis,
2709 2744 2763 2789 et
2785 2736 2993 2792 ferebat
3033 2739 3162 2793 illud
3204 2756 3424 2809 corpus,

1856 2821 1909 2875 id
1937 2830 2019 2875 est
2043 2822 2292 2877 umbram
2317 2824 2401 2878 vel
2451 2824 2679 2893 ﬁguram
2710 2828 2849 2881 illius
2879 2831 3140 2898 corporis,
3169 2846 3273 2885 non
3302 2833 3430 2886 sub-

1854 2914 2150 2979 stantiam;
2180 2916 2225 2970 si
2267 2917 2391 2981 hoc,
2422 2920 2665 2987 inquam,
2698 2922 2773 2974 ita
2802 2914 3101 2990 exponunt,
3152 2935 3253 2978 nuc
3278 2924 3422 2977 idem

1859 3003 1918 3057 in
1955 3004 2142 3059 David.
2177 3008 2279 3062 hoc
2310 3008 2449 3061 idem
2477 3009 2528 3062 in
2556 3011 2807 3065 omnibus
2847 3011 2959 3067 fere
2999 3014 3302 3068 hominibus
3348 3015 3429 3069 in-

1858 3101 2047 3153 venire
2071 3116 2379 3169 possumus.
2411 3104 2541 3168 Quis
2567 3105 2709 3157 enim
2738 3106 2849 3160 fere
2888 3107 3163 3162 hominum
3193 3108 3427 3179 aliquam

1853 3189 1934 3242 sui
1968 3189 2215 3258 ﬁguratn,
2264 3191 2455 3259 inqua
2510 3208 2617 3245 non
2661 3194 2734 3248 sit
2790 3196 3087 3252 substantia
3112 3212 3207 3251 sua
3255 3201 3425 3267 (verbi

1852 3281 2050 3346 gratia,
2082 3281 2168 3335 vel
2218 3290 2451 3335 statuam
2482 3283 2562 3337 vel
2599 3284 2884 3356 picturam)
2917 3287 2969 3340 itt
3019 3290 3269 3343 manibus
3314 3292 3428 3346 suis

1851 3375 1995 3429 ferre
2026 3391 2129 3429 non
2168 3378 2370 3440 possit?
2409 3397 2427 3428 ε
2483 3376 2589 3432 Sed
2617 3380 2737 3446 hoc,
2771 3379 2964 3448 inquit,
2999 3372 3051 3435 in
3098 3382 3213 3452 ipso
3246 3383 3414 3436 David

1855 3481 1960 3519 non
1995 3467 2324 3531 invenimus,
2351 3477 2405 3521 et
2445 3469 2694 3523 manibus
2720 3470 2832 3523 suis
2865 3465 3023 3525 nemo
3067 3481 3336 3542 portatur.
3367 3472 3425 3528 ltt

146 3562 373 3615 criﬁcio
405 3561 666 3615 Ecclesia:
690 3562 741 3614 in
767 3563 1103 3631 expositione
1134 3563 1271 3617 tituli
1298 3563 1551 3619 tricesimi
1602 3562 1746 3618 tertii
1776 3581 1816 3639 ο
1850 3556 2066 3613 Christo
2094 3568 2295 3620 autent.
2322 3559 2417 3624 ait,
2442 3560 2763 3616 invenimus.
2791 3580 2810 3613 ι
2848 3562 3110 3628 Quoniam
3137 3580 3266 3634 ergo
3295 3566 3429 3619 dicit

143 3653 353 3721 ρωῗωί
392 3651 602 3707 sentiat
655 3652 951 3705 videamus.
981 3652 1243 3708 Tractans
1292 3655 1436 3708 enim
1482 3654 1750 3722 quomodo

141 3745 329 3805 David
359 3745 414 3797 in
448 3742 697 3797 manibus
729 3744 841 3797 suis
876 3742 1150 3797 ferebatur
1190 3759 1373 3797 rorant
1412 3745 1748 3810 Abitueleclt,

139 3839 224 3890 ait
258 3857 271 3890 :
307 3857 326 3889 ς
367 3835 493 3889 lloc
517 3851 668 3901 vero,
698 3836 915 3901 fratres,
942 3835 1208 3904 quomodo
1231 3838 1400 3905 possit
1436 3836 1548 3891 ﬁeri
1583 3837 1633 3889 itt
1662 3837 1752 3891 ho-

137 3930 299 3983 mine
324 3928 466 3996 quis
495 3927 758 3995 intelligat
785 3927 807 3979 ?
838 3926 969 3993 Quis
994 3929 1163 3982 'eniut
1210 3938 1457 3997 portatur
1502 3929 1750 3991 manibus

138 4019 264 4075 suis
289 4019 315 4070 ?
342 4017 599 4069 Aliorum
632 4025 810 4083 potest
844 4018 1045 4084 portari
1071 4018 1231 4071 lt0tno
1260 4019 1312 4072 itt
1343 4019 1609 4079 manibus,
1640 4018 1751 4072 suis

134 4126 317 4164 nemo
352 4106 660 4177 portatur?
694 4106 976 4173 Quomodo
1003 4108 1329 4175 intelligatur
1352 4109 1404 4161 itt
1436 4108 1552 4176 ipso
1584 4108 1750 4163 David

133 4200 474 4256 secundum
506 4197 740 4252 litteram
767 4214 873 4252 non
904 4198 1225 4261 invenimus,
1250 4198 1301 4252 in
1328 4198 1545 4253 Christo
1573 4208 1750 4253 autem

134 4292 504 4348 invenimus.
557 4288 855 4342 Ferebatur
911 4288 1053 4341 enim
1105 4287 1355 4343 Christus
1396 4288 1449 4341 in
1504 4288 1752 4342 manibus

132 4384 285 4448 suis,
322 4380 559 4451 quando
583 4380 969 4437 commendans
996 4379 1168 4448 ipsum
1196 4394 1393 4447 corpus
1439 4395 1595 4434 suum
1627 4380 1701 4433 ait
1735 4397 1748 4433 :

136 4473 263 4526 Hoc
290 4481 374 4525 est
410 4486 607 4537 corpus
632 4485 822 4522 meum.
861 4468 1089 4523 Ferehat
1132 4468 1274 4523 enim
1308 4469 1435 4522 illud
1468 4485 1665 4539 corpus
1697 4470 1749 4524 itt

129 4562 191 4616 itt
224 4560 511 4617 manibus
568 4559 695 4612 suis.
725 4576 742 4607 ι
777 4558 820 4612 Ο
864 4559 1129 4612 sententia
1178 4558 1543 4613 lucidissima!
1567 4575 1601 4614 o
1629 4576 1753 4615 sen-

130 4654 325 4708 tentia
386 4649 747 4704 ﬁdelissitna!
782 4664 814 4703 ο
863 4650 1132 4705 sententia
1184 4666 1309 4705 vere
1352 4652 1664 4707 beatissimo
1698 4660 1752 4707 et

126 4740 641 4801 εχιοειιυηιίεεὶιιιο
699 4742 920 4795 doctore
971 4742 1273 4812 Augustino
1329 4743 1661 4811 dignissima,
1720 4760 1749 4796 a

125 4851 247 4906 qua
276 4832 432 4888 nulli
479 4841 561 4884 est
597 4831 951 4886 recedendum
987 4848 1002 4898 ;
1054 4834 1138 4888 cui
1167 4834 1234 4887 ab
1272 4835 1522 4889 omnibus
1555 4846 1638 4890 est
1668 4851 1749 4888 re-

1851 3650 1903 3704 itt
1929 3650 2147 3705 Christo
2176 3652 2427 3717 inveniri,
2467 3652 2609 3721 quod
2656 3653 2707 3707 itt
2737 3652 2901 3707 David
2933 3663 2988 3708 et
3027 3656 3079 3709 in
3108 3656 3227 3710 aliis
3257 3656 3430 3711 homi-

1852 3742 2048 3805 nibus,
2095 3743 2363 3810 quomodo
2411 3742 2739 3813 intelligatur
2783 3760 2892 3799 non
2944 3745 3181 3809 invenit;
3267 3746 3427 3802 facile

1851 3841 2030 3885 autem
2060 3831 2296 3902 aliquam
2326 3832 2553 3902 ﬁgurant
2580 3834 2684 3900 sui,
2718 3835 2770 3889 in
2794 3852 2899 3905 qua
2951 3837 3083 3891 nihil
3113 3838 3183 3891 sit
3210 3838 3275 3893 de
3301 3838 3431 3894 sub-

1851 3924 2049 3977 stantia
2075 3938 2193 3990 sua,
2252 3925 2500 3981 manibus
2546 3926 2657 3981 suis
2709 3922 2853 3984 ferre
2877 3938 2931 3981 et
2956 3930 3120 3982 David
3150 3940 3203 3983 ct
3249 3931 3428 3984 cmtet'i

1852 4014 2098 4069 homines
2128 4014 2350 4087 intelligi
2406 4028 2651 4085 possunt,
2691 4028 2861 4074 restat
2889 4021 3347 4079 manifestissime.
3378 4031 3431 4073 et

1853 4107 2057 4174 absque
2080 4107 2188 4159 ullo
2218 4108 2468 4176 scrupulo
2515 4109 2854 4162 sentiendum
2894 4111 3036 4179 quod
3066 4126 3170 4164 nou
3207 4110 3428 4176 ﬁgurant

1855 4204 2059 4249 tantum
2082 4195 2168 4248 vel
2195 4197 2464 4261 umbram,
2499 4196 2637 4250 sicut
2671 4198 2981 4255 adversarii
3025 4199 3194 4252 nostri
3223 4200 3430 4263 dicunt,

1852 4285 1946 4340 sed
1983 4286 2339 4339 substantiam
2363 4286 2443 4339 sui
2470 4287 2715 4354 corporis
2760 4287 2910 4356 juxta
2944 4288 3299 4359 Augustinum
3351 4289 3431 4343 fe-

1853 4374 2297 4429 rebatCltristus.
2334 4377 2471 4442 Quid
2522 4377 2610 4431 hic
2649 4378 2935 4432 umbratici
2982 4381 3379 4449 respondebunt
3413 4397 3429 4447 ;

1859 4464 1956 4519 Ubi
2016 4465 2067 4517 itt
2105 4474 2250 4519 tanta
2303 4466 2424 4520 luce
2478 4467 2721 4537 lucifuga:
2775 4471 2944 4524 ucstri
3005 4472 3248 4526 umbraut
3281 4488 3438 4541 para-

1857 4556 2044 4611 bunt?
2076 4558 2215 4612 Ecce
2274 4559 2558 4627 Augustini
2605 4560 3049 4618 manifestissima
3107 4563 3434 4623 documenta

1854 4648 2199 4712 recitantur;
2251 4648 2383 4701 nihil
2416 4650 2470 4703 in
2523 4651 2602 4704 eis
2650 4652 3053 4719 scrupulosum,
3102 4654 3238 4707 nihil
3265 4657 3450 4714 ambi-

1853 4753 2038 4808 guum.
2065 4740 2171 4793 Aut
2207 4740 2272 4795 de
2299 4742 2382 4795 his
2406 4758 2465 4798 se
2492 4743 2783 4812 explicent,
2809 4755 2904 4798 aut
2928 4745 3288 4816 Augustinum
3342 4766 3461 4809 no-

1852 4829 1938 4883 bis
1963 4831 2199 4900 obiicere
2227 4832 2492 4890 desistant
2525 4852 2540 4901 ;
2570 4844 2623 4888 et
2643 4835 2791 4891 sicut
2814 4835 3156 4910 Augustinus
3184 4846 3481 4922 testatur.

126 4921 568 4980 verendissime
606 4922 1047 4977 concedendum!
1076 4924 1229 4992 Quod
1256 4925 1305 4977 in
1340 4925 1527 4990 David,
1549 4927 1743 4995 inquit,
1784 4916 1827 4971 D
1856 4927 2142 4982 veritatem
2170 4926 2433 4982 Dominici
2458 4932 2704 4999 corporis
2744 4927 3038 4992 nobiscum
3074 4930 3315 4984 credant.
3342 4916 3519 5015 se.“

119 5032 180 5076 et
216 5022 279 5076 in
333 5016 480 5070 aliis
528 5014 834 5069 hominibus
887 5021 1181 5073 secundum
1241 5018 1471 5071 litteram
1533 5036 1636 5074 non
1670 5021 1750 5072 itt-

119 5113 395 5160 vortitur.
428 5106 489 5157 in
523 5104 737 5158 Christo
794 5105 1085 5160 invenitur.
1128 5107 1267 5159 Ouid
1329 5108 1495 5160 illud?
1531 5129 1548 5160 ι
1591 5112 1751 5160 Fere-

1855 5017 2084 5073 forsitan
2113 5019 2215 5072 hoc
2245 5032 2350 5071 non
2377 5022 2727 5078 adverterant
2757 5036 3065 5092 scriptum.
3098 5018 3157 5071 Si
3194 5018 3339 5071 enim
3362 5025 3545 5107 hoc

1852 5108 2082 5160 ﬁdeliter
2109 5108 2471 5158 attendissent
2523 5112 2696 5158 adlim-
2728 5127 2890 5158 cnam
2939 5110 3192 5156 ι-ηηορείηι
3218 5124 3281 5156 ex
3302 5110 3431 5156 ὶιρει
3449 5138 3471 5156 .
