4006 5282
537 198 668 255 ΗΠ

1580 193 1964 254 GUITMUNDI
2002 191 2430 251 ARCIIIEPISC.
2475 186 2818 248 AVERSANI

3669 181 3806 241 H72

539 314 688 370 nulla
757 313 975 385 penitus
1031 313 1421 384 tergiversamii
1479 325 1796 388 argumenta
1857 320 2109 386 reperiat.
2145 317 2190 372 A
2219 319 2319 376 est,
2369 310 2625 365 Dominus
2653 281 2854 362 tuoster
2881 303 3038 360 Iesus
3077 299 3326 360 Christus
3359 299 3588 356 :adhuc
3615 312 3804 369 parum

541 407 678 462 Nam
708 417 765 462 ιιι
793 417 1049 462 Virtutem
1087 406 1207 474 ejus
1234 421 1395 474 quam
1425 405 1742 462 brevissime
1769 423 1910 462 nunc
1939 415 2122 460 osten-

543 499 690 563 dam,
715 508 808 554 aut
832 498 1174 563 substantive
1199 514 1396 568 corpus
1430 497 1628 554 ChriSti
1665 507 1784 552 erat
1803 498 1944 568 quod
1973 497 2122 554 Chri-

543 597 660 643 stus
689 587 916 656 ferebat,
947 589 1014 644 de
1033 605 1142 658 quo
1165 589 1381 643 diccbat
1407 602 1424 643 :
1466 587 1584 643 Hoc
1611 599 1684 644 est
1717 606 1906 656 corpus
1927 606 2120 655 meum,

546 688 639 733 a-tt
667 687 876 742 tantum
927 680 1177 749 ﬁgurate.
1213 679 1319 734 Sed
1352 687 1559 734 tantum
1590 680 1816 752 ﬁgurate
1859 697 1967 735 non
1999 695 2126 751 pos-

545 775 674 820 sunt
727 767 836 842 pati
877 768 1175 836 praemissa,
1224 769 1423 838 quibus
1457 769 1695 834 dicitur;
1741 770 1870 840 quia
1904 771 1956 824 in
2003 770 2124 825 aliis

543 869 652 916 non
680 854 971 922 invenitur,
997 857 1142 926 quod
1190 857 1242 911 in
1281 856 1501 922 Christo
1528 857 1819 912 invenitur.
1861 857 2114 930 Alioquin

546 945 885 1010 inveniretur
904 957 960 1004 et
986 945 1040 1004 in
1065 947 1206 1002 aliis.
1247 947 1438 1004 Omnis
1465 949 1664 1019 quippe
1710 949 1872 1004 homo
1898 949 2121 1020 ﬁguram

544 1037 653 1106 sui,
681 1053 740 1104 ,ηπ
762 1053 868 1108 qua
905 1038 1047 1104 nihil,
1071 1039 1138 1094 de
1159 1039 1460 1102 substantia
1483 1055 1580 1095 sua
1609 1049 1715 1104 est,
1754 1039 1896 1104 ferre
1924 1047 2122 1110 potest.

541 1123 650 1183 Sed
680 1125 734 1180 in
759 1126 898 1194 aliis,
933 1127 1130 1198 inquit,
1183 1144 1288 1195 non
1327 1127 1620 1184 invenitur.
1669 1127 1914 1184 Manibus
1953 1129 2124 1194 enim,

549 1217 650 1277 ait.
675 1216 789 1272 suis
809 1233 967 1272 uelim
1001 1228 1266 1286 portatur.
1293 1218 1410 1274 Non
1439 1220 1605 1290 igitur
1634 1221 1860 1288 ﬁgurate
1895 1229 2124 1285 tantum,

557 1316 666 1354 non
693 1305 1014 1370 umbratice,
1039 1313 1370 1374 quapropter
1395 1305 1731 1364 substantive
1749 1319 1948 1375 corpus
1970 1303 2126 1360 Chri-

539 1391 612 1456 sti
641 1398 760 1444 erat
785 1391 934 1464 quod.
957 1393 1071 1464 ipse
1095 1395 1324 1452 ferebat.
1354 1395 1471 1452 Non
1506 1396 1641 1458 satis
1660 1394 1966 1465 exprimere
1996 1409 2128 1465 pos-

552 1496 674 1536 sum
703 1489 964 1554 quantum
989 1483 1042 1536 in
1069 1483 1154 1538 his
1177 1485 1318 1540 beati
1343 1486 1626 1558 Augustini
1661 1485 1841 1548 verbis
1862 1485 2128 1552 oblector,

551 1581 926 1644 quantumque
954 1589 1118 1644 super
1159 1573 1352 1636 horum
1390 1576 1682 1630 miserabili
1740 1577 1984 1632 caecitate
2032 1577 2130 1632 ad-

2221 416 2321 460 est.
2354 403 2538 459 Potest
2569 402 2737 468 enim,
2767 401 2904 455 sicut
2935 395 3116 457 cmteri
3141 395 3392 451 homines
3417 392 3556 464 justi
3587 389 3681 444 ﬁlii
3715 389 3808 444 Dei

2223 505 2348 550 sunt
2375 511 2474 566 per
2497 493 2730 565 gratiam
2749 533 2764 556 ,
2787 500 2842 546 et
2870 493 2983 562 ipse
3013 489 3309 544 secundum
3337 486 3484 558 quod
3512 485 3682 540 homo
3707 491 3808 544 est.

2223 588 2339 646 dici
2359 603 2518 646 verus
2567 585 2708 640 lilius
2737 583 2830 639 Dei
2877 598 2973 654 per
3001 581 3262 651 gratiam,
3301 578 3430 632 licet
3459 573 3814 630 inerrabiliter

2223 679 2543 750 ampliorem
2577 685 2632 732 et
2661 673 3094 730 excellentiorem
3123 685 3285 740 quam
3313 666 3502 722 caeteri
3529 663 3807 720 homines.

2224 773 2375 828 Adde
2405 771 2547 841 quod
2594 769 2724 824 satis
2754 773 2856 822 est.
2887 764 3004 818 Non
3041 763 3184 818 sicut
3219 760 3402 815 earteri
3433 757 3692 814 homines
3723 770 3816 823 per

2225 861 2482 931 gratiam,
2523 859 2617 914 sed
2651 855 2806 927 quasi
2851 853 2993 909 ﬁlius
3035 865 3132 922 per
3171 859 3446 913 naturam,
3495 847 3552 900 id
3593 855 3701 906 est,
3753 859 3814 895 ει

2225 951 2524 1014 substantia
2551 949 2751 1004 Patris.
2778 945 2856 1001 lta
2885 959 3013 1014 ergo
3039 941 3177 997 dicis
3211 955 3396 994 veram
3427 938 3550 1008 ejus
3593 950 3810 991 carnem

2229 1058 2393 1114 quam
2428 1041 2714 1102 sumimus,
2748 1045 2804 1090 et
2824 1030 3156 1104 verumcjus
3181 1029 3502 1100 sanguinem
3533 1039 3705 1094 quem
3727 1037 3830 1091 pe—

2230 1145 2427 1190 tamus.
2462 1130 2745 1200 Quomodo
2772 1127 3039 1184 veroita?
3066 1125 3120 1180 ld
3153 1132 3256 1188 est,
3279 1125 3398 1177 'non
3431 1121 3580 1176 sicut
3611 1129 3819 1172 caetera

2227 1239 2337 1288 res,
2385 1237 2506 1292 quae
2554 1229 2774 1291 propter
2805 1218 3040 1286 aliquam
3088 1214 3320 1284 gratiam
3369 1209 3815 1282 signiﬁcationis.

2227 1329 2354 1370 caro
2390 1321 2446 1368 et
2471 1311 2749 1384 sanguinis
2781 1308 2984 1368 Christi
3023 1314 3250 1374 possunt
3285 1302 3408 1358 dici.
3441 1301 3614 1371 (sicut
3665 1298 3812 1352 verbi

2229 1421 2418 1470 causa,
2473 1419 2572 1475 per
2623 1403 2854 1476 gratiam
2903 1396 3264 1468 ﬁgurationis,
3315 1407 3446 1450 caro
3495 1400 3552 1445 ει
3605 1390 3822 1457 sanguis

2229 1497 2350 1568 agni
2395 1493 2668 1567 paschalis
2714 1492 2766 1545 in
2817 1489 3046 1561 Egypto
3091 1485 3354 1542 immolati
3405 1481 3628 1555 (Exod.
3675 1497 3756 1534 xu
3784 1482 3838 1546 l,_

2229 1600 2358 1640 caro
2399 1595 2456 1639 et
2494 1582 2713 1653 sanguis
2758 1579 2958 1636 Christi
3008 1585 3234 1649 possunt
3277 1571 3563 1644 appellari.
3621 1571 3822 1624 Eodem

549 1663 737 1716 miror.
777 1663 857 1726 Ex
887 1663 973 1720 his
999 1679 1230 1732 namque
1267 1673 1514 1734 patenter
1538 1667 1840 1720 ostenditur
1868 1668 2000 1736 quid
2028 1683 2128 1722 vo-

2242 1689 2449 1746 quoque
2479 1649 2640 1728 modo
2675 1681 2732 1726 et
2773 1683 2972 1734 manna
3001 1677 3056 1722 et
3083 1677 3276 1728 uetera
3305 1662 3636 1738 quamplura
3675 1661 3825 1714 simi-

549 1752 712 1814 luerit
742 1754 882 1814 idem
909 1755 992 1808 vir
1015 1754 1356 1818 beatissimus
1405 1756 1744 1826 intelligi,“in
1795 1759 2130 1827 expositione

558 1860 686 1902 ntux
735 1842 974 1920 ejusdem
1033 1845 1292 1904 tricesimi
1337 1847 1488 1914 tertii.
1537 1847 1753 1918 psalmi,
1807 1849 1896 1904 ubi
1954 1851 2127 1906 dixit:

561 1955 584 1992 ι
621 1937 728 1994 Nos
755 1939 822 1993 ad
874 1955 996 1998 eum
1025 1941 1376 2010 accedamus,
1404 1953 1462 1998 ut
1505 1959 1704 2016 corpus
1732 1955 1786 2004 et
1813 1947 2130 2017 sanguinem

553 2031 672 2102 ejus
699 2031 1046 2102 accipiamus.
1070 2032 1150 2088 ΙΙΞί
1180 2033 1248 2088 de
1272 2035 1533 2092 cruciﬁxo
1562 2038 1826 2092 tenebrati
1849 2051 1993 2102 sunt,
2037 2053 2134 2093 nos

556 2121 934 2178 manducando
985 2124 1306 2180 cruciﬁxum
1333 2134 1389 2182 et
1439 2126 1674 2184 bibendo
1701 2113 2150 2196 illuminamur.r

553 2214 684 2270 Item
714 2215 864 2271 alibi.
906 2234 926 2269 ι
957 2215 1072 2272 Ηοε
1099 2217 1348 2288 accipite,
1379 2219 1576 2288 inquit,
1615 2222 1668 2276 in
1692 2237 1848 2292 pane,
1877 2223 2018 2293 quod
2041 2238 2134 2292 pc.

551 2307 736 2376 pendit
757 2307 810 2362 in
833 2321 994 2363 cruce
1023 2325 1038 2362 :
1088 2316 1142 2363 et
1171 2309 1274 2364 hoc
1297 2311 1532 2379 accipite
1579 2311 1632 2365 in
1663 2313 1854 2378 calice,
1886 2313 2030 2382 quod
2055 2311 2136 2366 ef-

554 2397 732 2452 fusum
761 2398 933 2453 estde
955 2397 1154 2454 Christi
1190 2398 1380 2455 latere.
1413 2421 1432 2454 ι
1467 2401 1534 2456 Ει
1557 2403 1614 2456 in
1639 2403 1742 2458 alio
1765 2404 1929 2460 loco:
1964 2424 1982 2457 ι
2021 2403 2136 2460 lloe

555 2487 829 2555 biberunt,
887 2501 1074 2559 postea
1127 2491 1452 2559 credentes,
1505 2492 1646 2562 quod
1693 2493 1842 2564 prius
1885 2493 2139 2562 fuderant

556 2581 862 2636 saevientes.
883 2599 902 2632 ι
936 2581 1068 2636 Item
1101 2582 1156 2636 in
1197 2582 1306 2636 alio
1345 2583 1488 2652 quod
1516 2599 1677 2654 supra
1698 2585 1811 2656 jam
1856 2583 2090 2641 diximus
2119 2603 2135 2641 :

564 2691 586 2723 ι
625 2673 875 2743 Suscepit
905 2673 1156 2729 Christus
1187 2675 1254 2730 de
1283 2684 1425 2730 terra
1467 2683 1686 2743 terram,
1732 2676 1857 2746 quia
1905 2691 2032 2732 caro
2073 2677 2140 2731 de

562 2773 706 2818 terra
731 2775 938 2831 cst;et
963 2765 1030 2819 de
1063 2779 1230 2820 carne
1291 2765 1473 2822 Mariae
1499 2783 1723 2822 carnem
1751 2767 1959 2837 accepit
2007 2767 2140 2821 etin

562 2855 676 2922 ipsa
707 2871 875 2910 carne
924 2856 1015 2912 hic
1057 2857 1374 2923 ambulavit,
1428 2869 1484 2912 et
1516 2858 1686 2927 ipsam
1717 2873 1936 2912 carnem
1987 2859 2141 2914 nobis

565 2946 1003 3003 mamlucandam
1037 2948 1102 3002 ad
1133 2947 1361 3004 salutem
1391 2949 1558 3006 dedit.
1595 2967 1615 3001 ι
1653 2949 1719 3004 Et
1747 2951 1909 3004 multa
1939 2949 2044 3004 alia
2087 2952 2140 3004 In

560 3041 806 3110 pluribus
861 3043 1014 3100 libris
1052 3045 1166 3100 suis
1202 3045 1254 3100 in
1307 3048 1450 3101 hunc
1499 3055 1740 3102 modum.
1789 3045 1921 3100 Cum
1973 3046 2138 3118 igitur

561 3133 706 3228 beati
733 3135 1020 3228 Augustini
1043 3138 1246 3208 scripta
1288 3149 1346 3193 ut
1373 3149 1780 3194 sacrosanctum
1804 3153 2028 3209 prorsus
2082 3147 2139 3192 et

561 3221 938 3278 intemeranile
971 3221 1062 3278 isti
1107 3234 1434 3279 venerentur
1486 3233 1542 3280 et
1583 3233 1839 3289 teneant,
1886 3223 2014 3294 quid
2046 3239 2140 3280 eos

561 3307 712 3364 aliud
758 3312 871 3382 jam
924 3315 1028 3370 nisi
1069 3315 1211 3373 forte
1261 3318 1446 3372 inclita
1495 3317 1586 3373 diu
1626 3317 1842 3374 ca:citas
1880 3317 2140 3374 remorari

560 3409 738 3470 potest
759 3405 890 3475 quin
913 3407 1194 3462 nobiscum
1219 3409 1491 3465 credant?

637 3489 745 3548 Sed
773 3503 828 3549 ct
859 3503 916 3549 tu
953 3496 1142 3554 doctor
1162 3500 1394 3571 egregie,
1415 3500 1724 3556 beatissime
1745 3499 2018 3567 Ambrosi,
2042 3499 2146 3570 spi-

563 3583 776 3639 ritualis
797 3597 952 3656 pater
973 3586 1116 3642 beati
1141 3589 1448 3658 Augustini,
1465 3607 1626 3661 quem
1647 3591 1786 3646 idem
1811 3592 1892 3646 vir
1913 3593 2146 3646 sanctis-

563 3673 736 3776 simus
782 3675 835 3730 in
881 3677 1038 3734 libris
1080 3695 1217 3746 suis,
1259 3693 1506 3738 sanetum
1535 3689 1592 3738 et
1628 3683 1845 3739 beatum
1876 3685 2142 3752 nominat,

565 3767 722 3833 cujus
755 3767 1142 3824 auctoritatem
1165 3770 1326 3842 (teste
1353 3775 1680 3847 Augustino)
1727 3785 2025 3847 martyrum
2057 3793 2144 3833 rc-

565 3853 772 3909 velator
805 3855 1006 3914 Paulus
1049 3861 1325 3929 apostolus
1353 3865 1734 3920 commendat:
1764 3881 1924 3935 quem
1957 3867 2146 3923 beatus

565 3941 862 4016 Gregorius
893 3948 978 4002 vir
1008 3949 1164 4018 plane
1205 3953 1536 4022 apostolicus
1567 3970 1676 4023 pra:
1704 3971 1763 4008 se
1789 3957 1956 4026 gerit;
1993 3958 2147 4026 cujus

569 4035 870 4092 doctrinam
897 4041 1262 4110 recipiendam
1289 4043 1640 4100 beatissimus
1665 4047 1984 4102 Benedictus
2014 4057 2147 4104 teste

571 4127 942 4228 Cregorio,
979 4143 1291 4189 sanctorum
1324 4137 1708 4205 prophetarum
1737 4139 1927 4209 spiritu
1959 4139 2148 4209 plenus

563 4219 862 4288 judicavit;
911 4225 998 4278 cui
1027 4233 1191 4282 totius
1221 4225 1477 4282 Ecclesia:
1521 4227 1937 4285 Mediolanensis
1976 4231 2148 4302 gloria

2233 1769 2415 1838 liter),
2447 1767 2544 1822 sed
2583 1765 2724 1822 sicut
2753 1779 2882 1818 caro
2911 1769 2968 1816 et
3011 1759 3228 1828 sanguis
3263 1772 3359 1828 per
3405 1767 3664 1810 naturam
3695 1767 3824 1806 car-

2231 1860 2330 1922 nis.
2364 1867 2420 1912 et
2451 1853 2732 1925 sanguinis
2776 1851 3000 1908 Christi.
3051 1849 3220 1905 Aliter
3269 1847 3414 1902 enim
3475 1843 3724 1914 coaptari
3761 1843 3828 1896 si-

2233 1951 2482 2008 militudo
2527 1964 2632 2004 non
2669 1955 2869 2018 potest,
2907 1945 3011 2024 nisi
3055 1944 3198 2014 quod
3229 1943 3302 1997 ibi
3342 1949 3504 2011 negat
3532 1940 3626 1993 hic
3657 1954 3826 2008 nege-

2233 2055 2378 2104 mus,
2415 2037 2559 2108 quod
2597 2035 2928 2096 ibiaﬁirmat
2957 2033 3046 2090 hic.
3072 2029 3422 2086 aﬂlrmemus.
3453 2026 3830 2095 Quamobrem

2235 2133 2280 2190 si
2319 2131 2456 2186 hanc
2492 2129 2896 2185 similitudinem
2931 2135 3039 2180 tam
3069 2137 3332 2194 expresse
3361 2122 3600 2192 positam
3643 2120 3830 2189 sequi—

2237 2247 2385 2295 mur,
2417 2230 2470 2284 id
2503 2227 2645 2297 quod
2677 2226 2743 2282 de
2773 2224 2930 2279 altari
2963 2221 3248 2284 sumimus,
3274 2219 3478 2274 Christi
3509 2231 3740 2272 carnem
3781 2223 3848 2268 eL

2237 2323 2557 2395 sanguinem
2605 2317 3032 2375 substantialiter
3071 2313 3416 2369 conﬁtemur.
3465 2308 3530 2364 Si
3571 2307 3724 2362 enim
3759 2307 3838 2364 sit:

2235 2423 2383 2473 esset
2423 2413 2624 2468 dictum
2658 2427 2672 2464 :
2713 2409 2878 2474 Sicut,
2894 2420 3056 2462 verus
3095 2404 3187 2458 Dei
3215 2401 3386 2458 Filius
3429 2409 3516 2455 est
3557 2397 3852 2454 Dominus.

2239 2517 2428 2566 noster
2453 2503 2613 2566 Jesus
2651 2499 2926 2564 Christus,
2971 2497 3046 2552 ita
3077 2509 3203 2549 vera
3235 2491 3356 2562 ejus
3379 2506 3516 2547 caro
3545 2499 3634 2545 est
3671 2503 3834 2558 quam

2241 2597 2523 2660 sumimus,
2551 2601 2603 2648 et
2628 2605 2790 2646 verus
2830 2590 2947 2660 ejus
2975 2587 3192 2656 sanguis
3221 2593 3304 2639 est
3331 2598 3494 2652 quem
3521 2591 3784 2651 potamus
3817 2617 3832 2639 .

2240 2695 2454 2760 poterat
2481 2684 2730 2754 equidem
2773 2681 2950 2736 adhuc
2989 2679 3072 2749 (ut
3101 2677 3306 2732 dierum
3336 2675 3442 2744 est)
3481 2673 3538 2726 in
3576 2671 3838 2739 ambiguo

2243 2793 2364 2835 esse
2392 2775 2684 2831 sententia.
2722 2769 2856 2824 Nam
2890 2769 3150 2822 Dominus
3176 2775 3362 2820 noster
3389 2761 3554 2831 Iesus
3581 2760 3840 2817 Christus

2243 2871 2537 2928 secundum
2568 2867 2617 2921 id
2659 2863 2801 2934 quod
2831 2862 2994 2915 homo
3028 2867 3133 2922 est,
3179 2871 3343 2912 verus
3387 2855 3484 2909 Dei
3513 2853 3694 2908 Filius
3719 2863 3836 2919 est;

2171 2987 2216 3050 ο
2248 2962 2342 3018 sed
2371 2975 2464 3032 per
2489 2921 2744 3030 gratiam,
2775 2963 2832 3008 ut
2858 2953 3116 3014 diximus,
3151 2965 3254 3004 non
3281 2963 3350 3002 ex
3381 2947 3698 3001 substantia
3737 2921 3852 2999 Pa-t

2241 3055 2363 3113 tris.
2394 3055 2470 3108 Ae
2501 3067 2595 3124 per
2621 3051 2725 3105 hoc
2768 3049 2872 3104 diei
2921 3057 3126 3117 posset,
3175 3046 3258 3108 ita,
3277 3059 3404 3097 vera
3443 3042 3566 3112 ejus
3595 3055 3732 3095 caro
3757 3049 3848 3102 est

2243 3161 2404 3216 quam
2433 3144 2716 3205 sumimus,
2749 3140 2801 3193 id
2826 3151 2928 3200 est,
2954 3153 3049 3207 per
3075 3135 3306 3207 gratiam
3331 3131 3704 3204 ﬁgurationis,
3731 3147 3840 3186 nou

2244 3253 2341 3307 per
2369 3231 2729 3292 substantiam
2769 3229 2989 3293 carnis;
3045 3235 3099 3282 et
3139 3225 3206 3280 de
3247 3223 3514 3294 sanguine
3563 3222 3856 3284 similiter._

2244 3327 2396 3394 Quod
2429 3323 2474 3378 si
2503 3323 2692 3377 doctor
2715 3319 2972 3388 egregius
2997 3315 3276 3378 sensisset,
3311 3313 3444 3367 nihil
3477 3311 3717 3381 amplius
3743 3311 3838 3363 ad-

2247 3417 2492 3472 didisset.
2527 3411 2667 3479 Quid
2693 3409 2837 3464 enim
2869 3405 3236 3468 necessarium
3269 3410 3388 3460 erat
3425 3401 3667 3464 addere,
3695 3399 3840 3468 quod

2245 3505 2370 3561 huic
2412 3501 2594 3557 sensui
2649 3509 2756 3554 tam
2819 3494 3224 3552 evidentissima:
3275 3490 3620 3546 contrarium
3649 3491 3832 3545 eSset?

2244 3595 2398 3652 Nunc
2442 3607 2572 3648 vero
2611 3601 2720 3645 tam
2761 3586 3172 3658 diligentissime
3216 3583 3414 3645 addita!
3451 3581 3840 3636 determinatio

2245 3685 2498 3744 dicentis:
2523 3701 2538 3734 ι
2564 3679 2677 3735 Non
2702 3679 2842 3734 sicut
2861 3677 3042 3733 caeteri
3067 3675 3314 3731 homines
3337 3689 3438 3744 per
3459 3673 3716 3742 gratiam.
3739 3692 3758 3724 ι
3775 3671 3844 3725 Et.

2247 3795 2315 3833 ne
2363 3793 2464 3847 qua
2505 3775 2646 3830 forte
2695 3773 2784 3835 hic
2829 3771 3033 3827 erroris
3064 3765 3330 3822 nubecula
3365 3775 3680 3820 remaneret
3717 3766 3838 3819 sub-

2241 3867 2540 3940 jungentis,
2566 3885 2583 3916 (
2603 3866 2695 3920 sed
2722 3864 2874 3934 quasi
2909 3861 3047 3915 ﬁlius
3083 3873 3179 3930 per
3211 3867 3482 3912 naturam.
3509 3876 3528 3908 ι
3559 3855 3630 3910 Et
3651 3871 3720 3910 ne
3741 3856 3838 3908 hoc

2249 3963 2416 4018 etiam
2463 3959 2752 4013 obscurum
2793 3957 3102 4020 videretur,
3133 3951 3444 4022 expressius
3485 3950 3836 4019 exponentis,

2249 4053 2302 4108 id
2331 4061 2435 4114 est,
2470 4065 2536 4105 ex
2570 4047 2869 4103 substantia
2897 4045 3113 4098 Patris:
3158 4043 3242 4096 his
3273 4041 3552 4110 (inquam)
3585 4040 3838 4093 erunibus

2253 4155 2363 4199 tam
2440 4139 2871 4211 diligentissimis
2943 4132 3530 4196 determinationibus;
3615 4131 3838 4197 subjun-

2250 4236 2442 4306 gendo,
2473 4249 2492 4284 ι
2522 4234 2594 4288 ita
2621 4247 2746 4286 vera
2767 4229 2885 4300 ejus
2915 4243 3042 4283 caro
3069 4237 3329 4295 estquam
3359 4223 3654 4286 sus-nimus,
3677 4229 3732 4276 et
3751 4235 3838 4273 vo-

571 4309 881 4378 specialitcr
910 4322 1231 4380 attestatur;
1265 4333 1426 4386 quem
1455 4319 1650 4374 merito
1676 4319 1800 4374 ﬁdei
1831 4327 1975 4375 totus
2001 4319 2139 4375 orbis

2255 4337 2344 4379 rus
2371 4323 2486 4392 ejus
2513 4322 2735 4392 sanguis
2753 4327 2830 4374 est
2855 4331 3017 4388 quem
3047 4325 3296 4386 potamus
3324 4354 3336 4366 .
3374 4331 3394 4365 ι
3419 4325 3622 4366 omnes
3648 4312 3836 4365 adver-

575 4411 900 4458 veneranter
925 4405 1272 4476 amplectitur
1299 4409 1432 4478 (non
1457 4411 1604 4466 enim
1637 4421 1714 4466 tot
1739 4421 1796 4467 et
1823 4414 1954 4467 tanti
1985 4423 2154 4468 testes

573 4495 620 4546 si
658 4503 708 4548 te
730 4495 783 4549 in
809 4497 912 4568 ﬁde
940 4498 1206 4554 catholica
1227 4515 1413 4557 errare
1434 4503 1687 4568 scissent,
1713 4514 1862 4559 tanto
1886 4505 2157 4575 praeconio

579 4593 631 4638 te
657 4587 1061 4660 praedicassent)
1115 4590 1290 4660 :quid
1317 4599 1394 4657 tu,
1418 4591 1660 4663 inquam,
1697 4595 1764 4649 de
1803 4596 2157 4652 sacramentis

577 4675 770 4734 altaris
791 4682 990 4736 sentias
1016 4681 1320 4752 explanate.
1347 4683 1540 4740 Dixisti
1566 4695 1712 4742 certe
1735 4687 1786 4742 in
1809 4687 1945 4743 libro
1972 4697 2060 4744 tuo
2083 4690 2159 4747 De

577 4781 610 4822 s
627 4774 934 4829 :cramentis
947 4773 1062 4845 (lib.
1081 4792 1152 4840 vi,
1169 4791 1287 4848 cap.
1305 4778 1384 4846 l):
1407 4795 1424 4829 ι
1449 4778 1599 4833 Sicut
1613 4793 1774 4835 verus
1787 4781 1880 4834 Dei
1897 4781 2062 4838 Filius
2079 4791 2162 4838 est

583 4859 845 4920 Dominus
872 4875 1056 4920 noster
1071 4865 1230 4924 Jesus
1249 4867 1516 4935 Christus,
1549 4885 1654 4924 non
1682 4871 1822 4926 sicut
1849 4873 2027 4926 creteri
2067 4872 2161 4926 ho-

582 4952 759 5008 mines
793 4969 897 5024 per
917 4958 1174 5025 gratiam,
1207 4963 1302 5016 sed
1345 4964 1504 5034 quasi
1551 4963 1694 5018 ﬁlius
1743 4980 1842 5035 per
1891 4973 2160 5032 naturam,

583 5043 640 5100 id
685 5054 790 5111 est,
829 5059 898 5100 ex
929 5048 1234 5107 substantia
1269 5053 1470 5118 Patris,
1502 5057 1574 5110 ita
1608 5071 1733 5112 vera
1761 5055 1879 5126 ejus
1908 5067 2036 5110 caro
2080 5065 2164 5111 est

583 5155 750 5208 quam
793 5139 1078 5205 sumimus.
1111 5153 1166 5198 et
1203 5161 1360 5203 verus
1387 5147 1502 5216 ejus
1530 5150 1750 5219 sanguis
1775 5161 1861 5204 est
1884 5163 2042 5219 quem
2071 5164 2166 5220 po-

587 5241 790 5282 tamus.
830 5249 849 5282 ι
876 5229 1060 5282 Teneo
1090 5245 1218 5282 erm
1243 5243 1292 5282 te
1321 5237 1548 5282 dixisse.
1575 5240 1699 5282 nnin
1729 5254 1852 5282 vom
1891 5240 2006 5282 pili:
2037 5255 2164 5282 nam

2259 4415 2524 4470 sariorum
2588 4409 2950 4466 :alumniosas
3005 4403 3509 4476 argumentationes
3562 4401 3836 4465 excludit,

2259 4521 2315 4569 et
2350 4525 2568 4566 carnem
2609 4505 2808 4562 Christi
2850 4513 2904 4558 et
2943 4501 3260 4572 sanguinem
3305 4497 3654 4552 substantive
3683 4511 3798 4551 esse
3821 4534 3836 4555 ν

2259 4603 2404 4674 quod
2448 4601 2714 4656 sumimus
2744 4605 2798 4650 et
2829 4603 3102 4665 potamus,
3131 4588 3390 4645 ostendit.
3423 4586 3611 4652 Quare
3641 4586 3688 4640 si
3719 4599 3840 4638 ron-

2261 4703 2342 4750 tra
2375 4694 2610 4763 teipsum
2641 4705 2747 4744 non
2787 4687 3054 4757 disputas,
3085 4699 3119 4738 ο
3147 4683 3304 4738 beate
3330 4679 3616 4742 Ambrosi,
3648 4679 3718 4732 ab
3743 4677 3840 4730 hac

2261 4787 2368 4842 ﬁde
2393 4801 2498 4840 non
2531 4781 2805 4838 dissentis.
2839 4779 2898 4834 Si
2928 4787 3238 4833 autemnon
3262 4770 3523 4827 dissentis
3585 4777 3638 4824 te
3661 4769 3842 4838 utique

2261 4891 2422 4948 quam
2445 4872 2831 4942 Berengarium
2854 4868 3025 4924 satius
3049 4875 3132 4920 est
3157 4862 3378 4918 imitari.

2333 4963 2524 5020 Vidisti
2551 4961 2709 5031 plane
2737 4959 2866 5030 quid
2897 4954 3266 5012 nobilissimus
3289 4951 3483 5006 doctor
3511 4950 3618 5003 hoe
3647 4947 3702 5001 in
3727 4945 3840 5000 loco

2265 5057 2331 5111 de
2355 5051 2716 5111 sacramentis
2745 5048 2932 5103 altaris
2957 5047 3164 5114 absque
3181 5043 3294 5097 ullo
3317 5039 3596 5094 velamine
3623 5037 3838 5092 sentiat.

2265 5147 2498 5202 Attende
2528 5143 2640 5212 jam
2675 5155 2837 5211 quam
2867 5139 3110 5193 breviter
3145 5133 3271 5204 quid
3297 5131 3464 5186 etiam
3511 5129 3566 5183 in
3595 5129 3708 5182 alio
3733 5127 3842 5180 lore

2266 5239 2502 5282 pinaria-n1
2529 5235 2650 5282 libri
2679 5219 2858 5282 dicat:
2894 5249 2912 5282 ι
2945 5229 3086 5282 Ouid
3107 5225 3459 5282 argumentis,
3493 5221 3698 5282 ἰιιαιιίι,
3733 5219 3838 5272 uli-
