4006 5282
245 266 386 321 N75

709 266 797 322 DE
835 263 1176 322 CORPORIS
1217 262 1303 319 ET
1336 260 1538 317 SANG.
1587 259 1820 317 DOMINI
1863 257 2205 314 VEBITATE
2244 258 2425 316 LIBRI
2461 261 2663 317 TBES.
2706 292 2776 305 -—
2815 260 2940 316 LIB.
2983 259 3067 316 111.

3312 275 3314 277 ’
3377 263 3516 320 1174

243 389 383 434 tura:
407 377 654 433 ordinem
695 377 748 431 in
785 376 985 432 Christi
1019 390 1270 444 corpore.
1301 390 1422 428 cum
1453 385 1652 443 pra‘trr
1680 384 1832 427 natu-
1864 379 1905 432 Α
1935 377 2198 444 reparat.”
2227 373 2331 440 Qui
2373 375 2503 431 licet
2545 391 2761 446 surgens
2789 394 2818 428 α
2846 376 3067 429 mortuis
3124 391 3240 444 1am
3279 393 3382 430 non
3416 394 3523 434 mo.

242 484 363 523 ram
385 477 458 524 Sit
480 483 593 537 Ipse
607 467 855 522 Christus
878 476 1064 536 partus
1079 481 1140 520 ex
1163 467 1194 519 ν
1209 465 1402 534 .rginc?
1423 484 1438 514 ι
1456 464 1593 531 Quid
1618 463 1831 528 melius,

241 574 448 630 quteso,
492 559 621 625 quid
663 559 906 626 apertius
951 556 1154 611 dictum
1196 554 1436 614 quaeris?
1479 554 1536 608 Si
1569 554 1713 607 cnim
1745 567 1832 606 sa-

240 659 531 708 cramenta
561 659 751 704 attarts
795 649 988 704 umbra
1035 656 1244 702 tantttm
1275 654 1330 700 ct
1357 645 1527 716 ﬁgura
1563 643 1830 699 Dominici

240 743 492 814 corporis
529 751 750 805 essent,
800 742 930 811 quid
972 742 1059 796 hic
1105 748 1308 810 praater
1353 750 1602 791 naturam
1655 737 1829 799 ﬁeret,

239 851 366 890 cum
401 843 553 903 petra
589 850 694 888 non
733 843 930 902 praeter
965 841 1233 893 naturam,
1264 829 1358 884 sed
1397 829 1578 899 potius
1609 837 1830 898 propter

239 939 498 982 naturam
526 942 637 980 sum
665 928 1000 991 stabilitatis,
1029 936 1084 982 et
1113 942 1283 995 agnus
1313 942 1417 979 non
1450 935 1648 994 prmter
1678 933 1831 978 natu-

235 1031 382 1076 ram,
407 1017 500 1068 sed
527 1031 622 1086 per
645 1032 796 1071 suam
823 1025 1097 1080 naturam,
1123 1017 1299 1080 idest,
1325 1030 1420 1085 per
1442 1015 1827 1080 innocentiam,

238 1117 294 1162 et
331 1109 586 1163 similiter
613 1117 811 1162 czetera
852 1108 1129 1163 Christum
1162 1107 1430 1177 ﬁgurent?
1471 1106 1712 1176 Longum
1743 1109 1829 1160 est

238 1199 286 1254 si
322 1209 540 1265 cuncta,
575 1216 695 1270 qua:
733 1214 802 1254 ex
842 1199 1004 1254 beato
1034 1198 1324 1252 Ambrosio
1350 1207 1537 1252 contra
1565 1197 1828 1268 lterenga-

231 1290 382 1344 ‘rium
402 1305 690 1360 possumus
708 1290 964 1345 adhibere
983 1288 1316 1354 testimonia,
1333 1289 1688 1342 disseramus.
1706 1286 1826 1342 Jam

236 1381 310 1435 ad
335 1381 469 1435 alios
496 1391 747 1436 auctores
771 1379 1165 1434 transeundum
1193 1387 1297 1433 est.

311 1470 706 1526 Sanctissituus
746 1485 904 1540 papa,
949 1469 1059 1523 Leo
1085 1467 1521 1538 antiquissimus,
1547 1467 1693 1522 omni
1725 1467 1826 1522 Ec-

227 1559 420 1619 t'iesiae
468 1563 561 1619 Dei
605 1561 966 1628 venerabilis,
1015 1561 1153 1615 dixit
1203 1559 1256 1614 in
1301 1559 1536 1628 quodam
1575 1573 1827 1614 sermone

238 1658 342 1730 (De
351 1657 562 1727 jejunio
585 1655 789 1726 septimi
819 1654 1034 1723 mentis)
1059 1671 1071 1707 :
1098 1671 1117 1704 ε
1145 1651 1237 1707 Sic
1259 1667 1430 1706 sacrae
1453 1666 1654 1706 mensa:
1679 1667 1825 1706 cont-

1937 467 2090 532 ritur,
2124 477 2172 520 et
2205 483 2344 522 mors
2373 467 2454 520 illi
2493 467 2636 522 ultra
2671 484 2773 521 non
2802 467 3158 521 dominabitur
3200 467 3377 538 (Rom.
3404 473 3517 544 τι),

1935 565 2117 614 tamen
2147 557 2200 612 in
2228 558 2407 629 seipse
2448 557 2826 613 immortaliter
2851 569 3012 628 atque
3037 559 3522 630 incorruptibiliter

1933 649 2146 713 vivens,
2195 664 2294 719 pro
2340 649 2498 704 nobis
2547 649 2744 704 iterum
2796 650 2850 704 in
2891 650 2994 705 hoc
3038 653 3300 724 mysterio
3349 669 3521 709 morte

1933 739 2223 795 oblationis
2274 741 2604 795 immolatur.
2653 740 2784 809 I'Ijns
2823 742 3022 811 quippe
3069 742 3141 796 ibi
3188 757 3384 812 corpus
3436 761 3520 798 su-

1936 835 2123 898 mitur,
2169 835 2286 904 ejus
2315 850 2445 889 caro
2485 835 2539 889 in
2588 835 2767 906 populi
2817 834 3045 892 salutem
3096 839 3350 907 partitur.
3390 837 3519 904 Ejus

1931 925 2152 993 sanguis
2191 941 2296 979 non
2328 923 2440 993 jam
2477 925 2531 980 in
2580 942 2773 982 manus
2814 926 3132 991 inﬁdelium,
3186 930 3278 983 sed
3332 929 3383 982 in
3422 943 3517 984 ora

1930 1017 2170 1070 ﬁdelium
2208 1016 2470 1074 funditur.
2518 1017 2654 1071 llinc
2700 1033 2832 1086 ergo
2881 1033 3190 1088 pensemus,
3223 1019 3383 1088 quale
3420 1036 3518 1088 pro

1929 1108 2089 1163 nobis
2124 1109 2226 1162 hoc
2263 1108 2590 1164 sacriﬁcium
2629 1110 2721 1173 sit,
2752 1110 2896 1178 quod
2925 1127 3021 1180 pro
3050 1112 3388 1165 absolutione
3421 1128 3518 1167 uo-

1931 1207 2042 1253 stra
2076 1199 2385 1268 passionem
2416 1201 2676 1271 unigeniti
2713 1201 2803 1255 lilii
2837 1217 3051 1271 semper
3090 1203 3353 1258 imitatur.
3384 1203 3519 1272 Quis

1929 1291 2072 1344 enim
2109 1290 2348 1344 ﬁdelittm
2388 1290 2597 1346 habere
2632 1293 2852 1346 dubium
2893 1295 3059 1362 pooit
3094 1295 3146 1348 in
3183 1294 3298 1364 ipsa
3329 1295 3521 1352 immo-

1929 1378 2145 1433 lationis
2178 1378 2334 1444 hora,
2383 1382 2450 1434 ad
2500 1382 2801 1435 sacerdotis
2850 1399 3036 1436 γοα-ιιι
3089 1383 3258 1439 cmlos
3291 1386 3512 1454 aperiri,

1929 1469 1983 1525 in
2036 1471 2126 1524 illo
2177 1469 2303 1526 Jesn
2356 1470 2556 1526 Christi
2624 1475 2882 1544 mysterio
2949 1473 3264 1544 angelorum
3317 1477 3517 1530 choros

1927 1565 2155 1631 adesse;
2210 1565 2436 1619 stumuis
2492 1565 2595 1618 ima
2650 1567 2868 1631 sociari,
2927 1574 3139 1622 terrena
3201 1568 3515 1622 ctelestibus

1922 1657 2073 1727 juugi
2096 1697 2110 1721 ,
2147 1672 2313 1710 tinum
2350 1655 2479 1726 quid
2512 1671 2577 1710 ex
2615 1658 2918 1713 visibilibus
2947 1666 3110 1728 atque
3152 1659 3514 1714 int-isilzilihus

237 1755 520 1808 municare
550 1752 779 1816 debetis,
820 1759 881 1804 ut
911 1749 1046 1805 nihil
1093 1763 1316 1819 prorsus
1345 1749 1411 1802 de
1444 1748 1676 1801 veritate
1709 1763 1825 1802 cor-
1857 1721 1900 1776 Β
1929 1749 2084 1803 ﬁeri?
2119 1768 2136 1800 ι
2171 1750 2511 1820 Quapropter
2533 1748 2644 1816 jam
2683 1765 2827 1806 nunc
2863 1751 2964 1804 sibi
2995 1721 3195 1819 ponant
3229 1752 3515 1806 mulsratici

229 1847 390 1916 poris
415 1843 620 1900 Christi
650 1851 707 1898 et
745 1841 1028 1914 sanguinis
1062 1839 1370 1908 ambigatis.
1417 1837 1529 1892 lloc
1554 1840 1698 1892 enim
1730 1853 1824 1893 ore

237 1937 494 2001 sumitur,
554 1935 700 2005 quod
756 1935 862 1988 ﬁde
913 1932 1174 1988 creditur.
1232 1931 1298 1984 Et
1347 1930 1546 1984 frustra
1599 1929 1668 1982 ab
1721 1930 1824 1985 illis

235 2044 390 2084 amen
411 2027 797 2098 respondetur,
833 2039 864 2080 a
885 2025 1084 2096 quibus
1107 2031 1295 2078 contra
1320 2021 1372 2076 id
1395 2021 1536 2092 quod
1559 2022 1825 2092 accipitur

231 2121 564 2190 disputatur.
613 2139 632 2172 ›

306 2209 505 2268 Beatus
531 2219 748 2281 quoque
773 2208 1008 2282 Cyrillus
1033 2222 1156 2262 cmn
1195 2205 1446 2261 ducentis
1472 2205 1744 2275 episcopis
1770 2204 1820 2258 in

229 2301 506 2372 Ephesina
543 2304 774 2370 synodo,
820 2316 984 2372 quam
1018 2301 1208 2354 beatus
1236 2298 1533 2369 Gregorius
1561 2307 1820 2368 tanquam

231 2410 402 2450 unum
431 2411 495 2450 ex
528 2404 763 2466 quatuor
811 2392 1122 2461 Evangeliis
1169 2390 1571 2460 suscipiendam
1603 2390 1820 2457 asset-it,

231 2487 315 2542 sic
344 2487 454 2541 ait:
505 2505 522 2536 ς
553 2485 632 2540 Ad
663 2485 1066 2540 benedictiones
1110 2482 1370 2553 mysticae
1404 2481 1736 2544 accedimus,
1768 2491 1824 2535 et

231 2577 643 2633 sanctiﬁcamur
664 2619 679 2643 ,
708 2576 1003 2647 participes
1033 2574 1208 2628 sancti
1236 2572 1483 2643 corporis
1509 2581 1564 2626 et
1599 2571 1819 2640 pretiosi

225 2669 514 2739 sanguinis
573 2669 777 2724 Christi
836 2667 1081 2726 omnium
1149 2675 1392 2720 nostrum
1444 2662 1820 2733 Redemptoris

229 2759 452 2815 eﬁ'ecti:
506 2776 613 2814 non
661 2767 714 2814 ut
767 2772 1109 2813 communem
1163 2769 1384 2810 carnem
1437 2753 1818 2824 percipientes,

227 2851 375 2920 quod
425 2849 596 2905 absit!
650 2866 750 2905 nec
781 2859 840 2904 ut
872 2850 973 2903 viri
1021 2847 1347 2903 sanctiﬁcati
1391 2856 1446 2901 et
1486 2847 1654 2900 verbo
1691 2861 1820 2899 cou-

227 2943 399 3012 juncti
447 2944 746 2999 secumlum
782 2942 1062 3012 dignitatis
1101 2940 1396 3004 unitatem,
1447 2946 1542 2992 aut
1570 2939 1707 2992 sicut
1738 2937 1821 2992 di-

1927 1840 2014 1894 isti
2055 1840 2359 1905 silentium,
2387 1839 2586 1909 quibus
2633 1847 2714 1894 tot
2758 1840 3003 1909 tantique
3049 1850 3300 1896 auctores
3331 1842 3516 1896 incon-

1927 1932 2218 1986 tradicibili
2265 1932 2593 1987 auctoritate
2627 1932 2910 1986 resistunt.
2943 1932 3303 1988 Considetent
3348 1935 3516 1988 etiam

1925 2032 2089 2094 atque
2133 2024 2320 2090 etiam,
2359 2024 2488 2094 quid
2537 2023 2591 2078 in
2644 2023 2831 2078 multis
2867 2025 3001 2080 locis
3041 2034 3265 2080 sanctus
3313 2025 3510 2080 Hiero-

1924 2131 2148 2187 nymus,
2203 2116 2331 2186 quid
2383 2115 2642 2180 Isidorus,
2681 2116 2811 2184 quid
2865 2115 3031 2180 Beda,
3082 2117 3176 2171 sed
3229 2126 3284 2171 et
3322 2132 3515 2174 omnes

1923 2209 2176 2264 doctores
2201 2207 2484 2278 prtecipui,
2519 2217 2627 2262 tam
2655 2206 2830 2262 Graeci
2861 2223 3025 2276 quam
3058 2207 3260 2272 Latini,
3295 2211 3363 2264 de
3388 2227 3511 2266 eor-

1923 2313 2054 2371 pore
2099 2300 2312 2356 Domini
2349 2302 2600 2365 doceant,
2633 2311 2798 2370 atque
2825 2302 3002 2356 errori
3035 2318 3153 2365 suo,
3191 2311 3270 2356 tot
3310 2304 3510 2356 ceden-

1923 2403 2004 2449 tes
2034 2395 2311 2464 tantisque
2347 2395 2680 2457 doetorilms,
2731 2393 2893 2449 ﬁnem
2939 2404 3164 2462 ponant.
3200 2393 3313 2446 Non
3363 2393 3508 2448 enim

1921 2486 2099 2541 omnia
2129 2487 2401 2541 discutere
2428 2494 2652 2556 propter
2679 2485 2898 2538 taedium
2948 2483 3092 2552 longi
3135 2483 3316 2551 operis
3341 2482 3512 2536 debe-

1923 2589 2067 2640 mus,
2103 2591 2225 2630 cnm
2275 2576 2346 2630 iis
2385 2591 2508 2644 qua:
2548 2575 2905 2630 discnssimus
2952 2573 3350 2628 rationabiliter
3383 2588 3511 2626 con-

1922 2670 2115 2724 tradici
2145 2685 2251 2724 non
2282 2670 2478 2740 possit.

1991 2760 2374 2816 Beatissimum
2418 2769 2596 2814 tamen
2648 2758 2914 2813 Hilarium
2948 2757 3342 2812 Pictaviensem
3373 2771 3508 2826 pon-

1922 2851 2144 2918 tiﬁcem,
2186 2852 2306 2906 ﬁdei
2351 2865 2489 2920 pene
2529 2865 2629 2904 suo
2661 2861 2904 2919 tempore
2941 2849 3273 2918 singu!arem
3304 2847 3513 2902 coimu-

1921 2959 2069 3007 nam,
2101 2943 2432 2997 sanctissimi
2458 2940 2676 2996 Martini
2710 2941 3097 3003 institutorem,
3127 2955 3158 2993 a
3184 2939 3344 2993 beato
3375 2954 3512 3006 quo-

225 3037 412 3090 ‘vinam
458 3035 785 3106 possidentis
816 3032 1248 3097 habitationem;
1285 3031 1378 3086 sed
1409 3045 1536 3086 vere
1576 3030 1818 3084 viriﬁca-
1844 3066 1884 3122 Ο
1919 3049 2025 3103 que
2062 3033 2384 3104 Augustino,
2413 3033 2733 3102 cmterisqne
2762 3031 2998 3101 posteris
3037 3030 3375 3092 doctoribus,
3409 3045 3511 3082 nec

227 3125 449 3189 tricem,
479 3134 530 3180 et
563 3125 732 3196 ipsius
759 3125 907 3179 verbi
940 3123 1215 3193 propriam
1266 3119 1488 3174 factam.
1524 3121 1639 3174 Vita
1669 3122 1812 3173 enim

225 3217 549 3271 naturaliter
574 3225 633 3269 tit
669 3215 810 3269 Dens
843 3214 1109 3277 existens,
1151 3211 1323 3280 (quia)
1357 3209 1450 3280 qui
1480 3210 1654 3262 eidem
1692 3224 1816 3277 pro-

223 3308 359 3378 priae
398 3307 549 3362 carni
579 3307 762 3360 unitos
789 3313 893 3368 est,
925 3301 1342 3357 viviﬁcatricem
1393 3315 1513 3352 eam
1547 3314 1667 3353 esse
1692 3316 1814 3368 pro-

223 3402 406 3455 fessus
454 3411 557 3454 est.
593 3399 656 3452 Et
686 3399 809 3452 ideo
833 3396 1082 3466 quamvis
1138 3395 1283 3446 dicat
1318 3411 1330 3445 :
1372 3390 1492 3445 Nisi
1526 3391 1816 3444 manduca-

221 3493 400 3545 veritis
449 3508 658 3544 carnem
706 3491 806 3558 [itii
857 3489 1082 3542 hominis
1131 3487 1314 3556 (Jonn.
1344 3485 1440 3553 vi),
1471 3499 1574 3539 non
1632 3493 1812 3539 tamen

221 3599 346 3636 eam
373 3592 429 3635 ιιι
457 3581 690 3635 hominis
718 3581 878 3634 unius
903 3595 970 3633 ex
1001 3578 1158 3632 nobis
1185 3576 1506 3630 existimare
1531 3575 1810 3629 debemus.

222 3674 506 3739 Quomodo
539 3674 683 3730 enim
704 3673 854 3743 juxta
883 3682 1130 3724 naturam
1165 3685 1318 3724 suam
1343 3668 1662 3723 viviﬁcatrix
1694 3682 1814 3724 esse

220 3766 424 3836 poterit
453 3780 580 3820 caro
611 3764 883 3819 hominis’?
909 3763 1012 3817 Sed
1039 3761 1360 3832 proﬁtcnmr
1383 3775 1508 3814 vere
1538 3761 1810 3828 propriam

218 3857 342 3926 ejus
389 3858 588 3910 factam
640 3875 654 3910 :
706 3857 795 3925 qui
846 3863 1066 3924 propter
1118 3868 1216 3907 nos
1271 3852 1414 3906 ﬁlius
1468 3851 1705 3905 hominis
1757 3861 1814 3908 et

220 3944 402 3999 Tactus
423 3955 506 3999 est
521 3958 575 4000 et
591 3955 838 3999 vocatus.
866 3964 882 3995 ι
903 3944 968 3998 Et
988 3944 1182 3996 iterum
1210 3959 1223 3995 :
1253 3960 1270 3992 ι
1308 3940 1364 3996 Si
1393 3941 1517 4011 quis
1546 3956 1651 3996 non
1677 3956 1810 3996 con-

223 4036 413 4090 tltetur
452 4051 673 4090 carnem
717 4033 926 4089 Domini
972 4032 1383 4086 viviﬁcatricem
1433 4036 1552 4086 ess'e
1595 4041 1650 4085 et
1689 4047 1814 4100 pro-

217 4129 400 4199 priam
451 4129 622 4198 ipsius
673 4125 832 4180 Verbi
884 4123 979 4178 Dei
1011 4123 1212 4186 Patris,
1254 4123 1348 4178 sed
1392 4122 1541 4176 velut
1587 4122 1811 4178 alterius

218 4228 424 4288 praeter
471 4218 650 4288 ipsum
691 4214 968 4284 conjuncti
999 4215 1174 4269 eidem
1207 4228 1308 4283 per
1344 4212 1690 4282 dignitatem,
1718 4222 1814 4268 aut

220 4309 381 4380 quasi
411 4308 646 4362 divinam
679 4305 932 4361 habentis
963 4302 1354 4358 habitationem
1386 4317 1452 4358 ac
1493 4318 1600 4357 non
1633 4302 1815 4372 potius

1922 3140 2027 3179 non
2078 3133 2132 3179 et
2182 3126 2250 3178 ah
2301 3125 2447 3178 omni
2503 3123 2747 3178 Ecclesia
2805 3123 2900 3177 Dei
2955 3137 3164 3177 summa
3225 3121 3513 3176 devotione

1919 3222 2251 3281 susceptum,
2284 3213 2351 3266 ad
2399 3213 2638 3266 medium
2686 3211 2810 3266 volo
2840 3211 3128 3266 deducere.
3167 3210 3487 3266 Commodis

1919 3303 2114 3357 simum
2147 3318 2382 3372 namque
2419 3317 2543 3356 reor
2575 3301 2690 3356 fore
2716 3311 2774 3356 ut
2808 3303 2939 3372 quid
2975 3302 3142 3357 etiam
3172 3302 3260 3357 hic
3287 3302 3510 3357 mirabi-

1919 3392 1983 3446 lis
2007 3392 2334 3461 disputator,
2366 3395 2433 3447 de
2457 3392 2788 3446 cucharistia
2818 3393 3029 3448 Domini
3062 3394 3114 3448 iu
3151 3394 3286 3448 lihro
3311 3405 3509 3450 octavo

1920 3483 1993 3537 De
2027 3482 2296 3536 Triuitate
2339 3483 2561 3545 sentiat,
2593 3482 2868 3538 subtiliter
2894 3485 3263 3540 attendamus.
3302 3487 3506 3542 Contra

1914 3572 2148 3628 Arianos
2177 3573 2372 3642 quippe
2402 3574 2706 3650 disputans,
2732 3582 2791 3629 ut
2813 3575 3250 3631 substantialiter
3277 3578 3503 3633 Patrem

1915 3679 2035 3719 esse
2077 3664 2129 3716 in
2163 3663 2298 3717 Filio
2329 3663 2767 3729 demonstraret,
2803 3663 2978 3735 ipsum
3014 3665 3212 3720 Filium
3246 3666 3299 3720 in
3346 3667 3508 3726 nobis

1913 3752 2351 3808 substantialitcr
2379 3769 2502 3808 esse
2531 3769 2628 3821 per
2672 3755 3058 3810 eucharistiam
3101 3755 3354 3826 probavit
3399 3759 3508 3814 hoc

1914 3843 2105 3898 modo:
2133 3861 2153 3894 ι
2175 3843 2281 3897 Eos
2309 3858 2471 3908 nunc,
2489 3843 2681 3914 inquit,
2706 3845 2796 3914 qui
2825 3844 2971 3901 inter
2991 3845 3280 3902 Patrem‘et
3307 3846 3506 3902 Filium

1911 3938 2207 3992 voluntatis
2263 3937 2519 4009 ingerunt
2567 3938 2869 4004 unitatem,
2923 3939 3198 4011 interrogo
3247 3950 3503 3996 utrumne

1913 4043 2010 4098 per
2043 4037 2250 4082 natura:
2291 4029 2574 4082 veritatem
2608 4027 2768 4082 hodie
2815 4028 3064 4091 Christus
3111 4030 3165 4083 in
3216 4030 3373 4088 nobis
3405 4031 3497 4094 sit,

1911 4136 1980 4174 an
2023 4136 2122 4190 per
2162 4120 2510 4176 concordiam
2540 4119 2882 4174 voluntatis?
2913 4119 2968 4173 Si
3012 4120 3157 4174 enim
3200 4135 3328 4176 vere
3363 4121 3499 4177 Ver-

1913 4215 2038 4265 bum
2096 4226 2224 4266 caro
2267 4210 2466 4267 factum
2520 4219 2619 4273 est,
2682 4219 2737 4264 et
2773 4227 2898 4265 vere
2937 4226 3040 4267 nos
3096 4210 3329 4266 Verbum
3376 4227 3498 4268 car-

1911 4319 2036 4358 nem
2066 4303 2265 4357 l'acttzm
2297 4304 2419 4357 cibo
2441 4302 2720 4357 Dotninieo
2749 4303 3018 4358 sumimus
3045 4320 3059 4369 ;
3085 4307 3354 4373 quomodo
3384 4321 3492 4360 non

217 4401 630 4456 viviﬁcatricem
659 4413 802 4463 esse,
845 4398 970 4468 quia
1007 4396 1146 4451 facta
1175 4405 1255 4450 est
1286 4396 1505 4464 propria
1539 4396 1692 4450 verbi
1725 4395 1808 4450 vi-
1842 4415 1888 4470 ι)
1914 4394 2236 4448 naturaliter
2273 4409 2494 4448 manere
2538 4393 2591 4447 in
2637 4393 2793 4448 nobis
2831 4393 3227 4448 existimandus
3263 4403 3370 4458 est,
3403 4395 3502 4464 qui

218 4493 446 4547 viﬁcare
493 4490 757 4554 valentis,
816 4488 1106 4543 anathema
1138 4487 1230 4540 sit.
1266 4504 1286 4537 ι
1317 4485 1422 4540 Sed
1455 4487 1808 4540 ducentorum

219 4585 452 4638 istorum
511 4579 830 4652 pontiﬁcum
915 4578 1206 4632 anathema
1286 4577 1644 4647 Bercngarius
1702 4592 1810 4632 non

219 4675 439 4738 metuit,
471 4674 562 4744 qui
617 4687 774 4726 suum
816 4669 1094 4740 proprium
1147 4668 1435 4721 anathema
1497 4667 1640 4737 quod
1695 4669 1809 4738 ipse

216 4776 564 4822 sacramento
595 4764 782 4818 Roma:
823 4763 952 4818 fecit
991 4761 1213 4832 pr0prio
1253 4775 1371 4824 ore,
1423 4769 1478 4813 et
1528 4761 1809 4830 proposuit

214 4865 276 4912 et
304 4855 536 4924 adjecit,
567 4863 824 4922 tanquam
854 4851 1134 4923 proprium
1168 4849 1404 4920 gladium
1449 4847 1690 4904 furiosus
1727 4849 1807 4903 in-

215 4949 413 5002 currit.

291 5041 489 5096 Beatus
515 5035 1106 5110 qttoqneGregorius'in
1130 5032 1368 5090 homiiiis
1385 5033 1439 5087 in
1455 5032 1654 5104 Evang.
1682 5048 1802 5092 can.

213 5135 308 5204 58)
363 5134 435 5187 ait
467 5150 480 5186 :
513 5151 530 5182 ε
563 5129 701 5196 Quid
749 5142 985 5196 namque
1017 5129 1091 5180 sit
1136 5125 1358 5194 sanguis
1386 5125 1546 5196 Agni,
1569 5126 1801 5196 nonjam

214 5223 484 5252 -...I:.-..Jn
545 5217 640 5252 emi
681 5217 912 5252 Ιιῖιιοηιιη
937 5215 1204 5254 iiirliniclic
1261 5215 1362 5254 nui
1390 5219 1608 5256 anno-nia
1641 5233 1803 5256 cntum

1913 4495 1971 4541 et
2017 4493 2270 4540 naturam
2319 4484 2504 4539 carnis
2551 4494 2750 4540 nostrae
2779 4484 2893 4554 jam
2924 4484 3344 4554 inseparabilem
3392 4485 3499 4541 sibi

1911 4579 2073 4634 homo
2110 4586 2273 4632 natus
2300 4579 2627 4648 assmnpsit,
2664 4586 2716 4633 et
2747 4587 3001 4633 naturam
3031 4578 3214 4632 carnis
3265 4593 3378 4634 sua:
3427 4579 3496 4634 ad
3573 4636 3576 4638 γ

1909 4676 2162 4722 naturam
2199 4669 2520 4722 :eternitatis
2562 4667 2663 4722 sub
2691 4676 3034 4724 sacramento
3062 4667 3218 4722 nobis
3253 4682 3498 4724 commu-
3573 4677 3576 4680 ’

1909 4762 2152 4818 nicandte
2187 4761 2372 4816 carnis
2422 4761 2712 4816 admiscuit
2741 4770 2757 4801 ν
2788 4761 2861 4814 Ita
2910 4761 3056 4814 enim
3108 4773 3296 4813 omnes
3329 4773 3506 4816 unum

1908 4869 2132 4920 smnus;
2176 4854 2300 4923 quia
2327 4863 2382 4908 et
2411 4853 2464 4907 in
2492 4853 2715 4910 Christo
2745 4853 2910 4907 Pater
2937 4864 3041 4917 est,
3079 4861 3133 4905 ct
3161 4850 3415 4906 Christus
3447 4854 3510 4909 in

1910 4946 2070 5003 nobis
2127 4951 2231 4998 est.
2291 4942 2555 5011 Quisquis
2600 4958 2731 5014 ergo
2783 4941 3005 4998 Patrem
3063 4938 3385 4996 naturaliter
3451 4945 3510 5000 iu

1909 5037 2126 5096 Christo
2153 5034 2395 5101 negabit,
2434 5044 2596 5105 neget
2626 5035 2778 5104 prius
2816 5046 2925 5086 non
2972 5030 3296 5090 naturaliter
3323 5030 3414 5085 vel
3455 5051 3521 5094 se

1912 5136 1965 5190 in
1991 5127 2230 5187 Christo,
2263 5125 2346 5178 vel
2371 5124 2648 5183 Christum
2674 5127 2776 5182 sibi
2807 5126 3018 5196 inesse;
3049 5125 3175 5196 quia
3205 5122 3257 5177 in
3281 5121 3531 5188 Christo

1912 5227 2072 5258 Dulor
2121 5225 2175 5258 at
2209 5216 2460 5258 (ἶιινῖςιηα
2499 5219 2554 5258 in
2604 5218 2758 5258 nnhic
2825 5233 2996 5258 unum
3027 5221 3095 5258 lin
3127 5215 3214 5258 his
3240 5227 3362 5258 ριςρ
3410 5230 3527 5258 uno
