4006 5282
239 73 368 130 ηπ

691 72 779 129 DE
809 66 1151 129 CORPORIS
1187 71 1277 128 ET
1309 69 1509 128 SANG.
1549 69 1784 128 DOMINI
1825 68 2178 126 VEIIITATE
2215 66 2394 122 LIBRI
2427 65 2627 121 TIIES.
2667 97 2732 106 -—
2774 65 2900 120 LII}.
2932 65 3018 121 III.

3360 67 3500 125 {-578

236 189 552 247 admiscuit?
582 208 600 242 ι
628 189 705 244 De
745 189 1000 254 veritate,
1051 188 1250 258 inquit,
1277 188 1462 243 carnis
1506 195 1561 240 et
1591 186 1802 257 sangui-
1841 195 1887 250 Α
1915 184 2057 240 enim
2111 198 2206 252 per
2257 183 2359 236 hoc
2413 180 2556 252 quod
2601 197 2700 236 nos
2753 181 2985 236 Verbum
3033 195 3255 237 carnem
3297 182 3500 241 factum

236 282 316 338 nis
368 297 475 337 non
499 291 583 336 est
609 280 831 336 relictus
854 280 1160 351 ambigendi
1188 281 1360 336 locus.
1392 299 1409 331 ι
1437 279 1616 346 Quare
1637 288 1818 334 autem

238 389 338 448 non
397 382 482 428 est
532 359 758 429 relictus
805 371 1114 441 ambigendi
1182 371 1374 436 locus,
1424 378 1821 440 consequenter

233 465 446 536 probat,
477 463 664 518 dicens
691 479 704 516 :
740 480 759 514 ‹
792 459 952 534 Nune
973 461 1118 514 enim
1146 469 1206 515 et
1231 461 1400 535 ipsius
1431 453 1645 515 Domini
1695 475 1823 531 pro-

234 555 465 610 fessione
515 563 572 610 et
619 553 725 609 lide
763 561 975 618 nostra,
1019 567 1147 608 vere
1189 567 1320 607 caro
1362 563 1447 607 est
1496 561 1552 606 et
1597 553 1820 622 sanguis

232 654 327 701 est.
369 665 388 697 ι
441 635 731 712 Quomodo
776 654 830 698 et
884 644 1051 714 ipsius
1115 643 1324 697 Domini
1390 642 1725 712 professone
1763 651 1820 698 et

233 747 415 792 nostra
447 739 554 792 ﬁde
584 752 714 793 vere
758 752 888 792 caro
919 745 1020 800 est,
1050 746 1106 790 et
1135 751 1263 790 vere
1311 736 1534 804 sanguis
1572 745 1675 799 est,
1703 734 1817 806 jam

226 823 318 881 hic
360 827 610 898 proxime
658 834 1171 897 praemonstraverat
1211 825 1441 881 dicendo
1477 843 1490 880 :
1521 845 1540 878 ι
1572 825 1690 881 Νοη
1735 836 1820 883 est

231 916 468 971 humano
512 925 604 971 aut
645 916 830 971 saeculi
861 931 1023 972 sensu
1067 917 1119 971 in
1147 917 1243 972 Dei
1273 919 1437 972 rebus
1468 916 1816 987 loquendum,

227 1022 407 1078 neque
452 1023 550 1079 per
586 1008 900 1063 violentiam
932 1018 1093 1079 atque
1123 1009 1520 1080 imprudentem
1553 1000 1818 1080 prmdica-

233 1098 432 1154 tionem
463 1099 768 1154 ccelestium
809 1100 1078 1154 dictorum
1107 1117 1135 1154 a
1159 1101 1394 1155 sanitate
1421 1101 1614 1156 alienae
1651 1111 1816 1170 atque

235 1189 418 1272 impia:
465 1190 837 1262 intelligentia:
888 1194 1258 1262 extorquenda
1294 1193 1622 1262 perversitas
1649 1201 1751 1249 est.
1791 1211 1810 1245 ι

233 1279 361 1348 Quae
393 1283 597 1352 scripta
643 1292 770 1338 sunt
804 1283 1069 1354 legamus,
1096 1292 1152 1338 et
1178 1300 1299 1354 qua:
1335 1284 1627 1352 legerimus
1657 1283 1817 1339 intel-

231 1374 481 1446 ligamus,
513 1385 570 1431 et
595 1387 710 1430 tum
741 1373 998 1445 perfecta:
1031 1375 1155 1431 fidei
1186 1362 1363 1430 oﬂicio
1389 1375 1696 1447 fungentur.
1740 1375 1814 1430 De

232 1469 460 1524 naturali
493 1470 639 1525 enim
664 1469 715 1523 in
736 1468 893 1523 nobis
915 1466 1113 1523 Christi
1139 1468 1366 1522 veritate
1384 1483 1504 1537 qua:
1556 1467 1811 1533 dicimus,

1922 273 2043 328 cibo
2077 273 2360 328 Dominico
2389 275 2655 328 sumimus
2687 274 2967 343 probatur,
3002 275 3128 344 qu'a
3159 273 3410 330 Christus
3441 277 3495 332 in

1917 363 2078 435 nobis
2125 364 2559 419 substantialiter
2601 374 2708 426 est,
2759 364 2838 418 sic
2882 365 2934 418 in
2979 366 3082 419 hoc
3132 365 3254 420 cibo
3308 371 3496 424 umbra

1922 464 2131 510 tantum
2168 456 2396 520 Christi,
2429 463 2482 510 et
2531 469 2636 510 non
2688 455 2992 509 substantia
3017 456 3218 511 CIII‘ISiI
3247 459 3363 512 est?
3391 460 3500 516 Aut

1920 549 2191 616 quomodo
2221 548 2332 602 lucc
2365 557 2587 616 accepta
2621 556 2782 615 atque
2825 546 3013 600 hausta
3054 548 3103 601 id
3131 548 3342 604 cliiccre
3379 567 3502 620 pos-

1921 648 2068 704 sunt,
2101 649 2159 694 ut
2195 639 2448 694 Christus
2490 640 2539 692 in
2589 639 2744 692 nobis
2775 638 2832 691 lit
2861 638 3216 704 substantive,
3248 642 3292 697 si
3325 643 3376 697 in
3421 646 3502 700 eis

1922 730 2057 799 ipsis
2097 746 2202 784 non
2255 739 2340 785 est
2381 731 2481 784 nisi
2536 730 3202 798 tnnbraticciQuomodo,
3255 718 3499 808 inquam,

1921 821 1964 876 si
2010 838 2108 876 nos
2153 821 2389 876 Verbum
2440 836 2660 876 carnem
2690 819 2894 876 factum
2933 823 3054 877 cibo
3083 826 3366 890 sumimus,
3402 844 3503 897 per

1921 912 2025 967 hoc
2074 927 2415 982 consequens
2485 922 2568 966 est
2634 920 2692 966 ut
2745 911 2798 966 in
2854 912 3010 968 nobis
3071 914 3504 976 substantialiter

1922 1013 2141 1058 maneat
2167 1002 2452 1058 Christus?
2483 1004 2612 1068 Quae.
2641 1011 2727 1057 est
2767 1000 2926 1070 hujus
2952 1004 3285 1073 probationis
3316 1024 3504 1065 neces-

1921 1089 2251 1162 sitas?'qu:e
2296 1093 2724 1162 consequentia?
2769 1091 2921 1147 Nulla
2958 1096 3157 1166 quippe
3201 1100 3503 1156 necessitas

1919 1193 2034 1252 est,
2095 1185 2240 1239 nulla
2292 1195 2717 1256 consequentia.
2765 1194 2819 1239 ut
2880 1186 2969 1240 ubi
3011 1197 3094 1243 est
3143 1189 3368 1260 alimtjus
3421 1194 3500 1249 rei

1923 1272 2118 1346 ﬁgura,
2147 1285 2220 1332 Sil
2252 1286 2648 1346 consequenter
2678 1277 2917 1347 ejuszlcm
2957 1280 3033 1335 rei
3075 1283 3402 1338 substantia.
3440 1297 3501 1342 δι

1918 1366 2062 1419 enim
2096 1367 2269 1421 cuivis
2302 1366 2539 1420 dicerem
2568 1383 2580 1418 :
2615 1366 2672 1420 In
2707 1369 2808 1422 hoc
2843 1368 3050 1438 pariete
3075 1379 3158 1424 est
3195 1373 3498 1429 substantia

1921 1463 2011 1510 tua
2040 1496 2056 1520 ,
2095 1457 2222 1527 quia
2277 1457 2350 1512 ibi
2393 1466 2478 1532 est
2528 1457 2704 1526 imago
2757 1468 2887 1524 tua,
2931 1475 3110 1516 nonne
3157 1477 3244 1516 me
3291 1465 3503 1521 diceret

231 1561 332 1616 nisi
363 1561 432 1616 ab
470 1576 536 1616 eo
573 1560 884 1624 didicimus,
919 1559 1086 1616 stulte
1133 1569 1297 1630 atque
1354 1560 1519 1631 impie
1560 1560 1814 1615 dicimus.

1923 1545 2198 1600 insanire?
2226 1545 2330 1601 Sed
2371 1561 2471 1600 nec
2503 1547 2787 1617 quisquam
2814 1550 3034 1602 omnino
3061 1551 3257 1607 dixerit
3283 1557 3501 1613 quando

230 1651 346 1722 Ipse
386 1651 530 1706 enim
565 1651 686 1706 ait:
716 1649 856 1704 Caro
900 1667 1015 1705 mea
1049 1668 1164 1706 rere
1203 1661 1277 1705 est
1319 1668 1463 1715 eam,
1508 1665 1556 1706 et
1598 1653 1814 1722 sanguis

228 1761 371 1798 meus
403 1761 516 1798 vere
545 1753 622 1798 est
657 1756 829 1811 potus.
893 1744 997 1810 Qui
1017 1743 1121 1797 edit
1151 1759 1362 1798 carnem
1391 1760 1580 1808 meum,
1605 1756 1651 1798 et
1690 1744 1813 1798 bibit

230 1834 534 1904 sanguinem
586 1851 777 1899 meum,
818 1835 873 1889 in
907 1851 988 1888 nte
1029 1846 1200 1912 manet
1229 1844 1275 1888 et
1317 1851 1408 1904 ego
1446 1835 1501 1888 in
1541 1851 1602 1888 ea
1628 1833 1810 1905 (Joan.

233 1927 328 1996 vi).
375 1925 472 1980 lIic
519 1941 654 1981 sane
705 1927 1043 1996 interrogare
1086 1927 1300 1996 placet:
1333 1927 1434 1994 Qui
1474 1937 1600 1981 sunt
1630 1928 1720 1998 qui
1759 1927 1812 1982 in

223 2016 322 2072 bis
350 2017 514 2072 rebus
545 2017 664 2080 Dei,
701 2017 938 2071 humano
964 2027 1056 2071 aut
1086 2017 1268 2072 saeculi
1291 2033 1452 2072 sensu
1487 2017 1816 2080 loquuntur?

227 2091 415 2164 Nonne
455 2107 550 2172 illi,
583 2108 696 2178 qui,
745 2107 948 2163 clausis
988 2109 1215 2163 internis
1252 2109 1565 2175 luminibus,
1615 2125 1812 2166 secun-

226 2201 352 2254 dum
397 2215 592 2256 sensus
629 2201 930 2256 exteriores
981 2200 1107 2255 huic
1151 2201 1349 2255 smculo
1403 2217 1699 2272 congruos,
1744 2200 1814 2258 de

227 2292 502 2362 mysteriis
548 2291 866 2347 coelestibus
914 2292 1346 2347 ratiocinantur?
1384 2293 1486 2360 Qui
1537 2303 1685 2358 sunt,
1729 2293 1816 2347 in-

220 2395 411 2450 quam,
443 2382 537 2452 qui
584 2382 851 2438 violenter
888 2393 1216 2453 extorquent
1251 2384 1474 2454 impiam
1504 2384 1810 2456 intelligen-

228 2474 358 2527 tiam
391 2474 695 2529 cmlestium
741 2475 1051 2530 dictorum?
1100 2475 1271 2542 Illine,
1297 2476 1389 2545 qui
1420 2490 1485 2531 ea
1515 2490 1638 2544 qua:
1676 2477 1814 2532 scri-

223 2576 316 2635 pta
369 2574 531 2630 sunt,
582 2567 719 2620 sicut
771 2563 926 2633 jubet
978 2567 1246 2632 llilarius,
1306 2567 1520 2638 legunt,
1571 2575 1627 2620 et
1671 2567 1812 2622 sicut

225 2657 412 2724 legunt
441 2655 762 2726 simpliciter
791 2657 997 2726 absque
1030 2658 1186 2728 plane
1228 2651 1333 2713 ulla
1379 2657 1681 2728 adjecione
1713 2672 1808 2713 sua

226 2746 566 2816 intelligunt;
601 2763 669 2802 an
719 2748 792 2802 illi
843 2748 933 2818 qui
981 2757 1236 2802 vexantes
1287 2748 1626 2818 Scripturam
1665 2747 1810 2817 quod

219 2837 316 2892 illa
348 2847 525 2903 sonat,
560 2849 842 2908 respuunt,
882 2849 934 2894 et
963 2838 1314 2910 figurationes
1336 2842 1596 2910 quasdam
1626 2839 1676 2895 ei
1710 2855 1810 2910 pro

215 2930 456 2986 arbitrio
501 2931 583 2986 sui
625 2932 806 2986 cordis
851 2932 1170 3002 imponunt?
1216 2931 1297 2986 Illi
1340 2941 1490 2987 certe
1537 2947 1644 2986 non
1689 2947 1808 2986 eam

224 3031 576 3090 extorquent,
629 3037 734 3076 non
782 3022 830 3076 ei
873 3021 1092 3076 violenti
1144 3028 1301 3084 sunt,
1333 3022 1422 3090 qui
1470 3021 1808 3091 simpliciter,

223 3112 371 3166 sicut
396 3127 514 3166 eam
549 3112 753 3184 legunt,
792 3112 1116 3184 intelligunt.
1147 3111 1225 3165 Illi
1263 3111 1646 3182 igitarjudicio
1669 3112 1809 3167 beati

223 3207 420 3262 Ililarii
462 3209 551 3263 hic
594 3209 758 3263 verba
785 3207 1085 3264 Salvatoris
1130 3221 1386 3276 perverse
1438 3217 1600 3276 atque
1653 3207 1812 3276 impie

221 3287 538 3372 intelligunt
583 3301 697 3373 qui,
750 3300 982 3371 simplici
1033 3299 1308 3354 intellectu
1361 3310 1556 3354 conten
1582 3309 1694 3370 pto,
1745 3300 1812 3355 ad

223 3392 450 3461 ﬁguras,
493 3391 742 3445 addendo
772 3391 914 3461 quod
946 3391 1048 3444 sibi
1076 3389 1272 3460 placet,
1313 3407 1377 3445 ea
1410 3391 1700 3460 trajiciunt.
1731 3383 1812 3445 E1

221 3485 316 3540 bis
345 3500 476 3556 ergo
505 3484 686 3540 verbis
708 3484 1002 3539 Dominicis
1025 3498 1151 3538 eum
1180 3483 1482 3553 probasset,
1501 3483 1626 3552 quia
1663 3499 1681 3533 ί
1715 3497 1814 3538 nos

223 3567 470 3632 Verbum
537 3593 758 3633 carnem
808 3577 1010 3631 factum
1051 3592 1180 3632 vere
1234 3576 1356 3630 cibo
1403 3575 1686 3630 Dominico
1724 3591 1814 3629 su-

221 3671 456 3740 mimus,
489 3692 509 3726 »
550 3673 618 3728 ad
657 3671 1084 3741 assumptionem
1130 3669 1428 3742 syllogismi
1469 3669 1551 3724 sui
1581 3669 1814 3724 reverti-

222 3777 343 3830 tur,
384 3745 441 3819 et
471 3763 742 3832 quomodo
783 3762 884 3816 hoc
936 3775 1042 3815 non
1076 3770 1282 3814 tantum
1310 3761 1670 3823 concorditer,
1720 3758 1816 3815 sed

220 3854 398 3910 etiam
431 3851 864 3909 substantialiter
905 3852 976 3907 sit
1019 3852 1269 3906 Christus
1304 3851 1356 3904 in
1386 3850 1540 3904 nobis
1565 3850 1818 3920 exsequi-

224 3955 359 4010 tur,
415 3945 642 3999 dicens:
675 3962 692 3994 ο
727 3942 796 3997 Ει
852 3943 969 3997 haec
1018 3952 1240 4011 accepta
1292 3951 1454 4011 atque
1512 3929 1700 3995 hausta
1764 3942 1816 3996 id

219 4037 474 4094 ciliciuut
507 4047 566 4092 ut
597 4047 653 4092 ct
695 4052 795 4091 nos
833 4036 886 4090 in
916 4035 1158 4100 Christo,
1193 4043 1248 4089 et
1281 4032 1532 4088 Christus
1567 4033 1619 4087 in
1660 4032 1815 4088 nobis

216 4134 324 4206 psit.
375 4133 531 4186 Anne
585 4132 688 4186 hoc
731 4131 932 4186 veritas
956 4143 1060 4183 non
1090 4127 1216 4182 est?
1242 4125 1528 4197 Contingat
1562 4125 1722 4196 plane
1749 4126 1816 4180 iis

1838 2899 1880 2954 C

1916 1636 2179 1691 edebatur
2217 1653 2391 1706 agnus
2438 1637 2644 1708 legalis,
2701 1647 2759 1691 ut
2789 1639 2861 1692 ibi
2908 1649 3054 1695 esset
3105 1657 3505 1714 consequenter

1919 1729 2222 1809 substantia
2255 1730 2481 1794 Christi,
2533 1746 2654 1784 cum
2702 1729 2794 1786 ille
2832 1747 3002 1801 agnus
3044 1735 3232 1790 umbra
3278 1748 3421 1792 esset
3450 1749 3506 1794 et

1919 1821 2092 1892 ﬁgura
2123 1823 2347 1877 Christi.
2379 1822 2511 1889 Quis
2536 1837 2663 1877 vero
2683 1824 2881 1878 audeat
2906 1826 3106 1890 dicere,
3131 1843 3252 1882 cum
3278 1845 3500 1901 serpen-

1919 1922 2026 1967 tem
2066 1929 2274 1968 teneum
2310 1914 2523 1985 Moyses
2557 1915 2607 1968 in
2655 1915 2876 1969 deserto
2921 1921 3272 1988 suspenderet
3308 1921 3499 1994 (Num.

1915 2005 2058 2072 ut),
2085 2006 2227 2076 quod
2259 2007 2330 2060 ibi
2357 2007 2714 2062 substantiam
2741 2007 2940 2063 Christi
2974 2015 3324 2080 suspenderat
3372 2033 3499 2073 cum

1915 2096 2275 2152 substantiam
2317 2099 2516 2153 Christi
2573 2099 2625 2153 in
2674 2099 2818 2169 ligno
2860 2105 3224 2171 suSpendeudi
3273 2122 3499 2180 serpens

1915 2186 2005 2242 ille
2030 2203 2212 2244 tenens
2245 2188 2538 2261 liguraret?
2565 2189 2748 2261 (Jonn.
2773 2193 3161 2260 nr.)Quoc|rca
3194 2214 3236 2252 ει
3278 2214 3492 2255 assum-

1913 2277 2027 2349 ptio
2054 2277 2264 2344 Hilarii,
2289 2295 2396 2350 qua
2428 2281 2627 2336 dicitur
2643 2284 2785 2352 quod
2806 2283 3236 2344 substantialiter
3257 2291 3310 2345 in
3334 2295 3493 2349 nobis

1912 2377 1998 2424 est
2019 2369 2286 2438 Christus,
2313 2387 2410 2442 per
2429 2373 2530 2430 hoc
2563 2386 2678 2428 rata
2703 2390 2823 2431 esse
2850 2389 3213 2450 monstratur,
3231 2387 3372 2453 quod
3396 2403 3496 2444 nos

1912 2473 2134 2514 carnem
2157 2469 2212 2516 et
2259 2464 2578 2534 sanguinem
2619 2464 2822 2520 Christi
2853 2467 2975 2522 cibo
3004 2468 3286 2529 Dominico
3323 2479 3496 2532 smni-

1916 2566 2212 2623 mus,.qu:e
2246 2566 2466 2626 accepta
2517 2565 2680 2626 atque
2721 2559 2913 2616 lutusta
2956 2562 3007 2617 id
3045 2565 3302 2634 etliciuut,
3344 2580 3497 2639 ut'et

1911 2645 2162 2702 Christus
2189 2647 2242 2702 in
2271 2648 2448 2714 nobis,
2475 2658 2532 2706 et
2559 2665 2659 2706 nos
2691 2653 3009 2710 naturaliter
3048 2673 3211 2712 unum
3241 2661 3413 2718 simus
3437 2663 3495 2721 in

1912 2735 2151 2802 Christo,
2203 2749 2452 2794 naturam
2503 2756 2616 2796 sure
2664 2745 2845 2798 carnis
2874 2746 3078 2816 adepti,
3137 2751 3280 2806 nulla
3316 2765 3498 2817 autem

1914 2828 2320 2897 consequentia,
2352 2839 2409 2884 ut
2435 2833 2797 2900 ostendimus,
2824 2839 3122 2908 assumptio
3159 2841 3245 2895 IIL'I
3272 2859 3370 2914 per
3395 2848 3498 2904 hoc

1916 2919 2130 2988 probari
2159 2930 2358 2990 potest,
2407 2923 2508 2977 nisi
2550 2924 2602 2978 in
2633 2926 2756 2980 cibo
2785 2928 3063 2986 Dominico
3096 2935 3167 2988 sit
3208 2951 3336 2994 vere
3363 2941 3496 2996 sub-

1915 3010 2115 3064 stantia
2162 3013 2408 3081 corporis
2448 3024 2503 3068 et
2554 3018 2835 3084 sanguinis
2860 3019 3059 3076 Christi
3098 3041 3113 3077 :
3148 3030 3493 3086 manifestum

1915 3108 1998 3153 est
2027 3101 2281 3168 quoniam
2319 3103 2778 3170 prudentissnnns
2802 3124 3212 3176 arguntentator
3234 3117 3496 3189 Hilarius,

1916 3189 2006 3256 qui
2037 3192 2648 3261 suamassumptionem
2683 3211 2779 3265 per
2821 3197 2924 3253 hoc
2951 3203 3276 3262 conﬁrmare
3301 3211 3496 3278 voluit,

1916 3279 2274 3335 substantiam
2321 3283 2568 3351 corporis
2609 3294 2665 3340 et
2710 3288 2997 3357 sanguinis
3039 3291 3252 3350 Domini
3301 3314 3400 3354 nos
3442 3302 3497 3357 in

1917 3373 2040 3428 cibo
2081 3373 2364 3430 Dominico
2408 3391 2662 3443 sumere,
2716 3393 2823 3435 non
2873 3385 3116 3439 umbram
3165 3398 3220 3443 et
3268 3388 3496 3460 ﬁguram

1920 3474 2150 3531 tantum,
2199 3477 2259 3520 ut
2299 3467 2588 3523 umbratici
2627 3471 2712 3524 isti
2749 3472 2889 3528 male
2918 3477 3212 3542 somniant,
3244 3484 3498 3542 credidit.

1917 3553 1990 3611 Ut
2015 3566 2196 3612 autem
2227 3559 2311 3614 vis
2363 3560 2531 3616 totius
2569 3561 2949 3631 disputationis
2977 3583 3140 3638 quam
3181 3572 3502 3634 brevissime

1915 3650 2017 3705 sub
2046 3650 2220 3705 oculis
2272 3662 2583 3722 reponatur,
2615 3664 2711 3709 aut
2766 3659 3068 3717 umbratice
3099 3665 3328 3722 credidit
3371 3668 3502 3724 bea-

1909 3742 2160 3820 tissimus
2212 3741 2448 3799 Hilarius
2507 3762 2605 3800 nos
2652 3747 2940 3806 comedere
2987 3750 3226 3810 Verbum
3277 3771 3498 3817 carnem

1919 3831 2141 3898 factum,
2168 3843 2260 3888 aut
2287 3837 2644 3890 substantive.
2687 3837 2792 3893 Sed
2820 3840 2864 3893 si
2906 3843 3206 3900 umbratice
3240 3851 3501 3907 credidis-

1918 3935 2020 3990 set,
2053 3942 2325 3996 nunquam
2356 3929 2454 3983 hoc
2482 3930 2781 3998 disputator
2801 3935 3050 4001 egregius
3070 3937 3138 3990 ad
3161 3939 3498 4008 probandum

1919 4019 2061 4088 quod
2088 4017 2337 4074 Christus
2358 4019 2409 4074 in
2435 4020 2592 4075 nobis
2619 4023 3052 4081 substantialiter
3075 4039 3178 4092 εει,
3205 4031 3497 4104 attulisset,

1921 4123 2042 4163 cum
2089 4109 2222 4163 nihil
2264 4110 2388 4170 sibi.
2441 4113 2536 4166 sed
2595 4115 2774 4182 potius
2825 4117 3154 4173 adversariis
3194 4124 3497 4192 prodesset,

221 4241 424 4280 verum
455 4240 562 4280 non
595 4238 738 4291 esse,
789 4223 880 4293 qui
932 4221 1205 4277 Christum
1232 4219 1416 4274 Jesum
1468 4233 1655 4272 verum
1694 4231 1814 4272 esse
1844 4235 1894 4295 Ι)
1922 4215 2096 4295 neque
2112 4199 2218 4295 1³90
2241 4201 2384 4271 (Ill0d
2409 4203 2722 4259 i'l'cndeba‘
2748 4205 2854 4260 ""0
2879 4210 3037 4262 ¹η⁰⁴¹⁰
3060 4211 3256 4268 “inde
3281 4215 3500 4286 οοηίίείν

225 4316 402 4374 beum
429 4327 650 4388 negant.
685 4336 704 4368 ι
728 4316 810 4371 Ad
841 4317 945 4370 hoc
979 4315 1153 4384 ipsum
1194 4321 1389 4367 cartera
1417 4325 1631 4380 quoque
1677 4309 1814 4364 refe-

215 4422 465 4476 eruatur,
508 4425 627 4480 quae
685 4425 854 4479 usque
902 4408 970 4462 ad
1030 4405 1431 4461 conclusionem
1483 4402 1810 4456 inferuntur.

223 4503 437 4557 Deinde
454 4503 567 4568 jam
597 4498 662 4552 ad
681 4498 1081 4553 conclusionem
1112 4496 1339 4548 tidentcr
1367 4492 1574 4546 accedit
1598 4507 1812 4545 assunt-

221 4598 474 4666 ptionem
517 4607 643 4648 cum
689 4607 786 4646 sua
834 4575 1157 4666 probatiOne
1197 4585 1332 4640 satis
1366 4583 1661 4639 artiticiose
1696 4583 1815 4636 bre-

218 4690 453 4744 vissime
487 4683 799 4754 repetendo,
833 4683 934 4736 hoc
961 4680 1150 4734 modo:
1171 4697 1188 4728 ‹
1219 4676 1275 4730 Si
1305 4690 1434 4744 ergo
1461 4689 1560 4729 nos
1593 4683 1818 4730 natura-

213 4785 355 4840 liter
395 4779 698 4838 secundum
750 4789 968 4831 carnem
1009 4787 1106 4840 per
1143 4783 1268 4826 eum
1322 4768 1572 4833 vivimus,
1612 4768 1666 4824 id
1709 4775 1813 4831 est,

210 4888 486 4935 naturam
535 4885 647 4926 sna:
676 4869 862 4924 carnis
892 4865 1093 4934 adepti,
1122 4862 1393 4935 quomodo
1424 4877 1530 4915 non
1581 4859 1814 4916 naturali

208 4967 532 5027 secundum
568 4960 818 5031 spiritum
842 4958 894 5012 in
925 4970 982 5009 se
1008 4954 1228 5012 Patrem
1261 4952 1480 5016 habeat,
1518 4967 1643 5008 cum
1674 4952 1820 5006 vivat

203 5065 340 5136 ipse
367 5071 469 5128 per
489 5052 738 5106 Patrem?
763 5069 782 5103 ι

281 5152 454 5210 Hunc
497 5158 626 5210 ergo
663 5142 808 5198 beati
857 5136 1044 5192 Hilarii
1101 5133 1474 5211 syllogismum
1525 5131 1815 5192 umbratici

194 5242 418 5282 nnclri-
452 5236 498 5282 si
527 5232 730 5282 valent-
757 5229 1007 5282 evadant.
1027 5226 1316 5282 Advertite
1335 5227 1506 5282 enim.
1531 5243 1566 5282 0
1594 5225 1818 5282 umbra—

1921 4293 2016 4347 sed
2058 4293 2239 4363 potius
2273 4297 2606 4360 econtrario,
2640 4299 2782 4366 quod
2814 4297 3065 4356 Christus
3110 4303 3164 4356 iu
3207 4305 3362 4362 nobis
3393 4322 3500 4366 non

1835 4389 1862 4400 "
1915 4381 1987 4436 sit
2033 4382 2466 4439 substantialiter
2493 4402 2653 4456 quam
2703 4386 2959 4444 facillime
2994 4400 3049 4446 et
3080 4393 3193 4462 ipse
3221 4405 3278 4449 et
3321 4399 3500 4468 quivis

1918 4477 2268 4531 mediocriter
2296 4479 2546 4532 eruditus
2585 4495 2813 4535 cernere
2851 4495 3050 4550 posset.
3091 4484 3357 4550 Quoniam
3407 4493 3506 4562 igi-

1918 4577 2005 4622 tur
2036 4568 2117 4620 vir
2146 4567 2552 4622 eruditissimus
2581 4569 2648 4623 ad
2691 4569 3026 4638 probandum
3078 4576 3508 4645 assumptioneiu

1919 4673 2070 4715 suam
2094 4657 2144 4711 id
2173 4657 2375 4721 attulit,
2405 4675 2510 4714 non
2540 4659 2837 4714 umbratice
2866 4673 3117 4718 naturam
3146 4667 3327 4737 carnis
3350 4668 3519 4737 Chri-

1919 4753 1985 4808 sti
2001 4765 2097 4804 nos
2117 4751 2404 4804 comedere
2426 4750 2931 4807 credidit.Credidit
2964 4755 3134 4828 igitur
3152 4753 3518 4819 substantive.

1995 4841 2164 4910 IIujus
2195 4855 2325 4896 sane
2354 4840 2476 4897 libri
2510 4845 2684 4900 sancti
2729 4842 2919 4899 Ililarii
2954 4849 3147 4904 beatus
3185 4845 3536 4914 Augustinus

1923 4942 1976 4999 iu
2017 4951 2116 4993 suo
2156 4935 2294 4991 libro
2331 4935 2404 4988 De
2438 4936 2708 4994 'I‘riuitate
2752 4951 2873 4990 cum
2923 4953 3121 5014 magna
3170 4947 3538 5002 veneratione

1926 5031 2252 5089 tnentionem
2280 5025 2428 5080 facit.
2460 5029 2613 5084 Unde
2634 5028 2812 5101 palam
2833 5039 2920 5085 est
2943 5035 3069 5106 quia
3098 5027 3544 5095 disputationem

1927 5127 2069 5180 hanc
2113 5117 2598 5187 reprehensibilem
2641 5137 2750 5176 non
2771 5117 3059 5188 judicavit.
3092 5118 3277 5175 Palam
3313 5133 3470 5194 ergo
3499 5133 3556 5181 et

1927 5213 2080 5279 illud,
2108 5209 2233 5279 quia
2264 5203 2509 5274 ejusdem
2549 5211 2669 5266 tidei
2697 5209 2818 5264 fuit.
2845 5209 3200 5282 Quapropter
3229 5204 3558 5269 beatissnni
