4006 5282
565 253 702 338 me

1561 281 1950 338 GUITM-UNDI
1993 281 2427 340 ARGIIIEPISC.
2468 283 2813 340 AYERSANI

3697 293 3814 348 “Si!

634 401 750 455 Non.
779 399 953 454 soluat
988 397 1260 469 praedictis
1282 398 1720 464 auctoritatibus,
1759 400 1852 455 sed
1881 409 1936 455 et
1959 399 2141 454 multis
2172 405 2216 462 Α
2247 399 2314 454 ad
2339 403 2773 456 communionem
2805 402 3080 458 accedenti
3121 402 3360 472 ejusdem
3396 409 3546 475 pueri
3591 405 3814 478 particu-

559 505 780 562 anoque
815 491 1090 545 miraculis
1115 489 1560 554 evidentissimis,
1593 490 1990 546 rationabiliter
2014 493 2145 545 c‘on-

561 583 831 638 futantur.
883 579 1035 648 Quod
1067 581 1113 636 si
1165 579 1422 634 miracula
1468 593 1572 634 non
1614 581 1903 650 recipiunt,
1961 581 2144 636 hostes

557 673 818 728 Ecclesia:
839 687 898 727 se
927 670 1220 726 declarant.
1251 670 1490 725 Ecclesia
1513 672 1656 726 enim
1683 673 1958 727 miraculis
1980 687 2142 741 quam

559 765 794 820 maxime
842 771 898 818 et
927 771 1220 833 propagata
1263 764 1348 818 est
1390 772 1443 818 et
1489 763 1689 816 adulta.
1725 763 1864 829 Quid
1911 763 2142 834 denique

556 873 638 916 est
665 861 809 915 aliud
837 859 1096 914 tniracnla
1127 873 1370 922 cassare,
1401 857 1505 912 nisi
1533 857 1853 924 Ecclesium,
1879 865 2140 926 quantum

557 967 610 1006 tu
665 967 724 1007 se
763 960 866 1016 est,
911 949 1160 1004 auferre?
1207 949 1419 1003 Eisdem
1447 949 1644 1019 quippe
1687 949 1895 1003 artibus
1939 947 2020 1020 (ut
2067 948 2142 1002 ait

555 1045 796 1114 quidam)
844 1041 1041 1112 quibus
1092 1049 1306 1110 partum
1354 1048 1439 1093 est
1483 1041 1795 1109 imperium,
1851 1039 2138 1094 retinetur.

554 1145 900 1212 Quapropter
953 1140 1210 1195 Ecclesiae
1258 1140 1444 1195 hostes
1501 1155 1665 1204 sese,
1729 1149 1784 1195 et
1837 1155 1945 1194 non
2001 1139 2140 1193 ﬁlios

553 1243 828 1298 astruuut,
878 1233 922 1286 si
967 1232 1084 1300 ejus
1133 1230 1392 1285 miracula
1449 1232 1697 1301 accipere
1739 1231 1945 1284 nolunt.
1999 1229 2138 1297 Quid

553 1337 732 1380 autem
772 1324 1011 1386 stultius,
1051 1323 1179 1393 quid
1217 1323 1502 1378 vecordius
1528 1340 1690 1393 quatit
1729 1329 1994 1394 evacuare
2038 1325 2140 1377 mi—

553 1415 758 1482 racula,
789 1433 909 1470 cum
962 1415 1104 1469 nulla
1153 1415 1372 1470 omnino
1413 1431 1498 1470 res
1541 1417 1657 1471 sine
1704 1407 1966 1471 miraculo
1999 1415 2136 1470 ﬁat?

553 1508 772 1563 Utinam
821 1506 914 1561 isti
957 1505 1252 1576 vaniloqui,
1304 1519 1403 1562 nec
1455 1508 1662 1578 seipsos
1709 1507 1912 1577 aliquid
1962 1505 2133 1578 loqui,

549 1602 676 1654 dum
711 1599 1052 1667 impttdentcr
1073 1597 1325 1664 iactitant.
1353 1597 1504 1662 talia,
1537 1597 1846 1664 crederent,
1877 1599 2134 1668 quoniam

551 1691 652 1743 hoc
707 1689 878 1758 ipsum
929 1688 1070 1757 quo-.l
1124 1687 1266 1756 loqui
1315 1696 1561 1756 possunt,
1601 1689 1701 1742 hoc
1749 1689 1922 1758 ipsum
1969 1689 2132 1743 etiam

2247 493 2354 548 lam
2389 493 2770 563 porrigentem.
2821 487 2927 550 Sed
2971 511 3092 551 cum
3137 496 3226 552 ille
3265 500 3492 554 nimium
3535 503 3816 556 exterritus

2246 595 2461 641 sumere
2503 587 2822 656 trepidaret,
2853 587 3036 642 multis
3080 588 3334 659 iacrymis
3372 591 3612 661 speciem
3649 595 3812 662 panis,

2247 677 2354 732 ﬁde
2382 677 2492 747 jam
2530 679 2812 748 solidatas,
2855 679 3112 736 obtinuit.
3159 683 3268 738 Sed
3293 697 3454 752 quem
3507 699 3728 742 movere
3765 688 3814 740 in

2245 769 2660 824 admirationem
2705 779 2759 824 et
2801 770 3015 826 laudem
3052 772 3250 826 divina:
3296 773 3552 828 bonitatis
3587 791 3692 829 non
3731 777 3818 830 de-

2245 857 2408 912 beant
2451 859 2629 930 magni
2659 859 2836 915 Patris
2879 862 3050 916 nostri
3081 873 3228 932 gesta
3259 861 3466 926 Basilii,
3499 863 3645 919 inter
3670 865 3816 934 cuius

2243 967 2438 1005 manus
2463 951 2680 1007 Judtcus
2725 953 2778 1006 in
2823 954 3002 1008 medio
3047 953 3347 1024 frequentis
3373 956 3594 1011 latitans
3623 957 3812 1027 popufi,

2241 1041 2498 1098 sacriﬁcii
2527 1045 2772 1114 tempore
2801 1045 2992 1116 partiri
3031 1047 3314 1115 puerulum
3359 1050 3517 1112 vidit,
3551 1051 3815 1105 exclama-

2241 1137 2349 1202 vit,
2412 1145 2465 1192 et
2503 1149 2798 1208 propterea
2855 1139 3162 1210 baptizatus
3204 1142 3321 1195 est?
3376 1141 3542 1196 Multa
3610 1149 3820 1213 quoque

2239 1231 2547 1300 hujnsmodi
2577 1232 2679 1286 alia
2711 1241 2765 1286 et
2787 1235 2954 1288 nostri
2986 1236 3264 1304 temporis,
3292 1244 3346 1290 et
3374 1237 3580 1306 antiqui
3609 1239 3817 1292 narrari

2241 1331 2485 1394 possunt,
2527 1340 2555 1378 a
2603 1325 2797 1394 quibus
2835 1327 3188 1396 supersedem
3217 1325 3377 1398 [Nam
3421 1340 3475 1383 et
3523 1329 3818 1384 catholicos

2239 1413 2476 1470 breviter
2534 1417 2933 1472 commonuisse
2990 1417 3057 1471 de
3129 1417 3406 1473 miraculis
3467 1419 3712 1484 snliicit,
3767 1431 3819 1476 et

2238 1507 2526 1562 hrcrelicos
2564 1507 2796 1577 plurima
2841 1507 3023 1562 talium
3075 1510 3386 1562 narratione
3419 1511 3674 1578 prosequi
3711 1508 3819 1564 for-

2239 1608 2382 1653 tasse
2413 1607 2516 1652 non
2539 1599 2774 1668 proﬁcit.
2805 1599 2966 1655 Gesta
2997 1615 3229 1670 namque
3251 1611 3561 1654 sauctormn
3595 1601 3820 1657 Patrum

2237 1701 2490 1761 protervo
2518 1706 2612 1747 ore
2658 1693 2976 1756 dilacerant,
3015 1707 3115 1746 nec
3144 1707 3205 1746 ea
3252 1705 3372 1760 qua:
3399 1693 3466 1747 de
3499 1693 3584 1748 his
3617 1695 3814 1762 seripta

547 1781 772 1832 omnino
801 1779 944 1849 quod
976 1788 1126 1842 sunt,
1151 1795 1256 1831 non
1291 1779 1392 1832 nisi
1425 1794 1492 1832 ex
1530 1779 1714 1834 divino
1736 1780 2002 1835 miraculo
2018 1781 2127 1834 est!
2163 1770 2209 1825 Β
2241 1793 2388 1849 sunt,
2422 1785 2504 1838 vel
2544 1783 2820 1848 dicuntur,
2861 1783 3109 1854 diligunt,
3137 1784 3331 1852 quibus
3363 1797 3422 1837 se
3465 1801 3518 1837 In
3544 1784 3818 1838 credendo

551 1867 656 1922 Sed
711 1877 839 1922 sunt
883 1868 974 1938 qui
1016 1867 1276 1921 miracula
1325 1883 1383 1922 se
1445 1883 1549 1922 non
1605 1884 1862 1938 respuere
1915 1870 2133 1940 quidem

547 1959 947 2028 respondeant;
979 1955 1148 2012 libros
1172 1971 1300 2011 vero
1323 1957 1374 2010 in
1409 1957 1602 2026 quibus
1631 1972 1692 2012 ca
1727 1958 1976 2028 leguntur
2000 1975 2133 2030 apo-

547 2047 786 2116 cryphos
835 2053 1166 2100 assererem.
1225 2045 1269 2100 Ο
1314 2047 1495 2116 iniqua
1545 2047 1790 2102 licentia!
1843 2049 1988 2116 Quos
2026 2049 2132 2105 Ec-

549 2137 716 2192 clesia
767 2123 860 2192 Dei
909 2139 959 2190 in
1004 2137 1418 2192 :cdilicationem
1463 2139 1547 2193 sui
1579 2153 1676 2209 per
1723 2149 1893 2194 totum
1942 2141 2131 2196 orbem

549 2229 716 2282 tantis
760 2227 1092 2296 temporibus
1146 2229 1248 2283 sub
1312 2231 1476 2284 tantis
1531 2229 1847 2286 doctoribus
1901 2231 2030 2303 leg't
2080 2240 2134 2285 et

547 2317 808 2387 legendos
838 2320 1078 2383 tradidit,
1123 2321 1226 2375 hoc
1251 2319 1464 2390 pauculi
1515 2321 1698 2376 minus
1727 2322 1868 2377 docti
1911 2331 1966 2377 et
2011 2323 2132 2376 aui-

545 2406 733 2473 males,
774 2408 919 2463 nullo
956 2409 1182 2463 rationis
1215 2409 1436 2474 intuitu,
1471 2411 1574 2464 nisi
1617 2421 1822 2467 tantum
1867 2415 1991 2484 quia
2025 2431 2130 2469 non

543 2499 761 2568 placent
803 2499 905 2564 eis,
936 2501 1279 2571 apocryplios
1325 2501 1529 2568 dicunt,
1559 2511 1614 2557 et
1666 2505 1758 2573 qui
1796 2519 2130 2575 paganorum

542 2589 784 2660 libenter
823 2591 1083 2645 historias
1127 2591 1548 2660 amplectuntur,
1593 2593 1932 2650 Christianas
1959 2597 2129 2652 histo-

541 2681 674 2748 rias,
728 2697 864 2751 quas
903 2691 1044 2738 totus
1071 2683 1421 2754 amplectitur
1451 2687 1700 2753 mundus,
1733 2701 1949 2742 cassare
1981 2687 2130 2742 labo-

541 2779 686 2826 rant.
739 2771 846 2826 Sed
893 2779 948 2828 et
993 2773 1096 2828 hoc
1129 2773 1244 2843 ipso
1287 2773 1433 2844 quod
1476 2775 1556 2831 eis
1600 2793 1706 2831 non
1745 2778 1942 2846 placet,
1988 2779 2130 2849 quod

540 2861 834 2917 universali
886 2863 1138 2920 Ecclesiae
1181 2865 1406 2934 placuit,
1449 2876 1504 2920 et
1547 2868 1822 2925 obstinate
1873 2880 2131 2942 respuunt

543 2953 689 3022 quod
733 2953 965 3008 libenter
994 2955 1082 3008 illa
1122 2955 1348 3025 recepit,
1394 2971 1500 3012 non
1530 2959 1785 3027 paciﬁcos
1813 2962 1930 3028 ejus
1967 2961 2126 3026 ﬁlios,

542 3042 638 3098 Sed
669 3042 918 3098 inimicos
947 3045 1265 3102 manifestos
1298 3061 1358 3102 se
1385 3049 1635 3117 probant.
1668 3049 2009 3120 Quapropter
2034 3051 2126 3122 qui

542 3145 604 3187 se
638 3132 780 3187 ﬁlios
835 3133 1092 3191 Ecclesia:
1125 3135 1207 3192 vel
1244 3137 1350 3192 dici
1387 3113 1728 3204 desideraui,
1787 3113 1956 3198 libros
1991 3113 2128 3214 quos
2157 3113 2202 3178 ο

539 3227 632 3280 iila
659 3227 873 3297 recipit.
907 3245 1014 3284 non
1063 3241 1339 3286 recusent.
1373 3231 1488 3299 Qua
1530 3235 1740 3290 ratione
1777 3236 1921 3290 enim
1951 3237 2126 3292 Vitam

539 3317 686 3372 bealt
753 3315 1003 3388 Gregorii
1071 3319 1294 3390 quilibet
1355 3321 1703 3378 Christianus
1763 3325 2126 3398 apocrypham

542 3409 710 3474 dicat,
749 3427 912 3481 quam
960 3421 1252 3470 atlcstante
1299 3413 1470 3469 Roma
1513 3418 1739 3483 editam,
1770 3429 1849 3474 tot
1899 3421 2126 3476 sanctis-

537 3504 687 3570 simi,
717 3503 1132 3576 doctissimiquc
1179 3508 1408 3563 Romani
1439 3511 1725 3580 pontiﬁces
1773 3513 1924 3567 nullo
1950 3513 2127 3570 disso-

544 3606 732 3662 nante,
765 3597 1031 3652 hactenus
1059 3601 1447 3668 probaverunt,
1499 3617 1796 3672 eorumque
1833 3605 2128 3660 auctorita-

545 3693 656 3742 tem
687 3695 886 3741 secutae
923 3697 1002 3742 tot
1047 3688 1323 3755 Ecclesim,
1365 3701 1562 3746 (lilil'lo
1593 3693 1788 3764 populo
1815 3694 2127 3752 Christiano

535 3787 892 3843 consonante,
921 3795 1062 3835 nunc
1089 3795 1258 3851 usque
1281 3787 1676 3853 susceperunt?
1702 3786 1755 3839 lu
1773 3789 1961 3842 eadem
1994 3805 2125 3844 sane

537 3868 660 3922 Vita
691 3870 951 3939 scriptum
987 3873 1239 3940 estquod
1269 3875 1616 3931 beatissimus
1645 3879 1783 3930 idem
1818 3896 1950 3949 papa
1993 3879 2126 3936 Gre-

537 3963 744 4030 gorius,
791 3976 1060 4033 pnesentc
1094 3967 1289 4036 pepulo
1329 3967 1598 4036 Romano,
1638 3973 1849 4026 cuidam
1884 3975 2129 4030 matrifa-—

539 4052 742 4118 milias,
771 4069 894 4110 cum
925 4059 1391 4114 communicatum
1429 4059 1660 4126 risisset,
1689 4063 1956 4119 Dominici
1998 4081 2124 4121 cor-

535 4141 685 4212 poris
701 4145 1014 4213 portionem
1047 4149 1409 4216 subtraxerit,
1437 4167 1598 4221 quam
1626 4153 1677 4208 in
1704 4169 1797 4207 ara
1829 4157 2122 4226 repositam

533 4237 808 4291 communi
839 4253 962 4293 mox
991 4255 1152 4309 prece
1179 4241 1246 4296 ad
1281 4243 1446 4298 Deum
1479 4243 1619 4312 fusa,
1644 4247 1713 4304 ad
1751 4247 2122 4303 instruendam

533 4326 602 4380 de
635 4329 863 4385 veritate
911 4331 1207 4389 Dominica:
1255 4338 1440 4391 carnis
1484 4348 1768 4406 matronae,
1820 4359 1914 4398 seu
1957 4345 2120 4397 etiam

2235 1877 2440 1932 similes
2487 1891 2595 1930 non
2636 1889 2856 1929 novere.
2907 1873 3012 1930 Sed
3049 1873 3178 1945 quid
3226 1875 3446 1938 mirum,
3495 1867 3556 1929 si'
3593 1877 3814 1929 Patrum

2235 1967 2490 2022 hiStorias
2511 1965 2867 2034 Bcrengarius
2886 1973 2940 2019 et
2959 1965 3040 2020 sui
3065 1965 3368 2034 deSpiciunt
3412 1966 3500 2034 qni
3529 1965 3822 2035 Evangelia

2233 2060 2398 2116 Etiam
2461 2058 2885 2122 contradicunt,
2949 2057 3192 2111 dicentes
3254 2057 3562 2110 nullatenus
3621 2057 3824 2110 urbem

2233 2153 2382 2209 credi
2413 2154 2554 2223 quod
2593 2153 2664 2208 ibi
2701 2153 2902 2222 legitur
2927 2153 3163 2207 intrasse
3192 2152 3258 2206 ad
3298 2153 3594 2222 discipulos
3637 2152 3818 2206 Domi-

2235 2263 2362 2300 nttm
2411 2245 2595 2301 Iesum
2643 2245 2829 2315 januis
2885 2245 3082 2298 clausis
3137 2243 3328 2314 (Joan.
3382 2243 3513 2313 xx).
3575 2243 3658 2299 Ad
3717 2246 3820 2300 hoc

2235 2337 2416 2392 tamen
2463 2337 2580 2391 base
2625 2352 2881 2391 narrasse
2929 2353 3014 2391 me
3056 2347 3246 2392 contra
3279 2349 3376 2390 eos
3404 2336 3645 2406 prolicit,
3692 2337 3822 2406 quia

2233 2431 2494 2502 quidquid
2541 2429 2782 2484 exterius
2829 2431 3089 2500 garriant,
3120 2429 3454 2484 conscientia
3487 2435 3680 2484 tamen
3725 2445 3820 2484 eoo

2233 2537 2353 2576 rum
2394 2522 2462 2576 ad
2503 2521 2734 2590 seipsam
2783 2522 2999 2576 rediens
3054 2523 3364 2576 concutitur
3409 2531 3466 2576 et
3506 2525 3820 2577 marcescit.

2235 2611 2480 2681 Dumque
2501 2613 2829 2668 attendimus
2859 2627 3020 2682 quam
3047 2610 3415 2669 favorabiliter
3447 2613 3646 2684 ubique
3671 2623 3822 2668 tanto

2237 2714 2477 2776 tempore
2517 2706 2749 2760 mundus
2777 2706 2877 2759 ista
2905 2706 3228 2776 susceperit,
3270 2721 3391 2774 qua:
3427 2706 3594 2761 fuerit
3631 2709 3822 2762 hactea

2234 2809 2334 2849 nus
2371 2795 2638 2850 catholica
2689 2795 2824 2851 lides
2862 2795 2927 2850 de
2965 2811 3191 2866 corpore
3229 2795 3438 2849 Domini
3489 2797 3664 2851 latere
3709 2813 3818 2850 non

2233 2896 2432 2958 potest.
2481 2887 2638 2942 Tanti
2669 2887 2868 2958 quippe
2892 2895 3149 2958 temporis
3179 2903 3388 2943 summe
3431 2887 3574 2943 docti
3615 2890 3824 2942 sancti-

2233 2991 2337 3046 que
2374 2978 2682 3048 pontiﬁces,
2711 2978 2908 3032 eruditi
2946 2977 3290 3048 religiosique
3331 2979 3579 3043 abbates,
3625 2995 3824 3032 mona-

2233 3067 2341 3132 chi,
2373 3067 2587 3132 clerici,
2619 3067 3010 3138 universusque
3043 3069 3274 3138 populus
3321 3067 3434 3134 Dei,
3463 3072 3505 3124 si
3538 3073 3819 3125 contraria

2235 3167 2396 3212 recta:
2444 3157 2570 3213 ﬁdei
2605 3158 2706 3212 ista
2745 3167 3135 3230 cognoverant,
3173 3173 3342 3229 quare
3383 3173 3488 3213 non
3527 3159 3824 3213 damnare-

2231 3249 2394 3302 runt?
2418 3248 2598 3315 Quare
2629 3265 2734 3303 non
2776 3250 3196 3305 destruxerunt?
3221 3249 3402 3316 Quare
3449 3251 3534 3306 vel
3571 3251 3674 3321 legi
3711 3263 3826 3306 non

2230 3343 2851 3412 prohibuerunt?Atqui
2901 3343 3002 3414 ipsi
3052 3359 3116 3398 ea
3155 3343 3424 3412 legerunt,
3472 3343 3571 3412 ipsi
3613 3343 3822 3400 (Ιίιυιὼ

2231 3445 2399 3502 rttnt,
2449 3436 2548 3504 ipsi
2611 3437 2679 3490 ob
2733 3435 3144 3490 :ediﬁcationem
3199 3436 3318 3491 ﬁdei
3367 3437 3594 3507 legenda
3645 3453 3824 3507 usque

2229 3525 2388 3582 hodie
2412 3527 2767 3581 tradiderunt.
2796 3527 2998 3582 Omnes
3026 3527 3228 3594 favere,
3263 3543 3424 3583 nemo
3451 3530 3670 3584 auditus
3708 3539 3819 3594 est,

2229 3633 2390 3672 uento
2413 3618 2582 3672 lectus
2608 3627 2692 3672 est
2731 3619 3053 3689 refragatus.
3083 3618 3197 3673 Non
3233 3619 3396 3689 igitur
3431 3631 3626 3675 contra
3652 3623 3816 3675 ﬁdem

2227 3719 2433 3766 rectam
2479 3723 2602 3766 esse
2658 3711 2985 3766 sentiebant.
3030 3711 3287 3767 Eamdem
3317 3713 3483 3784 igitur
3529 3714 3692 3767 ﬁdem
3753 3719 3822 3770 ce

2227 3813 2458 3870 corpore
2512 3801 2734 3855 Domini
2782 3815 2974 3856 omnes
3029 3801 3303 3857 tenebant.
3351 3803 3460 3856 Aut
3519 3818 3648 3874 ergo
3697 3804 3820 3858 istis

2227 3893 2481 3947 omnibus
2517 3894 2802 3949 umbratici
2841 3895 3013 3948 nostri
3044 3897 3278 3951 correcti
3309 3899 3678 3964 consentiant,
3723 3907 3822 3952 aut

2229 3984 2362 4040 istos
2383 3997 2573 4041 omnes
2601 3993 2790 4041 contra
2822 4001 2879 4041 se
2901 3995 3068 4042 testes
3095 3987 3502 4059 irrefragabiles
3521 3989 3822 4044 damnandi

2229 4079 2584 4148 persentiant.
2621 4079 2965 4150 Quapropter
2993 4080 3197 4134 nullum
3229 4079 3459 4151 amplius
3487 4081 3700 4137 habens
3733 4096 3824 4135 ra-

2229 4169 2392 4224 tionis
2442 4170 2786 4240 coufugium,
2848 4179 3105 4242 tantaque
3150 4171 3293 4226 nube
3349 4172 3570 4226 testium
3625 4185 3824 4240 presso

2227 4273 2418 4314 eorum
2449 4260 2705 4322 stultitia.
2745 4263 2963 4334 penitus
2985 4261 3343 4317 obmutescal.
3377 4263 3696 4329 Claudatur,
3737 4263 3824 4317 in-

2226 4363 2421 4418 quam,
2471 4350 2689 4404 silentio
2735 4353 3122 4421 perpetualiter
3169 4353 3474 4407 umbratica
3521 4353 3820 4422 impietas,

533 4421 714 4514 populi
761 4422 946 4490 ﬁdem,
997 4441 1182 4480 coram
1229 4430 1374 4483 omni
1429 4431 1626 4501 populo
1667 4433 1721 4488 in
1763 4437 1942 4505 Specie
1983 4453 2121 4492 vera:
2151 4453 2200 4514 ι)
2227 4441 2314 4495 tibi
2351 4451 2425 4496 tot
2465 4442 2748 4512 przecipuis
2777 4445 3024 4509 testibus,
3072 4453 3182 4499 tam
3221 4444 3368 4499 clara
3413 4459 3544 4498 voce
3582 4421 3820 4500 concia-

533 4511 742 4576 carnis,
773 4514 928 4584 quasi
963 4515 1118 4586 digiti
1163 4519 1486 4576 auricularis
1517 4525 1836 4580 ostenderit.
1879 4525 2124 4596 Cutnque

535 4603 750 4670 mulier,
777 4605 890 4675 jam
919 4605 1152 4674 ﬁdelior,
1183 4621 1404 4680 propter
1441 4613 1724 4669 horrorem
1769 4617 1951 4670 carnis
1976 4634 2124 4672 coui-

537 4693 816 4748 municare
863 4695 1183 4766 trepidaret,
1217 4701 1428 4755 cutictis
1479 4702 1674 4758 iterum
1709 4703 1920 4760 Domini
1965 4707 2125 4761 mise-

537 4782 829 4840 ricordiam
875 4801 975 4856 pro
1029 4789 1116 4842 illa
1153 4791 1470 4863 Sltppiicilet‘
1499 4794 1938 4865 implorantibus,
1977 4814 2124 4852 eam-

535 4873 661 4927 dem
709 4876 756 4930 ci
801 4879 1122 4949 particulaut
1167 4898 1306 4954 papa
1355 4885 1408 4940 in
1451 4895 1708 4942 consueta
1753 4889 1908 4958 panis
1945 4891 2124 4959 specie

539 4967 885 5032 reporrcxcri
896 4975 934 5020 t.

609 5053 742 5107 Illud
797 5058 962 5112 etiam
1015 5059 1334 5118 miraculum
1393 5067 1538 5134 quod
1597 5067 1647 5121 in
1711 5067 1846 5124 Vitis
1899 5069 2122 5126 Patrum

537 5145 755 5217 legitur,
787 5145 912 5202 licet
947 5149 1309 5218 Berengarins
1336 5159 1535 5218 oderit.
1566 5161 1692 5218 quia
1733 5175 1910 5218 tamen
1941 5174 2123 5218 omln-

2229 4533 2503 4589 mantibns
2534 4535 2798 4589 catholica
2829 4545 2980 4606 patet
3013 4537 3234 4592 veritas.
3280 4535 3412 4602 Quis
3439 4535 3584 4590 enim
3625 4537 3820 4607 hujus-

2227 4626 2370 4682 modi
2403 4627 2755 4682 stultissimos
2791 4629 2948 4698 plane
2987 4641 3043 4684 ct
3065 4629 3416 4699 impiissimos
3439 4628 3624 4683 dicere
3651 4629 3822 4682 (lubi-

2230 4723 2324 4778 tet.
2355 4716 2446 4786 qui
2479 4733 2583 4771 non
2623 4729 2918 4773 vereantur
2951 4719 3264 4789 Scripturas
3301 4733 3486 4774 sacras
3515 4719 3584 4773 ad
3620 4729 3824 4773 nutum

2227 4823 2382 4862 suum
2429 4809 2568 4863 male
2616 4810 3027 4880 interpretando
3057 4825 3426 4881 corrumpere,
3466 4811 3824 4865 venerabiles

2227 4911 2390 4968 atque
2435 4901 2836 4956 eruditissimos
2876 4911 2955 4957 tot
2983 4915 3235 4958 auctores
3277 4902 3432 4956 nihili
3459 4905 3718 4972 pendere,
3759 4903 3822 4956 in

2225 5004 2288 5043 ea
2345 5005 2404 5044 re
2459 5005 2602 5045 nunc
2662 4993 2988 5048 conturbare
3037 4995 3358 5060 Ecclesiam,
3415 5011 3472 5051 tn
3521 5009 3626 5064 qua
3685 5009 3820 5048 cum

2225 5081 2443 5136 Ariauis
2501 5083 2912 5139 immanissimis
2967 5087 3216 5141 hostibus
3261 5086 3375 5141 suis
3421 5087 3666 5141 noscitur
3709 5086 3824 5140 ha-

2227 5171 2407 5218 Iutiser
2461 5187 2649 5218 τιειῡρηι
2718 5185 2770 5218 Pl
2817 5175 2870 5218 in
2922 5191 3030 5218 mm
3068 5177 3179 5218 inea
3227 5191 3325 5218 nar
3372 5191 3433 5218 ne
3483 5175 3670 5218 Hilarii
3721 5177 3816 5218 cui
