4006 5282
219 280 346 336 “Si

834 280 922 335 DE
952 279 1292 338 CORPORIS
1322 281 1408 337 ET
1450 280 1650 337 SANG.
1697 281 1928 339 DOMINI
1954 280 2132 336 LIBRI
2163 280 2364 337 TRES.
2397 313 2463 322 —-
2517 283 2642 338 LIB.
2685 284 2766 339 ΙΙΙ.

3339 290 3360 343 1
3383 290 3478 347 ιω

215 391 574 449 substantiam
612 392 859 462 corporis
884 390 1086 446 Christi
1119 393 1244 448 cibo
1275 392 1453 447 inesse
1482 393 1786 457 [iuminico,
1818 397 1863 452 Α
1891 409 1996 448 non
2044 395 2249 462 placet,
2306 404 2364 449 ut
2418 410 2616 465 corpus
2677 412 2832 452 suum
2894 399 3011 453 sine
3071 400 3252 472 aliquo
3311 403 3479 472 ipsius

212 500 400 556 panem
429 493 615 545 tamen,
667 493 725 538 et
776 484 959 538 vinum
1009 500 1107 554 per
1159 487 1322 540 verba
1374 484 1676 541 Salvatoris
1734 488 1786 540 in

209 591 425 632 carnem
450 574 569 641 ejus
591 584 644 630 et
670 577 988 646 sanguinem
1027 579 1162 632 verti
1195 585 1535 647 nequaquam
1565 578 1789 634 creden-

213 679 310 731 tes,
350 668 445 722 sed
486 666 761 722 Christum
791 669 912 736 pani
941 679 996 723 ct
1023 671 1148 726 vino
1185 671 1621 734 commiscentes,
1670 681 1789 725 tan-

207 775 368 831 quam
410 760 679 814 subtiliori
718 762 930 816 ratione
963 762 1210 817 hzeresim
1261 763 1486 817 alteram
1531 764 1788 818 condide-

211 863 354 908 runt.
419 853 572 920 Quos
629 854 846 924 quidem
892 853 1026 909 alios
1075 856 1196 910 dico
1241 857 1395 924 quasi
1445 856 1552 912 alio
1599 871 1787 912 errore

207 948 456 1002 detentus
487 963 500 1000 :
535 962 659 1002 nam
693 947 830 1001 alias
861 948 1002 1002 idem
1043 958 1193 1003 sunt.
1228 948 1361 1003 Nam
1405 950 1640 1018 primum
1668 951 1788 1019 qui-

212 1039 332 1093 dem
374 1039 514 1108 apud
549 1055 686 1108 quos
729 1049 992 1110 possunt,
1030 1052 1509 1111 quantumcunque
1536 1054 1785 1112 possunt,

206 1133 337 1187 nihil
362 1131 438 1187 de
465 1147 694 1200 corpore
720 1143 776 1187 et
816 1133 1082 1202 sanguine
1111 1133 1324 1188 Domini
1352 1135 1787 1189 substantialiter

206 1226 561 1280 sacramentis
606 1225 786 1280 inesse
833 1225 1193 1289 contendunt,
1245 1227 1340 1280 sed
1375 1225 1498 1279 inde
1529 1227 1611 1293 (nt
1649 1227 1784 1280 dixi-

207 1314 349 1384 mus)
379 1315 538 1386 pulsi,
565 1314 856 1386 confugere
885 1316 1092 1370 malunt
1134 1316 1203 1368 ad
1249 1316 1393 1371 hanc
1425 1316 1782 1385 impietatem,

201 1421 363 1474 quam
393 1405 660 1459 sinceram
695 1415 883 1460 tenere
911 1420 1034 1460 cum
1067 1405 1190 1459 aliis
1221 1406 1534 1461 hominibus
1568 1407 1786 1460 humili-

203 1509 287 1553 ter
342 1499 650 1554 veritatem.
705 1499 873 1568 Cujus
922 1499 1157 1553 vesania:
1212 1513 1436 1553 causam
1506 1499 1788 1569 proferunt

202 1591 341 1644 hanc
375 1607 388 1643 :
427 1589 494 1644 Ut
536 1604 634 1658 per
692 1605 886 1659 panem
946 1599 1001 1645 et
1058 1591 1268 1655 vinum,
1334 1591 1604 1660 inquiunt,
1660 1607 1788 1645 caro

200 1681 401 1735 Christi
434 1681 644 1736 comedi
672 1690 725 1735 et
750 1684 973 1752 sanguis
993 1683 1169 1751 putari
1203 1683 1394 1754 possit.
1438 1681 1545 1737 Sed
1571 1691 1629 1735 ut
1657 1682 1785 1751 quid

1896 486 2236 541 incommodo
2269 489 2562 552 dividatur,
2595 490 2841 558 exemplo
2866 490 3013 546 vocis
3039 500 3094 546 et
3121 494 3335 560 animae,
3360 511 3479 564 qu:e

1894 587 2020 633 totae
2051 580 2103 632 in
2152 579 2384 634 diversis
2414 581 2545 636 locis
2573 596 2696 638 esse
2739 584 3010 654 possunt.)
3059 586 3113 641 in
3143 589 3478 644 comedenda

1892 671 2207 740 negavimus
2232 673 2425 738 minui,
2461 673 2588 728 licet
2613 675 2862 730 altissimi
2894 692 3054 733 causa
3085 680 3347 750 mysterii,
3371 697 3480 752 quo

1892 771 1948 814 et
1977 762 2282 818 inﬁdelibus
2315 774 2464 818 tanta
2491 782 2578 820 res
2609 767 2958 824 clauderetur
2990 779 3045 826 et
3075 770 3324 828 ﬁdelibus
3347 774 3479 830 utile

1889 859 2212 913 exercitium
2247 859 2575 930 praebeatur,
2605 862 2655 916 id
2682 862 2929 918 videatur
2956 864 3095 920 ﬁeri.
3127 865 3190 919 Et
3220 867 3362 921 sicut
3390 867 3480 923 isti

1891 964 2090 1020 negare
2137 961 2432 1021 nequeunt,
2479 969 2600 1009 cum
2642 971 2750 1010 uno
2805 965 3050 1027 tempore
3107 959 3252 1014 mille
3301 961 3480 1016 missa:

1890 1037 2024 1092 locis
2053 1040 2443 1097 diversissimis
2485 1043 2849 1112 celebrentur,
2889 1057 2946 1102 ct
2980 1057 3204 1119 prepter
3229 1051 3477 1107 diversos

1891 1128 2039 1183 locos
2087 1144 2284 1198 corpus
2327 1132 2668 1188 Dominicnm
2712 1135 2882 1190 videri
2916 1137 3089 1206 "Quasi
3139 1140 3396 1204 divisum,
3425 1150 3483 1195 et

1894 1225 2073 1271 tamen
2105 1218 2414 1275 nullatenus
2444 1237 2564 1276 esse
2593 1223 2846 1290 divisum,
2876 1241 3000 1281 nam
3024 1243 3148 1283 cum
3172 1230 3224 1284 in
3253 1230 3480 1300 singulis

1891 1309 2069 1363 missis
2100 1319 2268 1364 totum
2298 1312 2389 1377 sit,
2421 1313 2534 1382 jam
2569 1328 2674 1368 non
2707 1330 2828 1370 esse
2851 1333 3052 1383 unum;
3083 1334 3253 1389 quare
3283 1321 3477 1377 simili-

1891 1408 1975 1453 ter
2001 1403 2300 1456 concedere
2334 1419 2437 1457 non
2470 1416 2717 1474 possunt,
2747 1407 2877 1462 illud
2912 1411 2964 1464 in
2995 1426 3102 1465 uno
3129 1427 3224 1467 ore
3256 1424 3483 1484 propter

1889 1493 2208 1546 exercitium
2244 1494 2388 1559 ﬁdei,
2433 1505 2489 1550 et
2535 1499 2690 1566 quasi
2741 1501 2972 1556 divisum
3023 1504 3232 1568 sentiri,
3273 1507 3478 1564 nullam

1891 1595 2070 1640 tamen
2115 1587 2436 1642 divisionem
2469 1591 2618 1668 pati?
2640 1591 2947 1650 Vanissime
2977 1612 3104 1668 ergo
3130 1600 3281 1655 nel‘as
3309 1601 3476 1666 istud,

1889 1678 2210 1733 attrectandi
2261 1679 2470 1734 scilicet
2497 1665 2772 1750 dentibus,
2816 1686 2900 1740 vel
2949 1665 3226 1744 minuendi
3276 1705 3478 1761 corpus

199 1772 339 1826 hanc
383 1773 650 1826 causam?
693 1773 874 1839 Quare
925 1775 1072 1828 enim
1123 1789 1222 1843 per
1268 1789 1327 1829 se
1376 1775 1495 1828 sine
1543 1773 1786 1842 corporis
1821 1779 1862 1835 Β
1894 1766 2104 1822 Domini
2149 1778 2423 1835 metuunt,
2453 1787 2576 1826 cum
2608 1781 2662 1828 et
2690 1775 2866 1844 ipsum
2897 1792 3094 1846 corpus
3125 1781 3193 1835 sit
3224 1789 3484 1837 attrecta-

196 1863 423 1917 alterius
462 1862 774 1931 adiumento
813 1880 942 1918 caro
976 1865 1188 1920 Domini
1227 1881 1334 1921 non
1375 1864 1780 1934 possiteomedi

198 1964 252 2009 et
310 1955 536 2024 sanguis
590 1957 807 2025 putari?
857 1955 912 2010 Si
963 1957 1109 2011 enim
1155 1959 1339 2012 carnis
1395 1968 1450 2012 et
1505 1957 1785 2028 sanguinis

201 2045 488 2098 horrorem
537 2055 806 2111 metuunt,
837 2063 935 2102 cur
969 2063 1076 2102 non
1120 2048 1323 2105 sulfcit
1356 2049 1609 2104 Ecclesiae
1644 2050 1785 2104 ratio

194 2148 291 2202 per
339 2143 593 2188 sanctum
643 2136 989 2192 Ambrosium
1027 2138 1083 2192 in
1126 2139 1264 2193 libre
1312 2139 1390 2194 De
1427 2139 1785 2194 sacramentis

192 2227 528 2294 generaliter
555 2230 965 2298 respondentis;
1003 2246 1180 2286 rerum
1212 2233 1430 2302 quidem
1453 2233 1784 2289 substantias

193 2318 418 2380 mutari,
476 2319 568 2372 sed
610 2329 833 2389 propter
880 2322 1187 2386 horrorem,
1227 2323 1465 2394 priorem
1509 2309 1781 2394 saporem,

194 2411 548 2480 coloremque
579 2423 634 2466 et
655 2423 854 2468 cretera
880 2418 1128 2484 quaedam
1159 2417 1462 2472 accidentia
1497 2420 1564 2473 ad
1588 2433 1784 2473 sensus

191 2503 464 2558 duntaxat
508 2508 834 2574 pertinentia
881 2510 1146 2563 retineri?
1197 2510 1252 2564 Si
1287 2527 1415 2565 vero
1457 2511 1785 2580 respondent

193 2596 244 2648 id
277 2611 384 2649 non
419 2611 582 2666 posse
613 2598 730 2653 ﬁeri
760 2608 817 2653 ut
849 2600 901 2654 in
942 2601 1048 2656 alio
1079 2602 1328 2657 videlicet
1369 2618 1597 2673 corpore
1635 2601 1785 2658 color

188 2697 243 2740 et
271 2703 443 2758 sapor
475 2689 614 2744 alius
637 2694 882 2760 corporis
917 2701 1189 2758 teneatur,
1219 2695 1459 2749 divinam
1499 2711 1784 2765 possumus

186 2779 266 2832 eis
304 2780 554 2836 breviter
593 2783 871 2853 objectare
901 2786 1222 2853 potentiam.
1253 2787 1349 2842 Cui
1380 2789 1424 2842 si
1454 2789 1780 2852 concedunt,

186 2872 350 2925 linem
386 2872 596 2926 faciant
639 2875 947 2944 quaestioni.
1003 2877 1096 2932 Sin
1145 2889 1326 2935 autem
1368 2879 1655 2952 derogant,
1689 2897 1783 2935 au-

184 2968 340 3021 diant
374 2969 650 3038 scriptum
682 2987 696 3024 :
731 2971 871 3037 Quia
911 2976 1088 3028 omnia
1124 2991 1447 3046 quiscunque
1486 2977 1646 3030 voluit
1674 2977 1782 3031 Do-

181 3060 381 3121 minus,
435 3059 562 3127 fecit
609 3061 663 3113 in
717 3061 844 3115 (:on
887 3073 936 3116 et
985 3065 1039 3116 in
1079 3073 1218 3117 terra
1271 3063 1443 3134 (Psal.
1503 3068 1683 3135 cxtn),
1728 3078 1781 3122 et
1817 3126 1854 3142 Α

1889 1859 2026 1923 bile;
2068 1869 2123 1915 ct
2143 1861 2186 1916 si
2204 1861 2318 1928 jam
2343 1863 2460 1917 sine
2481 1864 2562 1918 sui
2592 1865 2934 1922 incommodo
2955 1869 3122 1924 dividi
3151 1888 3256 1926 non
3279 1882 3480 1942 potest,

1888 1951 2060 2005 videri
2097 1952 2251 2021 quasi
2297 1953 2622 2010 diminutum
2656 1957 2712 2010 in
2763 1956 2868 2012 ἰςιο
2894 1970 3242 2016 sacramento
3281 1964 3479 2033 possit,

1885 2057 2008 2096 cum
2056 2054 2276 2098 maneat
2327 2044 2674 2102 indivisibile.
2724 2047 3070 2120 QuaprOpter
3112 2066 3236 2105 cum
3278 2062 3332 2108 et
3361 2053 3479 2107 ista:

1886 2146 2063 2186 causae
2105 2132 2238 2189 nihil
2284 2133 2522 2200 valeant,
2582 2152 2682 2191 nec
2735 2139 2870 2192 alias
2919 2140 3020 2209 ipsi
3067 2141 3316 2208 aﬁ'erant,
3358 2158 3482 2213 qua:

1889 2221 2101 2275 insania
2158 2231 2243 2277 est
2282 2233 2342 2277 ut
2370 2223 2672 2290 Christum,
2698 2235 2757 2280 ut
2781 2227 2852 2280 ita
2877 2228 3132 2294 dixerim,
3164 2244 3259 2285 sua
3291 2240 3480 2285 aucto-

1889 2313 2051 2367 ritate
2084 2313 2365 2384 impanent
2414 2325 2470 2370 et
2514 2315 2794 2372 invinent?
2839 2317 2906 2372 Et
2934 2319 3152 2388 quidem
3192 2318 3472 2374 Christuzn

1887 2400 2160 2456 incarnari
2211 2403 2462 2458 humana:
2518 2404 2907 2475 redemptionis
2956 2408 3099 2463 ratio
3148 2409 3478 2478 exposcehat

1880 2491 2029 2560 quod
2060 2491 2301 2546 futurum
2347 2494 2624 2563 propheta:
2653 2496 3042 2566 praedixerunt,
3075 2497 3276 2552 factum
3314 2498 3476 2554 Chri-

1885 2592 2000 2634 stus
2022 2583 2279 2649 ostendit,
2317 2585 2544 2653 apostoli
2595 2586 3048 2655 praedicaverunt,
3081 2589 3317 2644 mundus
3357 2605 3478 2644 cre-

1885 2671 2043 2728 didit.
2073 2675 2141 2729 At
2166 2675 2433 2746 impauari
2461 2678 2544 2733 vel
2572 2678 2807 2734 invinari
2830 2678 3114 2736 Christum
3140 2682 3287 2736 nulla
3311 2683 3477 2753 (sicut

1886 2763 2244 2832 ostendimus)
2290 2767 2498 2834 expetit
2540 2768 2702 2832 ratio,
2747 2784 2850 2826 nec
2891 2772 3168 2840 prophetze
3211 2773 3478 2843 [mediae-

1887 2860 2032 2916 runt,
2063 2868 2161 2908 nec
2188 2854 2437 2910 Christus
2461 2858 2722 2922 ostendit,
2756 2873 2856 2914 nec
2881 2861 3108 2930 apostoli
3146 2863 3478 2932 praedicave-

1889 2953 2036 3007 runt,
2066 2959 2166 3000 nec
2196 2947 2451 3012 mundus,
2486 2949 2730 3017 exceptis
2757 2949 2854 3020 his
2882 2952 3224 3020 paucissimis
3261 2954 3480 3008 lucreti-

1887 3034 1988 3097 cis,
2022 3036 2272 3090 credidit.

183 3159 388 3202 caetera
433 3149 608 3203 multa
650 3166 772 3220 quze
794 3152 909 3220 jam
945 3154 997 3206 in
1046 3154 1313 3224 principio
1355 3153 1513 3223 hujus
1537 3157 1783 3224 opusculi

1963 3146 2116 3201 Unde
2153 3149 2315 3218 igitur
2341 3165 2436 3204 eos
2468 3152 2642 3206 malus
2665 3168 2821 3207 error
2841 3155 2942 3209 ista
2968 3158 3274 3224 persuasit?
3300 3157 3474 3212 Totus

180 3236 380 3292 contra
439 3239 807 3309 blaSpbemias
851 3243 1079 3296 istorum
1139 3245 1271 3298 satis
1327 3245 1651 3314 abundeque
1701 3262 1788 3301 re-

182 3331 538 3399 spondimus.
597 3331 666 3386 Ut
713 3343 894 3388 tamen
953 3343 1009 3388 et
1061 3336 1325 3406 exemplis
1384 3353 1471 3392 res
1548 3337 1785 3401 elareat‘,

180 3427 488 3498 dignentur
515 3431 800 3484 attendere
821 3430 966 3499 quod
997 3429 1065 3484 de
1094 3445 1287 3484 manna
1311 3431 1508 3503 legitur
1528 3433 1784 3501 quoniam

179 3518 250 3574 ad
299 3530 500 3573 nutum
537 3522 875 3576 comedentis
919 3523 1286 3592 quorumlibet
1332 3524 1385 3578 in
1429 3535 1496 3577 eo
1537 3523 1786 3578 ciborum

179 3610 455 3663 continuo
478 3625 644 3678 sapor
669 3611 992 3667 alternabat.
1026 3609 1283 3683 Ut’igitur
1303 3614 1515 3669 altioris
1542 3617 1786 3686 mystcrii

177 3713 408 3764 causas,
445 3699 729 3770 divinique
752 3705 967 3758 consilii
1018 3704 1423 3773 profundiorem
1463 3707 1786 3775 sapientiam

178 3788 342 3859 (Sep.
383 3791 489 3860 vl),
523 3791 576 3844 in
607 3802 870 3861 quantum
915 3795 1046 3849 mihi
1075 3796 1271 3867 exiguo
1301 3796 1445 3851 scire
1471 3797 1789 3852 conceditur

177 3883 410 3946 sileam,
459 3883 604 3938 sicut
637 3885 708 3940 ibi
741 3887 1125 3942 consulebatur
1155 3890 1435 3944 hominum
1486 3890 1786 3944 carnalium

178 3977 486 4047 voluptati,
521 3976 593 4029 ita
630 3986 686 4031 et
715 3978 803 4033 hic
832 3977 1132 4032 consulitur
1162 3980 1504 4034 inﬁrmorum
1544 3981 1786 4034 necessi-

181 4073 306 4137 tati,
338 4081 397 4126 et
427 4070 523 4140 qui
568 4079 696 4125 tunc
726 4071 1015 4125 nitiltorum
1043 4087 1330 4140 corporum
1353 4088 1546 4142 sapore
1581 4082 1788 4128 mutato

139 4195 143 4197 -
179 4163 519 4218 removebat
564 4161 862 4226 fastidium,
914 4177 1056 4216 nunc
1097 4163 1258 4216 unius
1301 4164 1546 4232 corporis
1594 4180 1789 4233 sapore

175 4265 428 4319 retento,
470 4253 612 4308 tollit
645 4255 949 4309 horrorem.
987 4255 1064 4308 De
1094 4254 1275 4308 colore
1302 4269 1518 4324 quoque
1549 4265 1604 4309 et
1628 4266 1789 4310 czete-

178 4350 257 4402 ris
288 4345 615 4416 hujusmodi
661 4345 1036 4400 accidentibus
1075 4359 1185 4398 non
1225 4355 1310 4399 est
1345 4345 1577 4400 diﬁicilis
1625 4347 1784 4408 ratio,

1891 3236 2126 3290 mundus
2175 3239 2440 3303 concinit,
2507 3241 2648 3295 sicut
2701 3243 2880 3297 anima
2938 3245 3222 3299 rationalis
3249 3254 3482 3301 et‘caro

1892 3341 2030 3380 unus
2081 3337 2164 3383 est
2217 3329 2412 3396 homo,
2469 3332 2541 3385 ita
2583 3334 2724 3388 Deus
2753 3345 2808 3389 et
2837 3336 2998 3390 homo
3028 3352 3167 3392 unus
3202 3347 3286 3392 est
3316 3339 3481 3393 Chri-

1892 3426 2030 3472 stus.
2064 3418 2233 3475 Nemo
2268 3421 2450 3478 dicere
2479 3423 2663 3487 audet,
2697 3426 2770 3478 ita
2799 3427 2942 3482 Deus
2979 3437 3034 3482 et
3063 3430 3245 3494 homo,
3283 3439 3337 3485 et
3385 3447 3483 3501 pa-

1891 3507 1976 3562 nis
2020 3518 2074 3562 et
2121 3509 2327 3573 vinum,
2379 3527 2517 3566 tutus
2545 3522 2630 3567 est
2656 3512 2928 3569 Christus.
2966 3515 3120 3573 Unde
3152 3519 3315 3589 igitur
3363 3519 3483 3575 istis

1891 3602 2007 3656 haec
2055 3617 2194 3657 nova
2250 3606 2634 3675 companatio?
2682 3607 2862 3673 Quare
2917 3610 2998 3664 vel
3037 3611 3327 3680 Apostolus
3376 3627 3486 3668 non

1891 3695 2088 3750 terruit
2133 3708 2258 3758 eos,
2313 3697 2500 3751 dicens
2537 3712 2552 3750 :
2592 3698 2652 3752 Si
2697 3700 2814 3767 quis
2857 3703 3244 3757 annuntiaverit
3294 3714 3485 3773 prtrter

1889 3801 2048 3853 quam
2075 3784 2216 3854 quod
2235 3788 2662 3842 anmmtiavimus
2693 3791 2854 3855 vobis,
2879 3792 3160 3847 anathema
3187 3795 3252 3847 sit
3276 3795 3296 3847 !
3336 3792 3483 3864 (Gal.

1891 3878 1954 3946 I.)
1982 3875 2262 3932 Christum
2294 3878 2438 3931 enim
2468 3879 2558 3933 isti
2592 3879 2925 3950 impanatum
2953 3891 3008 3937 et
3048 3884 3348 3940 invinatnm
3380 3903 3482 3941 an-

1893 3968 2176 4032 nuntiant,
2227 3968 2321 4022 sed
2387 3966 2693 4036 huiusmodi
2749 3971 3025 4028 Christum
3083 3977 3314 4046 apostoli
3376 3994 3486 4034 non

1891 4059 2371 4113 annuntiaverunt.
2405 4061 2704 4114 Anathema
2731 4062 3003 4131 igituristi
3039 4067 3334 4134 apossolica
3388 4085 3484 4123 au-

1891 4153 2147 4206 ctoritate
2174 4153 2478 4206 incurrunt.
2520 4152 2720 4208 Beatus
2748 4170 2880 4209 sane
2902 4156 3239 4218 Ambrosius.
3265 4159 3317 4212 in
3346 4161 3486 4215 libro

1894 4243 1970 4297 De
1997 4245 2356 4298 sacramentis
2384 4244 2484 4311 (De
2511 4248 2771 4315 mysteriis
2800 4247 3096 4315 initiandis,
3131 4266 3179 4305 c.
3213 4252 3269 4322 9)
3300 4253 3366 4308 de
3399 4254 3486 4308 his

1894 4335 2111 4402 copiose
2149 4334 2460 4398 disserens,
2501 4351 2606 4389 non
2637 4336 2688 4389 in
2747 4352 2886 4406 pane
2941 4349 2994 4394 et
3029 4340 3156 4394 vino
3194 4356 3393 4412 corpus
3433 4355 3487 4398 ct

173 4454 306 4491 cum
340 4439 467 4508 ipse
518 4435 776 4490 Dominus
822 4451 880 4490 se
927 4451 1023 4504 per
1049 4435 1538 4505 diam-5931833,”
1576 4437 1790 4506 species
1822 4460 1869 4518 υ
1894 4424 2212 4492 sanguinem
2245 4423 2453 4477 Domini
2479 4424 2678 4490 latere,
2733 4427 2826 4480 sed
2862 4441 3056 4496 panem
3105 4441 3158 4482 et
3202 4430 3388 4484 vinum
3431 4433 3487 4486 in

171 4531 480 4601 discipulis
525 4531 952 4592 demonstrasse,
991 4538 1043 4584 et
1086 4545 1230 4582 nunc
1259 4531 1342 4584 eis
1379 4529 1598 4584 solitum
1634 4531 1783 4584 colu-

172 4638 292 4678 rem
324 4620 673 4686 ostendisse,
707 4637 849 4674 nunc
882 4621 948 4674 ad
976 4621 1151 4675 instar
1180 4620 1315 4676 solis
1348 4629 1403 4676 et
1432 4622 1574 4676 nivis
1608 4632 1791 4676 trans-

171 4718 489 4786 ﬁguratum
550 4714 946 4783 resplenduisse
991 4713 1218 4784 (Matth.
1278 4714 1421 4776 xvu)
1455 4753 1469 4776 ,
1528 4731 1673 4769 nunc
1735 4731 1793 4769 se

166 4804 516 4860 exhibuisse
562 4811 821 4870 tanquam
856 4805 1202 4872 peregrinum
1239 4802 1390 4870 (Luc.
1428 4806 1600 4870 xxiv),
1651 4821 1794 4857 nunc

169 4895 526 4969 apparuisse
567 4894 711 4947 velut
742 4895 1092 4949 hortulanum
1122 4896 1305 4965 (Joan.
1346 4898 1462 4962 xx),
1500 4896 1794 4966 aliquando

167 4991 427 5062 speciem
459 4987 786 5043 exhibuisse
813 4989 1194 5055 ministrantis,
1230 4990 1522 5060 aliquando
1560 4992 1790 5047 formam

167 5082 428 5138 tenuisse
459 5077 735 5130 docentis.

244 5172 414 5242 Quod
472 5167 522 5223 si
573 5168 636 5220 ad
687 5169 804 5222 illas
852 5181 1051 5225 causas
1094 5169 1370 5239 refugiunt
1409 5185 1546 5238 quas
1595 5173 1648 5227 in
1700 5185 1795 5222 ore

936 5259 978 5282 Σ..
1029 5264 1277 5282 -.⁶ι.ι·--.
1327 5263 1440 5282 --ιο-

367 5265 381 5282 ι
414 5261 586 5282 -ι.-..ι.
629 5260 797 5282 -..ειη-ι
863 5260 978 5282 ηυξ..
1029 5264 1277 5282 -.⁶ι.ι·--.
1327 5263 1475 5282 --ιο--
1531 5265 1586 5282 ,⁸.
1640 5263 1765 5282 nl__:

1895 4531 2091 4583 corpus
2118 4523 2173 4568 et
2200 4515 2519 4585 sanguinem
2553 4517 2765 4570 Domini
2803 4521 3127 4574 commutari
3165 4523 3374 4586 docuit,
3411 4522 3488 4575 ita

1896 4609 2117 4663 dicens:
2151 4607 2206 4662 Si
2236 4609 2400 4679 igitur
2433 4619 2582 4664 tanta
2635 4610 2714 4664 vis
2763 4621 2847 4666 est
2889 4612 2944 4667 in
2991 4628 3244 4669 sermone
3276 4615 3491 4670 Domini

1895 4703 2019 4758 Jesu
2071 4713 2129 4756 ιιι
2185 4703 2486 4772 inciperent
2533 4719 2654 4758 esse
2709 4720 2829 4775 quae
2879 4721 2987 4760 non
3042 4715 3236 4770 erant,
3286 4717 3495 4779 quanto

1899 4795 2069 4866 magis
2097 4796 2442 4864 operatorins
2477 4805 2582 4861 est,
2617 4804 2676 4849 ut
2700 4797 2810 4849 sint
2837 4812 2962 4866 quze
2988 4805 3149 4855 erant
3180 4805 3236 4850 et
3264 4797 3318 4852 in
3350 4801 3500 4858 aliud

1895 4888 2336 4942 commutentur?
2365 4889 2534 4944 Audis
2563 4888 2727 4959 igitur
2751 4888 2877 4956 quia
2913 4907 2937 4942 ι
2977 4893 3030 4948 in
3058 4889 3208 4946 aliud
3243 4905 3503 4950 commu-

1900 4988 2103 5047 tantur.
2139 4997 2157 5029 ι
2197 4979 2261 5032 Et
2288 4979 2391 5032 hoc
2421 4980 2712 5052 diligenter
2741 4989 2893 5046 nota,
2926 4986 3058 5055 quia
3097 4996 3207 5036 non
3248 4981 3423 5055 dixit,
3450 4997 3514 5043 ut

1898 5071 2009 5125 sint
2037 5071 2179 5141 quod
2205 5080 2388 5137 erant,
2423 5074 2516 5128 sed
2548 5080 2607 5126 nt
2635 5085 2696 5124 ea
2729 5083 2851 5138 quae
2883 5086 3051 5132 erant
3100 5073 3325 5144 (inquit)
3380 5081 3516 5141 sint,

1901 5163 1998 5216 sed
2029 5161 2172 5214 aliud
2213 5176 2376 5229 quam
2427 5172 2602 5218 erant.
2638 5159 2793 5226 Quod
2841 5161 3069 5221 videtur
3114 5162 3344 5228 sentire,
3392 5182 3518 5222 cum

2220 5269 2237 5282 ι
2265 5261 2312 5282 nl
2349 5255 2401 5282 in
2433 5255 2576 5282 ..Ιῖ-..Ι
2609 5261 3028 5282 Λη-ηηιιιιηηι--..
3068 5267 3328 5282 ..-ηηιιῆιη
3361 5273 3519 5282 λ-----.

1901 5251 2170 5282 οιιιιῖιιηηίΙ
