4006 5282
558 261 694 321 1485

1616 268 1997 326 GUITMUNDI
2033 270 2452 328 AltCUlEPISC.
2491 269 2836 328 AVERSANI

3689 268 3824 322 “84

531 395 631 467 ‘ex
655 381 734 435 eis
761 389 1190 450 quac-erantnon
1219 396 1286 436 ex
1314 381 1515 437 nihilo?
1544 382 1718 438 Aliter
1744 386 1888 439 enim
1911 400 2128 456 compa-
2158 390 2205 448 Α
2235 387 2374 442 libus
2403 389 2790 452 sacramentis,
2842 387 2932 441 ubi
2983 386 3222 457 praecipit
3271 384 3474 449 virtus,
3508 382 3588 439 rei
3656 386 3826 438 servit

556 473 695 528 ratio
725 475 827 528 ista
851 483 996 529 recte
1022 473 1243 544 intelligi
1275 489 1384 530 non
1405 484 1602 545 potest.
1619 474 1750 543 Qua:
1771 478 1935 548 igitur
1953 485 2130 544 erant,

554 565 607 620 id
638 573 740 630 est,
789 564 942 634 panis
991 573 1046 618 et
1083 565 1267 619 vinum
1317 573 1472 630 sunt;
1533 567 1630 621 sed
1677 581 1785 621 non
1836 577 1964 622 sunt
1989 568 2132 636 quod

555 666 731 721 erant,
765 657 859 711 sed
889 657 941 710 in
972 654 1118 711 aliud
1144 667 1498 712 commutata.
1537 657 1606 712 Et
1626 657 1728 713 hoc
1757 667 1842 714 est
1861 660 2005 728 quod
2034 658 2130 722 ait,

554 758 614 805 ut
637 750 745 804 sint
769 763 887 818 qua:
914 758 1097 813 erant;
1137 759 1190 802 et
1222 749 1294 804 ita
1327 750 1457 817 sint,
1487 760 1546 805 ut
1584 766 1690 807 non
1715 751 1769 806 in
1792 765 1852 806 se
1880 751 2008 816 sint,
2039 750 2134 804 sed

555 841 612 906 in_
639 840 782 895 aliud
805 851 1227 896 commutantur.
1261 841 1416 896 Hunc
1441 856 1663 898 sensum
1695 841 1751 897 in
1782 841 1970 898 eodem
1993 841 2133 896 li-bro

554 933 696 986 idem
726 932 916 988 doctor
959 934 1301 1002 apertissime
1346 934 1608 997 ostendit,
1640 934 1827 989 dicens
1857 950 1870 986 :
1905 931 2134 999 Quantis

553 1025 718 1096 igitur
759 1026 962 1081 utimur
989 1027 1254 1098 exemplis
1301 1036 1359 1081 ut
1399 1027 1691 1097 probemus
1746 1040 1854 1081 non
1882 1026 1984 1081 hoc
2012 1039 2133 1080 esse

550 1119 694 1188 quod
732 1128 922 1173 natura
958 1117 1240 1182 formavit,
1271 1121 1367 1174 sed
1409 1118 1554 1189 quod
1592 1117 1894 1172 benedictio
1936 1131 2131 1172 conse-

553 1210 756 1278 cravit,
804 1209 1172 1279 maioremque
1213 1209 1318 1262 vim
1371 1223 1492 1264 esse
1527 1208 1922 1264 benedictionis
1966 1222 2130 1278 quam

554 1310 781 1364 natura},
811 1301 935 1370 quia
963 1301 1338 1356 benedictione
1367 1301 1529 1354 etiam
1562 1310 1757 1354 natura
1811 1301 1926 1370 ipsa
1955 1308 2132 1354 muta-

554 1401 658 1447 tur.
686 1392 743 1448 Si
779 1392 942 1461 igitur
972 1408 1079 1448 non
1134 1402 1260 1448 sunt
1297 1393 1442 1463 quod
1493 1401 1686 1448 natura
1710 1391 1987 1457 formavit,
2023 1407 2129 1446 non

550 1496 677 1541 sunt
703 1486 847 1556 quod
877 1495 1055 1552 erant,
1086 1485 1140 1540 id
1171 1495 1273 1551 est,
1310 1501 1414 1540 non
1452 1495 1579 1540 sunt
1602 1485 1757 1556 panis
1781 1495 1834 1540 et
1865 1485 2071 1539 vinum.
2104 1503 2123 1537 ι

552 1578 627 1633 Ex
661 1578 926 1648 superiori
952 1578 1116 1648 igitur
1143 1577 1410 1632 sententia
1434 1587 1489 1630 et
1507 1592 1574 1632 ex
1599 1577 1726 1642 ista,
1759 1576 1906 1631 clare
1943 1584 2127 1631 osten-

533 1657 696 1729 lditur
717 1674 842 1744 quia
865 1688 985 1743 qua:
1011 1681 1187 1738 erant,
1219 1682 1365 1736 sunt,
1407 1672 1458 1727 id
1507 1680 1612 1736 est,
1643 1686 1748 1726 non
1779 1672 1846 1726 de
1869 1670 2037 1725 nili-ilo
2069 1668 2128 1723 ﬁt

552 1764 642 1820 hic
664 1735 861 1835 corpus
881 1735 937 1820 et
957 1735 1183 1834 sanguis
1200 1735 1424 1827 Christi,
1454 1762 1549 1818 sed
1577 1735 1642 1817 de
1670 1761 1756 1816 his
1785 1777 1905 1831 quae
1949 1769 2128 1827 erant,
2160 1735 2206 1796 Β

550 1868 662 1909 non
700 1863 877 1910 tamen
909 1863 1037 1911 sunt
1080 1855 1135 1910 id
1178 1855 1322 1924 quod
1352 1864 1540 1918 erant,
1595 1855 1723 1926 quia
1771 1869 1877 1909 non
1910 1863 2038 1908 sunt
2079 1853 2132 1907 id

529 1935 697 2017 quod
720 1955 913 2001 natura
949 1945 1227 2012 formavit,
1257 1946 1308 2000 id
1341 1956 1444 2011 est,
1489 1963 1595 2002 non
1638 1956 1764 2002 sunt
1793 1946 1950 2017 panis
1971 1956 2027 2001 et
2047 1945 2131 2000 vi-

549 2056 704 2108 num,
741 2041 838 2096 sed
888 2041 941 2095 in
974 2041 1118 2096 aliud
1148 2052 1573 2107 commutantur,
1617 2052 1669 2097 et
1712 2052 1839 2098 sunt
1886 2043 1940 2097 id
1987 2044 2132 2114 quod

531 2135 862 2202 benedictio
892 2137 1255 2201 consecravit,
1292 2136 1344 2192 id
1399 2146 1504 2200 est,
1555 2153 1752 2207 corpus
1787 2147 1843 2193 et
1885 2140 2128 2214 sanguis,

550 2236 676 2303 quia
712 2233 1086 2289 benedictione
1117 2233 1214 2298 ait,
1240 2243 1430 2287 natura
1457 2233 1570 2303 ipsa
1601 2242 1858 2288 mutatur.

621 2329 690 2384 Et
713 2329 890 2385 adhuc
925 2331 1143 2384 attende
1163 2329 1437 2384 doctorem
1461 2330 1715 2386 veritatis
1742 2330 2130 2403 (Auan.,ibid).

532 2419 707 2486 Quod
723 2420 770 2474 si
787 2428 1017 2484 tantum,
1052 2420 1247 2489 inquit,
1272 2420 1441 2474 valuit
1463 2435 1642 2476 sermo
1658 2421 1786 2476 Eliae
1801 2432 1858 2476 ut
1872 2423 2048 2492 ignem
2067 2422 2134 2478 de

555 2510 695 2568 caelo
724 2511 1020 2581 deponeret
1048 2510 1168 2581 (111
1199 2510 1327 2582 Reg.
1360 2511 1539 2580 xvut),
1574 2525 1679 2565 non
1704 2512 1904 2567 valebit
1932 2512 2131 2568 Christi

550 2618 755 2668 sermo,
787 2610 849 2658 ut
893 2601 1103 2671 species
1152 2610 1325 2657 mutet
1369 2601 1802 2656 elementorum?
1847 2602 1923 2658 De
1969 2603 2134 2658 totius

549 2693 736 2748 mundi
767 2693 1022 2762 operibus
1042 2690 1222 2762 legisti
1255 2709 1268 2744 :
1301 2691 1438 2756 Quia
1469 2692 1578 2760 ipse
1600 2692 1733 2745 dixit
1755 2701 1803 2745 et
1834 2693 1974 2761 facta
1991 2702 2131 2760 sunt,

548 2787 658 2855 ipse
699 2783 966 2838 mandavit
998 2793 1044 2838 et
1067 2792 1244 2836 creata
1265 2793 1384 2836 sunt
1409 2780 1582 2853 (l’sal.
1609 2782 1762 2854 χιιι).
1793 2782 1988 2839 Sermo
2005 2799 2135 2854 ergo

550 2875 753 2929 Christi
785 2874 876 2942 qui
904 2874 1078 2943 potuit
1104 2887 1174 2928 ex
1209 2873 1379 2928 nihilo
1413 2873 1592 2928 facere
1634 2875 1777 2943 quod
1829 2890 1933 2928 non
1979 2884 2132 2942 erat,

551 2979 660 3019 non
687 2972 946 3033 potestea
971 2978 1092 3031 qua:
1114 2963 1310 3016 suntin
1336 2962 1388 3017 id
1418 2974 1627 3018 mutare
1648 2967 1792 3034 quod
1818 2983 1922 3020 nou
1945 2968 2136 3021 erant?

2235 479 2478 535 eﬁ'ectus.
2517 481 2664 534 Etut
2691 481 2762 534 ibi
2789 495 2985 535 novum
3009 489 3064 534 et
3089 477 3423 548 impossibile
3462 493 3570 532 non
3623 476 3824 532 debeat

2237 570 2406 626 videri
2438 571 2580 640 quod
2629 572 2683 625 in
2713 571 2915 626 Christi
2945 569 3301 625 substantiam
3335 579 3550 623 terrena
3586 577 3638 639 et
3679 584 3825 620 inor-

2237 661 2364 718 talia
2396 671 2815 727 commutantur,
2851 663 3081 733 teipsum
3109 663 3200 732 qui
3241 662 3353 732 jam
3391 662 3444 716 in
3484 661 3713 716 Christo
3741 676 3824 713 re-

2234 765 2525 822 generatus
2572 771 2662 820 es,
2694 758 2929 819 attende,
2983 765 3036 810 et
3085 755 3312 824 reliqua.
3367 754 3508 808 Ecce
3545 753 3821 822 quomodo

2236 846 2399 902 Pater
2470 849 2846 904 sanctissimus
2911 839 3206 917 ductorque
3266 847 3578 917 prmeipuus
3637 844 3822 898 verbis

2235 939 2578 1010 paucissimis
2631 941 2885 996 incresitn
2931 939 3178 994 confutet
3225 949 3530 1008 utramque.
3569 935 3822 1005 Impana-

2237 1040 2381 1086 tores
2410 1029 2610 1084 etenim
2637 1030 2889 1094 destruit,
2921 1031 3047 1085 dum
3079 1043 3418 1098 nequaquam
3447 1027 3733 1082 Christum
3764 1026 3818 1079 iu

2235 1138 2372 1193 pane
2403 1132 2458 1177 et
2488 1126 2612 1178 vino
2640 1122 2833 1189 latere,
2875 1124 2970 1178 sed
3016 1121 3258 1178 visibiles
3281 1129 3587 1184 creaturas,
3633 1120 3689 1173 id
3716 1127 3816 1181 est,

2233 1229 2426 1284 panetn
2453 1223 2508 1269 et
2538 1214 2744 1277 vinum,
2778 1215 2830 1268 in
2861 1214 3217 1268 substantiam
3250 1212 3496 1283 corporis
3520 1221 3575 1266 et
3600 1212 3820 1278 sangui-

2235 1308 2319 1364 nis
2346 1309 2549 1364 Christi
2580 1309 2847 1374 converti,
2879 1320 2934 1363 et
2959 1309 3153 1363 iterum
3202 1317 3418 1362 terrena
3462 1317 3518 1361 et
3562 1305 3815 1360 mortala

2235 1405 2286 1458 in
2313 1405 2510 1460 Christi
2534 1403 2892 1459 substantiam
2919 1403 3240 1458 commutari
3271 1402 3426 1457 dicit.
3460 1399 3815 1455 Umbraticos

2231 1515 2451 1570 quoque
2490 1497 2841 1553 nihilominus
2859 1495 3110 1566 dissipat,
3147 1494 3415 1548 dum-haec
3436 1491 3684 1547 converti
3710 1506 3811 1542 non

2233 1591 2287 1644 in
2317 1589 2615 1659 quamlibet
2641 1598 2966 1653 creaturam,
2999 1587 3091 1641 sed
3117 1587 3170 1640 iu
3209 1584 3574 1640 substantiam
3624 1597 3812 1650 corpo-

2235 1681 2310 1735 ris
2346 1688 2397 1735 et
2425 1679 2706 1751 sanguinis
2744 1678 2942 1734 Christi
2974 1677 3276 1732 conﬁrmat.
3326 1675 3459 1730 Item
3522 1675 3661 1742 ipse,
3716 1687 3810 1725 nec

2223 1770 2443 1848 dubitet
2471 1771 2779 1839 quisquam,
2805 1769 2905 1829 ait,
2933 1767 3220 1837 primarias
3242 1774 3524 1820 creaturas
3548 1773 3687 1817 nutu
3725 1776 3811 1830 po-

2235 1861 2440 1927 tentiae,
2469 1861 2756 1932 praesentia
2809 1858 3134 1928 majestatis,
3163 1857 3213 1911 in
3260 1854 3526 1911 Dominici
3568 1851 3812 1922 corporis

2235 1957 2470 2012 transire
2513 1970 2672 2024 posse
2723 1963 2992 2008 naturam.
3033 1951 3098 2005 Et
3126 1953 3359 2004 iterum:
3394 1947 3624 2014 Quando
3656 1948 3812 2000 bene-

2234 2049 2476 2104 dicendae
2502 2047 2682 2101 verbis
2710 2045 3032 2102 cmlestlbus
3049 2053 3314 2098 creaturae
3349 2041 3522 2096 sacris
3553 2039 3812 2093 altaribus

2234 2140 2606 2210 imponuntur,
2635 2149 2926 2208 antequam
2968 2135 3307 2191 invocatione
3335 2133 3531 2188 summi
3580 2131 3811 2186 numinis

2233 2242 2646 2297 consecrentur,
2673 2230 2977 2286 substantia
3005 2228 3115 2283 illic
3147 2236 3230 2283 est
3257 2226 3414 2296 panis
3439 2234 3493 2280 et
3518 2224 3668 2289 vini;
3697 2232 3812 2292 post

2234 2327 2399 2382 verba
2429 2336 2609 2381 autem
2638 2323 2863 2388 Christi,
2894 2337 3092 2391 corpus
3135 2331 3190 2374 et
3221 2319 3442 2388 sanguis
3479 2327 3562 2372 est
3587 2317 3808 2371 Christi.

2235 2419 2374 2486 Quid
2420 2426 2504 2472 est
2543 2425 2721 2470 autem
2775 2416 3004 2477 mirum,
3053 2412 3098 2468 si
3147 2426 3209 2467 ea
3259 2425 3382 2480 quae
3425 2410 3591 2463 verbo
3641 2407 3814 2476 potuit

2235 2524 2447 2574 creare,
2481 2508 2662 2563 verbo
2703 2506 2874 2578 possit
2918 2513 3102 2561 creata
3143 2501 3498 2560 convertere?
3546 2500 3664 2554 lmo
3697 2498 3807 2566 jam

2236 2601 2465 2656 minoris
2496 2599 2712 2653 videtur
2745 2613 2867 2652 esse
2892 2595 3160 2660 miraculi,
3189 2596 3233 2650 si
3270 2593 3322 2649 id
3365 2593 3510 2662 quod
3550 2608 3616 2645 ex
3649 2590 3809 2644 nihilo

2235 2690 2570 2762 agnoscitur,
2605 2687 2930 2752 condidisse,
2955 2685 3068 2755 jam
3093 2685 3368 2740 conditum
3400 2685 3451 2738 in
3499 2680 3697 2736 melius
3724 2695 3809 2730 ra-

2236 2784 2347 2839 lcat
2376 2789 2732 2836 commutare.
2767 2779 2906 2845 Quid
2953 2776 3229 2847 apertius?
3276 2774 3416 2841 Quid
3469 2771 3810 2840 expressius?

2237 2875 2364 2931 Hinc
2392 2889 2495 2928 non
2524 2868 2936 2940 habeanopuli
2967 2867 3093 2939 quia
3127 2865 3258 2920 nihil
3313 2878 3548 2932 unquam
3585 2859 3812 2914 manife-

2237 2969 2374 3024 stius
2423 2965 2492 3020 ab
2549 2964 2766 3019 homine
2815 2970 2996 3032 potest
3048 2961 3173 3016 dici.
3223 2959 3279 3013 In
3326 2958 3560 3028 quodam
3608 2953 3810 3009 missali

551 3056 674 3112 Non
697 3056 839 3110 enim
872 3055 1053 3109 minus
1077 3062 1161 3108 est
1186 3069 1352 3109 novas
1390 3055 1554 3110 rebus
1580 3056 1710 3111 dare
1736 3072 1897 3126 quam
1925 3068 2133 3116 mutare
2163 3077 2208 3139 ε
2240 3058 2497 3127 llispauo,
2531 3054 2674 3126 quod
2722 3053 2910 3108 dicunt
2953 3060 3198 3106 sanctum
3247 3048 3484 3103 dietasse
3524 3044 3807 3105 lsidorum,

549 3157 800 3204 naturas.
841 3145 972 3201 Item
1014 3143 1116 3214 (De
1152 3145 1514 3210 sacramentis,
1547 3145 1638 3200 lib.
1669 3162 1744 3210 tv,
1771 3163 1823 3204 c.
1845 3148 1901 3219 5)
1928 3166 1941 3203 :
1973 3149 2137 3206 Panis

533 3242 677 3307 .iste,
708 3239 862 3311 panis
888 3238 1290 3294 estanteverba
1319 3248 1805 3305 sacramentorum,
1827 3243 1915 3296 ubi
1948 3258 2134 3299 acces-

552 3329 688 3398 serit
715 3325 1074 3390 consecratio,
1104 3328 1170 3380 de
1196 3341 1334 3395 pane
1363 3326 1422 3380 lit
1453 3341 1650 3397 corpus
1671 3327 1895 3384 Christi.
1921 3331 1987 3385 Et
2036 3332 2137 3386 ite-

533 3439 714 3482 .rum:
744 3423 1048 3492 Antequam
1078 3431 1450 3486 consecratur,
1497 3420 1655 3490 panis
1684 3431 1800 3488 est;
1835 3423 1923 3477 ubi
1957 3432 2136 3479 autem

531 3517 716 3576 ,vcrba
729 3515 930 3570 Christi
948 3515 1298 3576 accesserint,
1319 3527 1517 3582 corpus
1538 3522 1622 3567 est
1647 3512 1870 3566 Christi.
1896 3512 2137 3584 Denique

549 3610 676 3665 audi
705 3609 976 3664 dicentem
1005 3623 1020 3660 :
1050 3604 1294 3673 Accipite
1320 3612 1376 3658 et
1409 3604 1551 3660 edite
1589 3619 1655 3658 ex
1687 3619 1752 3658 eo
1792 3618 2008 3671 omnes;
2038 3605 2137 3659 hoc

529 3711 626 3756 -est
659 3701 820 3756 enim
852 3715 1042 3768 corpus
1065 3713 1260 3752 meum.
1291 3696 1360 3751 Et
1389 3706 1515 3751 ante
1546 3696 1709 3750 verba
1749 3696 1948 3751 Christi
1995 3698 2135 3752 calix

531 3801 635 3854 ,εει
675 3791 788 3844 vini
832 3799 888 3844 et
928 3803 1083 3858 aquae
1111 3787 1329 3858 plenus;
1363 3787 1453 3842 ubi
1489 3788 1652 3841 verba
1679 3785 1880 3842 Christi
1911 3797 2136 3856 operata

534 3881 774 3944 .fuerint,
809 3881 881 3934 ibi
913 3880 1134 3949 sanguis
1182 3878 1434 3941 elﬁcitur,
1481 3879 1573 3946 qui
1619 3878 1830 3948 plebem
1886 3881 2135 3936 redemit.

535 3971 696 4043 .Ergo
754 3971 902 4026 disce
953 3969 1173 4039 quantis
1231 3968 1520 4037 generibus
1571 3977 1763 4036 potens
1813 3981 1897 4023 est
1957 3984 2138 4026 sermo

551 4065 753 4121 Christi
812 4064 1061 4118 universa
1103 4073 1446 4119 convertere.
1498 4061 1703 4116 Deinde
1731 4061 1843 4130 ipse
1879 4063 2139 4119 Dominus

548 4157 708 4220 Jesus
735 4158 1058 4218 testiﬁcatur
1089 4157 1248 4211 nobis
1304 4155 1446 4224 quod
1479 4169 1680 4222 corpus
1709 4169 1867 4209 suum
1915 4165 1971 4211 et
2013 4173 2141 4214 san-

529 4253 766 4323 guinem
797 4250 1145 4319 accipiamus.
1183 4248 1435 4318 Nunquid
1476 4248 1736 4302 debemus
1769 4247 1836 4302 de
1877 4248 1994 4318 ejus
2035 4251 2140 4306 ﬁde

549 4356 604 4401 et
630 4345 1010 4400 testiﬁcatione
1033 4342 1318 4398 dubitare?
1349 4342 1473 4397 Haec
1497 4343 1687 4398 beatus
1720 4343 2063 4400 Ambrosius.

622 4436 860 4490 Sanctus
897 4442 1079 4488 autem
1121 4432 1389 4487 Eusebius
1432 4432 1764 4498 Einissenus,
1794 4448 1923 4488 vere
1951 4435 2136 4501 unica,

550 4524 747 4594 inquit,
771 4533 825 4578 et
843 4521 1084 4591 perfecta
1117 4521 1292 4576 hostia
1317 4521 1422 4574 ﬁde
1451 4521 1767 4575 mstimanda
1790 4537 1898 4577 non
1935 4525 2135 4592 specie,

549 4629 651 4668 nec
675 4613 934 4669 exteriori
964 4615 1237 4668 censenda
1277 4616 1427 4677 visu,
1476 4613 1570 4667 sed
1621 4613 1868 4666 interiori
1917 4613 2135 4669 aﬁ‘ectu.

554 4706 708 4762 Unde
733 4707 975 4762 caelestis
1002 4705 1289 4760 conﬁrmat
1315 4705 1612 4760 auctoritas
1636 4719 1651 4759 :
1688 4704 1826 4770 Quia
1851 4723 1976 4759 caro
2022 4723 2138 4762 mea

551 4813 667 4850 vere
687 4807 760 4851 est
789 4797 932 4851 cibus
955 4806 1000 4851 et
1023 4798 1236 4864 sanguis
1262 4811 1406 4848 meus
1431 4811 1543 4850 vere
1568 4805 1642 4849 est
1664 4806 1816 4863 potus
1839 4795 2020 4863 (Joan.
2037 4797 2137 4868 vt).

551 4886 948 4956 ltecetlatergo
994 4901 1157 4940 omne
1205 4885 1538 4939 inﬁdelitatis
1574 4885 1911 4955 ambiguum,
1959 4902 2137 4955 quan-—

551 4978 842 5047 doquidem
866 4980 956 5048 qui
985 4989 1178 5034 auctor
1211 4988 1294 5033 est
1322 4981 1583 5042 muneris,
1630 4979 1741 5048 ipse
1791 4980 1957 5035 etiam
1986 4983 2138 5037 testis

551 5077 637 5124 est
667 5069 930 5124 veritatis.
963 5069 1099 5122 Nam
1129 5068 1418 5123 invisibilis
1443 5069 1701 5123 sacerdos
1728 5069 1966 5124 visibiles
1987 5086 2137 5125 crea-

2237 3151 2291 3206 in
2328 3147 2662 3205 hebdomada
2693 3154 2819 3200 ante
2847 3143 3086 3208 Pascha,
3134 3142 3188 3197 in
3239 3141 3472 3211 quadam
3514 3138 3682 3192 missa
3734 3136 3810 3190 sic

2237 3241 2459 3297 inveni:
2493 3238 2684 3293 Totum
2731 3238 2856 3298 hoc,
2887 3233 3140 3297 Domine,
3191 3231 3430 3286 divinum
3473 3237 3578 3291 est,
3619 3237 3804 3286 totum,

2236 3334 2421 3399 Pater,
2443 3332 2508 3386 de
2522 3329 2661 3386 coelo
2688 3338 2810 3383 est:
2840 3327 3174 3383 demutatum
3206 3323 3260 3377 in
3281 3333 3536 3376 naturam
3568 3317 3684 3373 Filii
3715 3317 3807 3378 tui,

2235 3437 2292 3482 et
2316 3440 2516 3495 corpus
2540 3433 2596 3478 et
2615 3421 2834 3493 sanguis
2853 3428 2953 3475 est.
2981 3417 3097 3472 Non
3113 3415 3225 3485 jam
3249 3417 3440 3484 ﬁgura,
3465 3413 3561 3468 sed
3589 3412 3806 3470 veritas,

2237 3532 2344 3572 non
2367 3524 2616 3570 creatura
2650 3509 2916 3575 mortalis,
2954 3507 3047 3564 sed
3081 3516 3272 3561 natura
3301 3501 3561 3564 cwlestis,
3601 3498 3809 3551 edenti-

2236 3609 2338 3664 bus
2360 3607 2527 3662 vitam
2551 3613 2833 3668 aeternam,
2859 3611 3190 3668 regnumque
3205 3604 3526 3666 perpetuum
3553 3591 3810 3646 collatura

2227 3700 2568 3771 potantibus.
2616 3695 2724 3750 Hos
2779 3694 3147 3761 impanatores
3205 3703 3331 3744 suos
3389 3687 3502 3756 ipse
3557 3683 3810 3738 Dominus

2236 3789 2392 3845 Jesus
2422 3789 2588 3844 verbo
2609 3785 2724 3840 oris
2749 3784 2832 3839 sui
2864 3781 3139 3846 interlicit,
3165 3795 3287 3834 cum
3322 3777 3596 3845 accipiens
3618 3789 3807 3842 panem

2239 3886 2547 3956 gratiasque
2575 3896 2742 3952 agens
2765 3895 2828 3934 ac
2856 3877 3204 3939 benedicens,
3235 3873 3310 3926 ait
3334 3887 3349 3925 :
3383 3869 3497 3923 Hoc
3522 3879 3597 3922 est
3626 3880 3810 3933 corpus

2238 3955 2431 4030 incum.
2485 3975 2600 4028 Non
2635 3973 2751 4026 ait:
2793 3971 2850 4024 lu
2899 3971 3001 4024 hoc
3045 3968 3175 4020 latet
3218 3979 3416 4034 corpus
3475 3975 3675 4014 meum.
3706 3955 3811 4010 Nec

2239 4068 2375 4124 dixit
2404 4084 2416 4119 :
2451 4065 2504 4118 In
2532 4065 2635 4118 hoc
2663 4062 2788 4114 vino
2811 4069 2894 4113 est
2925 4057 3146 4126 sanguis
3184 4068 3357 4117 meus,
3384 4052 3476 4106 sed
3501 4049 3640 4103 dixit
3672 4067 3684 4100 :
3716 4046 3812 4101 Hic

2239 4170 2312 4216 est
2340 4156 2550 4227 sanguis
2577 4171 2740 4208 meus.
2769 4151 2919 4208 Unde
2947 4159 3002 4204 et
3035 4147 3272 4202 Ecclesia
3303 4144 3396 4198 Dei
3425 4149 3816 4209 consequenter

2241 4266 2270 4305 a
2301 4265 2359 4305 se
2396 4249 2614 4303 eosdem
2650 4252 2885 4312 separat,
2917 4257 3038 4296 cum
3072 4241 3123 4293 in
3157 4239 3273 4308 ipso
3303 4250 3512 4290 canone
3552 4233 3732 4285 missa:
3753 4246 3815 4284 cx

2242 4340 2537 4412 apostolica
2560 4337 2848 4392 traditione
2894 4334 2965 4386 ita
2997 4340 3156 4385 orat:
3197 4348 3213 4380 ι
3259 4328 3432 4394 Quam
3465 4325 3815 4384 oblationem,

2170 4442 2214 4501 Ι)
2245 4443 2298 4486 ιιι
2325 4433 2484 4494 Deus,
2523 4428 2576 4484 itt
2605 4427 2858 4482 omnibus
2883 4437 3194 4494 quaesumus
3233 4419 3599 4479 benedictam,
3651 4414 3818 4467 ascri-

2240 4537 2408 4597 ptam,
2445 4533 2643 4586 ratam,
2680 4517 3079 4581 rationabilem,
3121 4510 3619 4580 acceptabileinque
3645 4506 3819 4560 facere

2239 4618 2498 4688 digneris,
2523 4623 2581 4670 ut
2607 4614 2764 4668 nobis
2792 4626 2989 4680 corpus
3017 4619 3072 4663 et
3098 4605 3316 4676 sanguis
3354 4603 3449 4657 ﬁat
3483 4599 3817 4658 dilectissimi

2242 4712 2364 4766 Filii
2403 4711 2480 4764 tui
2514 4707 2723 4762 Domini
2751 4704 2918 4760 nostri
2943 4702 3071 4756 .lesu
3100 4699 3325 4756 Christi.
3362 4717 3383 4751 ι
3422 4696 3539 4750 Non
3591 4696 3679 4749 hic
3701 4707 3821 4746 ora-

2240 4811 2348 4862 tur,
2383 4809 2440 4854 ut
2476 4799 2526 4852 in
2560 4813 2622 4851 ea
2660 4809 2859 4864 corpus
2887 4803 2942 4846 et
2971 4791 3193 4860 sanguis
3227 4789 3413 4853 lateat,
3466 4793 3563 4838 aut
3605 4785 3658 4836 iu
3704 4796 3818 4836 eam

2239 4908 2436 4962 corpus
2458 4900 2510 4944 et
2536 4887 2758 4957 sanguis
2809 4884 3094 4946 adveniat,
3139 4881 3232 4934 sed
3289 4889 3347 4931 ut
3389 4879 3504 4946 ipsa
3536 4875 3740 4929 oblatio
3772 4881 3823 4923 ct

2238 5000 2436 5053 corpus
2459 4991 2515 5036 et
2535 4980 2755 5050 sanguis
2787 4977 2899 5031 ﬁat.
2955 4975 3067 5028 llac
3095 4972 3340 5027 oratione
3371 4969 3700 5039 Cyprianus,
3733 4964 3822 5018 ili-

2241 5074 2432 5134 larius,
2461 5070 2801 5134 Ambrosius,
2829 5066 3184 5134 Augustinus,
3211 5061 3599 5131 Hieronymus,
3625 5056 3822 5124 Grego-
