4006 5282
272 85 406 143 1485

868 88 957 144 DE
987 88 1325 149 CORPORIS
1364 91 1450 148 ET
1479 93 1679 149 SANG.
1708 92 1940 150 DOMINI
1980 95 2156 152 LIBRI
2209 98 2408 158 TRES.
2432 133 2500 145 --
2525 105 2652 160 LIB.
2685 107 2768 162 III.

3378 125 3513 183 1286

269 197 402 252 Nam
440 203 625 252 contra
676 197 884 254 divinas
945 202 1318 268 auctoritates,
1352 204 1587 258 humana
1624 206 1834 260 ratione
1863 209 1914 267 Α
1940 207 2020 262 eis
2049 209 2131 265 vel
2172 226 2276 266 una
2312 214 2621 284 civitatula,
2676 222 2760 277 vel
2805 225 2969 280 etiam
3023 244 3132 286 una
3160 233 3342 292 villula
3381 255 3512 297 con—

265 288 534 352 incedere,
567 288 621 342 id
659 288 878 358 quidem
924 291 1200 357 insanum,
1241 293 1359 349 sine
1389 295 1600 350 ratione
1631 305 1834 360 autem,

264 377 314 431 id
343 377 496 448 longe
521 379 786 434 insanius.
808 381 880 435 At
908 395 1036 437 vero
1065 395 1120 440 et
1146 383 1264 440 sine
1305 385 1535 449 ratione,
1562 395 1616 440 et
1646 395 1835 441 contra

264 468 525 522 rationem
553 469 814 525 adversus
844 472 1011 526 Deum
1035 488 1251 542 semper
1271 475 1493 542 latrare,
1535 477 1588 530 id
1612 492 1837 546 prorsus

259 571 421 628 supra
453 575 616 630 quam
656 561 762 617 dici
789 564 959 632 possit
986 564 1411 621 insanissimum.
1442 569 1532 623 Isti
1569 570 1716 624 enim
1738 585 1833 624 ne-

259 649 475 716 quiores
523 653 868 720 nequissimis
898 654 1094 712 fratres
1117 671 1245 712 suos
1269 659 1598 715 umbraticos
1627 676 1740 730 prae
1773 677 1833 716 se

256 736 714 805 justiﬁcaverunt.
739 742 816 796 Illi
845 745 1040 815 quippe
1063 745 1325 814 judicium
1372 765 1626 806 sensuum
1657 761 1832 810 trans-

256 827 489 882 cendere
559 844 666 886 non
723 832 992 898 valentes,
1060 845 1316 907 tanquam
1389 854 1458 896 ex
1514 842 1832 899 inﬁrmitate

255 928 470 973 errasse
495 919 669 975 videri
696 930 945 990 possunt.
975 923 1040 979 Hi
1063 941 1194 981 vero
1237 942 1412 1000 neque
1451 947 1518 986 ex
1555 934 1828 998 sensibus,

254 1026 429 1082 neque
449 1025 516 1066 ex
538 1011 645 1066 ulla
675 1013 906 1080 ratione,
938 1030 1113 1086 neque
1136 1017 1414 1088 Scriptura
1435 1021 1614 1092 aliqua
1637 1040 1829 1082 causas

253 1105 460 1159 erroris
483 1105 567 1160 sui
591 1115 922 1174 mutuantes,
945 1109 1058 1164 sola
1084 1111 1560 1184 penitussuperhia
1583 1118 1829 1174 vesanire

250 1195 530 1262 videntur,
580 1197 708 1252 dum
753 1199 1086 1258 reclamante
1118 1211 1314 1258 natura
1356 1220 1518 1276 quam
1549 1217 1829 1280 tantopere

250 1287 579 1346 defensitare
608 1291 784 1348 solent
819 1293 1115 1366 (quomodo
1141 1299 1285 1353 enim
1317 1299 1372 1355 in
1401 1299 1575 1356 solido
1599 1317 1828 1372 corpore

248 1379 406 1446 panis
465 1380 693 1436 alterum
720 1397 919 1453 corpus
966 1385 1139 1444 latere
1181 1391 1354 1460 possit
1387 1384 1556 1447 vid'eri
1597 1409 1702 1448 non
1734 1410 1825 1464 po-

249 1470 399 1537 test),
430 1471 777 1538 reclamante,
830 1475 1070 1546 inquam,
1124 1491 1341 1548 natura,
1399 1484 1824 1542 reclamantibus

249 1556 548 1627 Scripturis
576 1565 768 1632 sacris,
800 1566 948 1622 nullo
975 1580 1285 1626 sanctorum
1317 1573 1540 1631 Patrum
1580 1579 1823 1635 testimo-
1854 1566 1898 1626 Β
1924 1580 2214 1637 ostendant

247 1647 358 1712 nio,
391 1650 540 1705 nullo
569 1654 752 1710 divino
777 1659 1020 1727 oraculo,
1049 1661 1197 1716 nullo
1228 1665 1489 1720 miracqu
1526 1667 1666 1732 fulti,
1703 1685 1822 1723 mu-

245 1738 415 1793 nitam
455 1743 691 1813 undique
729 1748 1052 1806 catholicam
1081 1753 1370 1823 pietatem,
1399 1757 1702 1816 bestialiter
1727 1764 1823 1817 ob-

245 1829 454 1897 stinati,
482 1833 552 1888 ob
582 1835 684 1892 hoc
731 1847 940 1895 tantum
990 1858 1306 1914 oppugnare
1335 1849 1610 1917 videntur,
1647 1868 1716 1908 ne
1754 1855 1822 1910 ab

243 1931 306 1972 ea
337 1920 466 1975 victi
493 1939 615 1980 esse
645 1927 947 1985 videantur.
975 1931 1023 1989 Ο
1050 1935 1315 2000 infelices,
1353 1955 1489 2009 quos
1515 1943 1689 2010 pietas
1714 1961 1820 2000 non

242 2010 443 2067 vincit!
489 2015 534 2070 Ο
576 2016 1005 2088 infelicissimos,
1065 2027 1156 2096 qui
1210 2030 1335 2084 dum
1385 2032 1577 2102 subjici
1631 2036 1819 2103 pietati

241 2111 500 2168 renuunt,
533 2105 827 2176 impietatis
850 2115 992 2168 servi
1021 2131 1142 2172 esse
1169 2134 1275 2174 non
1298 2123 1648 2179 erulescunl!
1675 2125 1816 2181 Con-

241 2196 322 2241 tra
357 2207 589 2259 quorum
623 2198 1124 2260 manifestissimam
1163 2209 1447 2266 stultitiam
1491 2219 1820 2286 respondere

238 2281 678 2353 indignissimum
734 2293 1044 2364 videretur,
1096 2301 1199 2356 nisi
1249 2305 1374 2373 quia
1427 2307 1493 2362 ad
1541 2281 1816 2366 cumulum

234 2373 562 2440 perditionis
590 2395 701 2434 sua:
752 2399 856 2438 non
887 2389 966 2442 eis
1004 2405 1150 2446 mors
1179 2395 1394 2463 propria
1444 2397 1660 2466 suﬁicit,
1711 2403 1815 2458 nisi

235 2462 404 2517 etiam
427 2481 777 2541 quoscunque
808 2489 1036 2546 possunt
1058 2462 1314 2539 vilissima
1351 2487 1589 2546 falsitate
1635 2494 1815 2562 perdi-

234 2561 346 2606 tum
382 2569 528 2615 eant.
559 2561 626 2616 Et
671 2565 785 2623 haec
814 2570 1030 2639 quidem
1066 2576 1375 2642 specialiter
1414 2593 1604 2638 contra
1655 2585 1809 2642 istos.

229 2642 504 2718 Deinceps
532 2665 658 2708 vero
697 2667 952 2730 utrosque
976 2664 1228 2732 przefatos
1261 2669 1541 2728 hmreticos
1569 2689 1813 2732 commu-

227 2735 382 2790 niter
430 2739 540 2796 Deo
594 2747 828 2816 pr0pitio
885 2753 1179 2823 disputatio
1208 2771 1460 2817 secutura
1520 2767 1804 2835 percutiet.

225 2826 444 2893 Quibus
471 2849 632 2902 quam
661 2843 896 2899 maxime
923 2845 974 2900 in
1012 2849 1202 2918 primis
1229 2854 1295 2907 ad
1319 2867 1693 2926 argumentum
1721 2859 1804 2914 vi-

227 2919 421 2976 denda:
459 2925 710 2985 falsitatis
757 2947 870 2990 suae
913 2935 1027 3006 ipsa
1065 2932 1333 2998 haer'esum
1382 2919 1621 3004 scissura
1670 2952 1806 3005 satis

225 3025 352 3068 esse
387 3015 674 3085 debuerat,
717 3026 858 3092 quod
889 3042 1033 3084 nunc
1059 3032 1312 3089 videlicet
1357 3036 1494 3092 nihil
1546 3041 1728 3095 carnis
1751 3052 1806 3097 et

225 3104 513 3173 sanguinis
551 3108 655 3163 nis:
709 3122 916 3169 tantum
961 3121 1206 3175 mnbram
1237 3133 1292 3178 et
1330 3124 1589 3195 ﬁguram,
1624 3143 1804 3185 sacra-

223 3195 430 3248 mentis
468 3196 562 3253 Dei
600 3200 800 3268 inesse,
831 3222 974 3264 nunc
1003 3224 1131 3265 vero
1159 3213 1519 3271 substantiam
1548 3219 1730 3274 carnis
1750 3229 1805 3274 et

222 3286 510 3356 sangttinis
557 3290 613 3345 in
655 3293 735 3348 eis
765 3294 930 3352 latere
970 3303 1324 3358 contendunt.
1366 3305 1528 3362 Fides
1571 3324 1803 3380 namque

220 3377 549 3446 apostolica,
577 3395 696 3450 qua:
717 3385 830 3438 sola
860 3401 980 3442 vera
1017 3391 1147 3445 ﬁdes
1169 3402 1273 3457 est,
1298 3394 1350 3448 in
1388 3396 1802 3453 aﬁirrnationem

220 3472 278 3517 et
310 3467 658 3536 negationem
688 3489 791 3528 non
823 3477 1109 3533 scinditur.
1146 3483 1434 3552 Apostolus
1465 3503 1696 3558 nataque
1721 3491 1804 3544 di-

217 3556 302 3610 xit
342 3576 356 3611 :
404 3556 551 3614 Unus
601 3561 896 3632 Dominus,
953 3586 1056 3624 una
1110 3573 1278 3639 ﬁdes,
1327 3592 1490 3630 unum
1542 3556 1800 3648 baptisma

215 3647 444 3714 (Ephes.
471 3651 568 3722 tv).
596 3653 904 3725 Apostolica
935 3661 1097 3731 igitur
1127 3663 1260 3721 ﬁdes
1307 3683 1412 3722 una
1453 3679 1532 3725 est
1565 3647 1796 3726 tantum.

212 3738 451 3796 Istorum
503 3756 680 3802 autem
730 3765 866 3805 vana
915 3756 1211 3813 credulitas
1246 3759 1372 3814 dum
1398 3761 1542 3831 quod
1574 3763 1627 3817 in
1658 3779 1796 3818 vana

209 3831 476 3898 opinione
501 3843 669 3902 tenet,
695 3839 748 3894 in
793 3841 962 3896 altera
994 3861 1097 3900 non
1130 3856 1315 3904 tenere
1348 3851 1716 3919 convincitur,
1742 3854 1794 3909 in

209 3919 636 3980 allirmationem
665 3938 722 3982 et
747 3932 1090 4000 negationem
1140 3936 1332 4004 scissa,
1382 3955 1488 3995 non
1533 3951 1621 3997 est
1664 3958 1792 3997 una.

207 4009 450 4066 Istorum
477 4027 606 4084 ergo
634 4019 926 4075 credulitas"
951 4037 1057 4077 non
1082 4033 1168 4079 est
1193 4027 1485 4096 apostolica
1511 4030 1666 4096 lldes,
1707 4041 1794 4086 at-

207 4115 317 4166 que
348 4099 476 4156 ideo
502 4118 677 4173 neque
708 4122 835 4162 vera
865 4110 1018 4166 ﬁdes.
1057 4112 1398 4186 Quapropter
1440 4121 1791 4187 apostolicam

209 4190 378 4244 ﬁdem
411 4206 518 4246 non
547 4194 828 4264 habentes,
865 4201 933 4255 ab
962 4206 1257 4271 apostolica
1290 4225 1505 4281 quoque
1547 4211 1788 4268 Ecclesia

207 4279 447 4345 sejuncti
471 4293 619 4348 sunt,
646 4290 1030 4362 contingetque
1070 4295 1173 4351 illis
1220 4279 1362 4368 quod
1395 4279 1647 4359 Salvator
1671 4307 1785 4360 ait;

207 4367 386 4423 Omne
408 4388 620 4442 regnum
646 4377 701 4430 in
729 4380 954 4449 seipsum
1001 4385 1223 4440 divisum
1242 4367 1248 4368 ί
1268 4391 1592 4449 desolabitur
1634 4396 1785 4466 (an.

204 4460 308 4528 χι).
352 4458 738 4535 Berengariani
759 4472 958 4539 quippe
1008 4474 1060 4527 in
1107 4477 1298 4545 seipsis
1335 4482 1491 4538 divisi
1539 4458 1687 4550 sunt,
1732 4498 1789 4541 ut

200 4551 570 4608 ostendimus.
597 4555 704 4612 Sed
734 4559 983 4618 fortassis
1009 4565 1130 4632 quis
1155 4566 1303 4624 dicat
1331 4590 1344 4624 ς
1376 4570 1494 4628 Νοη
1536 4585 1661 4629 sunt
1686 4577 1783 4647 ipsi

201 4654 461 4706 regnum,
493 4645 619 4712 quia
651 4651 804 4716 pauci
836 4661 984 4706 sunt.
1016 4653 1098 4708 Ad
1137 4659 1279 4723 quod
1331 4666 1634 4732 respondeo
1665 4683 1677 4719 :
1707 4645 1783 4722 'Si

198 4744 311 4784 non
339 4739 471 4785 sunt
495 4748 741 4804 regnum,
770 4755 877 4795 non
902 4754 1025 4796 sunt
1055 4743 1299 4800 Ecclesia
1337 4749 1558 4807 Christi.
1598 4755 1781 4810 Eccleo

203 4818 286 4872 sia
320 4819 469 4873 enim
515 4821 737 4891 Christi,
788 4844 1010 4899 regnum
1042 4833 1136 4888 Dei
1163 4844 1267 4900 est,
1297 4837 1350 4893 in
1381 4856 1489 4910 quo
1521 4843 1683 4914 Deus,
1729 4847 1780 4900 id

205 4917 290 4962 est
315 4908 437 4978 ipse
465 4914 731 4982 Christus,
784 4931 992 4986 regnat.
1043 4924 1100 4979 Si
1147 4937 1328 4986 autem
1380 4908 1507 4990 sunt
1530 4952 1778 5008 regnum,

201 5001 334 5068 quia
375 5007 594 5061 mentiri
649 5007 855 5065 Veritas
901 5027 1008 5070 non
1053 5027 1262 5086 potest,
1310 5038 1434 5079 cuni
1475 5028 1528 5084 in
1574 5030 1780 5100 seipsos

195 5091 308 5144 sint
335 5091 520 5160 divisi,
545 5097 946 5154 desolabuntur.
975 5103 1052 5162 De
1076 5107 1347 5168 catholica
1381 5131 1514 5175 sane
1535 5091 1775 5176 Ecclesia

1938 299 2119 353 cessit.
2146 300 2262 356 Non
2284 314 2410 360 sunt
2429 307 2597 379 igitur
2624 327 2781 370 mons
2838 317 2989 386 Sion,
3021 321 3074 377 id
3100 333 3204 392 est,
3244 327 3507 388 Ecclesia.

1935 385 2080 443 Idem
2103 407 2318 464 quoque
2337 395 2606 469 Propheta
2628 404 2703 458 ait
2729 423 2743 460 :
2771 385 2991 466 Caritate
3003 385 3227 473 Domino
3247 385 3509 478 canticum

1936 495 2145 545 novum,
2197 496 2402 542 cantate
2447 490 2692 560 Domino,
2742 500 2910 556 omnis
2959 513 3099 561 terra
3134 508 3304 577 (Psal.
3359 518 3507 584 xcv).

1937 570 2090 628 Unde
2111 574 2302 632 beatus
2328 580 2662 652 Augustinus
2691 588 2745 643 in
2775 595 3117 662 expositione
3141 570 3302 673 hujus
3331 570 3503 664 versi:

1933 662 2038 716 culi
2070 665 2232 722 audet
2252 678 2307 724 et
2335 672 2465 727 dicit
2491 692 2504 728 :
2532 675 2590 731 Si
2621 680 2797 736 omnis
2828 691 2971 741 terra
3012 662 3231 748 domus-
3254 695 3378 766 Dei,

1931 769 2040 808 non
2074 757 2242 816 lueret
2281 765 2428 820 omni
2482 774 2663 837 terrae,
2716 773 2871 830 ruina
2913 787 3017 846 est,
3061 797 3169 840 non
3197 786 3409 848 domus.
3449 793 3511 850 Si

1929 843 2312 920 Berengariani
2364 872 2472 914 non
2524 859 2733 919 haerent
2781 870 2929 924 omni
2976 879 3161 942 teme,
3225 894 3334 936 non
3380 898 3509 941 sunt

1931 936 2093 1008 igitar
2118 942 2306 998 domus
2335 945 2450 1013 Dei,
2476 953 2571 1006 Sed
2602 955 2775 1011 ruina.
2813 958 2979 1018 Isaias
3007 965 3074 1022 de
3091 936 3331 1028 Ecclesia

1928 1031 1995 1084 sti
2021 1032 2150 1087 dicit
2177 1053 2189 1087 :
2227 1035 2446 1108 Laztare,
2471 1045 2683 1113 sterilis,
2716 1066 2834 1119 qua:
2867 1070 2970 1110 non
3016 1062 3182 1128 paris,
3212 1067 3418 1124 exsulta
3457 1083 3508 1126 et

1928 1127 2111 1190 lauda,
2148 1142 2266 1196 qua:
2301 1145 2402 1185 non
2421 1137 2673 1202 parturis,
2706 1143 2830 1210 quia
2853 1127 3130 1219 multi/itii
3145 1154 3361 1213 deserta:
3389 1179 3506 1216 ma-

1926 1216 2004 1283 gis
2026 1232 2184 1286 quam
2209 1219 2324 1289 ejus
2351 1239 2470 1292 quae
2504 1227 2658 1284 habet
2687 1234 2854 1288 cirum
2883 1216 3176 1316 (Isaruv).
3212 1247 3364 1305 Illam
3388 1267 3509 1318 qua:

1926 1306 2160 1363 habebat
2202 1319 2328 1368 tunc
2371 1315 2570 1386 virum,
2603 1306 2941 1397 Synagogam
2968 1306 3275 1396 Iudaeorum
3310 1306 3508 1405 intelli-

1925 1399 2153 1467 gendam
2205 1403 2362 1460 docet
2392 1406 2682 1478 Apostolus
2719 1414 2860 1486 (Gal.
2915 1424 3026 1493 Iv);
3073 1431 3315 1488 sterilem
3353 1399 3503 1504 vero,

1926 1487 2243 1547 Ecclesiam.
2272 1493 2451 1563 Quare
2471 1501 2518 1556 si
2557 1503 2937 1578 Berengariani
2961 1515 3201 1576 Ecclesia
3236 1524 3332 1580 Dei
3357 1542 3503 1595 sunt,

2256 1586 2413 1643 nobis
2443 1591 2612 1647 multo
2652 1594 2835 1664 plures
2885 1602 3028 1662 ﬁlios
3075 1623 3204 1668 suos
3238 1629 3339 1684 per
3392 1627 3503 1675 tam

1925 1667 2214 1746 longajam
2237 1683 2502 1747 tempora,
2534 1698 2696 1753 quam
2719 1688 2827 1743 sint
2855 1667 3193 1755 Judaeorum.
3226 1667 3501 1770 Quod

1923 1772 2064 1826 esse,
2091 1765 2344 1823 omnibus
2369 1778 2540 1838 patet.
2574 1774 2706 1830 Item
2727 1776 2894 1837 Isaias
2912 1784 2979 1839 de
3008 1765 3288 1870 Ecclesia“:
3313 1796 3502 1870 Reges,

1925 1847 2119 1918 inquit,
2166 1866 2317 1909 erunt
2347 1861 2554 1915 nutritii
2582 1866 2662 1917 tui
2689 1866 2825 1937 (lsa.
2866 1875 3033 1946 χιιι).
3063 1877 3130 1933 Et
3167 1847 3417 1943 Joanne;
3445 1847 3502 1945 nl

1921 1940 2246 2014 Apocalypsi
2280 1965 2293 2002 :
2339 1948 2530 2021 Reges,
2578 1956 2779 2027 inquit,
2814 1972 2968 2019 terra:
2991 1940 3237 2038 'aﬂerent
3263 1940 3500 2047 .glorian-t

1920 2047 2074 2086 suam
2103 2036 2158 2090 in
2202 2054 2318 2093 eum
2373 2042 2557 2113 (Apoc.
2608 2049 2744 2120 XXI).
2793 2050 2899 2110 Sed
2943 2036 3075 2128 quis
3092 2036 3299 2133 regum.
3343 2036 3501 2129 terras

1921 2126 2062 2184 hanc
2089 2129 2543 2204 Berengarianam
2587 2143 2871 2202 stultitiam
2921 2126 3097 2208 fovit?
3123 2126 3256 2224 Quis
3306 2177 3493 2236 regum

1920 2225 2082 2273 teme
2131 2221 2185 2276 in
2214 2237 2336 2278 eam
2388 2227 2616 2298 gloriam
2645 2249 2796 2290 suam
2828 2240 3043 2296 attulit?
3081 2221 3167 2302 Et-
3194 2221 3411 2319 quidem
3440 2221 3495 2312 in

1919 2306 2178 2366 Ariauam
2207 2317 2484 2374 vesaniam
2517 2338 2669 2394 reges
2698 2326 2825 2382 olim
2879 2332 3043 2403 aliqui
3073 2353 3492 2414 concesserunt;

1917 2398 1971 2452 in
2021 2399 2474 2474 Berengarianam
2521 2425 2700 2470 autem
2751 2398 2987 2477 mullus.—
3017 2425 3121 2483 Per
3169 2398 3490 2494 Malachiani

1915 2489 2058 2547 Deus
2091 2494 2226 2550 dixit
2251 2513 2265 2550 :
2297 2499 2375 2553 Ab
2407 2512 2524 2557 ortu
2548 2506 2676 2561 satis
2699 2525 2858 2579 usque
2884 2515 2954 2566 ad
2982 2532 3222 2576 occasum

1913 2591 1990 2634 est
2020 2599 2205 2640 nomen
2237 2605 2404 2645 meum
2436 2593 2489 2648 in
2516 2599 2771 2666 gentibus,
2802 2613 2850 2656 et
2875 2606 2930 2660 in
2955 2612 3098 2664 omni
3125 2613 3238 2670 loco
3273 2622 3486 2691 sacri/i-

1913 2681 2064 2724 catur
2104 2685 2152 2728 et
2201 2679 2423 2746 oﬁ'crtur
2468 2688 2665 2742 nomint
2715 2707 2828 2748 meo
2874 2698 3068 2755 oblatio
3104 2709 3322 2776 munda,
3363 2679 3491 2783 quin

1911 2779 2156 2833 magnum
2204 2787 2391 2827 nomen
2433 2793 2605 2833 meum
2652 2784 2706 2836 in
2750 2790 3019 2860 gentibus,
3060 2797 3184 2854 dicit
3233 2779 3488 2863 Dominus

1909 2856 2230 2912 exercituum
2285 2861 2517 2929 (Mulae.
2569 2870 2640 2940 ι).
2696 2856 3059 2940 Quamobrem
3117 2888 3162 2943 si

1906 2945 2239 3002 exercituum
2266 2952 2620 3027 oblationem,
2652 2978 2773 3032 quae
2801 2968 2854 3022 in
2903 2975 3050 3030 omni
3095 2977 3216 3036 loco
3263 2984 3333 3040 ab
3362 2997 3488 3044 ortu

1906 3034 2036 3090 solis
2066 3053 2238 3109 usque
2283 3044 2351 3098 ad
2395 3060 2648 3107 occasum
2675 3059 3016 3119 sacriﬁcatur
3043 3075 3098 3122 et
3122 3069 3349 3132 oﬂ‘ertur
3381 3096 3482 3136 no-

1909 3123 2038 3178 mini
2065 3140 2198 3192 suo,
2251 3135 2508 3190 mundam
2563 3141 2721 3210 dicit;
2764 3162 2887 3204 cum
2925 3142 3125 3222 praeter
3169 3161 3307 3220 hanc
3335 3170 3483 3227 nulla
3546 3217 3555 3229 .

1907 3215 2076 3284 possit
2107 3232 2227 3274 esse
2250 3221 2454 3280 oblatio
2483 3232 2702 3297 munda,
2735 3215 2940 3295 viderit
2962 3241 3324 3318 Berengarius
3352 3273 3476 3315 cum

1903 3305 2018 3360 suis
2050 3322 2210 3377 quam
2253 3313 2326 3368 sit
2372 3315 2573 3375 oblatio
2615 3337 2804 3382 eorum
2854 3305 3171 3405 immunda:
3191 3356 3312 3412 quae
3366 3365 3472 3405 non

1905 3397 2026 3453 dico
2057 3401 2286 3460 inomni
2317 3407 2454 3477 loco,
2483 3415 2580 3469 sed
2618 3418 2706 3472 vix
2753 3430 2812 3476 ut
2865 3424 2918 3479 in
2959 3427 3142 3498 aliquo
3184 3433 3301 3492 loco
3336 3453 3482 3498 esset

1902 3488 2154 3549 obtinuit.
2190 3497 2377 3556 Daniel
2408 3508 2669 3578 pr0pheta
2697 3527 2818 3569 eum
2869 3488 3095 3578 vidisset
3132 3488 3478 3597 lapidemwd'e

1902 3593 2084 3640 monte
2112 3587 2232 3643 sine
2266 3594 2516 3652 manibus
2543 3599 2867 3674 abscissum,
2898 3611 2992 3679 qui
3030 3587 3265 3675 statuam
3297 3624 3351 3679 in
3378 3641 3476 3694 pe-

1906 3671 2057 3694 -.121.---
2098 3693 2106 3694 κ
2158 3679 2170 3692 ⁸
2234 3682 2257 3694 ¹⁹
2378 3686 2390 3694 ⁵
2554 3691 2573 3694 ’

1901 3671 2060 3730 dibus
2090 3679 2203 3734 suis
2232 3682 2421 3741 ferreis
2449 3697 2504 3743 et
2543 3691 2800 3753 ﬁctilibus
2831 3671 3099 3770 percussit
3141 3722 3304 3784 atque
3326 3671 3476 3774 etim-

1903 3763 2404 3832 minuit,visionem
2431 3777 2572 3836 hanc
2597 3783 2671 3839 ita
2702 3793 2974 3858 exposuit,
3005 3806 3064 3851 ut
3095 3813 3124 3853 a
3154 3763 3321 3872 regno
3351 3806 3472 3875 Dei,

1901 3870 2022 3924 quae
2047 3871 2132 3915 est
2165 3863 2425 3934 Ecclesia,
2471 3884 2704 3942 quatuor
2725 3881 3044 3954 principalia
3079 3863 3244 3964 regna
3268 3863 3476 3966 mundi,

1897 3948 2274 4012 Chaldaeorum
2302 3961 2574 4032 videlicet,
2606 3948 2916 4042 Medorum,
2940 3971 3103 4048 atque

1896 4039 2208 4100 Grtecorum
2235 4064 2451 4122 quoque
2475 4071 2682 4113 necnon
2711 4070 2767 4116 et
2789 4063 3176 4140 Romanorum,
3208 4078 3347 4134 sicut
3378 4098 3472 4136 ex-

1894 4144 2131 4199 ponente
2157 4141 2500 4204 postmodum
2531 4146 2647 4216 ipso
2678 4152 2868 4208 eodem
2898 4162 3158 4228 propheta
3186 4171 3472 4236 perspicue

1893 4221 2222 4290 declaratur,
2253 4229 2308 4282 in
2331 4230 2524 4290 diebus
2548 4241 2727 4306 quarti
2751 4221 3066 4314 imperii,-id
3089 4221 3470 4328 est.Romaui,

1893 4319 2184 4382 antequam
2213 4318 2450 4377 ferreum
2479 4342 2599 4382 esse
2638 4330 2954 4402 desisteret,
3011 4345 3362 4408 percutienda
3418 4318 3474 4406 et

1889 4403 2307 4462 comminuenda
2334 4413 2704 4484 conﬁrmaret,
2733 4421 2920 4480 dicens
2949 4445 2964 4481 :
2996 4403 3062 4482 in
3087 4432 3270 4490 diebus
3294 4449 3471 4492 autem

1890 4505 2168 4560 regnorum
2194 4497 2431 4567 illorum,
2457 4506 2728 4562 suscitabit
2756 4510 2898 4568 Deus
2947 4517 3060 4570 caeli
3087 4536 3303 4589 regnum
3329 4531 3472 4600 quod

1887 4579 1941 4635 in
1981 4593 2238 4641 (eternum
2264 4606 2368 4645 non
2391 4595 2765 4664 disputabitur,
2795 4613 2843 4656 et
2890 4623 3106 4676 regnum
3137 4612 3255 4679 eju’s
3279 4579 3475 4691 po'pulo

1885 4673 2041 4727 alteri
2086 4691 2192 4731 non
2241 4683 2497 4740 tradetur.
2545 4684 2824 4743 Continuat
2871 4673 3050 4750 autem
3095 4708 3141 4750 et
3204 4673 3484 4767 consumet

1885 4766 2131 4820 universa
2163 4785 2319 4839 regna
2345 4773 2465 4841 hoc,
2498 4789 2546 4832 et
2577 4780 2748 4848 ipsum
2779 4785 2939 4841 stabit
2987 4788 3042 4840 in
3073 4797 3370 4872 aeternum,
3413 4815 3495 4855 se-

1883 4855 2116 4910 cundum
2141 4860 2281 4926 quod
2305 4863 2506 4933 vidisti,
2543 4878 2590 4922 et
2621 4869 2759 4939 quod
2784 4871 2849 4925 de
2878 4885 3055 4930 monte
3097 4855 3390 4951 abscisg‘gg
3429 4893 3503 4942 est

1880 4941 2016 5016 lapis
2046 4947 2160 5000 sine
2188 4953 2454 5025 manibus,
2479 4973 2526 5016 et
2566 4961 2872 5017 comminuit
2910 4969 3137 5038 ferrum,
3169 4982 3224 5025 et
3282 4993 3507 5052 (aram,

1876 5046 1927 5091 et
1951 5055 2050 5105 (es,
2075 5046 2124 5090 et
2152 5054 2448 5116 argentum,
2475 5063 2522 5106 et
2545 5069 2732 5106 aurum
2757 5052 2926 5123 (Dan.
2956 5060 3040 5129 Il).

1947 5133 2069 5187 Hoc
2093 5144 2224 5185 sane
2250 5134 2314 5188 de
2342 5152 2533 5199 nostra
2565 5144 2808 5200 Ecclesia
2840 5146 2964 5208 luce
2983 5149 3188 5206 clarius
3210 5157 3514 5224 videmus.

1873 5219 1995 5282 Ipsa
2025 5215 2176 5275 enim
2203 5221 2509 5282 Romanum
2542 5235 2848 5282 immrium-
2881 5256 3007 5282 num
3033 5239 3216 5282 ndhno
3243 5245 3517 5282 r..__.......
