4006 5282
489 207 516 274 ι’
537 207 632 274 ιδτ

1503 181 2346 268 cumnamanettmrtsc.
2385 213 2728 268 AVERSANI

3617 211 3746 265 Hi3

489 314 604 380 ipsa
657 323 752 380 per
791 311 1008 364 beatum
1045 307 1278 360 Leonem
1313 321 1502 375 papam
1536 305 1667 372 (Leo
1693 303 1782 372 ιχ)
1814 304 1925 356 lucc
1965 301 2066 353 Ben
2096 307 2140 360 Α
2169 305 2482 360 credibilem
2527 305 2896 368 crediderunt,
2939 303 3152 358 videant
3203 317 3362 370 quam
3405 310 3514 356 sint
3569 302 3746 358 stolidi

489 403 810 473 rengariana
873 403 1126 470 figmenta
1198 413 1319 451 mox
1373 412 1472 450 suo
1523 405 1714 450 exortu
1765 393 2060 448 damnavit.

487 495 694 550 Deinde
728 509 822 564 per
849 494 988 547 hunc
1017 492 1211 560 ipsum,
1245 490 1336 558 qui
1367 505 1507 542 nunc
1535 495 1753 558 praeest,
1779 487 1838 540 D.
1863 485 2068 556 Grego-

485 587 630 640 rium
657 599 848 655 papam
880 584 1063 654 (Greg.
1101 581 1212 651 VII)
1257 593 1384 636 tunc
1427 580 1874 634 archidiaconmn
1925 575 2068 645 ejus-

485 678 607 732 dem
641 677 896 730 ltonmna:
927 675 1072 728 sedis
1101 674 1152 728 in
1184 673 1418 728 concilio
1451 671 1752 726 Turonensi
1797 670 2065 734 convicit;

486 770 778 840 ipsumque
803 767 1221 837 Berengarium,
1269 774 1328 820 ut
1367 764 1674 828 videbatur,
1723 769 2066 827 correctum,

491 872 556 914 ac
594 857 830 928 propriae
861 872 1052 912 manus
1079 863 1424 910 sacramento
1477 853 1926 917 satisfacientem,
1962 851 2071 906 cle-

483 957 700 1006 menter
725 947 986 1018 suscepit.
1041 947 1452 1016 Reversumque
1501 945 1782 1014 aliquanto
1835 953 1960 1013 post
2001 944 2068 998 ad

483 1037 742 1092 vomitum
773 1053 956 1103 suum,
987 1047 1182 1108 agente
1223 1044 1427 1090 sanctas
1473 1034 1867 1088 recordationis
1907 1031 2066 1087 Nico-

480 1126 568 1182 lao
595 1142 732 1196 papa
767 1125 820 1180 in
850 1125 1087 1196 generali
1138 1124 1372 1180 concilio
1425 1123 1608 1178 Romze
1639 1123 1833 1178 iterum
1877 1121 2070 1177 confu-

479 1227 672 1282 tatur;
726 1225 891 1288 atque
945 1217 1196 1270 eumdem
1253 1215 1642 1286 Bcrengarium
1715 1227 1900 1270 coram
1951 1213 2068 1282 ipo

477 1308 808 1362 venerabilis
861 1307 1010 1362 orbis
1064 1317 1330 1362 terrarum
1405 1314 1713 1370 conventu,
1781 1305 1834 1360 in
1901 1303 2066 1360 verba

479 1410 628 1456 certa
670 1415 790 1470 qua:
832 1415 996 1470 supra
1046 1401 1250 1471 scripta
1295 1409 1447 1464 sunt,
1507 1409 1561 1455 et
1610 1399 1664 1454 in
1729 1397 1914 1452 multis
1971 1398 2066 1452 ha-

477 1493 677 1546 bentur
699 1489 962 1546 Ecclesiis
983 1488 1192 1558 jurare,
1227 1490 1622 1560 praedictasque
1663 1487 1906 1544 insanias
1942 1501 2068 1556 pro-

477 1582 597 1650 prio
649 1596 746 1636 ore
790 1581 1072 1652 abjnrare,
1125 1595 1190 1634 ac
1246 1579 1458 1635 libellos
1497 1594 1626 1636 suos
1653 1593 1790 1648 quos
1819 1577 1886 1632 ad
1914 1586 2070 1632 tuen-

2165 397 2255 466 qui
2281 413 2386 451 non
2420 397 2666 452 credunt.
2699 395 2754 450 Si
2784 405 2960 450 autem
2993 410 3078 450 res
3110 393 3440 448 incredibilis
3465 403 3576 456 est,
3607 397 3746 450 unde

2169 496 2282 542 toto
2343 495 2611 540 terrarum
2675 485 2808 540 orbe
2869 484 2982 552 jam
3047 485 3254 540 credita
3305 485 3426 540 est?
3489 483 3752 550 Quocirca

2166 579 2310 640 beati
2365 578 2648 648 Augustini
2708 577 2916 645 judicio
2957 591 3054 632 vos
3099 575 3282 632 stolidi
3325 576 3488 638 estis,
3541 576 3634 645 qui
3687 578 3752 631 de

2167 683 2396 740 corpore
2436 668 2634 724 Christi
2665 667 2810 738 quod
2857 669 2910 722 in
2963 676 3080 722 toto
3131 675 3400 720 terrarum
3457 666 3596 720 orbe
3629 681 3750 719 cre-

2168 761 2336 826 ditur,
2361 762 2586 816 credere
2615 761 2897 816 recusatis.
2939 760 3072 816 ltem
3110 760 3306 814 beatus
3331 759 3672 828 Augustinus
3703 758 3750 810 in

2175 865 2369 924 quarto
2391 855 2528 910 libro
2544 853 2618 910 De
2644 853 2914 922 baptismo
2941 861 3127 907 contra
3159 850 3472 904 Donatistas
3505 849 3652 919 (cap.
3671 847 3752 909 6}:

2169 945 2322 1012 Quod
2349 946 2621 1006 universa,
2659 943 2851 1012 inquit,
2896 951 3040 998 tenet
3068 941 3334 1006 Ecclesia,
3367 955 3468 996 nec
3507 939 3754 994 conciliis

2171 1037 2500 1103 institutum,
2531 1034 2626 1090 sed
2657 1049 2872 1103 semper
2903 1041 3172 1088 retentum
3203 1041 3288 1086 est
3322 1049 3336 1084 :
3380 1046 3488 1085 non
3527 1029 3638 1084 nisi
3663 1043 3760 1081 an-

2169 1131 2424 1186 ctoritate
2475 1127 2770 1199 apostolica
2827 1126 3082 1180 traditum
3135 1123 3442 1180 rectissime
3491 1123 3756 1176 creditur.

2167 1223 2298 1276 ltem
2329 1222 2382 1276 in
2405 1222 2636 1292 septimo
2663 1219 2902 1288 ejusdem
2935 1217 3069 1274 libro
3098 1220 3236 1284 (cap.
3269 1215 3364 1285 53)
3405 1233 3416 1266 :
3443 1214 3500 1268 1d
3543 1221 3758 1274 autem,

2169 1313 2265 1378 ait,
2301 1314 2493 1368 lidncia
2519 1327 2724 1366 securae
2752 1311 2901 1366 vocis
2923 1323 3210 1378 possumus
3230 1320 3500 1368 asserere,
3531 1306 3683 1374 quod
3709 1305 3760 1357 in

2169 1403 2564 1473 gubernatione
2595 1401 2808 1458 Domini
2854 1400 2950 1454 Dei
2999 1401 3168 1454 nostri
3209 1407 3265 1454 et
3291 1397 3598 1452 Salvatm-is
3640 1393 3762 1448 Jesu

2167 1493 2370 1549 Christi
2405 1493 2730 1549 universalis
2757 1491 3014 1548 Ecclesiae
3044 1489 3403 1545 consensione
3443 1488 3764 1542 roboratam

2171 1596 2272 1644 est.
2304 1586 2642 1658 Quapropter
2667 1586 2802 1640 fides
2829 1599 2992 1654 quam
3033 1583 3104 1638 de
3137 1597 3366 1651 corpore
3397 1590 3452 1636 et
3495 1579 3766 1650 sanguine

477 1676 574 1730 das
617 1675 835 1730 easdem
882 1673 1250 1744 blasphemiae
1285 1671 1524 1738 fecerat,
1570 1671 1804 1742 propriis
1839 1685 2064 1725 concre-

2171 1682 2384 1737 Domini
2435 1696 2652 1752 semper
2703 1680 2947 1737 Ecclesia
3006 1679 3262 1736 universa
3316 1677 3514 1740 tenuit,
3579 1676 3766 1732 multis

476 1786 630 1826 mare
659 1770 856 1840 coegit.
899 1767 1358 1838 Berengarianam
1387 1782 1550 1836 porro
1578 1763 1916 1836 plebeculam
1955 1777 2064 1818 non

482 1863 602 1918 dico
661 1871 896 1932 quatuor
956 1858 1276 1930 principalia
1337 1873 1530 1930 regna,
1583 1858 1676 1912 sed
1733 1871 1832 1910 nec
1897 1869 2062 1910 unum

481 1955 658 2014 solum
691 1967 916 2024 regnum
943 1953 1126 2022 aliquo
1172 1967 1412 2022 unquam
1469 1961 1712 2020 tempore
1759 1947 2066 2002 obtinuisse

476 2043 772 2098 monstrari
798 2049 994 2112 potest.
1017 2041 1126 2096 Ant
1151 2040 1194 2095 si
1224 2039 1526 2095 obtinuisse
1567 2038 1920 2109 confingitur,
1946 2035 2062 2106 jam

477 2149 622 2190 nunc
667 2148 892 2204 regnum
931 2131 1046 2202 ejus
1089 2131 1285 2202 populo
1321 2131 1498 2195 al.eri,
1551 2131 1602 2184 id
1644 2139 1747 2195 est,
1795 2129 2064 2184 catholico

479 2233 666 2282 nostro
716 2224 968 2278 traditum
1018 2233 1121 2278 est.
1153 2223 1350 2278 Noster
1393 2223 1538 2276 enim
1593 2221 1820 2292 populus
1867 2221 2067 2275 Roma-

474 2334 626 2383 num,
659 2333 782 2374 cum
813 2317 1064 2372 omnibus
1099 2316 1280 2386 regnis
1313 2315 1624 2371 Christiano
1653 2313 1855 2368 nomini
1887 2312 2066 2382 subje-

475 2415 594 2476 ctis,
641 2421 788 2467 tenet
833 2409 1140 2480 imperium.
1172 2407 1358 2464 Daniel
1389 2415 1568 2462 autem
1603 2407 1756 2471 dicit,
1806 2406 1932 2474 quia
1983 2419 2066 2458 rc-

473 2518 635 2572 gnum
657 2501 834 2570 pepuli
861 2500 976 2565 Dei,
1006 2497 1186 2568 populi
1205 2497 1359 2552 alteri
1383 2512 1488 2550 non
1505 2496 1866 2561 tradetur-,5“!
1887 2496 2062 2563 ipsum

473 2593 628 2664 stabit
660 2593 714 2646 in
745 2601 996 2645 aeternum
1021 2589 1182 2658 (Dan.
1210 2589 1292 2657 ιι).
1328 2586 1714 2657 Berengariani
1761 2585 1925 2655 igitur
1953 2599 2060 2638 non

473 2690 603 2738 sunt
623 2681 755 2736 illud
787 2696 1012 2752 regnum
1043 2681 1188 2748 quin]
1213 2679 1356 2732 Deus
1385 2677 1504 2734 cmli
1543 2677 1904 2732 suscitaturus
1927 2691 2068 2744 pra:-

472 2773 692 2828 dicitur.
721 2770 878 2838 Quod
915 2770 960 2826 si
984 2784 1088 2824 non
1122 2769 1394 2838 pertinent
1415 2769 1482 2823 ad
1521 2783 1745 2836 regnum
1783 2767 1878 2822 Dei
1915 2765 2062 2832 coeli,

472 2863 824 2933 consequitur
867 2871 926 2916 ut
975 2863 1086 2918 sint
1137 2865 1206 2914 de
1249 2875 1416 2930 regno
1461 2859 1684 2914 diaboli.
1717 2858 1878 2913 Vides
1905 2858 2066 2928 plane

473 2954 746 3026 quomodo
765 2952 1230 3008 conclamantibus
1247 2952 1584 3021 propheticis
1609 2951 1936 3007 testimoniis
1964 2967 2063 3005 no-

475 3059 590 3106 stra
615 3047 858 3102 Ecclesia
883 3043 1258 3108 conﬁrmatur,
1290 3043 1690 3113 Berengariana
1720 3056 1850 3096 vero
1887 3041 2062 3110 portio

477 3151 707 3211 utraque
759 3138 1102 3209 reprobatnr.
1159 3137 1235 3192 De
1279 3136 1474 3206 quibus
1517 3135 1844 3190 testimoniis
1875 3136 2062 3189 beatus

475 3232 808 3302 Augustinus
842 3233 894 3284 in
921 3231 1059 3284 libro
1093 3230 1164 3283 De
1201 3228 1422 3282 civitate
1453 3227 1550 3282 Dei
1577 3227 1766 3280 ultimo
1798 3226 1936 3298 (cap.
1967 3225 2060 3296 25)

475 3335 662 3380 contra
703 3323 966 3394 quosdam
997 3321 1350 3391 philosophos
1379 3320 1460 3374 sic
1507 3319 1586 3373 ait
1614 3337 1627 3372 :
1687 3319 1744 3372 Si
1777 3329 2062 3390 propterea

475 3413 664 3468 dicunt
696 3412 994 3468 aliomodo
1021 3426 1139 3464 esse
1171 3409 1462 3473 credenda,
1497 3423 1562 3462 ne
1589 3408 1633 3461 si
1666 3407 1902 3461 dixerint
1927 3420 2064 3460 vana

476 3518 597 3560 esse
620 3504 951 3572 conscripta,
991 3503 1240 3572 injuriam
1274 3499 1479 3555 faciant
1519 3499 1595 3552 illi
1649 3498 1782 3564 Deo,
1831 3497 1918 3554 cui
1953 3507 2060 3551 tam

477 3609 734 3664 magnum
765 3593 1054 3664 perhibent
1086 3592 1450 3648 testimonium
1477 3608 1491 3656 ;
1520 3599 1724 3644 tantam
1764 3605 1985 3660 prorsus
2013 3591 2062 3644 ci

479 3688 566 3742 vel
589 3688 748 3742 etiam
767 3687 1070 3757 graviorem
1096 3683 1306 3740 faciunt
1329 3681 1604 3752 injuriam,
1628 3683 1672 3737 si
1697 3681 1855 3737 aliter
1877 3683 2065 3738 dicunt

483 3794 598 3835 csse
627 3778 994 3847 intelligenda,
1030 3793 1137 3831 non
1183 3777 1322 3830 sicut
1362 3777 1594 3832 mundus
1619 3777 1870 3842 credidit,
1902 3789 2062 3846 quem

477 3874 810 3929 crediturum
845 3873 958 3942 ipse
987 3871 1243 3933 laudavit,
1281 3871 1394 3940 ipse
1440 3870 1712 3938 promisit,
1759 3869 1874 3936 ipse
1915 3881 2064 3920 coin-

478 3966 666 4036 plevit.
718 3963 834 4020 Non
879 3966 1064 4033 itaque
1097 3963 1379 4018 credentes
1425 3962 1567 4031 quod
1602 3959 1816 4013 mentiri
1873 3958 2060 4027 possit,

477 4058 700 4113 credant
727 4071 847 4112 esse
883 4054 1150 4110 facturum
1203 4054 1348 4124 quod
1386 4069 1444 4109 se
1481 4053 1750 4108 facturum
1791 4064 1916 4105 esse
1947 4065 2066 4118 pro-

477 4150 654 4213 misit;
705 4157 760 4203 et
787 4149 868 4202 sic
893 4147 1118 4204 credant
1163 4146 1301 4202 sicut
1337 4145 1570 4201 credidit
1615 4143 1865 4207 nmndus,
1901 4155 2063 4209 quem

472 4239 808 4293 crediturum
861 4251 983 4292 esse
1035 4235 1305 4306 praedixit,
1365 4249 1524 4304 quem
1570 4233 1904 4288 crediturum
1943 4245 2063 4287 esse

2167 1773 2390 1844 insuper
2417 1772 2662 1828 conciliis
2687 1771 3038 1842 generalibus
3065 1768 3367 1834 roboravit,
3419 1784 3486 1822 ex
3537 1779 3767 1840 aposto-

2165 1865 2272 1920 lica
2299 1865 2624 1920 auctoritate
2673 1863 2872 1918 tradita
2909 1862 3214 1918 rectissime
3243 1860 3508 1916 creditur.
3541 1859 3686 1913 Nam
3723 1857 3768 1912 si

2166 1957 2294 2012 illud
2333 1958 2476 2027 quod
2523 1971 2742 2026 semper
2771 1955 3014 2012 Ecclesia
3057 1954 3228 2010 tenuit
3277 1953 3440 2008 nullis
3489 1953 3766 2006 munitum

2165 2051 2412 2106 conciliis
2438 2049 2787 2119 apostolicum
2819 2059 2924 2110 est,
2961 2055 3166 2115 quanto
3197 2045 3368 2114 magis
3423 2041 3558 2098 illud
3605 2043 3758 2110 quod

2165 2151 2220 2196 et
2247 2157 2462 2212 semper
2489 2140 2684 2206 tenuit,
2710 2146 2764 2194 et
2793 2137 2980 2194 multis
3011 2147 3096 2192 est
3121 2141 3202 2206 (ut
3227 2135 3362 2206 dixi)
3389 2133 3642 2190 comitiis
3677 2147 3768 2203 ge-

2167 2233 2442 2290 neralibus
2495 2231 2898 2295 confirmatum,
2955 2245 3024 2283 ex
3087 2227 3382 2297 apostolica
3427 2226 3766 2280 auctoritate

2167 2325 2424 2380 traditum
2445 2337 2566 2379 esse
2591 2322 2922 2378 credendum
2951 2329 3036 2375 est
3068 2337 3082 2371 :
3117 2319 3224 2373 Sed
3263 2333 3458 2388 panem
3487 2327 3546 2370 et
3569 2316 3764 2369 vinum

2167 2416 2358 2472 altaris
2388 2415 2596 2470 Domini
2624 2413 2678 2468 in
2709 2427 2908 2481 corpus
2940 2421 2994 2466 et
3033 2409 3354 2478 sanguinem
3381 2405 3588 2460 Christi
3631 2402 3766 2458 sub-

2167 2507 2496 2565 stantialiter
2519 2505 2843 2562 commutari
2873 2504 3000 2573 (non
3019 2503 3160 2556 sicut
3179 2500 3374 2554 delirat
3399 2497 3766 2567 Berengarius

2167 2601 2412 2670 corporis
2433 2607 2486 2652 et
2509 2597 2788 2669 sanguinis
2819 2595 3028 2650 Domini
3067 2594 3268 2664 figuras
3297 2601 3513 2644 tantum
3549 2603 3668 2642 ese
3709 2599 3762 2640 et

2169 2693 2410 2756 umbras,
2427 2700 2519 2745 aut
2543 2692 2684 2745 intra
2711 2703 2770 2744 se
2795 2689 3049 2742 latentem
3065 2685 3340 2740 Christum
3373 2683 3604 2752 tegere),
3633 2681 3758 2732 nui-

2167 2785 2394 2839 versalis
2417 2781 2668 2838 Ecclesia:
2691 2780 3048 2836 consensione
3078 2777 3392 2830 roboratam
3414 2782 3518 2828 est.
3549 2770 3760 2826 Securi

2171 2875 2334 2946 igitur
2361 2889 2492 2929 voce
2521 2874 2856 2943 gubernante
2893 2871 3122 2927 Domino
3165 2869 3278 2922 Deo
3325 2875 3514 2922 nostro
3553 2874 3612 2918 et
3639 2863 3762 2917 Sal-

2169 2977 2356 3021 vatore
2399 2963 2522 3019 Jesu
2560 2964 2796 3026 Christo,
2829 2963 2884 3017 id
2931 2977 2961 3016 a
2994 2962 3148 3016 nobis
3183 2961 3354 3016 asseri
3383 2967 3588 3031 potest.
3619 2957 3759 3011 Dili-

2165 3067 2354 3128 genter
2399 3071 2528 3112 sane
2557 3057 2600 3110 si
2631 3056 2856 3110 daretur
2889 3055 3059 3118 locus,
3093 3068 3212 3108 etim
3259 3052 3378 3122 ipso
3421 3049 3758 3122 Berengario

2165 3151 2437 3206 discutere
2462 3147 2676 3212 vellem,
2707 3163 2832 3202 cum
2873 3146 3082 3216 aliquos
3127 3146 3322 3202 doceat
3349 3143 3484 3199 nihil
3531 3143 3584 3198 in
3631 3143 3758 3196 cibo

2166 3242 2354 3296 altaris
2386 3241 2598 3296 Domini
2644 3241 2888 3310 corporis
2937 3249 2990 3294 et
3041 3239 3322 3310 sanguinis
3371 3236 3601 3298 Christi,
3649 3239 3756 3290 nisi

2165 3335 2412 3389 umbram
2449 3341 2656 3388 tantum
2691 3341 2748 3388 et
2791 3333 3020 3404 figuram
3055 3332 3265 3396 haberi,
3295 3330 3568 3402 aliquibus
3592 3345 3752 3388 vero.

2167 3433 2422 3494 tanquam
2453 3423 2706 3478 subtilius
2745 3425 3130 3494 qmercntibus,
3171 3422 3538 3487 satisfaciens,
3579 3423 3752 3490 ipsum

2166 3517 2236 3570 ibi
2263 3529 2458 3585 corpus
2492 3515 2692 3570 Christi
2721 3527 2839 3570 esse
2897 3515 3241 3585 respondeat,
3285 3512 3379 3568 sed
3417 3514 3752 3582 impanatum

2166 3608 2375 3661 latere:
2412 3605 2538 3674 quid
2565 3605 2668 3660 sibi
2711 3605 2764 3658 in
2802 3605 2983 3674 priore
3025 3604 3292 3658 sententia
3335 3602 3638 3672 displiceat,
3693 3611 3750 3654 ut

2166 3699 2546 3755 satisfacturus
2593 3697 2966 3766 qtnerentihus
2998 3695 3348 3766 transmigret
3393 3693 3460 3746 ad
3501 3692 3748 3754 alteram,

2167 3799 2259 3845 aut
2287 3791 2415 3860 quid
2441 3791 2493 3843 in
2523 3789 2824 3858 posteriore
2851 3789 3166 3850 abhorreat,
3201 3795 3260 3838 ut
3295 3784 3482 3839 redeat
3511 3783 3576 3836 ad
3607 3783 3750 3850 prio—

2167 3899 2304 3938 rem.
2348 3880 2626 3950 Migrando
2651 3880 2794 3933 enim
2829 3879 2894 3932 ad
2939 3877 3252 3940 secundam,
3283 3876 3522 3944 priorem
3563 3887 3746 3940 repro-

2165 3973 2287 4038 bat;
2329 3971 2602 4026 redeundo
2633 3971 2700 4024 ad
2725 3969 2982 4038 priorem,
3011 3967 3236 4022 alteram
3261 3967 3500 4020 damnat.
3539 3961 3658 4029 Quo
3691 3961 3748 4012 tit

2165 4074 2226 4118 ut
2247 4075 2529 4133 utramque
2557 4059 2908 4123 defensando,
2937 4067 3184 4112 neutram
3215 4065 3412 4112 teneat.
3443 4053 3600 4109 Unde
3625 4067 3748 4106 coa-

2167 4153 2428 4222 sequitur,
2465 4160 2523 4206 ut
2558 4165 2680 4205 cum
2711 4149 2947 4217 reliquas
2977 4147 3278 4203 sententias
3323 4159 3516 4200 omnes
3549 4143 3744 4201 oderit,

2167 4247 2234 4300 de
2284 4245 2364 4299 his
2410 4241 2706 4297 Dominicis
2747 4239 3103 4295 sacramentis
3134 4236 3260 4307 quid
3305 4237 3500 4290 debeat
3531 4235 3748 4288 crelere

477 4329 737 4392 laudavit,
771 4344 930 4398 quem
953 4329 1286 4382 crediturum
1313 4340 1434 4381 esse
1459 4326 1723 4396 promitit,
1753 4339 1910 4394 quem
1940 4337 2063 4378 cre-

2167 4341 2382 4409 penitus
2433 4336 2567 4391 nihil
2606 4336 2760 4390 sciat.
2809 4335 3018 4388 Exinde
3057 4345 3270 4401 quoque
3301 4329 3352 4383 id
3383 4328 3580 4383 accidit
3609 4326 3748 4395 qucd

477 4418 678 4472 didisse
703 4417 814 4486 jam
845 4417 1102 4472 ostendit.
1137 4415 1194 4471 Si
1231 4429 1360 4485 ergo
1387 4415 1560 4479 vobis,
1591 4431 1623 4468 o
1651 4413 2060 4484 Berengariani,

477 4508 536 4564 Β.
568 4510 898 4582 Augustinus
928 4510 1024 4576 ita,
1051 4519 1109 4564 ut
1135 4509 1295 4577 solet,
1321 4509 1656 4564 clarissimus
1675 4517 1778 4575 est,
1799 4509 2062 4576 judicium

477 4600 596 4670 ejus
641 4601 949 4670 sequimini,
979 4601 1186 4656 credite
1215 4601 1280 4655 de
1308 4615 1534 4669 corpore
1567 4610 1621 4656 et
1649 4601 1913 4668 sanguine
1955 4603 2063 4654 Do-

479 4695 609 4750 mini
639 4695 780 4764 quod
812 4695 1042 4749 mundus
1074 4695 1268 4760 credit,
1295 4703 1350 4748 et
1382 4694 1462 4748 sic
1499 4693 1708 4748 credite
1733 4694 1872 4748 sicut
1907 4708 2064 4747 mun-

478 4786 580 4840 dus
605 4785 853 4840 credidit.
886 4784 942 4838 Si
981 4785 1125 4838 enim
1153 4784 1321 4849 aliud,
1359 4793 1452 4837 aut
1479 4783 1706 4853 idipsum
1749 4785 1906 4839 aliter
1943 4797 2062 4837 ere-

478 4873 628 4940 ditis,
658 4873 790 4927 dicit
819 4875 971 4928 vobis
1012 4875 1342 4944 Angustinus
1391 4884 1594 4938 vester,
1653 4875 1794 4943 quod
1843 4887 2062 4944 gravem

479 4966 590 5018 Deo
613 4963 864 5032 injuriam
895 4963 1100 5031 facitis,
1132 4966 1259 5034 quia
1289 4965 1512 5020 creditis
1542 4965 1610 5019 de
1651 4965 1870 5018 Christo
1902 4965 2062 5018 aliter

475 5069 642 5122 quam
677 5053 819 5106 sicut
851 5053 1083 5106 mundus
1111 5055 1363 5118 credidit,
1391 5069 1550 5123 quem
1582 5056 1911 5110 crediturum
1941 5069 2062 5109 esse

479 5145 623 5199 Deus
652 5145 921 5202 praedixit.
951 5143 1206 5202 laudavit.
1239 5146 1508 5202 ominisit.
1535 5146 1792 5200 ostendit.
1827 5147 1980 5202 Ouod
2014 5146 2058 5200 si

2167 4432 2472 4487 Certissime
2503 4429 2771 4491 novimus,
2813 4427 2954 4495 quod
2987 4423 3342 4493 Berengarius
3371 4428 3429 4476 et
3467 4419 3572 4486 sui,
3607 4418 3650 4476 si
3681 4421 3744 4471 ab

2165 4523 2393 4578 eruditis
2415 4520 2709 4575 Catholicis
2736 4517 2804 4573 dc
2833 4533 2928 4572 sua
2953 4516 3058 4570 tide
3087 4513 3448 4568 discutiantur
3479 4530 3493 4564 :
3527 4513 3582 4564 id
3605 4519 3744 4580 quod

2167 4613 2232 4665 de
2254 4623 2478 4677 corpore
2507 4606 2716 4662 Domini
2753 4613 2957 4668 tenent,
2993 4611 3084 4656 aut
3111 4601 3282 4656 territi
3319 4603 3610 4668 denegauit,
3657 4607 3745 4650 aut

2165 4703 2209 4756 si
2241 4700 2574 4770 proﬁtemur,
2617 4694 2906 4748 defendere
2938 4708 3042 4747 non
3066 4691 3264 4744 valent.
3312 4689 3418 4742 Sed
3461 4697 3744 4757 negatores

2163 4805 2305 4844 verm
2333 4788 2458 4843 ﬁdei
2483 4788 2550 4842 de
2580 4787 2814 4846 Christo,
2847 4785 3112 4838 sententia
3141 4782 3228 4834 iila
3255 4779 3460 4834 Christi
3493 4779 3744 4833 terribilis

2163 4881 2384 4951 excipit,
2410 4894 2514 4950 qua
2548 4879 2680 4932 dixit
2713 4895 2725 4929 :
2761 4877 2864 4942 Qui
2893 4891 2974 4928 me
3001 4874 3262 4928 erubuerit
3289 4881 3336 4926 et
3369 4889 3512 4927 meos
3545 4889 3742 4926 semo-

2173 4989 2297 5034 nes,
2357 4972 2494 5024 Imnc
2547 4969 2688 5038 ﬁlius
2735 4967 2957 5021 hominis
3004 4963 3262 5018 erubescet
3311 4962 3466 5034 (Luc.
3513 4963 3613 5032 ιιι).
3685 4961 3745 5014 Et

2165 5061 2362 5116 Paulus
2393 5077 2406 5114 :
2439 5059 2500 5115 Si
2539 5061 2920 5130 negaverimus,
2961 5056 3154 5125 inquit,
3194 5063 3242 5108 et
3273 5056 3384 5124 ipse
3419 5057 3626 5124 negabit
3655 5070 3744 5105 nos

2164 5151 2246 5202 (11
2281 5152 2417 5202 ’l‘im.
2441 5151 2525 5202 nl.
2558 5153 2628 5202 At
2657 5163 2785 5202 vero
2813 5149 2858 5202 si
2893 5149 3210 5202 proﬁtentur
3235 5159 3286 5196 et
3319 5145 3614 5201 defendere.
3651 5163 3746 5198 ne-
