4006 5282
213 339 236 399 I
259 341 352 399 189

883 335 970 392 or:
1007 309 1346 394 cearoms
1371 337 1454 392 er
1493 335 1791 407 suone

1896 333 1948 388 NI
1985 333 2160 388 LIBRI
2195 331 2396 386 TRES.
2429 359 2500 370 --
2540 329 2666 384 LII).
2701 329 2784 382 Ill.

3349 329 3494 384 I493-

213 454 513 510 eorum'cui
551 451 850 508 adversarii
883 466 1074 507 omnes
1101 453 1354 507 resistere
1399 469 1504 508 non
1534 445 1794 507 valerent.
1827 453 1874 514 Α
1903 448 2014 504 sola
2041 446 2398 509 rationabilis,
2425 446 2538 498 sola
2583 458 2732 505 vera,
2783 440 2896 497 sola
2925 448 3064 508 rata,
3095 455 3486 512 usquequaque

213 547 328 600 Non
361 545 506 599 enim
543 551 718 614 potest
749 543 964 597 mentiri
999 543 1213 599 Veritas
1242 560 1360 612 qua:
1389 544 1500 598 suis
1539 543 1642 598 hoc
1679 559 1802 612 pro-

211 638 378 692 misit.
407 635 594 690 Nullus
620 644 800 689 autem
829 636 1024 688 horum
1057 635 1288 690 inveniri
1327 643 1522 704 potest,
1565 635 1652 689 cui
1695 649 1799 688 non

211 729 424 799 possint
471 725 728 780 resistere
773 726 946 780 nostri
991 724 1254 780 Catholici
1296 741 1310 780 :
1361 740 1532 794 usque
1560 725 1696 780 adeo
1739 733 1798 778 ut

213 817 604 874 hairesiarehes
647 817 1008 885 Berengarius
1037 817 1312 872 multotics
1345 817 1602 880 rcvictus,
1631 815 1797 870 etiam

209 919 554 966 sacramento
587 909 818 980 propriae
847 925 1038 964 manus
1083 909 1134 962 in
1181 907 1522 980 generalibus
1559 906 1802 961 conciliis

207 1004 462 1058 vesanias
485 1001 619 1056 istas
637 999 912 1068 abiurasse
939 1009 1207 1055 teneatur.
1233 997 1594 1066 Quamobrem
1621 997 1797 1067 palam

206 1105 291 1150 est
317 1095 445 1164 quia
477 1110 581 1148 non
604 1103 728 1146 sunt
757 1093 844 1148 isti
875 1092 1186 1148 defensores
1217 1109 1358 1148 verae
1389 1091 1512 1146 ﬁdei
1545 1107 1642 1146 nec
1677 1091 1793 1156 ﬁlii,

206 1187 302 1240 sed
325 1184 620 1238 adversarii
645 1183 848 1240 Christi
879 1185 1153 1240 Ecclesiae.
1193 1185 1364 1240 Porro
1401 1193 1580 1238 autem
1628 1185 1672 1240 si
1706 1185 1792 1240 isti

205 1285 333 1332 situt
361 1275 602 1331 Ecclesia
635 1274 858 1338 Christi,
891 1285 984 1330 aut
1025 1293 1053 1329 a
1109 1276 1328 1332 Christo
1382 1276 1626 1332 Ecclesia
1687 1291 1793 1330 non

205 1367 398 1436 etrapit,
427 1372 520 1421 aut
545 1365 732 1436 aliquo
757 1377 878 1436 post
909 1376 1148 1438 tempore
1175 1383 1298 1422 esse
1337 1369 1515 1424 desiit.
1565 1369 1790 1423 Notissi-

207 1473 354 1511 mum
389 1471 624 1525 namque
665 1459 874 1513 esthoc
911 1467 1152 1528 tempore
1183 1461 1496 1529 priusquam
1519 1461 1790 1532 Berenga-

207 1551 320 1602 rius
352 1548 640 1604 insanisset
656 1590 670 1614 ,
699 1549 1006 1618 huiusmodi
1025 1553 1290 1616 vesanias,
1307 1569 1582 1620 nunquam
1599 1553 1788 1609 fuisse.

203 1637 310 1691 Sed
339 1655 402 1692 ex
437 1647 678 1708 tempore
703 1640 899 1694 Christi
929 1641 1163 1696 Ecclesia
1203 1642 1256 1694 in
1287 1643 1546 1710 apostolis
1576 1652 1630 1697 et
1659 1659 1793 1712 apo-

201 1729 464 1784 stolorum
496 1731 772 1799 discipulis
808 1731 937 1796 fuit;
969 1733 1064 1787 sed
1109 1749 1282 1804 neque
1331 1743 1519 1805 postea
1552 1751 1788 1805 unquam

1905 541 2110 594 munita
2143 547 2198 593 et
2255 535 2602 598 inviucibilis,
2655 534 2964 600 utilissima,
3017 535 3348 598 necessaria,
3399 536 3485 604 ju-

1903 632 2236 690 cundissima
2274 639 2331 684 et
2382 627 2768 683 honestissima
2819 627 3224 695 comprobatur.
3279 625 3486 682 Christi

1901 735 2086 780 autem
2113 724 2410 792 impanatlo
2435 721 2526 776 ubi
2559 723 2611 776 in
2645 720 2824 775 Veteri
2871 719 3048 790 autin
3099 719 3250 774 Novo
3291 719 3482 774 Testa-

1901 824 2086 872 mento
2115 813 2348 884 legitur?
2373 813 2490 878 Qua
2527 811 2756 878 ratione,
2783 810 2978 880 quibus
3001 809 3358 880 argumentis,
3391 819 3514 866 aut'

1899 907 2177 962 miraculis
2219 903 2498 959 munitur?
2543 903 2675 969 Quae
2719 901 3038 966 necessitas,
3091 916 3210 972 quae
3258 901 3482 968 utilitas,

1899 999 2021 1068 quis
2065 999 2240 1052 honor
2263 995 2540 1050 Christum
2565 995 2855 1050 Dominum
2897 1001 3144 1050 nostrum
3177 1007 3278 1063 pro
3313 993 3486 1050 nihilo

1899 1091 2202 1160 impanare,
2247 1097 2303 1142 et
2331 1086 2614 1142 invinare?
2650 1087 2720 1140 At
2751 1099 2882 1140 vero
2925 1097 3118 1155 panem
3175 1093 3384 1142 tantum
3429 1092 3486 1140 et

1897 1184 2082 1238 vinum
2133 1182 2186 1236 in
2219 1181 2388 1251 ﬁgura
2419 1191 2476 1234 ct
2527 1179 2716 1234 umbra
2752 1177 2956 1234 Christi
2987 1179 3170 1243 edere,
3214 1177 3358 1246 quod
3393 1179 3484 1232 isti

1897 1276 2146 1339 credunt,
2199 1282 2254 1329 et
2301 1272 2578 1328 Christum
2629 1273 2682 1326 in
2737 1272 2848 1342 ipsa
2893 1272 3120 1327 veritate
3167 1270 3486 1328 substantia)

1895 1383 2008 1425 sua:
2037 1368 2385 1430 manducare,
2421 1375 2682 1435 quantum
2723 1367 2790 1420 ad
2821 1365 3109 1420 utilitatem
3140 1373 3194 1419 et
3221 1366 3482 1420 honorem

1895 1469 1952 1514 et
1979 1458 2355 1514 excellentiam
2385 1467 2628 1512 nostrain
2671 1457 2938 1526 pertinet,
2981 1457 3104 1526 quis
3144 1457 3230 1510 vel
3251 1457 3484 1512 "demen-

1897 1551 2142 1606 tissimus
2182 1551 2234 1604 in
2265 1550 2448 1618 aliquo
2479 1557 2754 1604 momento
2797 1548 3048 1608 conferre
3083 1550 3294 1618 potest?
3339 1547 3480 1602 Dum

1895 1645 2041 1700 enim
2081 1643 2306 1700 verbum
2357 1643 2450 1698 Dei
2498 1657 2716 1698 carnem
2771 1642 2974 1697 factum
3028 1642 3150 1697 cibo
3201 1641 3484 1696 Dominico

1901 1739 2106 1806 absque
2147 1737 2510 1806 impanatlonc
2539 1745 2594 1792 et
2621 1737 2952 1792 invinatione
2981 1737 3340 1802 substantive,
3377 1752 3486 1791 non

201 1821 395 1875 defuit.
429 1821 911 1877 Mentiretnrenim
939 1823 1218 1894 Scriptura
1251 1841 1346 1895 per
1368 1827 1659 1896 prophetas
1681 1829 1789 1883 cla-
1823 1797 1864 1856 Β
1901 1828 2200 1882 umbratice
2233 1842 2330 1882 nos
2359 1842 2577 1882 sumere
2625 1827 2897 1883 credimus
2927 1844 2940 1892 ;
3000 1827 3126 1881 dum
3157 1843 3224 1882 ex
3279 1829 3484 1883 virtute

207 1926 406 1966 mans:
441 1911 506 1964 Et
535 1914 676 1982 regni
705 1914 822 1982 ejus
849 1930 950 1968 non
978 1917 1076 1968 erit
1107 1915 1226 1984 ﬁnis
1263 1917 1413 1986 (Luc.
1447 1918 1508 1987 ι).
1539 1915 1794 1974 Mentire-

203 2000 526 2056 turGabriel
551 2002 909 2072 archangelus
934 2003 1165 2072 idipsum
1183 2006 1354 2060 beata:
1378 2007 1558 2062 Maria:
1585 2009 1788 2064 dicens.

203 2091 530 2148 Mentiretur
555 2103 608 2149 et
637 2094 751 2162 ipsa
787 2093 1020 2160 Veritas,
1051 2113 1168 2165 qua:
1191 2099 1266 2152 ait
1295 2113 1310 2152 :
1345 2098 1474 2153 Ecce
1499 2117 1592 2170 ego
1623 2101 1791 2155 vobis-

203 2199 324 2236 cum
371 2201 486 2238 sum
535 2201 696 2254 usque
725 2187 796 2240 ad
840 2191 1336 2244 consummationem
1364 2193 1544 2246 surculi
1573 2193 1790 2264 (Matth.

201 2273 531 2345 :x\'ttt).Sed
562 2275 702 2330 absit
735 2277 838 2332 hoc
861 2289 919 2331 ut
950 2281 1164 2333 mentiri
1189 2281 1360 2350 possit
1394 2281 1608 2337 Veritas
1635 2285 1717 2338 vel
1737 2286 1790 2338 in

201 2365 390 2419 verbis
420 2366 667 2436 prOpriis,
691 2367 774 2421 vel
811 2369 862 2422 in
891 2371 1058 2425 tantis
1091 2371 1317 2427 testibus
1347 2375 1477 2428 suis.
1507 2373 1790 2445 Nunquam

201 2455 370 2528 igitur
394 2468 514 2526 post
541 2459 816 2516 Christum
859 2461 1100 2518 Ecclesia
1133 2463 1336 2520 Christi
1369 2481 1492 2522 esse
1537 2469 1788 2524 cessavit.

205 2547 330 2602 Non
362 2563 488 2604 sunt
533 2551 695 2622 igitur
723 2552 958 2608 Ecclesia
992 2555 1214 2620 Christi,
1260 2567 1350 2610 aut
1388 2569 1534 2614 certe
1581 2561 1624 2614 si
1676 2576 1733 2616 sc
1761 2579 1792 2616 a

195 2641 418 2696 Christo
443 2645 698 2714 corpisse,
741 2653 795 2700 et
837 2647 940 2702 huc
993 2663 1164 2717 usque
1208 2664 1584 2718 perseverasse
1615 2654 1791 2724 impu-

199 2732 536 2788 dentissima:
593 2737 915 2793 mentientes
965 2739 1193 2794 dicunt:
1247 2741 1586 2808 Ostendam,
1635 2745 1791 2815 juxta

201 2822 441 2879 Danielis
458 2827 788 2894 vaticinium,
815 2841 1049 2900 quatuor
1069 2834 1388 2904 principalia
1415 2851 1578 2908 regna
1603 2841 1790 2896 mundi

195 2931 258 2970 se
286 2919 626 2984 contrivisse,
670 2923 956 2978 ostendant
983 2941 1042 2980 se
1086 2928 1271 2982 orbem
1303 2937 1570 2986 terrarum
1603 2933 1794 3004 imple—

197 3007 368 3073 visse,
403 3011 691 3064 ostendant
746 3029 900 3067 suum
954 3031 1176 3086 regnum
1234 3017 1387 3072 alteri
1443 3021 1639 3090 populo
1683 3039 1788 3078 non

193 3097 449 3152 cessisse.
481 3099 635 3166 Quoi
663 3116 756 3156 eos
789 3119 892 3156 non
927 3119 1107 3173 posse,
1145 3108 1398 3168 omnibus
1435 3111 1568 3165 satis
1614 3113 1785 3166 abun-

193 3187 374 3257 deque
419 3193 763 3262 perspicuum
794 3205 901 3261 est,
955 3212 1078 3251 eum
1129 3209 1312 3254 noster
1341 3202 1591 3272 populus,
1621 3219 1783 3272 regna

197 3281 384 3335 mundi
415 3283 712 3351 possideat,
742 3296 795 3340 et
825 3287 924 3341 hos
955 3287 1099 3356 ipsos
1141 3291 1464 3345 auctoritate
1491 3301 1548 3346 et
1575 3269 1786 3348 ratione

195 3368 527 3440 confringat.
571 3373 912 3444 Quapropter
963 3377 1202 3434 Ecclesia
1249 3389 1434 3435 nostra
1486 3397 1516 3436 a
1565 3383 1787 3439 Christo

194 3455 420 3514 fundata
453 3478 556 3516 non
590 3479 618 3516 a
647 3463 1000 3535 Berengario,
1032 3483 1206 3536 neque
1231 3470 1462 3539 incoepta
1497 3487 1524 3524 a
1557 3472 1787 3528 Turonis

191 3549 286 3604 vel
314 3549 639 3619 Andegavis,
669 3555 764 3610 sed
797 3556 937 3610 sicut
968 3558 1222 3628 praecepit
1248 3558 1520 3624 Christus,
1563 3571 1618 3614 et
1665 3577 1788 3630 pro-

193 3643 378 3713 phetae
433 3647 795 3714 praedixerunt
829 3667 841 3701 :
883 3652 952 3704 ab
995 3650 1395 3722 Hyerosolymis
1427 3654 1480 3708 in
1527 3663 1786 3710 :etcrnnai

195 3735 426 3801 valeat,
477 3737 878 3808 Berengariana
923 3755 1052 3796 vero
1099 3743 1317 3798 vesiana
1372 3746 1438 3798 ad
1491 3745 1788 3803 Ecclesiam

195 3826 406 3883 Christi
457 3845 562 3884 non
593 3835 892 3904 pertinens,
941 3837 992 3892 iu
1028 3845 1291 3894 aeternum
1341 3839 1563 3894 confusa
1614 3843 1788 3898 conti-

197 3932 404 3976 (‘CSCQL

275 4011 429 4068 Nunc
475 4029 606 4070 sane
655 4017 800 4072 illam
859 4021 1022 4074 etiam
1078 4023 1502 4092 propositionem
1535 4041 1696 4095 quam
1736 4029 1788 4084 in

195 4104 382 4171 primo
436 4103 616 4159 libello
663 4113 944 4176 tantopere
993 4113 1363 4179 probavimus,
1408 4129 1475 4167 an
1525 4117 1798 4173 conﬁcere

120 4251 126 4258 ,
199 4193 409 4262 aliquid
437 4195 627 4262 possit,
661 4197 956 4253 videamus.
983 4197 1339 4257 Probavimus
1363 4205 1505 4257 enim
1536 4207 1790 4274 quoniam

195 4283 250 4336 si
283 4284 424 4338 Deus
469 4285 606 4340 hanc
637 4289 992 4344 mutationem
1043 4293 1200 4359 panis
1247 4302 1301 4346 et
1337 4295 1442 4348 vini
1474 4311 1634 4364 quam
1676 4313 1792 4352 cre-

197 4377 385 4432 dimus
427 4379 605 4435 facere
633 4383 770 4447 vult,
823 4383 972 4440 facit.
1029 4383 1182 4439 Nunc
1229 4397 1404 4442 autem
1455 4399 1790 4460 assumptum

1895 1919 2250 1989 plenitudinis
2263 1919 2385 1972 vita:
2407 1926 2623 1973 aeternae
2649 1918 2702 1972 in
2729 1919 2920 1974 eodem
2945 1917 3068 1972 cibo
3089 1909 3358 1974 manentis
3386 1933 3486 1973 nos

1897 2013 1949 2068 in
1981 2023 2246 2070 :eternum
2271 2015 2512 2069 victuros
2541 2027 2860 2083 speramus:
2903 2011 3032 2082 quid
3067 2013 3168 2067 hae
3199 2012 3322 2078 ﬁde,
3361 2026 3484 2067 cum

1895 2104 1968 2160 sit
2011 2112 2090 2158 tot
2117 2113 2171 2158 et
2201 2105 2366 2159 tantis
2397 2105 2722 2160 testimoniis
2750 2105 3070 2173 approbata,
3111 2103 3315 2169 verius,
3353 2103 3486 2173 quid

1895 2193 2272 2250 rationabilius
2299 2196 2593 2266 excogitari
2623 2197 2832 2265 potest?
2876 2195 3014 2262 Quid
3063 2196 3186 2260 hac,
3231 2195 3478 2266 inquam,

1897 2285 2003 2342 ﬁde
2027 2287 2240 2352 utilius,
2269 2287 2396 2357 quid
2451 2289 2623 2360 magis
2665 2291 3050 2352 necessarium,
3089 2287 3218 2357 quid
3251 2289 3486 2343 honora-

1895 2378 2082 2443 bilius;
2110 2379 2238 2434 dum
2263 2393 2460 2450 purum
2484 2379 2785 2444 Christum,
2825 2395 2931 2434 non
2959 2379 3344 2441 umbraticum,
3381 2393 3484 2434 nes

1895 2483 2001 2538 que
2031 2470 2363 2539 impanatum
2405 2485 2541 2540 pura
2589 2469 2702 2540 ipsa
2733 2471 3054 2540 suscipiens,
3085 2476 3268 2540 utpote
3321 2477 3486 2524 tantm

1894 2559 2078 2630 gloriae
2095 2575 2316 2616 munere
2339 2561 2511 2626 dives,
2533 2575 2744 2616 summo
2767 2561 3082 2616 reverentiae
3097 2568 3242 2614 metu
3260 2568 3490 2630 peccata
3515 2607 3518 2610 .

1895 2651 2068 2720 magis
2094 2651 2402 2718 abhorreat,
2429 2667 2644 2707 summo
2672 2651 2926 2707 desiderii
2957 2651 3152 2705 ardore
3191 2650 3244 2703 in
3267 2664 3488 2728 omnem

1889 2739 2159 2810 justitiam
2193 2743 2426 2812 amplius
2459 2741 2687 2806 ferveat,
2721 2751 2977 2811 tanquam
3014 2739 3222 2794 Domini
3255 2739 3338 2794 sui
3385 2738 3488 2792 ho.

1895 2842 2031 2889 stem
2059 2835 2274 2889 studeat
2301 2847 2646 2904 summopere
2663 2835 2906 2905 quotidie
2951 2833 3138 2904 fugere
3185 2830 3476 2895 mundum;

1889 2925 2112 2994 jamque
2143 2926 2210 2980 de
2239 2925 2692 2994 promissionibus
2743 2923 2864 2992 eius
2914 2937 3014 2991 pro
3057 2929 3205 2976 tanto
3258 2917 3488 2990 pignore

1893 3021 2119 3084 certior,
2151 3022 2459 3077 audientius
2507 3031 2672 3092 atque
2723 3021 3006 3078 ardentius
3053 3019 3294 3074 revelata
3343 3017 3485 3074 facio

1894 3114 2072 3180 ipsum
2103 3111 2228 3164 vitae
2257 3109 2458 3166 fontem
2487 3112 2624 3166 votis
2651 3111 2904 3172 omnibus
2947 3109 3140 3180 gestiat
3177 3107 3490 3176 apprelieno

1890 3203 2021 3257 dere
2051 3203 2216 3255 Deum
2239 3202 2266 3253 ?

1959 3293 2128 3348 Multa
2161 3300 2350 3346 contra
2405 3291 2536 3346 istos
2584 3292 2696 3358 jam
2727 3293 3020 3354 diximus,
3069 3291 3236 3346 multa
3267 3303 3492 3358 quoque

1887 3383 2067 3437 adhuc
2107 3383 2214 3437 diei
2245 3391 2506 3452 possunt;
2541 3383 2634 3437 sed
2663 3383 2768 3452 piis
2803 3383 3074 3438 mentibus
3105 3385 3186 3453 (ut
3215 3381 3482 3451 arbitror)

1891 3473 1993 3526 ista
2046 3471 2338 3526 sullicinnt.
2389 3469 2528 3536 Quid
2577 3470 2720 3524 enim
2775 3470 3006 3539 amplius
3043 3471 3302 3526 adversus
3347 3469 3506 3524 istos-

1887 3575 2220 3638 qutererent,
2251 3583 2374 3622 cum
2399 3566 2790 3634 olijectationes
2811 3579 3000 3621 eorum
3037 3565 3150 3620 sive
3181 3579 3278 3635 per
3319 3564 3486 3618 ratio-

1889 3671 2006 3720 nes,
2037 3657 2154 3711 sive
2195 3671 2292 3726 per
2321 3658 2643 3726 scripturas,
2677 3667 2876 3710 nostrae
2913 3655 3036 3710 ﬁdei
3088 3655 3223 3708 nihil
3266 3655 3486 3718 obesse,

1891 3749 2000 3802 imo
2031 3763 2164 3804 vero
2190 3749 2336 3818 ipsas
2363 3749 2582 3804 easdem
2625 3748 2934 3817 Scripturas
2981 3747 3261 3803 nobiscum
3309 3745 3484 3816 magis

1889 3853 2016 3894 esse
2044 3839 2180 3896 satis
2211 3839 2496 3910 lucidcque
2539 3850 2898 3895 monstratum
2945 3841 3018 3895 sit
3045 3854 3060 3892 :
3095 3855 3220 3894 cum
3251 3840 3486 3894 istorum

1891 3932 2197 3988 dementias
2219 3940 2274 3987 et
2295 3931 2604 4002 singulatim
2629 3939 2682 3987 et
2707 3933 3072 3986 communiter
3111 3939 3219 3984 tam
3248 3943 3480 3984 venera-

1891 4021 2078 4077 bilium
2125 4029 2408 4076 auctorum
2465 4035 2626 4091 quam
2663 4021 2995 4090 propheticis
3047 4027 3104 4074 et
3159 4019 3490 4088 evangelicis

1893 4114 2225 4170 testimoniis
2253 4121 2472 4168 teneant
2501 4114 2813 4182 plenissime
2848 4113 3156 4168 destructas
3187 4129 3200 4160 :
3245 4119 3488 4166 nostram

1893 4221 2022 4260 vero
2053 4205 2214 4260 lidcm
2257 4219 2646 4274 usquequaque
2691 4204 3082 4266 ﬁrmissimam,
3111 4201 3484 4268 utilissimam,

1892 4295 2400 4351 excellentissimam
2457 4309 2776 4364 summeque
2826 4293 3214 4357 necessariam,
3269 4291 3485 4346 videant

1891 4385 2298 4442 evidentissime
2322 4385 2687 4440 declaratum?
2711 4385 2779 4438 At
2809 4398 2939 4440 vero
2969 4383 3149 4453 impiis
3179 4383 3306 4452 quid
3335 4381 3484 4436 sullia

201 4481 372 4539 atque
419 4472 581 4526 etiam
616 4474 750 4528 satis
782 4475 1064 4544 probatum
1117 4487 1231 4542 est,
1274 4481 1398 4549 quia
1453 4481 1596 4534 illam
1647 4482 1785 4538 Dens
1819 4489 1862 4542 1)
1891 4483 2016 4542 ciet,
2061 4480 2104 4534 si
2157 4479 2404 4534 duriores
2456 4481 2602 4534 saxis
2655 4489 2732 4534 tot
2781 4475 3224 4551 argumentorum
3271 4475 3520 4531 malleis.

199 4557 388 4615 facere
417 4561 554 4615 vult.
581 4563 716 4617 Nam
761 4565 996 4633 Spiritus
1029 4577 1251 4624 sanctus
1295 4585 1390 4638 per
1417 4574 1791 4630 sanctissimos

199 4659 460 4706 auctores
489 4655 910 4724 quostemplnm
948 4657 1064 4724 ejus
1095 4657 1262 4712 fuisse
1288 4669 1524 4728 constat,
1564 4662 1666 4718 hoc
1711 4665 1793 4733 (ut

195 4741 562 4812 ostendimus)
607 4743 754 4798 clare
787 4747 1068 4814 perdocuit
1102 4767 1114 4802 :
1164 4747 1374 4806 Veteris
1413 4766 1476 4806 ac
1517 4752 1649 4808 Novi
1691 4753 1792 4808 Τε-

199 4833 460 4888 stameuti
517 4835 1006 4894 incontradicibilis
1063 4841 1359 4896 auctoritas
1421 4845 1790 4910 conﬁrmavit,

199 4924 444 4978 mundus
497 4925 876 4983 univerSaliter
925 4931 1176 4997 credidit,
1223 4930 1377 4998 cujus
1407 4934 1574 4992 solius
1633 4935 1789 4991 ﬁdem

199 5016 350 5052 “huc
377 5016 490 5052 ἶηεο
522 5016 752 5052 Ion-Inui!

807 5021 1174 5052 II'II'IIII:In-nlnn
1205 5021 1367 5052 =n:lnnn
1397 5028 1538 5052 κ-οΛιι
1587 5045 1604 5052 -

1893 4570 2133 4641 percussi
2151 4571 2344 4626 cedere
2365 4571 2576 4638 nolunt,
2603 4573 2646 4627 si
2669 4573 3068 4628 tenebrosiores
3099 4568 3310 4624 interno
3337 4577 3486 4623 truta

1893 4664 2316 4720 fortissimarum
2333 4665 2605 4720 rationum
2631 4665 2748 4720 luce
2771 4662 3086 4722 collustrari
3111 4675 3214 4714 non
3237 4671 3490 4730 possunt,

1893 4768 1986 4812 aut
2012 4765 2164 4812 certe
2193 4757 2544 4812 meretricum
2583 4757 2792 4812 similes
2815 4754 2887 4811 de
2919 4771 3013 4816 sua
3051 4749 3386 4819 turpitudine
3409 4749 3496 4808 vel

1895 4847 2181 4920 perspicua
2204 4846 2534 4904 erubescere
2556 4846 2846 4902 nesciunt?
2877 4859 2984 4909 aut
3007 4846 3312 4901 daemonum
3333 4839 3510 4894 simil;

1897 4941 2006 4996 limi
2033 4945 2270 5004 emptam
2299 4939 2470 4993 semel
2509 4938 2819 4994 vecordiam
2865 4949 3038 5002 tanta
3058 4925 3366 5001 νενιὶιὶπῑιι
3401 4927 3518 4981 (“VP

2699 5027 2818 5052 ωιτη
2846 5029 2878 5052 ι-
2956 5043 2970 5052 .
3003 5028 3116 5052 --.ια
3161 5024 3206 5052 nt
3236 5027 3263 5052 ει
3286 5012 3533 5052 fulcit-ito

2189 5035 2470 5052 cna—33*OAH-
2509 5035 2668 5052 ...ωηιξ-
