4006 5282
556 167 690 226 1491

1533 174 1918 232 GEITMUNDI
1948 176 2369 237 ARCHIEPISC.
2423 181 2772 243 AVERSANI

3677 188 3809 246 “Si

548 279 854 353 disputatio
876 288 982 348 est,
1012 296 1131 351 qua:
1164 273 1646 353 ntrobiquc'valeat
1669 286 1856 342 leviter
1879 304 2139 358 compen-
2167 303 2216 362 Α
2243 291 2402 353 bonis
2426 294 2854 366 porrigerentur.
2881 295 2988 356 Ant
3038 305 3188 354 certe
3228 297 3396 367 (sicut
3431 296 3542 367 jam
3578 302 3816 371 superius

551 374 683 428 sari.
728 372 848 428 Non
879 375 990 438 hic.
1046 375 1186 429 sicut
1241 377 1294 430 in
1349 375 1570 443 scholis,
1618 394 1717 449 pro
1768 381 2017 448 victoria,
2047 393 2139 440 aut

549 465 696 520 sicut
722 466 776 520 in
798 466 1039 536 judiciis,
1067 483 1166 538 pro
1209 469 1540 538 quibuslibet
1572 472 1807 527 terrenis
1841 475 2140 531 commodis

549 558 758 626 agitur;
813 559 938 622 sed,
994 559 1135 614 sicut
1189 575 1374 616 coram
1424 562 1571 628 Deo,
1621 577 1720 634 pro
1763 565 1875 620 vita
1933 575 2138 626 aeterna

550 657 716 718 atque
761 650 971 706 caelesti
1019 651 1376 722 disputatur:
1425 653 1616 709 falsam
1673 657 1874 711 etenim
1927 668 2136 728 partem

546 741 878 809 sempiterna
908 758 1056 798 mors
1084 744 1329 812 devorat,
1361 761 1548 801 veram
1573 757 1754 804 autem
1798 749 1908 803 vita
1933 757 2136 804 aiterna

544 843 792 888 coronat.
826 833 1092 902 Quocirca
1139 835 1290 905 justo
1335 840 1586 894 examine
1635 849 1815 895 vestra
1867 850 1924 896 et
1954 850 2136 898 nostra

543 924 896 994 perpendite,
944 927 992 982 si
1050 929 1180 996 quid
1239 928 1459 1000 dignum
1516 939 1704 986 contra
1755 946 1855 987 nos
1903 931 2136 998 habetis,

543 1016 768 1082 atlerte;
819 1019 864 1073 si
903 1034 1011 1075 non
1066 1021 1298 1088 habetis,
1344 1021 1703 1092 acquiescite.
1727 1023 1907 1092 Quare
1937 1025 2134 1079 morie-

544 1109 676 1164 mini
731 1110 940 1180 gratis?
993 1111 1099 1168 Sed
1155 1113 1285 1182 quid
1335 1114 1567 1184 amplius
1618 1114 1752 1172 istos
1789 1117 2136 1186 prosequar?

541 1200 662 1257 iam
709 1204 1060 1274 disputationi
1107 1205 1234 1262 huic
1276 1207 1558 1276 ponendus
1583 1215 1674 1262 est
1699 1208 1840 1263 linis.
1889 1206 2022 1264 Nam
2068 1211 2134 1269 de

541 1293 754 1350 duabus
805 1295 1028 1367 reliquis
1074 1297 1535 1367 propositionibus
1565 1313 1747 1353 sermo
1794 1299 1977 1355 brevis
2029 1299 2130 1354 ba-

539 1386 748 1441 bcndus
779 1395 883 1442 est.
937 1386 1053 1443 Non
1105 1389 1254 1443 enim
1308 1388 1519 1459 longam
1568 1389 1989 1458 disputationem
2041 1405 2131 1446 aes

542 1475 774 1548 ﬂagitat.

539 1569 736 1627 Contra
766 1589 853 1628 eos
877 1575 970 1645 qui
1000 1574 1407 1649 dicuntpartem
1434 1584 1646 1646 propter
1670 1575 1910 1649 indignos
1937 1575 2127 1629 immu-

1075 1647 1286 1700 tabilem
1315 1662 1605 1704 remanere.

610 1757 689 1812 Ex
719 1759 804 1814 his
824 1752 956 1828 ergo
985 1774 1112 1822 una.
1142 1759 1298 1828 panis
1331 1768 1388 1813 et
1430 1758 1540 1812 vini
1582 1769 1792 1828 partem
1823 1759 1874 1813 in
1903 1772 2123 1815 carnem

539 1860 597 1903 et
643 1851 961 1920 sanguinem
992 1851 1202 1906 Domini
1248 1852 1598 1906 transmutari
1633 1850 1952 1916 confirmat;
1997 1866 2125 1922 par—

542 1950 651 1994 tem
705 1956 835 1996 vero
885 1948 1106 2011 propter
1137 1941 1388 2011 indignos
1439 1941 1829 1997 immutabilem
1877 1942 2122 1997 retineri.

533 2030 719 2085 Altera
758 2046 908 2096 vero,
937 2041 1106 2086 totum
1131 2033 1351 2102 quidem
1389 2047 1585 2103 panem
1617 2043 1673 2088 et
1702 2033 1888 2087 vinum
1936 2032 2127 2086 altaris

533 2123 589 2175 in
620 2137 843 2178 carnem
892 2132 948 2178 et
974 2125 1292 2194 sanguinem
1338 2125 1554 2181 Domini
1600 2125 1842 2181 converti
1892 2125 2123 2192 asserit;

533 2217 628 2270 sed
657 2231 782 2270 cum
818 2214 1021 2288 indigni
1051 2217 1118 2271 ad
1166 2217 1605 2272 communionem
1648 2215 1892 2281 veniunt,
1930 2215 1984 2269 in
2029 2230 2124 2286 pa-

533 2319 660 2360 nem
688 2315 745 2360 et
780 2305 964 2360 vinum
993 2307 1192 2362 iterum
1231 2306 1453 2362 reverti.
1501 2305 1636 2360 Nam
1671 2306 1955 2375 utriusque
1989 2319 2120 2360 sen-

528 2385 718 2452 tentiae
779 2406 1082 2454 assertores
1156 2398 1347 2453 nolunt
1411 2398 1481 2452 ab
1527 2397 1762 2468 indignis
1806 2395 2126 2459 hominibus

533 2503 732 2560 corpus
775 2496 832 2544 et
859 2490 1179 2559 sanguinem
1212 2489 1421 2546 Domini
1458 2505 1616 2561 posse
1659 2489 1994 2560 participari.
2031 2489 2126 2544 His

533 2593 667 2648 ergo
702 2593 826 2633 cum
851 2579 922 2634 sit
945 2594 1102 2635 error
1134 2580 1342 2650 dispar,
1370 2595 1477 2635 una
1509 2590 1688 2635 tamen
1723 2594 1887 2636 causa
1920 2579 2125 2636 erroris

531 2689 638 2734 est.
669 2678 839 2747 Quem
869 2680 1073 2738 eisdem
1102 2697 1319 2752 quoque
1344 2683 1596 2738 muniunt
1622 2683 1978 2753 argumentis,
2016 2685 2122 2738 hoc

533 2769 741 2824 modo:
769 2770 1017 2825 Christus
1043 2771 1140 2838 ait,
1173 2772 1462 2842 inquiunt:
1497 2771 1602 2838 Qui
1639 2774 1926 2827 manducat
1950 2789 2120 2828 meam

534 2875 767 2926 carnem,
797 2870 847 2915 et
878 2877 1048 2916 imum
1072 2865 1380 2933 sanguinem
1401 2863 1546 2929 bibit,
1571 2864 1627 2917 in
1649 2881 1728 2919 me
1760 2873 1932 2918 manet
1954 2875 2001 2919 et
2029 2881 2122 2935 ego

529 2949 590 3005 in
615 2967 676 3006 eo
705 2949 888 3023 (Joan.
905 2951 1002 3023 vr).
1024 2952 1229 3023 lndigni
1246 2963 1424 3009 autem
1449 2969 1554 3009 non
1573 2955 1856 3012 manentin
1881 2955 2118 3022 Christo,

534 3055 639 3098 nec
665 3041 916 3098 Christus
947 3042 998 3098 in
1023 3045 1127 3100 eis.
1154 3043 1268 3098 Non
1293 3045 1434 3099 enim
1468 3054 1694 3114 possunt
1722 3047 1924 3103 duobus
1952 3048 2122 3101 domi-

532 3134 620 3187 nis
655 3135 849 3189 servire
897 3135 1118 3201 (Matth.
1144 3135 1245 3207 vi),
1279 3151 1380 3192 nec
1434 3138 1674 3192 membra
1714 3137 1914 3194 Christi
1963 3139 2119 3194 simul

532 3239 654 3280 esse
674 3233 730 3280 et
751 3223 969 3280 diaboli.
999 3225 1114 3282 Non
1139 3227 1327 3297 igitur,
1354 3227 1528 3294 aiunt,
1553 3230 1882 3284 manducant
1900 3244 2120 3285 carnem

533 3315 760 3380 Christi,
786 3329 962 3386 neque
992 3318 1312 3388 sanguinem
1343 3319 1552 3372 bibunt.
1566 3317 1733 3389 quue
1746 3320 1910 3373 etiam
1939 3335 2122 3374 exem-

531 3405 623 3474 plo
649 3414 920 3461 conantur
943 3415 1214 3473 astruere,
1239 3413 1364 3477 quia
1389 3407 1642 3464 videlicet
1666 3409 1719 3463 in
1745 3409 1874 3464 vitis
1900 3409 2121 3466 Patrum

532 3498 748 3553 cuidam
778 3498 893 3553 seni
932 3500 1080 3554 visus
1111 3501 1183 3554 sit
1225 3499 1446 3570 angelus
1487 3501 1552 3554 ad
1577 3500 2011 3556 communionem
2037 3515 2123 3556 sa-

531 3603 682 3642 cram
715 3588 947 3658 indignis
980 3591 1364 3646 accedentibus
1395 3605 1593 3660 corpus
1643 3591 1856 3644 Domini
1902 3590 2120 3645 subtra-

531 3680 687 3744 here,
714 3687 768 3734 et
783 3679 1042 3751 locoejus
1061 3681 1352 3739 carbonem
1378 3683 1527 3738 dare.
1557 3681 1614 3738 Si
1640 3683 1826 3753 igitur,
1847 3683 2116 3752 inquiunt,

538 3769 674 3824 tales
724 3785 944 3826 carnem
993 3780 1050 3828 et
1093 3773 1408 3844 sanguinem
1461 3773 1673 3828 Domini
1730 3789 1836 3827 non
1873 3782 2115 3839 sumunt,

533 3872 763 3913 necesse
793 3867 895 3926 est,
936 3859 990 3916 id
1029 3863 1174 3930 quod
1206 3862 1496 3931 accipiunt,
1531 3871 1624 3917 aut
1659 3877 1765 3918 non
1807 3861 1974 3918 fuisse
2001 3877 2120 3917 mn-

535 3944 730 4013 tatum,
777 3958 870 4005 aut
917 3951 969 4005 in
1000 3961 1249 4007 naturam
1281 3952 1516 4022 priorem
1544 3966 1664 4007 esse
1705 3963 2004 4007 reversum.
2050 3950 2118 4010 Et

533 4040 799 4096 hactenus
823 4041 1041 4110 quidem
1073 4041 1298 4098 istorum
1329 4042 1491 4108 ratio,
1533 4042 1639 4110 cui,
1679 4040 1979 4098 auxiliante
2013 4038 2116 4096 Do,

534 4132 711 4196 mino,
736 4148 880 4188 nune
904 4133 1227 4190 obviandum
1249 4142 1357 4191 est.

605 4224 684 4278 Ae
717 4225 789 4280 de
831 4225 1078 4294 exemplo
1123 4225 1340 4296 quidem
1387 4226 1564 4297 primo
1612 4226 1928 4289 notandum,
1971 4224 2114 4296 quod

533 4315 670 4370 nihil
691 4315 771 4372 eis
796 4315 1018 4383 afferat;
1047 4318 1156 4373 imo
1181 4317 1339 4388 longe
1353 4333 1538 4372 eorum
1564 4317 2112 4388 opinionirepugnet.

533 4405 592 4462 Si
626 4405 770 4461 enim
797 4407 960 4478 panis
982 4407 1338 4478 porrigendus
1365 4407 1601 4477 indignis
1630 4407 1986 4463 immutabilis
2029 4421 2120 4462 re-

536 4507 722 4554 manet
752 4517 766 4554 :
801 4499 932 4569 quid
960 4500 1060 4556 sibi
1084 4500 1198 4555 vult
1221 4499 1390 4556 carbo
1422 4501 1581 4556 datus
1603 4500 1681 4556 eis
1703 4509 1760 4557 et
1788 4516 1895 4556 non
1923 4501 2120 4570 panis?

533 4588 687 4655 Quod
716 4590 760 4644 si
785 4604 974 4646 omnes
999 4590 1235 4646 carbone
1257 4591 1458 4662 indigni
1483 4591 1620 4661 pasti
1645 4597 1790 4654 sunt,
1819 4590 1968 4662 digni
1992 4605 2118 4645 vero

531 4695 724 4736 omnes
752 4696 920 4737 carne
963 4692 1018 4738 et
1046 4683 1310 4754 sanguine
1357 4683 1618 4738 Domini?
1663 4682 1797 4737 nihil
1850 4683 2017 4752 igitur
2051 4682 2118 4737 de

535 4783 676 4838 pane
706 4785 813 4825 non
858 4779 1124 4826 mutatum
1157 4773 1436 4829 remansit.
1462 4775 1570 4827 Aut
1593 4773 1638 4828 si
1667 4787 1795 4828 caro
1815 4780 1870 4827 et
1896 4771 2116 4844 sanguis

533 4861 887 4916 mutabantur
913 4861 1147 4932 indignis
1166 4861 1548 4918 accedentibus
1581 4862 1632 4916 in
1665 4861 1977 4926 carbonem,
2008 4876 2114 4915 non

530 4951 699 5023 igitur
739 4952 1086 5006 mutabantur
1115 4953 1167 5006 in
1215 4967 1408 5023 panem
1460 4964 1515 5008 et
1566 4952 1788 5019 vinum;
1832 4967 1940 5008 non
1970 4953 2114 5007 enim

533 5041 700 5097 carbo
755 5049 839 5096 est
893 5041 1051 5110 panis
1117 5058 1289 5112 neque
1350 5043 1554 5098 vinum.
1615 5044 1960 5112 Quapropter
2015 5042 2117 5097 hoc

534 5131 805 5203 exemplo,
857 5131 1086 5186 istorum
1124 5132 1205 5200 (nt
1235 5133 1366 5203 dixi)
1397 5134 1578 5202 opinio
1609 5133 1777 5201 magis
1821 5133 2118 5188 destruitur

532 5238 696 5282 quam
730 5231 1024 5279 astruatur.
1063 5219 1230 5277 Nobis
1250 5238 1412 5282 porro
1437 5224 1740 5282 exemplum
1766 5224 1866 5279 hoc
1895 5223 1947 5278 in
1971 5224 2115 5279 nullo

2241 385 2374 457 dixi)
2405 401 2510 440 non
2551 387 2791 455 quidem,
2819 397 2878 443 ut
2905 403 3122 458 semper
3143 388 3216 442 ita
3242 389 3357 452 ﬁat,
3385 389 3480 444 sed
3509 398 3569 444 ut
3589 392 3709 446 seni
3731 393 3817 462 qui

2242 475 2468 531 aderant
2493 486 2835 546 peccatorum
2881 479 3141 551 iniquitas
3169 495 3266 551 per
3297 480 3471 550 ipsum
3498 483 3812 553 corrigenda

2239 567 2588 636 panderetur,
2633 583 2822 627 revera
2849 584 2980 626 caro
3029 579 3084 625 et
3121 572 3344 640 sanguis
3386 581 3682 640 potuerunt
3728 588 3819 643 per

2203 713 2206 716 .
2238 659 2486 730 angelum
2517 660 2785 724 subtrahi,
2813 662 2980 718 carbo
3009 677 3138 719 vero
3169 678 3294 716 mox
3321 662 3540 722 aliunde
3567 665 3818 722 advectus

2238 750 2378 804 dari.
2413 750 2547 807 Utro
2571 762 2751 807 autem
2789 752 2981 809 horum
3013 753 3172 809 modo
3197 753 3402 809 factum
3433 755 3529 820 sit,
3561 769 3698 811 sana
3715 755 3818 817 ﬁdo

2239 855 2424 897 noStra
2459 844 2574 899 ﬁeri
2599 841 2800 915 potuit.

2307 931 2464 990 Nunc
2488 937 2555 990 ad
2587 937 2750 992 verba
2776 937 2990 992 Domini
3019 938 3214 1008 quibus
3255 940 3452 995 dicitur
3480 956 3496 993 :
3537 939 3646 1005 Qui
3675 959 3818 996 mal-

2237 1025 2392 1080 ducat
2418 1043 2584 1082 meam
2614 1045 2823 1088 carnem
2873 1040 2921 1084 et
2950 1047 3123 1086 meum
3147 1033 3454 1102 sanguinem
3478 1033 3632 1097 bibit,
3663 1035 3716 1087 in
3745 1051 3819 1090 nu

2237 1128 2410 1172 manet
2437 1128 2485 1173 et
2513 1135 2606 1190 ego
2651 1120 2706 1174 in
2738 1137 2819 1186 eo,
2853 1122 3194 1180 accedamus.
3228 1124 3284 1179 in
3317 1125 3514 1194 quibus
3550 1140 3820 1194 exponen-

2238 1207 2321 1261 dis
2361 1223 2466 1263 non
2497 1218 2739 1264 nostram
2787 1211 3306 1281 interpretationem,
3336 1215 3428 1270 sed
3460 1215 3605 1270 beati
3644 1217 3822 1286 Augu-

2234 1297 2359 1351 stini
2390 1312 2458 1352 ex
2493 1297 2632 1354 libro
2660 1301 2735 1355 De
2759 1301 2943 1357 verbis
2962 1304 3172 1359 Domini
3201 1305 3456 1375 ponimus
3498 1306 3685 1376 (serui.
3717 1307 3820 1376 tl).

2231 1386 2322 1440 Ait
2349 1387 2490 1442 enim
2523 1403 2627 1445 non
2661 1390 3059 1459 universaliter,
3090 1394 3185 1450 sed
3214 1409 3337 1449 cum
3382 1396 3541 1450 modo
3573 1396 3816 1465 quodam

2233 1477 2429 1533 debere
2460 1477 2704 1550 intelligi,
2741 1496 2848 1551 quo
2872 1481 3124 1538 videlicet
3155 1483 3312 1539 modo
3341 1501 3356 1536 :
3397 1484 3498 1552 Qui
3529 1485 3827 1539 manducat

2233 1583 2455 1624 carnem
2478 1577 2534 1623 et
2573 1569 2707 1624 bibit
2734 1572 3054 1640 sanguinem
3081 1571 3308 1637 Christi,
3338 1573 3390 1629 in
3435 1571 3658 1628 Christo
3714 1589 3824 1627 ma:

2156 1645 2203 1706 Β
2233 1666 2346 1724 net,
2373 1667 2429 1713 et
2457 1658 2706 1716 Christus
2727 1659 2778 1714 in
2806 1675 2892 1715 eo.
2918 1661 2967 1715 is
2990 1671 3168 1716 autem
3195 1663 3285 1717 illo
3313 1665 3472 1718 modo
3497 1665 3823 1732 manducat,

2231 1750 2324 1819 qui
2352 1750 2511 1820 digne
2557 1751 2863 1806 manducat.
2926 1752 3029 1821 Qui
3086 1756 3224 1810 enim
3273 1756 3556 1808 manducat
3602 1766 3650 1808 et
3694 1756 3820 1812 bibit

2231 1844 2463 1914 indigne,
2505 1843 2769 1912 judicium
2800 1845 2898 1898 sibi
2938 1846 3218 1901 manducat
3244 1859 3291 1900 et
3321 1847 3446 1901 bibit
3478 1847 3527 1919 (1
3561 1848 3685 1902 Cor.
3723 1850 3822 1916 ιι).

2229 1933 2568 2004 Quapropter
2590 1934 2634 1988 si
2667 1933 2844 1988 omnis
2887 1935 2977 2004 qui
3009 1937 3296 1991 manducat
3322 1945 3378 1991 et
3407 1937 3545 1991 bibit
3574 1938 3819 2008 indigne.

2221 2023 2482 2093 judicium
2515 2023 2615 2078 sibi
2647 2023 2940 2079 manducat
2971 2033 3025 2078 et
3060 2027 3234 2080 bibit:
3268 2041 3491 2082 necesse
3529 2037 3616 2082 est
3657 2029 3820 2082 intel-

2228 2114 2343 2186 ligi,
2378 2125 2439 2168 ut
2471 2113 2559 2169 ille
2605 2114 2751 2169 solus
2783 2116 2873 2184 qni
2911 2116 3203 2171 manducat
3260 2117 3368 2173 alio
3417 2118 3599 2182 modo,
3650 2119 3700 2172 id
3741 2128 3822 2174 est

2227 2209 2408 2279 digne,
2433 2207 2485 2262 in
2515 2207 2734 2264 Christo
2762 2217 2998 2272 maneat,
3017 2217 3072 2264 et
3095 2209 3344 2264 Christus
3373 2209 3425 2264 in
3447 2225 3535 2265 eo.
3557 2211 3639 2264 Ad
3662 2210 3822 2278 cujus

2229 2300 2690 2371 comparationem
2718 2300 2808 2356 ille
2835 2303 2926 2371 qui
2957 2302 3174 2373 indigne
3202 2301 3510 2368 manducat,
3536 2319 3637 2358 nec
3663 2305 3817 2358 resti-

2227 2389 2457 2447 mandus
2480 2398 2566 2444 est
2594 2391 3068 2456 manducans,_sed
3099 2392 3286 2462 potius
3307 2401 3570 2462 quantum
3606 2394 3660 2448 in
3697 2394 3820 2463 ipso

2224 2490 2308 2537 est
2347 2481 2696 2537 conculcans.
2748 2481 3036 2537 Manducat
3081 2497 3211 2553 ergo
3240 2493 3296 2538 et
3345 2500 3450 2538 non
3500 2486 3820 2543 manducat.

2227 2576 2516 2634 Manducat
2547 2577 2926 2647 corporaliter,
2948 2578 3041 2633 sed
3071 2593 3177 2632 non
3205 2577 3494 2633 manducat
3519 2577 3820 2648 spirituali-

2227 2678 2333 2737 ter,
2367 2685 2472 2725 non
2495 2685 2560 2725 eo
2581 2685 2765 2735 sensu,
2790 2686 2896 2726 non
2919 2670 2998 2725 eis
3019 2670 3278 2732 moribus.
3297 2685 3400 2729 non
3426 2685 3488 2724 ea
3513 2670 3820 2733 charitate,

2225 2771 2286 2817 ut
2317 2763 2478 2833 digne
2521 2761 2833 2821 manducet.
2877 2761 3139 2817 Similiter
3165 2772 3219 2816 et
3247 2761 3336 2816 illa
3374 2762 3544 2818 verba
3594 2761 3819 2815 Domini

2223 2855 2533 2926 accipienda
2564 2863 2692 2909 sunt
2733 2855 2928 2924 quibus
2953 2854 3120 2909 dicit:
3150 2854 3252 2918 Qui
3287 2853 3574 2922 peccaverit
3599 2853 3654 2906 in
3689 2850 3814 2919 Spi-

2226 2950 2383 3002 ritum
2427 2958 2684 3012 sanctum,
2707 2964 2809 3002 non
2827 2947 3117 3001 remittetur
3136 2947 3183 3001 ei
3202 2963 3364 3017 neque
3391 2946 3445 2999 in
3471 2945 3570 2998 hoc
3596 2946 3816 3006 serrula,

2224 3057 2384 3110 neque
2409 3041 2463 3093 in
2483 3040 2661 3110 futuro
2686 3039 2897 3109 (Matth.
2914 3039 3049 3111 xu).
3067 3039 3199 3093 Nam
3228 3038 3392 3094 verba
3422 3039 3538 3093 luce
3562 3037 3668 3092 nisi
3691 3052 3812 3106 spe-

2224 3121 2725 3199 cialem’quemdam
2749 3132 2954 3200 peccati
2981 3130 3196 3188 modum
3231 3129 3488 3195 sentiant,
3515 3139 3668 3184 stare
3703 3145 3809 3181 non

2223 3221 2732 3291 possunt.Alioquin
2746 3221 2922 3274 omnis
2935 3223 3225 3291 qulpeceat
3244 3220 3295 3274 in
3309 3219 3530 3282 Filium,
3548 3227 3731 3287 peccat
3750 3219 3803 3271 in

2224 3313 2481 3383 Spiritum
2497 3323 2763 3369 sanctum.
2788 3312 3056 3368 Nonenim
3068 3312 3261 3366 Filium
3279 3311 3689 3382 quisoﬂ'endere
3712 3325 3804 3379 μορ

2224 3410 2349 3463 test.
2370 3403 2497 3471 quin
2509 3400 2806 3456 oﬂ‘endatet
2825 3401 3084 3472 Spiritum
3099 3401 3475 3457 sanctum.Sed
3489 3403 3670 3471 siquis
3682 3417 3804 3454 con-

2222 3503 2304 3548 tra
2317 3493 2540 3558 Filium,
2563 3493 2736 3562 inquit
2756 3493 3032 3556 Dominus,
3056 3494 3262 3551 rorbum
3285 3494 3498 3558 dixerit,
3521 3494 3808 3546 remittetur

2221 3587 2287 3640 ei.
2306 3586 2484 3653 Quare
2499 3593 2555 3640 et
2576 3585 2627 3639 in
2651 3583 2912 3654 Spiritum
2934 3594 3177 3640 sanctum
3207 3584 3447 3654 peccanti
3472 3583 3795 3637 remittetur.

2221 3679 2336 3746 Qua
2367 3692 2494 3746 ergo
2524 3676 2734 3731 ratione
2775 3675 2901 3732 hinc
2940 3677 3256 3740 exhibetur,
3283 3673 3388 3730 nisi
3422 3674 3646 3743 quidam
3677 3688 3788 3726 mo-

2221 3770 2321 3823 dus
2354 3768 2562 3838 peccati
2599 3767 2652 3821 in
2692 3766 2953 3835 Spiritum
2985 3775 3228 3820 sanctum
3267 3764 3519 3834 specialis
3545 3763 3801 3832 intelliga-

2223 3868 2310 3914 tur
2333 3869 2441 3914 tam
2467 3874 2717 3928 magnus,
2746 3867 2806 3912 ut
2852 3858 2919 3912 ad
2964 3857 3083 3926 ejus
3116 3855 3578 3928 comparationem
3611 3865 3797 3910 cetera

2227 3967 2332 4006 non
2360 3950 2610 4008 dicantur
2629 3950 2688 4004 iu
2715 3949 2975 4020 Spiritum
3007 3949 3291 4004 sanetum?
3311 3947 3458 4003 Talis
3481 3955 3537 4001 et
3563 3947 3650 4001 illa
3683 3962 3800 4000 seu-

2221 4043 2388 4098 tentia
2433 4060 2446 4096 :
2494 4041 2599 4108 Qui
2643 4042 2921 4096 crediderit
2967 4051 3014 4095 et
3054 4041 3346 4109 baptizatus
3389 4039 3578 4108 fuerit,
3630 4039 3796 4092 saltu

2218 4138 2314 4191 erit
2351 4135 2546 4206 (Marc.
2579 4132 2714 4203 nt).
2747 4133 2814 4187 Et
2842 4133 2930 4188 illa
2958 4148 2973 4187 :
3026 4130 3333 4201 Quicunque
3361 4129 3676 4184 invocaverit
3706 4145 3798 4180 na-

2217 4243 2332 4281 men
2362 4225 2592 4290 Domini,
2624 4225 2802 4279 saluus
2832 4225 2929 4278 erit
2989 4222 3131 4294 (loel
3160 4224 3243 4291 ιι).
3278 4221 3394 4277 Non
3428 4222 3577 4276 enim
3612 4235 3799 4276 omnes

2143 4348 2196 4408 Β
2221 4316 2313 4386 qui
2347 4317 2574 4371 credunt
2603 4324 2657 4370 et
2699 4314 2959 4384 baptizati
3003 4321 3154 4378 sunt,
3179 4327 3355 4384 neque
3383 4326 3578 4366 omnes
3603 4312 3694 4380 qui
3725 4311 3801 4364 in-

2223 4418 2415 4466 vocant
2448 4424 2642 4467 nomen
2681 4408 2892 4462 Domini
2942 4407 3075 4461 salvi
3102 4414 3294 4471 erunt;
3346 4404 3440 4460 sed
3471 4403 3571 4458 soli
3605 4403 3678 4458 illi
3711 4402 3796 4472 qui

2220 4516 2344 4556 cum
2376 4499 2531 4555 bonis
2571 4498 2816 4554 moribus
2841 4499 3090 4561 credunt,
3123 4507 3178 4552 et
3215 4497 3379 4568 digne
3417 4496 3674 4551 invocant
3707 4509 3797 4548 no-

2221 4606 2344 4648 men
2402 4590 2638 4655 Domini,
2685 4589 2828 4645 salvi
2863 4597 3040 4644 erunt.
3095 4587 3384 4643 Permulta
3425 4601 3644 4656 quoque
3683 4585 3797 4640 alia:

2220 4681 2530 4752 huiusmodi
2559 4681 2843 4737 sententiae
2869 4680 2921 4734 in
2970 4677 3268 4748 Scripturis
3308 4677 3483 4732 sacris
3523 4675 3797 4745 reperiun-

2220 4780 2332 4836 tur,
2371 4787 2491 4841 qum
2521 4771 2623 4826 nisi
2675 4785 2797 4829 cum
2839 4771 2998 4823 modo
3025 4775 3391 4836 competenter
3443 4764 3669 4836 intelligi
3693 4780 3793 4818 non

2220 4871 2468 4933 possunt.
2517 4862 2596 4916 lta
2647 4862 2811 4932 igitur
2852 4869 2907 4914 et
2949 4860 3076 4914 illud
3109 4859 3174 4913 de
3207 4874 3314 4928 quo
3349 4858 3454 4913 iste
3499 4873 3681 4913 sermo
3721 4857 3797 4910 in-

2220 4962 2432 5022 coeptus
2453 4962 2558 5018 est,
2582 4951 2989 5022 intelligendum
3026 4959 3110 5007 est
3144 4967 3155 5002 :
3184 4949 3286 5014 Qui
3317 4948 3602 5002 manducat
3631 4963 3790 5000 meam

2220 5060 2429 5097 carnem
2468 5051 2516 5095 et
2571 5041 2694 5094 bibit
2750 5056 2921 5094 meum
2971 5041 3297 5109 sanguinem,
3329 5037 3491 5107 digne
3525 5036 3793 5090 videlicet.

2220 5133 2274 5185 in
2308 5149 2388 5188 me
2423 5141 2595 5186 manet
2636 5141 2682 5185 et
2713 5147 2806 5200 ego
2836 5131 2890 5184 in
2945 5147 3026 5184 eo.
3076 5129 3211 5184 Nam
3255 5129 3396 5198 quod
3451 5126 3657 5196 indigni
3704 5124 3791 5194 qui

2218 5221 2429 5277 scilicet
2450 5221 2502 5274 in
2541 5219 2757 5276 Christo
2800 5234 2908 5274 non
2936 5228 3176 5282 manent,
3205 5232 3303 5272 nec
3331 5215 3583 5271 Christus
3613 5214 3665 5268 in
3694 5213 3792 5268 eis.
