4006 5282
277 271 405 327 H95

973 273 1059 328 DE
1085 272 1421 329 CORPORIS
1459 273 1547 326 ΕΤ
1587 270 1786 326 SANC.
1819 266 2051 324 DOMINI
2079 265 2255 320 LIBRI
2275 265 2493 321 TRES.
2521 297 2588 306 -—
2612 264 2736 319 LIB.
2767 263 2846 319 Ill.

3371 265 3507 321 ΗΜ

275 408 394 454 nus,
424 405 529 443 non
577 394 776 443 malum
805 390 1135 459 accipiendo,
1168 393 1280 444 sed"
1309 391 1447 444 male
1499 388 1831 458 accipiendo,
1868 396 1910 452 Α
1941 385 2143 455 sbyter,
2176 393 2397 454 propter
2441 385 2614 455 ipsum
2670 383 3018 439 immutabile
3049 385 3325 440 remansit.
3375 386 3508 439 Cum

275 481 442 533 locum
475 479 688 534 diabolo
727 480 778 532 in
828 493 884 533 se
915 480 1172 548 praebuit;
1223 482 1301 534 sic
1349 482 1564 551 indigne
1607 479 1834 550 quisque

273 586 489 626 sumens
543 571 880 624 Dominicum
933 581 1333 626 sacramentum
1392 589 1499 627 non
1552 572 1714 627 efﬁcit
1752 579 1829 634 ut,

273 663 393 730 quia
441 661 556 730 ipse
592 661 766 715 malus
801 671 903 725 est,
954 661 1152 716 malum
1193 663 1295 728 sit;
1329 673 1422 718 aut
1461 663 1585 733 quia
1614 680 1720 718 non
1767 665 1833 720 ad

271 752 493 806 salutem
526 754 740 823 accipit,
787 752 918 807 nihil
966 756 1261 824 acceperit.
1292 755 1502 824 Corpus
1539 757 1684 812 enim
1729 756 1839 811 Do-

270 841 400 894 mini
430 851 485 896 et
515 844 736 913 sanguis
763 845 972 898 Domini
1004 845 1353 902 nihilominus
1384 856 1503 901 erat
1532 848 1696 902 etiam
1729 847 1836 902 illis

270 930 462 996 quibus
492 931 706 986 dicebat
760 933 1050 1002 Apostolus
1084 951 1098 988 :
1149 934 1252 1000 Qui
1299 936 1582 990 manducet
1621 947 1667 991 et
1708 937 1833 990 bibit

265 1019 497 1091 indigne,
527 1023 789 1090 judicium
818 1025 916 1078 sibi
954 1027 1233 1080 manducat
1259 1037 1306 1082 et
1343 1028 1464 1082 bibit
1496 1028 1549 1097 (1
1578 1028 1700 1084 Cor.
1730 1029 1831 1102 χι).

267 1112 390 1168 Haec
419 1114 784 1185 Augustinus:
807 1116 986 1183 Quare
1009 1133 1131 1172 cum
1162 1119 1408 1175 eamdem
1436 1136 1654 1176 carnem
1688 1123 1832 1193 digni

268 1223 388 1262 eum
445 1208 700 1279 indignis,
729 1209 821 1263 sed
866 1209 1094 1265 diversis
1133 1213 1404 1268 mentibus
1445 1215 1749 1291 comedant,
1779 1219 1837 1270 et

263 1299 512 1354 eumdem
540 1301 853 1370 sanguinem
901 1303 1110 1358 Domini
1155 1304 1372 1371 bibant,
1418 1322 1647 1376 cumque
1666 1322 1835 1361 evan-

262 1393 430 1462 gelica
475 1395 740 1449 sententia
775 1410 878 1464 qua
923 1397 1120 1451 dicitur
1161 1412 1175 1450 :
1208 1398 1311 1462 Qui
1339 1399 1622 1454 manducat
1665 1415 1831 1455 meam

258 1501 469 1538 carnem
519 1496 564 1539 et
597 1502 765 1540 meum
806 1489 1111 1557 sanguinem
1157 1489 1317 1555 bibit,
1375 1490 1428 1544 in
1467 1508 1547 1545 me
1583 1502 1756 1545 manet
1786 1501 1834 1545 et

257 1593 351 1645 ego
382 1579 437 1630 in
476 1595 558 1643 eo,
598 1578 753 1646 juxta
785 1581 1098 1649 Apostolum
1129 1590 1184 1636 et
1209 1584 1424 1638 beatum
1452 1585 1832 1655 Augustinum,

256 1669 332 1723 ad
368 1669 777 1726 similitudinem
828 1688 1043 1742 quoque
1081 1675 1368 1730 multarum
1399 1675 1581 1730 talium
1617 1687 1835 1732 senten-

1939 490 2070 545 ergo
2123 484 2290 531 totum
2331 477 2473 546 quod
2527 485 2903 531 consecratum
2939 485 3022 531 est
3062 486 3262 538 sumat.
3290 491 3510 532 carnem

1940 577 1993 623 et
2023 569 2340 639 sanguinem
2364 569 2563 624 Christi
2595 571 2878 640 presbyter
2905 569 3306 639 indignissimus
3325 584 3508 624 come-

1939 660 2017 715 dit
2045 671 2098 716 et
2130 662 2284 716 bibit.
2315 661 2468 728 Quod
2507 664 2550 716 si
2588 663 2659 738 ita
2695 671 2808 727 est,
2848 662 2954 718 imo
2983 663 3106 732 quia
3143 677 3268 716 vere
3295 663 3365 714 ita
3404 669 3540 726 est,

1940 749 2138 805 frustra
2198 752 2398 807 dicitur
2441 763 2647 823 partem
2693 753 2846 823 panis
2879 765 2933 808 et
2979 753 3088 808 vini
3123 753 3510 808 immutabilem

1940 856 2220 898 remanere
2265 854 2485 914 propter
2537 845 2805 915 indignos.
2866 845 3225 913 Quamobrem
3289 845 3517 898 sileatur

1939 931 2243 1002 huiusmodi
2289 951 2502 1006 semper
2558 937 2790 990 humana
2839 938 3094 1008 suspicio,
3126 946 3179 991 et
3210 937 3261 991 id
3306 943 3512 989 tantum

1937 1025 2078 1093 quod
2113 1025 2267 1081 nobis
2312 1017 2724 1083 commendatur
2748 1028 2800 1083 in
2837 1028 2952 1098 ipso
2993 1043 3200 1083 canone
3237 1029 3414 1084 missae
3439 1036 3514 1082 te-

1931 1109 2183 1172 neamus.
2213 1117 2346 1172 Nam
2379 1119 2486 1173 illic
2518 1119 2590 1173 ita
2636 1121 2894 1190 scriptum
2921 1129 3005 1176 est
3034 1137 3046 1174 :
3099 1119 3268 1186 Quam
3297 1121 3515 1174 ablatio-

1939 1227 2076 1274 nem,
2126 1223 2203 1278 tu,
2236 1212 2396 1278 Deus,
2438 1216 2491 1267 in
2534 1216 2794 1280 omnibus,
2823 1231 3140 1285 quaesumus,
3170 1216 3513 1280 benedictam,

1937 1304 2242 1372 ascriptum,
2276 1315 2469 1368 ratam,
2512 1306 2893 1373 rationabilem,
2934 1306 3400 1377 acceptabilcmque
3433 1307 3517 1376 fa-

1938 1409 2052 1446 cere
2100 1393 2351 1464 digneris,
2401 1405 2456 1448 ut
2494 1395 2638 1450 nobis
2686 1413 2874 1465 corpus
2909 1405 2955 1450 et
2984 1396 3200 1466 sanguis
3249 1396 3342 1464 ﬁat
3392 1394 3516 1449 dile-

1937 1485 2154 1538 ctissimi
2201 1485 2330 1539 Filii
2357 1488 2468 1551 tui;
2523 1504 2627 1542 non
2660 1488 2745 1543 hic
2784 1489 2999 1552 dicitur,
3027 1497 3232 1558 utpars
3268 1487 3384 1559 ejus
3420 1489 3517 1543 ﬁat

1939 1590 2133 1646 corpus
2169 1587 2221 1632 et
2243 1579 2481 1648 sanguis.
2517 1578 2623 1633 Nec
2670 1580 2926 1634 Dominus
2958 1588 3143 1638 noster
3177 1579 3335 1636 Jesus
3357 1580 3516 1636 Chri-

1940 1675 2072 1732 stus,
2089 1684 2209 1723 cum
2226 1669 2476 1724 dixisset:
2501 1669 2816 1724 Manducate
2836 1687 2900 1724 ex
2921 1672 3017 1724 hoc
3045 1687 3236 1735 omnes,
3269 1671 3474 1726 addidit
3498 1689 3514 1705 ο

259 1758 461 1811 tiarum
515 1770 887 1830 competenter
939 1763 1210 1818 intellecta
1257 1765 1391 1819 nihil
1457 1767 1576 1822 istis
1623 1767 1832 1832 afferat,
1866 1768 1910 1826 Β
1940 1758 2071 1814 Pars
2100 1761 2242 1814 enim
2277 1759 2390 1828 ejus
2427 1771 2510 1816 est
2545 1777 2742 1831 corpus
2766 1777 2979 1827 meum;
3019 1762 3112 1817 sed
3159 1763 3211 1817 id
3261 1769 3466 1817 tantum
3498 1780 3512 1793 ·

253 1849 566 1918 exemplum
598 1867 765 1922 porro
791 1855 937 1909 senis
973 1854 1285 1923 adjunctum
1325 1865 1492 1911 totum
1523 1858 1625 1912 illis
1657 1859 1835 1928 potius

254 1939 470 1994 auferat
508 1960 522 1995 :
557 1958 677 1996 cum
708 1954 763 1999 et
789 1960 950 2000 causa
981 1947 1288 2002 documenti
1319 1948 1478 2018 hujus
1508 1949 1652 2004 nulla
1685 1950 1755 2005 sit
1781 1959 1835 2005 et

251 2043 578 2102 argumenta
631 2047 821 2091 cuncta
883 2038 1165 2106 deﬁciant,
1213 2051 1390 2097 cesset
1444 2043 1560 2099 haec
1623 2059 1758 2106 nova
1805 2060 1834 2098 a

249 2123 586 2180 Christianis
616 2128 923 2184 hominibus
951 2145 1173 2199 prorsus
1203 2133 1461 2197 inventio,
1501 2149 1591 2199 ne,
1614 2133 1655 2188 si
1681 2133 1838 2189 aliter

247 2217 505 2294 doceant,
541 2221 893 2297 apostolicum
935 2222 1063 2277 illud
1107 2225 1393 2279 anathema
1428 2225 1705 2280 incurrant
1730 2240 1836 2296 quo

243 2321 451 2377 dicitur
482 2338 495 2374 :
526 2321 584 2376 Si
610 2338 722 2392 quis
748 2322 887 2375 vobis
913 2316 1297 2375 annuntim'erit
1322 2325 1666 2387 prwterquam
1696 2318 1837 2387 quod

241 2413 552 2482 accepistis,
578 2414 856 2466 anathema
890 2415 955 2466 sit
986 2412 1125 2481 (Gal.
1159 2411 1221 2480 t)-
1251 2405 1389 2473 Quid
1413 2407 1555 2460 enim
1603 2407 1645 2461 si
1678 2422 1836 2462 nemo

237 2505 510 2575 indignus
556 2520 753 2575 corpus
796 2506 1006 2560 Domini
1054 2506 1272 2574 accipit,
1320 2507 1374 2558 ct
1430 2499 1632 2554 idcirco
1660 2501 1835 2569 portio

232 2600 419 2670 panis,
469 2609 698 2670 propter
749 2601 997 2671 indignos
1033 2601 1314 2669 videlicet,
1361 2596 1716 2654 immutabilis
1745 2611 1835 2651 re-

236 2693 488 2747 manet?
526 2691 660 2746 Cum
711 2707 768 2746 se
797 2708 954 2747 nemo
983 2693 1199 2762 dignmn
1242 2694 1440 2747 audeat
1475 2694 1675 2760 dicere,
1709 2691 1832 2762 quia

237 2783 516 2853 scriptum
556 2790 674 2838 est:
709 2782 888 2838 Nescit
909 2785 1062 2838 homo
1084 2794 1260 2838 utrum
1302 2801 1479 2839 amore
1507 2803 1575 2838 an
1625 2786 1744 2838 odio
1767 2785 1836 2838 sit

236 2859 439 2939 dignus
480 2871 539 2924 in
575 2872 678 2924 vita
727 2889 822 2925 sua
877 2873 1101 2939 (Eccles.
1140 2873 1242 2943 ιχ),
1292 2875 1386 2929 sed
1417 2889 1589 2943 neque
1615 2875 1682 2930 de
1730 2874 1836 2930 alio

237 2963 448 3017 audeat
476 2961 746 3032 judicare,
797 2963 1052 3030 scriptum
1079 2974 1162 3018 est
1200 2965 1384 3018 enim:
1417 2962 1499 3017 Ne
1531 2963 1712 3018 Iaudes
1743 2965 1836 3018 Ito-

232 3053 441 3104 minem
479 3051 536 3102 in
583 3051 685 3104 vita
714 3067 833 3113 sua,
882 3051 1034 3105 homo
1079 3053 1216 3106 enim
1261 3053 1393 3107 ridet
1423 3056 1476 3106 in
1500 3053 1654 3120 facie,
1697 3053 1834 3108 Deus

228 3150 419 3194 autem
454 3141 512 3193 in
538 3141 692 3194 corde
723 3140 910 3212 (Eccli.
945 3143 1021 3212 χι)
1055 3158 1068 3194 :
1105 3157 1264 3196 nemo
1293 3145 1476 3211 utique
1498 3144 1834 3199 conﬁdenter

229 3229 752 3286 amlebitconﬁteri
783 3246 978 3301 corpus
1008 3246 1127 3286 esse
1157 3231 1390 3297 Domini,
1421 3234 1564 3302 quod
1612 3234 1725 3301 ipse
1751 3234 1830 3287 vel

226 3337 386 3383 totus
417 3328 592 3381 etiam
625 3327 854 3397 populus
898 3327 1114 3397 accipit.
1142 3328 1294 3394 Quod
1317 3328 1362 3383 si
1395 3343 1556 3384 nemo
1588 3329 1640 3383 id
1665 3330 1835 3384 conﬁ-

224 3419 438 3473 denter
474 3417 702 3472 audebit
730 3418 995 3483 conﬁteri,
1025 3427 1230 3473 temere
1261 3434 1391 3485 ergo
1413 3419 1666 3474 sacerdos
1692 3417 1834 3472 atﬁr-

221 3517 374 3571 mat,
407 3507 524 3563 hoc
548 3516 632 3561 est
662 3522 858 3578 corpus
880 3508 1110 3573 Christi;
1165 3519 1368 3564 temere
1412 3509 1642 3579 populus
1684 3527 1833 3564 amen

223 3600 574 3669 respondet,
623 3598 722 3652 hoc
750 3609 857 3664 est,
902 3615 1089 3653 verum
1121 3607 1205 3655 est
1252 3615 1418 3654 :cum
1463 3602 1684 3656 omnino
1705 3602 1834 3671 quid

219 3689 334 3743 hoc
391 3688 472 3741 sit
525 3688 790 3752 nesciant,
826 3690 1078 3758 quoniam
1113 3689 1305 3744 merita
1337 3675 1575 3746 omnium
1601 3700 1707 3746 tam
1738 3708 1833 3747 sua

216 3793 398 3847 quam
428 3786 762 3831 ceterorum
795 3780 974 3833 cuncti
1001 3779 1269 3850 ignorant.
1301 3782 1406 3837 Sed
1435 3782 1578 3837 absit
1632 3785 1736 3839 hoc
1775 3793 1834 3838 ut

215 3867 404 3921 totius
435 3863 706 3919 Ecclesiae
753 3864 997 3935 religiosa
1041 3866 1307 3922 confessio
1333 3867 1598 3924 ullatenus
1644 3870 1716 3925 sit
1756 3885 1840 3925 re-

210 3956 659 4027 prehensibilis.
727 3956 1074 4012 Conﬁdenter
1128 3958 1294 4028 igitur
1337 3961 1524 4015 credat
1586 3962 1835 4018 etdical.

211 4047 630 4117 unusquisque
655 4045 818 4100 etiam
862 4047 906 4100 si
952 4061 1010 4101 se
1039 4047 1274 4101 fateatur
1309 4049 1607 4120 indignum,
1633 4051 1842 4106 Christi-

209 4157 438 4211 corpus
477 4152 613 4193 esse
637 4138 780 4208 quod
811 4139 1026 4208 accipit.
1081 4139 1198 4193 Huc
1225 4143 1455 4206 accedit,
1487 4143 1628 4211 quod
1656 4157 1836 4197 sacer-

210 4235 322 4290 dos
358 4231 710 4303 plerumque
763 4229 1170 4299 indignissimus
1210 4230 1432 4285 missam
1464 4231 1720 4296 celebrat,
1749 4249 1836 4288 so-

206 4329 430 4398 lusque
478 4325 540 4378 id
581 4323 724 4392 quod
775 4331 1151 4378 consecratum
1195 4331 1301 4389 est,
1343 4332 1514 4378 totum
1559 4326 1739 4379 sumit.
1776 4325 1832 4379 Si

1939 1849 2054 1905 Hoc
2080 1860 2154 1905 est
2180 1853 2319 1906 enim
2348 1869 2534 1920 corpus
2563 1871 2757 1907 meum.

2008 1939 2140 1993 Illud
2172 1955 2301 1995 sane
2337 1950 2667 2008 extremum,
2695 1944 2817 2012 quis
2847 1942 2933 1997 vel
2966 1943 3316 2000 mediocriter
3338 1945 3519 2001 erudia

1939 2036 2025 2084 tus
2069 2029 2185 2084 solo
2216 2030 2401 2084 auditu
2435 2047 2541 2087 non
2575 2035 2918 2103 perhorreat,
2943 2038 3085 2106 quod
3112 2037 3362 2092 videlicet
3392 2052 3519 2091 caro

1938 2129 1992 2175 et
2017 2123 2237 2192 sanguis
2259 2123 2468 2178 Domini
2497 2136 2718 2196 propter
2752 2127 2999 2199 indignos
3029 2131 3080 2183 in
3108 2144 3300 2199 panem
3338 2143 3519 2184 rever-

1939 2219 2124 2268 tantur
2152 2224 2205 2270 et
2226 2216 2441 2283 vinum;
2489 2233 2618 2273 caro
2657 2221 2855 2291 quippe
2875 2231 2928 2275 et
2955 2221 3172 2292 sanguis
3196 2221 3404 2275 Domini
3435 2222 3518 2275 in-

1938 2306 2308 2376 corruptibilis
2334 2317 2436 2363 est.
2464 2309 2614 2377 Quod
2638 2321 2820 2365 autem
2854 2311 3261 2382 incorruptibile
3289 2320 3392 2374 est,
3419 2326 3518 2366 nec

1937 2397 2320 2464 corrumpitur,
2371 2415 2470 2455 nec
2523 2403 2792 2472 corrumpi
2842 2411 3038 2472 potest.
3092 2405 3162 2456 At
3218 2404 3514 2484 essentiam

1936 2502 2088 2544 suam
2124 2493 2372 2561 perdere,
2397 2504 2452 2549 et
2500 2494 2552 2549 in
2589 2511 2780 2565 panem
2811 2497 3215 2568 corruptibilem
3239 2503 3304 2553 ac
3332 2499 3516 2552 vinmn

1938 2582 2287 2650 corruptibile
2342 2585 2560 2651 reverti,
2615 2589 2715 2642 ista
2745 2589 2962 2657 quidem
3002 2605 3196 2662 magna
3243 2592 3517 2661 corruptio

1937 2679 2042 2724 est.
2065 2670 2234 2742 Igitur
2275 2688 2423 2739 caro,
2452 2685 2506 2730 et
2531 2679 2753 2752 sanguis
2775 2679 3008 2746 Domini,
3051 2682 3104 2735 in
3137 2691 3414 2751 panem'et
3433 2665 3526 2737 vis

1937 2777 2063 2814 num
2083 2759 2196 2832 jam
2231 2765 2426 2820 reverti
2458 2781 2564 2820 non
2589 2777 2785 2837 potest.
2813 2769 3152 2841 Quapropter
3172 2759 3226 2828 et
3254 2775 3341 2829 hic
3364 2791 3520 2831 error

1938 2851 2231 2920 sepeliatur
2259 2864 2462 2912 aeterno
2492 2857 2728 2915 silentio.
2761 2859 3001 2929 Caveant
3029 2878 3160 2920 vero
3188 2864 3403 2936 utrique
3427 2865 3520 2921 isti

1937 2943 2173 3000 alienum
2205 2946 2384 3017 ignem
2415 2948 2611 3007 afferre
2655 2955 2799 3016 circa
2835 2955 3014 3010 divina
3044 2957 3232 3017 altaria
3259 2958 3404 3028 (Leu.
3439 2960 3517 3031 χ),

1937 3050 2008 3091 ne
2027 3037 2338 3092 moriantur
2364 3055 2548 3095 coram
2582 3043 2828 3099 Domino.
2859 3045 3099 3102 Caveant
3123 3050 3288 3104 etiam
3339 3061 3518 3107 trans-

1863 3110 1908 3170 (ἶ
1939 3135 2088 3213 gredi
2153 3137 2415 3193 terminos
2466 3148 2682 3209 patrum
2742 3157 2986 3210 suorum,
3035 3160 3172 3214 quos
3219 3137 3520 3216 posuerunt

1935 3222 2036 3277 sibi
2068 3223 2249 3294 (Prov.
2292 3227 2427 3293 χχιι)
2469 3241 2484 3280 :
2537 3227 2696 3282 Multi
2744 3231 2942 3301 quippe
2973 3234 3094 3299 cibi,
3148 3242 3206 3288 ut
3255 3235 3512 3292 Salomon

1935 3314 2030 3376 ait,
2060 3316 2113 3367 in
2150 3317 2420 3372 novalibus
2459 3316 2725 3385 Patrum;
2773 3321 2866 3376 alii
2914 3324 3106 3394 absque
3147 3326 3353 3395 judicio
3389 3344 3520 3382 con-

1934 3416 2220 3474 gregantur
2247 3405 2430 3478 (Prov.
2464 3409 2605 3482 xin).
2644 3411 2960 3481 Ilujusmodi
2986 3430 3115 3472 vero
3141 3418 3511 3474 doctrinarum

1935 3497 2038 3550 cibi
2077 3498 2126 3552 in
2162 3501 2443 3556 novalibus
2487 3514 2698 3573 patrum
2732 3521 2837 3561 non
2869 3521 3094 3578 possunt
3138 3512 3388 3568 inveniri.
3417 3513 3519 3582 lgi-

1939 3597 2025 3644 tur
2046 3589 2248 3661 absque
2272 3592 2476 3663 judicio
2508 3608 2924 3672 congregantur.
3512 3587 3516 3590 ί

2589 3747 2869 3791 ROGEBIUS.

2009 3840 2064 3898 In
2093 3851 2354 3910 quantum
2399 3847 2732 3915 perpendere
2772 3849 2946 3916 valeo,
3002 3853 3183 3909 omnia
3213 3861 3264 3908 te
3307 3853 3518 3911 ratione

1940 3931 2247 3988 ﬁrmissima
2265 3935 2436 3990 video
2466 3947 2834 4007 prosecutum.

2544 4068 2903 4112 GUITMUNDUS.

2011 4140 2080 4195 Ut
2113 4141 2277 4212 igitur
2327 4143 2394 4199 ad
2421 4144 2548 4214 quid
2584 4153 2725 4200 totus
2753 4161 2932 4202 sermo
2979 4159 3164 4203 noster
3203 4150 3514 4218 profecerit,

1937 4231 2178 4284 breviter
2203 4233 2571 4299 ostendamus,
2615 4237 2866 4305 quoniam
2918 4240 3242 4295 sacriﬁcium
3272 4252 3513 4298 nostrum

1936 4336 2036 4375 nec
2066 4322 2256 4377 umbra
2315 4335 2519 4380 tantum
2570 4329 2651 4381 vel
2701 4328 2867 4397 ﬁgura
2916 4332 3097 4386 carnis
3131 4341 3184 4385 et
3238 4335 3516 4403 sanguinis

204 4437 353 4476 vero
409 4417 470 4472 id
534 4414 683 4483 quod
724 4425 1039 4484 sumpturus
1091 4423 1210 4470 erat
1267 4416 1672 4485 indignissimus
1735 4419 1834 4472 iste
1863 4447 1912 4506 Ι)
1938 4411 2139 4469 Christi
2164 4430 2303 4481 esse,
2338 4432 2436 4471 nec
2476 4418 2749 4476 Christum
2802 4421 2940 4478 intra
2979 4438 3038 4478 se
3072 4424 3405 4491 impanatum
3441 4435 3517 4480 tc-

200 4517 466 4579 propter»
516 4505 697 4572 ipsum
751 4505 1085 4562 immutabile
1132 4507 1424 4573 remansit;
1463 4507 1713 4577 quoniam
1747 4517 1830 4564 to-

202 4613 331 4656 tum
370 4603 718 4666 sumpturus
767 4609 904 4659 erat,
934 4598 1070 4652 nihil
1115 4598 1180 4652 de
1209 4613 1349 4668 pane
1391 4608 1446 4654 et
1473 4599 1599 4655 vino
1631 4601 1684 4655 in
1713 4615 1832 4654 car-

199 4710 342 4750 nem
380 4701 444 4748 et
480 4688 814 4757 sanguinem
839 4689 1036 4744 Christi
1064 4690 1404 4744 immutatum
1438 4700 1540 4745 est.
1570 4691 1626 4747 Si
1651 4702 1830 4746 autem

199 4795 459 4858 propter
489 4778 782 4847 indignum
812 4777 1184 4850 presbyterum
1210 4779 1442 4834 nihilvde
1466 4795 1604 4848 pane
1625 4782 1846 4838 et-vino

198 4886 503 4937 mutatum
538 4878 650 4934 cst,
674 4871 952 4940 praevaluit
983 4871 1143 4941 igitur
1165 4870 1326 4941 (quod
1351 4872 1549 4943 absit!)
1576 4873 1847 4943 iniquitas-

195 4968 539 5030 sacerdotis
575 4966 760 5019 verbis
799 4964 1006 5018 Domini
1036 4963 1357 5027 Salvatoris,
1391 4965 1523 5021 falsa
1553 4979 1634 5024 est
1666 4969 1828 5023 etiam

211 5077 249 5090 ,ι
294 5055 767 5090 Ωγιιυ-.-πηηιηωῖση
829 5071 946 5090 num
995 5067 1042 5090 nl
1075 5074 1169 5090 non
1208 5057 1381 5090 ltnnnc
1443 5070 1490 5090 nl
1527 5077 1622 5090 ne...
1661 5059 1828 5090 ηιηιηο

1940 4519 2066 4576 gere
2082 4507 2236 4578 juxta
2266 4506 2649 4580 Berengarium
2682 4521 2878 4582 potest,
2908 4529 3082 4586 neque
3109 4530 3237 4569 vero
3268 4516 3518 4570 substan-

1943 4599 2072 4652 tiam
2105 4598 2260 4668 panis
2286 4608 2339 4655 et
2359 4600 2468 4656 vini
2503 4619 2566 4658 ex
2597 4615 2751 4673 parte
2789 4610 3010 4674 mutari,
3041 4618 3096 4662 et
3128 4620 3192 4660 ex
3233 4616 3385 4675 parte
3416 4625 3522 4663 non

1939 4701 2204 4747 mutatam
2265 4709 2587 4765 permanere
2634 4698 2834 4751 veritas
2890 4703 3134 4767 patitur;
3186 4714 3355 4767 neque
3403 4713 3529 4768 post.

1939 4784 2294 4840 mutationem
2324 4786 2374 4838 in
2422 4787 2474 4842 id
2504 4788 2646 4860 quod
2676 4787 2853 4844 fuerat
2885 4792 3118 4857 reverti,
3147 4795 3238 4841 aut
3288 4789 3342 4840 in
3388 4792 3552 4852 aliud,

1935 4878 2228 4950 quidquam
2285 4879 2482 4933 mutari
2529 4881 2639 4950 jam
2671 4880 2810 4936 ultra
2842 4878 2933 4937 fas
2998 4895 3099 4945 est.
3123 4878 3308 4931 Restat
3339 4888 3401 4930 ut
3428 4881 3550 4936 haec

1944 4980 2150 5026 tantum
2178 4967 2243 5021 sit
2268 4967 2378 5020 Deo
2399 4967 2625 5035 iuvante
2658 4987 2806 5027 mem
2835 4981 2891 5024 et
2928 4975 3128 5043 scruta
3159 4967 3287 5020 ﬁdes
3325 4977 3387 5019 ut
3413 4979 3581 5050 totus

1943 5064 2028 5090 ξιιμ.
2055 5056 2211 5090 νισι-εἷο
2237 5069 2284 5090 nl
2317 5066 2490 5090 Inlnm
2532 5065 2655 5090 :II...I
2689 5066 2873 5090 ..ξηηω
2931 5087 2952 5090 -
2986 5078 3029 5090 ι.
3078 5065 3149 5090 ..2η
3181 5057 3434 5090 ῃηιῆἶηῖ..ἶ
3496 5066 3507 5090 ἶ
