4006 5282
557 253 581 308 Ι
603 249 698 306 ωδ

1629 381 1980 394 —-———-——~

573 393 964 404 —-——————

1555 237 1944 296 GUITMUMDI
1977 231 2397 290 ARCIIIEI’ISC.
2438 225 2790 286 AVERSAM

1685 505 2746 625 GUITMUNDI

1469 759 2388 856 ARCHIEPISCOPI
2464 753 3056 850 AVERSANI.

1791 971 2652 1104 CONFESSIO

547 1227 643 1290 De
679 1230 890 1291 sancta
923 1221 1260 1296 Trinitate,
1287 1215 1526 1280 Christi
1569 1211 1992 1284 humanitate,
2031 1206 2448 1288 corporisque
2499 1222 2572 1267 ac
2611 1203 2947 1282 sanguinis
2981 1199 3240 1266 Domini
3281 1199 3482 1262 nostri
3525 1204 3792 1262 veritate.

1716 1377 2060 1451 (Bibliotheca
2095 1373 2317 1428 Patrum
2343 1369 2527 1438 XVIII,
2557 1372 2708 1443 435.)

619 1649 845 1718 Quoties
898 1647 1070 1701 Deum
1109 1644 1348 1715 cogitare
1396 1640 1664 1702 volumus,
1709 1639 1892 1694 minus
1939 1639 2129 1706 utique
2161 1621 2202 1676 Α
2237 1637 2396 1692 Vides
2430 1636 2592 1706 igitur
2625 1635 2746 1704 quia
2795 1635 2986 1689 eadem
3021 1635 3320 1691 substantia
3375 1641 3456 1688 est
3511 1633 3688 1704 patris
3713 1634 3796 1686 ho-

547 1742 798 1798 volumus
829 1755 990 1809 quam
1029 1737 1352 1800 debeamus;
1375 1747 1476 1788 nec
1522 1741 1703 1786 tamen
1742 1737 1953 1784 tantum
1985 1727 2131 1781 vale-

547 1848 693 1896 mus,
736 1838 1000 1902 quantum
1029 1827 1300 1890 volumus,
1351 1822 1736 1894 quantominus
1769 1820 1932 1891 igitur
1958 1833 2130 1888 quan-

549 1932 664 1978 tum
694 1921 990 1977 debemus?
1014 1919 1168 1986 Quod
1193 1917 1238 1972 si
1269 1917 1520 1971 humana:
1555 1914 1752 1969 mentis
1774 1911 2032 1983 cogitatio
2053 1911 2134 1965 iu-

552 2011 723 2065 tcrior
749 2009 992 2064 debitum
1017 2022 1172 2064 suum
1223 2005 1496 2076 quomodo
1531 2004 1707 2058 solvat
1737 2016 1841 2056 non
1891 1997 2129 2060 invenit;

549 2101 667 2170 ipse
705 2100 818 2154 oris
844 2113 1027 2154 sermo
1055 2097 1296 2152 exterior
1319 2095 1450 2166 quid
1477 2091 1773 2163 persolvit?
1801 2091 2020 2156 Verum,
2052 2091 2134 2144 di-

547 2189 844 2244 lectissime
875 2188 1044 2244 frater
1080 2187 1339 2252 Robcrte,
1367 2186 1468 2241 etsi
1497 2185 1658 2239 Pater
1687 2192 1870 2238 noster
1894 2181 1946 2236 in
1971 2181 2134 2236 corde

546 2290 736 2334 nostro
773 2278 914 2332 sicut
963 2277 1314 2331 dcccrctnon
1367 2275 1609 2346 agnoscit
1667 2273 1904 2328 Verbum
1949 2286 2130 2334 suum,

547 2384 649 2424 nos
677 2377 856 2423 tamen
881 2367 1033 2437 quasi
1059 2365 1266 2435 parvuli
1305 2367 1406 2420 sub
1453 2365 1618 2419 ubere
1664 2363 1747 2418 vel
1788 2361 2132 2418 balbutiendo

547 2461 902 2516 ostendamus
946 2461 997 2514 ei
1045 2457 1296 2514 eflcctum
1327 2468 1597 2512 nostrum.
1633 2455 1900 2522 Quoniam
1949 2453 2132 2524 itaque

547 2553 809 2622 scriptum
837 2559 920 2606 est
955 2567 969 2603 :
1002 2549 1172 2604 Corde
1219 2549 1450 2603 creditur
1487 2547 1556 2602 ad
1589 2547 1876 2618 justitiam,
1909 2559 1996 2600 ore
2025 2561 2122 2598 au-

543 2655 648 2696 tem
669 2641 924 2718 confessio
946 2639 1006 2710 ﬁt
1036 2643 1106 2696 ad
1128 2640 1352 2694 salutem
1379 2639 1559 2704 (Rom.
1595 2639 1648 2709 ς)
1673 2655 1690 2704 ;
1718 2637 1887 2707 liquet
1912 2635 2132 2690 omnino

543 2736 829 2804 quoniam,
873 2732 1125 2804 quamvis
1179 2734 1232 2788 in
1281 2732 1447 2787 corde
1507 2731 1641 2786 ﬁdes
1672 2740 1822 2785 recta
1881 2735 2130 2784 teneatur

549 2841 671 2894 qua:
695 2824 976 2892 iustificet,
1017 2825 1426 2894 pernecessaria
1457 2833 1540 2878 est
1591 2833 1766 2878 tamen
1795 2823 1850 2876 in
1879 2837 1974 2892 ore
2003 2835 2133 2878 con-

547 2914 715 2970 fessio
742 2931 860 2984 quae
905 2931 1003 2970 nos
1027 2915 1220 2970 salvet.
1250 2914 1355 2969 Sed
1384 2915 1512 2985 quid
1544 2914 1610 2968 de
1639 2914 1747 2968 Deo
1777 2913 1866 2968 ille
1887 2927 2126 2982 pronun-

548 3005 704 3058 tiabit
733 3003 822 3073 qui
852 3004 1139 3059 distortum
1172 3003 1507 3074 aliquid,aut
1531 3002 1762 3058 fortasse
1792 3003 1928 3058 nihil
1953 3002 2130 3056 adhuc

547 3095 677 3148 inde
704 3095 984 3165 cegitavit.
1016 3095 1257 3162 Quorum
1313 3093 1544 3151 alterum
1573 3105 1794 3152 interi-re
1822 3093 2128 3150 damnatio-

545 3183 632 3238 nis
655 3183 1025 3255 sacrilegium,
1058 3183 1284 3240 alterum
1311 3200 1464 3250 vero,
1501 3185 1544 3239 si
1595 3183 1684 3240 ille
1715 3184 2020 3254 quicunque
2043 3190 2132 3238 est

543 3275 656 3344 jam
695 3276 905 3334 ratione
932 3277 1123 3343 utitur,
1173 3276 1442 3332 mortiferi
1488 3275 1666 3332 somni
1706 3284 1790 3330 est
1844 3273 2124 3328 indicium.

551 3362 754 3436 \ligilet
778 3381 908 3438 ergo
955 3383 1050 3422 cor
1072 3366 1367 3422 Christiani
1400 3367 1453 3422 in
1485 3367 1612 3422 ﬁdei
1639 3381 1750 3421 suae
1778 3365 2126 3436 cogitatione,

545 3467 624 3518 ut.
656 3457 700 3512 si
732 3473 954 3516 necesse
981 3458 1164 3526 fuerit,
1191 3461 1336 3514 sciat
1362 3459 1573 3530 aperire
1596 3473 1658 3514 os
1684 3459 1734 3513 in
1762 3457 2125 3514 confessione.

548 3545 676 3600 Haec
705 3548 988 3617 perpaucis
1036 3547 1458 3618 prailibavimus,
1503 3557 1564 3602 ut
1611 3563 1772 3618 quam
1821 3547 2127 3604 necessaria

549 3637 620 3693 sit
651 3638 775 3693 fidei
815 3639 1042 3695 scientia
1095 3648 1149 3694 et
1180 3641 1452 3694 confessio
1485 3639 1855 3705 ostendentes,
1897 3638 1960 3692 ad
1986 3635 2130 3705 ejus-

550 3729 671 3784 dem
723 3729 845 3785 tidei
902 3739 1190 3788 tractatum
1249 3732 1476 3788 Domino
1536 3730 1825 3802 adj‘uvante
1879 3729 2128 3785 licentius

549 3822 878 3876 veniremus.

647 3910 728 3965 De
762 3923 1110 3967 sacrosancta?
1145 3911 1440 3967 Divinitatis
1470 3915 1668 3968 unitate
1695 3925 1742 3968 et
1783 3913 2036 3966 trinitate.

621 4005 798 4060 Credo
824 4015 1182 4062 sacrosancta:
1202 4005 1509 4062 Divinitatis
1533 4015 1790 4060 aeternam
1809 4003 2080 4060 Uuitatem
2111 4019 2124 4056 :

552 4097 716 4152 credo
761 4097 816 4152 in
869 4097 1060 4153 eadem
1125 4098 1332 4152 unitate
1390 4106 1715 4154 eoaeternam
1781 4095 2125 4160 Trinitatem,

555 4189 782 4244 Crealor
831 4190 976 4244 enim
1031 4191 1271 4245 omnium
1323 4207 1459 4245 unus
1482 4200 1562 4246 est
1589 4189 1731 4244 Deus
1752 4201 1806 4244 et
1835 4187 2008 4242 trinus
2036 4203 2130 4242 au-

549 4291 682 4348 tem,
715 4281 839 4352 quia
866 4279 1030 4336 Pater
1075 4291 1178 4348 est,
1206 4291 1261 4336 et
1299 4281 1472 4336 Filius
1517 4291 1570 4336 et
1624 4279 1857 4350 Spiritus
1885 4285 2124 4334 Sanctus.

550 4372 666 4428 Non
695 4375 816 4429 dico
843 4377 987 4444 quod
1025 4374 1166 4430 idem
1197 4376 1312 4446 ipse
1336 4375 1406 4430 sit
1427 4374 1612 4440 Pater,
1638 4383 1692 4430 et
1719 4373 1889 4428 Filius
1916 4381 1972 4426 ct
2001 4370 2125 4438 Spi-

551 4465 692 4522 ritus
722 4479 976 4534 sanctus;
1010 4468 1105 4523 sed
1133 4467 1254 4524 dico
1284 4469 1427 4538 quod
1455 4468 1594 4523 idem
1629 4468 1806 4537 ipsum
1835 4476 1918 4521 est
1944 4465 2128 4530 Pater,

552 4565 604 4610 et
627 4557 817 4624 Filius,
844 4569 900 4614 et
935 4558 1171 4630 Spiritus
1210 4569 1451 4614 sanctus.
1477 4557 1609 4614 Cum
1639 4559 1762 4614 dico
1791 4559 1901 4626 ipse
1939 4565 2126 4612 osten-

553 4649 622 4702 do
653 4665 936 4717 personam
989 4667 1110 4722 quae
1159 4662 1242 4707 est
1285 4651 1470 4718 Pater,
1529 4651 1714 4714 Filius,
1761 4649 1844 4706 vel
1896 4649 2130 4719 Spiritus

553 4748 808 4804 sanctus;
860 4756 982 4796 cum
1043 4757 1172 4797 vero
1213 4743 1334 4797 dico
1369 4743 1564 4811 ipsum,
1611 4741 1839 4796 ostendo
1873 4742 2127 4796 substan-

553 4825 686 4879 tiam
727 4843 845 4897 quze
889 4839 973 4885 est
1019 4831 1179 4886 Deus.
1234 4831 1489 4887 Creditur
1523 4832 1710 4900 itaque
1739 4847 1834 4901 per
1891 4829 2130 4902 singulos

550 4917 658 4972 alia
690 4932 947 4987 persona,
976 4922 1070 4976 sed
1119 4936 1222 4976 non
1269 4923 1512 4977 creditur
1538 4923 1592 4976 in
1651 4923 1823 4977 tribus
1870 4923 1971 4977 nisi
2024 4938 2128 4976 una

549 5005 878 5062 substantia.

621 5095 1080 5152 Sumamusnunc
1110 5098 1324 5168 aliquod
1347 5101 1652 5171 exemplum
1683 5102 1821 5156 inter
1861 5119 1981 5168 nos,
2035 5119 2130 5171 per

553 5188 698 5256 quod
737 5186 1128 5256 aliquantulum
1169 5189 1446 5244 valeamus
1477 5192 1771 5246 ascendere
1801 5207 1964 5262 super
2009 5209 2126 5247 nos.

2237 1726 2422 1792 minis,
2448 1735 2504 1780 et
2557 1725 2651 1780 lilii
2686 1725 2938 1780 hominis.
2977 1725 3034 1780 Si
3064 1725 3208 1780 enim
3254 1725 3532 1778 diceretur
3581 1740 3596 1775 :
3659 1722 3800 1776 Pater

2236 1819 2419 1882 homo,
2456 1827 2512 1874 et
2552 1817 2693 1872 ﬁlius
2719 1832 2910 1886 equus,
2941 1816 3063 1888 quis
3103 1816 3246 1870 aliud
3289 1831 3452 1886 quam
3515 1825 3800 1870 monstrum

2236 1919 2330 1965 aut
2383 1909 2712 1965 horrendum
2745 1909 2946 1978 aliquid
2979 1910 3215 1980 cogitare
3265 1908 3484 1978 posset?
3515 1907 3636 1962 Mox
3675 1907 3799 1962 enim

2235 2011 2294 2056 ut
2323 2017 2350 2054 a
2383 2016 2467 2056 me
2493 2001 2664 2070 patris
2699 2010 2753 2056 et
2785 2001 2878 2054 lilii
2917 2001 3160 2055 diversas
3193 1999 3530 2054 substantias
3562 1999 3798 2062 audires,

2235 2101 2326 2148 aut
2341 2092 2534 2162 jocari,
2558 2101 2652 2148 aut
2688 2093 2926 2148 insanire
2961 2093 3141 2162 potius
3167 2107 3328 2162 quam
3357 2093 3648 2146 veritatem
3675 2092 3802 2145 diee-

2235 2202 2294 2240 re
2323 2201 2408 2240 me
2439 2201 2543 2240 non
2574 2187 2871 2242 dubitares.
2902 2184 3008 2240 Sed
3037 2186 3082 2240 si
3113 2185 3306 2240 iterum
3331 2200 3544 2254 quaeras
3575 2186 3692 2254 quis
3731 2195 3803 2238 est

2235 2277 2345 2344 ille,
2373 2278 2517 2344 dico,
2546 2288 2702 2348 pater
2731 2277 2872 2333 illius
2895 2287 2997 2333 est.
3057 2277 3112 2331 Si
3161 2261 3371 2347 quznras
3401 2278 3468 2332 de
3497 2277 3643 2343 una,
3695 2277 3808 2348 quis

2234 2378 2317 2426 est
2366 2371 2476 2437 ille,
2523 2371 2665 2436 dico,
2727 2369 2869 2425 filius
2913 2371 3054 2426 illius
3106 2379 3208 2425 est.
3251 2369 3432 2434 Vides,
3463 2371 3794 2434 charissima,

2234 2463 2360 2531 quia
2399 2469 2452 2518 in
2505 2463 2755 2534 personis
2801 2463 3012 2518 diversa
3067 2463 3283 2518 nomina
3311 2463 3462 2532 posui
3529 2479 3652 2532 qua:
3693 2475 3804 2516 sunt

2233 2571 2382 2630 pater
2426 2569 2482 2616 et
2540 2561 2721 2630 ﬁlius;
2782 2559 2834 2614 in
2874 2560 3173 2616 substantia
3223 2575 3349 2613 vero
3403 2574 3572 2612 unum
3624 2574 3800 2614 nomen

2233 2653 2466 2716 ostendi,
2499 2653 2642 2722 quod
2670 2660 2752 2707 est
2780 2652 2952 2704 homo.
2988 2649 3140 2716 Quod
3170 2651 3220 2704 in
3261 2650 3481 2705 homine
3513 2647 3689 2716 vides,
3715 2651 3804 2706 hoc

2234 2747 2287 2802 in
2317 2745 2501 2801 multis
2533 2745 2800 2801 creaturis
2825 2743 3011 2800 videre
3044 2755 3218 2813 potes.
3244 2743 3300 2798 Si
3327 2743 3489 2812 igitur
3513 2744 3574 2796 in
3603 2753 3800 2798 creata»

2235 2837 2311 2891 ris
2341 2845 2402 2890 ut
2436 2837 2490 2890 in
2519 2851 2623 2890 una
2652 2835 2957 2890 substantia
2995 2843 3120 2890 sunt
3153 2833 3332 2904 plures
3377 2847 3654 2902 personae,
3681 2843 3730 2886 et
3757 2833 3802 2885 in

2159 2968 2205 3028 Β
2234 2931 2478 3000 pluribus
2521 2929 2768 3000 personis
2801 2941 2909 2984 una
2964 2927 3286 2992 substantia,
3315 2935 3508 2980 natura
3565 2925 3806 2996 postulat,

2231 3037 2288 3084 et
2315 3027 2460 3082 Deus
2482 3027 2587 3082 hoc
2617 3025 2766 3090 facit,
2799 3033 3005 3095 quanto
3035 3023 3206 3093 magis
3235 3023 3288 3076 in
3341 3022 3452 3076 Deo
3493 3021 3590 3089 qui
3637 3021 3798 3074 omnia

2229 3119 2453 3173 ereavit.
2489 3117 2760 3172 Verumne
2808 3115 3051 3171 Creatori
3089 3123 3396 3169 creaturam
3435 3111 3804 3181 comquamus?

2229 3210 2422 3266 Absit!
2472 3209 2730 3276 Quamvis
2765 3209 2908 3264 enim
2941 3207 2996 3262 in
3052 3206 3317 3261 creaturis
3351 3205 3420 3258 de
3457 3216 3618 3273 patre
3647 3206 3803 3258 dicam

2231 3303 2355 3372 quia
2387 3304 2549 3358 homo
2578 3311 2682 3368 est,
2716 3311 2770 3357 et
2803 3300 2870 3356 dc
2907 3300 3017 3354 filio
3043 3299 3170 3369 quia
3203 3300 3364 3352 homo
3392 3305 3496 3360 est,
3529 3307 3592 3351 et
3621 3296 3692 3350 ita
3721 3309 3802 3365 pa-

2233 3395 2332 3450 tris
2370 3403 2425 3450 et
2451 3395 2547 3449 filii
2575 3409 2682 3449 una
2709 3394 3012 3450 substantia
3053 3401 3168 3458 est;
3199 3401 3378 3446 tamen
3427 3391 3632 3444 iterum
3673 3389 3800 3451 dico,

2229 3485 2356 3554 quia
2387 3493 2539 3554 pater
2569 3485 2751 3550 homo,
2801 3493 2858 3538 et
2889 3475 3032 3537 lilius
3055 3482 3216 3538 homo
3249 3480 3355 3534 duo
3390 3479 3647 3534 homines
3675 3483 3800 3530 sunt.

2229 3575 2308 3630 De
2331 3575 2440 3628 Deo
2475 3581 2676 3638 autem,
2725 3572 2880 3627 valde
2937 3571 3113 3626 aliter.
3153 3567 3246 3624 Sic
3297 3581 3532 3637 namque
3585 3567 3706 3622 dico
3747 3565 3803 3618 de

2231 3666 2414 3728 Patre,
2441 3666 2566 3735 quia
2597 3665 2736 3720 Deus
2763 3673 2879 3728 est;
2903 3672 2957 3718 et
2981 3663 3046 3717 de
3071 3661 3209 3717 Filio
3231 3661 3358 3731 quia
3381 3661 3522 3714 Deus
3541 3666 3650 3722 est,
3673 3655 3804 3713 etde

2236 3756 2440 3826 Spiritu
2471 3763 2660 3810 sancto
2686 3753 2810 3824 quia
2843 3755 2982 3808 Deus
3009 3761 3115 3814 est,
3147 3761 3206 3805 ut
3234 3750 3363 3804 nulli
3399 3759 3586 3804 tamen
3627 3749 3800 3804 crede—

2232 3865 2292 3906 re
2319 3850 2480 3905 liceat
2510 3847 2654 3918 quod
2700 3855 2810 3901 tres
2845 3846 2916 3902 dii
2957 3852 3103 3900 sunt.
3133 3843 3250 3898 Jam
3279 3857 3423 3898 nunc
3449 3851 3725 3896 annuente
3746 3853 3802 3892 eo

2232 3941 2298 3996 de
2334 3955 2444 4008 quo
2479 3938 2772 4008 loquimur,
2803 3937 2870 3990 de
2908 3936 3098 3990 eadem
3121 3935 3386 3988 Trinitate
3414 3933 3622 4001 aliquid
3659 3947 3799 4001 aper-

2234 4032 2340 4085 tius
2374 4030 2681 4100 loquamur.
2713 4027 2908 4082 Creata
2935 4025 3362 4094 consideremus,
3401 4029 3458 4078 et
3507 4022 3562 4076 in
3601 4029 3800 4076 creatu-

2233 4119 2309 4175 ris
2341 4119 2654 4175 Creatorem
2675 4114 3008 4172 admirantes
3031 4113 3329 4167 laudemus.
3357 4110 3570 4166 Cm'um
3601 4112 3798 4178 itaque,

2233 4221 2454 4274 terram,
2487 4221 2636 4262 mare
2675 4216 2732 4262 et
2777 4220 2898 4275 qua:
2937 4204 3094 4260 ineis
3123 4211 3248 4258 sunt
3293 4202 3568 4266 videmus;
3597 4211 3654 4255 et
3702 4201 3798 4252 hare

2233 4302 2416 4357 omnia
2469 4313 2687 4356 creasse
2743 4314 2908 4351 unum
2945 4297 3112 4352 Deum
3151 4296 3314 4351 corde
3357 4295 3678 4356 retinemus,
3717 4306 3800 4344 ore

2234 4395 2576 4449 confitemur.
2611 4389 2736 4446 Hac
2768 4399 2916 4444 tanta
2943 4399 2998 4444 et
3035 4397 3146 4442 tam
3173 4386 3364 4448 multa,
3390 4395 3446 4440 et
3499 4393 3608 4437 tam
3639 4381 3798 4435 admi-

2230 4487 2400 4541 randa
2444 4483 2700 4538 ineffabili
2753 4496 2976 4552 prorsus
3017 4480 3278 4549 sapientia
3331 4477 3606 4542 condidit;
3653 4489 3798 4544 quam

2233 4576 2349 4644 ipse
2391 4588 2498 4628 non
2527 4571 2678 4636 fecit,
2702 4585 2803 4626 nec
2841 4569 3070 4634 creavit,
3096 4568 3189 4623 sed
3221 4567 3424 4638 genuit.
3453 4565 3800 4632 Quemadmo-

2233 4665 2358 4719 dum
2383 4664 2526 4718 enim
2567 4653 2622 4716 in
2655 4659 2834 4716 anima
2881 4667 3067 4712 nostra
3100 4657 3343 4710 videmus
3399 4655 3654 4724 quoniam
3699 4653 3798 4720 ipsa

2232 4757 2404 4827 gignit
2430 4753 2714 4810 consilium
2747 4768 2925 4816 suum,
2953 4761 3008 4806 et
3035 4749 3165 4804 illud
3191 4747 3477 4803 consilium
3507 4747 3657 4816 quasi
3689 4761 3799 4814 prn-

2233 4849 2312 4904 les
2338 4858 2418 4905 est
2455 4850 2650 4902 animae
2679 4847 2820 4916 quod
2847 4845 2989 4914 apud
3019 4857 3077 4898 se
3101 4841 3283 4906 habet,
3319 4848 3374 4893 et
3411 4856 3508 4909 per
3543 4837 3668 4892 illud
3689 4853 3796 4889 0m-

2233 4941 2319 4996 nia
2347 4939 2616 4994 exteriora
2645 4944 2924 5006 Operatur,
2953 4935 3026 4988 ita
3054 4935 3192 4987 Deus
3213 4931 3506 5001 (quomodo
3535 4930 3694 4982 Deum
3717 4927 3798 4978 de-

2234 5031 2343 5100 cet)
2372 5030 2702 5099 Sapientiam
2745 5041 2898 5082 suam
2953 5027 3019 5079 de
3062 5023 3240 5093 seipso
3269 5021 3480 5091 genuit,
3507 5035 3598 5088 per
3647 5031 3798 5086 quam

2231 5122 2410 5175 omnia
2440 5134 2772 5188 qua‘cunquc
2795 5124 2924 5170 sunt
2972 5113 3039 5170 ab
3083 5129 3149 5168 eo
3179 5113 3318 5166 facta
3351 5121 3500 5174 sunt,
3529 5121 3582 5163 et
3633 5109 3800 5174 dispu-

2235 5221 2458 5265 nuutur.
2484 5209 2608 5263 Haec
2655 5209 2816 5280 igitur
2839 5215 2920 5260 est
2955 5205 3216 5276 sapientia
3245 5203 3336 5256 Dei
3363 5202 3550 5262 Filius,
3578 5199 3719 5252 Deus
3743 5198 3800 5248 de
