4006 5282
245 87 265 138 ι
288 83 381 139 197

1133 78 1512 135 comssm
1541 79 1624 133 DE
1657 78 1922 134 suam
1961 75 2352 141 TlthlTATE,
2397 77 2546 132 me.
3370 51 3510 132 una

245 203 410 272 igitur
436 198 563 270 quia
601 212 629 250 a
662 195 822 250 Patre
850 195 1093 264 procedit
1148 211 1302 249 amor
1348 195 1414 250 ad
1471 194 1684 257 Filimn,
1715 207 1767 248 et
1797 211 1824 246 a
1855 197 1898 250 Α
1934 195 2011 246 ria
2059 193 2248 247 recolit
2284 193 2541 263 seipsam,
2583 202 2637 247 et
2673 191 3004 247 intellectum
3035 207 3210 251 suum.
3238 201 3288 245 et
3317 193 3509 246 velun-

247 292 382 346 Filio
405 287 648 360 procedit
693 287 758 340 ad
789 286 1008 340 Patrem
1039 301 1218 339 suum.
1270 285 1372 338 Iste
1412 299 1563 337 amor
1590 291 1673 337 est
1713 282 1826 351 Spi-

247 383 382 436 ritus
407 389 647 444 sanctus,
672 379 762 448 qui
787 380 855 433 ab
885 387 1116 447 utroque
1143 378 1216 431 ita
1241 377 1508 446 procedit,
1533 384 1588 430 ut
1615 389 1827 444 semper

248 475 299 528 in
327 482 557 543 utroque
580 481 825 538 maneat;
857 481 914 527 et
935 472 1006 526 ita
1048 485 1265 540 semper
1291 471 1342 522 in
1373 478 1600 538 utroque
1627 478 1826 534 manet,

248 576 305 619 ut
333 567 401 620 ab
432 574 663 634 utroque
697 580 914 634 semper
954 565 1234 632 procedat.
1288 561 1601 617 Coaeternus
1649 570 1826 615 autem

247 667 331 712 est
363 658 510 713 Patri
539 657 727 719 Filius,
765 657 889 726 quia
920 655 1084 710 Pater
1115 656 1232 710 sine
1270 655 1532 725 sapientia
1565 669 1661 708 sua
1692 670 1819 707 nun-

245 764 406 819 quam
425 747 549 806 fuit.
580 748 898 804 Coaeternus
922 748 1066 802 Patri
1089 757 1144 802 et
1165 746 1303 801 Filio
1327 747 1565 816 Spiritus
1587 756 1827 806 sanctus,

244 841 372 910 quia
407 849 762 909 utrorumque
794 855 954 893 unam
982 838 1342 894 substantiam
1375 839 1486 906 ipse
1514 853 1668 891 amor
1695 837 1831 890 inse-

246 929 522 999 parabilis,
553 929 644 999 qui
676 937 760 983 est
781 930 969 984 eadem
1007 928 1334 994 substantia,
1377 942 1589 997 semper
1637 927 1827 980 univit.

245 1020 441 1076 Totum
479 1030 659 1074 autem
708 1035 766 1075 se
828 1022 969 1090 sapit
1021 1020 1181 1075 Pater
1236 1029 1291 1074 et
1336 1029 1507 1075 totum
1552 1036 1610 1075 se
1656 1020 1830 1090 diligit

249 1111 514 1182 quidquid
543 1121 627 1166 est
651 1128 666 1176 ;
700 1121 847 1166 tanta
875 1122 959 1166 est
981 1112 1144 1182 igitur
1165 1113 1425 1181 sapientia
1453 1128 1575 1179 sua,
1600 1122 1654 1168 et
1681 1123 1828 1167 tanta

246 1202 486 1256 Charitas
531 1212 764 1272 quantus
799 1203 913 1272 ipse
945 1212 1048 1257 est.
1097 1202 1345 1272 [Equalis
1397 1215 1479 1258 est
1525 1219 1654 1272 ergo
1684 1204 1828 1258 Pani

241 1293 414 1348 Filius
436 1303 492 1348 et
525 1293 761 1362 Spiritus
789 1301 1031 1348 sanctus.
1084 1293 1238 1360 Quod
1278 1294 1321 1347 si
1368 1294 1434 1347 de
1470 1293 1644 1348 Patris
1676 1295 1826 1348 voln-

244 1404 364 1442 mus
389 1388 689 1443 substantia
727 1388 970 1456 cogitate
998 1387 1124 1456 quid
1177 1388 1268 1451 sit,
1301 1387 1450 1457 prius
1473 1387 1537 1442 de
1585 1387 1700 1455 ejus
1744 1404 1828 1441 sa-

244 1478 451 1548 pientia
475 1479 794 1547 cogitemus,
831 1486 1091 1547 quantum
1117 1492 1426 1547 possumus,
1453 1477 1582 1548 quid
1614 1488 1667 1532 ct
1717 1479 1828 1548 ipsa

1932 295 2094 340 tatem
2119 302 2293 341 suam.
2325 288 2584 341 Voluntas
2610 286 2744 350 vult,
2779 288 2830 340 id
2881 297 2962 339 est
3001 285 3170 355 diligit
3199 287 3430 354 scipsam
3456 296 3511 340 ct

1932 379 2264 434 intellectum
2296 395 2476 444 suum,
2507 391 2560 434 et
2605 380 2921 433 memoriam
2973 395 3144 433 suam.
3177 379 3250 433 lla
3301 389 3423 432 sunt
3458 380 3510 432 in

1930 473 2202 526 omnibus.
2230 471 2421 527 Omnia
2475 487 2604 526 vero
2631 482 2758 526 sunt
2791 472 2842 525 in
2877 471 3123 541 singulis,
3154 472 3277 541 quia
3323 471 3510 524 eadem

1933 569 2162 633 ratione,
2197 567 2526 631 intellectus,
2557 567 2818 621 memoria
2845 576 2898 621 et
2921 565 3195 628 voluntas,
3223 565 3400 618 omnia
3443 564 3515 616 si»

1933 662 2041 716 mul
2069 661 2123 716 in
2154 677 2262 716 uno
2299 671 2444 716 sunt.
2482 661 2547 715 Et
2581 661 2698 715 lucc
2744 677 2848 714 non
2899 660 2998 714 nisi
3052 674 3156 712 una
3211 655 3510 711 substantia

1931 761 2079 817 sunt,
2111 768 2230 822 quat
2272 761 2356 805 est
2402 752 2603 806 anima.
2641 750 2898 806 Dicamus
2947 749 3112 819 igitur
3170 747 3421 801 similiter
3452 746 3517 799 (ιδ

1933 843 2112 908 Patre,
2146 853 2200 898 et
2235 842 2392 904 Filio,
2444 854 2498 897 et
2552 841 2758 912 Spiritu
2799 849 3007 895 sancto.
3042 839 3203 893 Pater
3250 838 3358 890 vi‘a
3407 845 3515 898 est,

1934 936 2102 991 Filius
2133 935 2419 1006 sapientia,
2447 933 2684 1002 Spiritus
2717 941 2940 987 sanctus
2973 931 3236 985 charitas.
3273 927 3386 981 Vita
3420 927 3519 980 ita-

1932 1043 2038 1096 que
2065 1026 2220 1092 vivit,
2258 1035 2312 1079 et
2361 1026 2626 1095 sapientia
2663 1023 2814 1089 vivit,
2862 1032 2917 1077 ει
2963 1021 3202 1076 Charitas
3237 1019 3386 1072 vivit.
3420 1015 3519 1070 Sa-

1932 1120 2131 1189 pientia
2182 1119 2341 1188 sapit,
2393 1129 2447 1172 et
2481 1119 2588 1172 vita
2623 1117 2784 1187 sapit,
2819 1125 2872 1170 et
2909 1115 3149 1169 charitas
3177 1113 3334 1182 sapit.
3369 1111 3512 1166 Cha-

1935 1210 2068 1262 ritas
2090 1207 2282 1278 diligit,
2333 1217 2387 1260 et
2439 1208 2544 1260 vita
2575 1206 2774 1273 diligit,
2803 1215 2858 1258 et
2909 1203 3176 1275 sapientia
3229 1201 3420 1271 diligit.
3458 1199 3522 1252 Et

1932 1299 2047 1354 lucc
2076 1299 2175 1354 tria
2209 1313 2316 1351 non
2353 1297 2452 1351 uisi
2485 1313 2589 1350 una
2623 1296 2948 1360 substantia,
2992 1295 3135 1365 quod
3163 1303 3244 1347 est
3281 1294 3447 1346 Deus.

2001 1389 2310 1444 Cavendum
2344 1397 2425 1443 est
2462 1397 2643 1442 tamen
2678 1404 2744 1442 ne
2767 1388 2850 1442 vel
2877 1389 3112 1440 animam
3145 1393 3387 1438 nostram
3416 1381 3524 1434 Deo

1933 1489 2116 1533 nostro
2144 1493 2361 1546 aequare
2389 1477 2648 1542 velimus;
2693 1492 2758 1531 ne
2790 1477 2950 1542 forte,
2981 1477 3104 1529 dum
3132 1473 3248 1542 ejus
3274 1471 3523 1526 similitu-

240 1570 332 1622 sit.
360 1569 477 1638 Ipsa
519 1569 662 1621 enim
694 1577 778 1622 εει
803 1583 921 1636 quae
948 1568 1083 1620 dixit
1117 1582 1130 1621 :
1165 1566 1334 1621 Nemo
1363 1571 1496 1622 venit
1518 1570 1588 1621 ad
1613 1567 1827 1622 Patrem
1863 1552 1903 1608 Β
1935 1570 2112 1624 dinem
2130 1584 2290 1636 supra
2311 1583 2407 1622 nos
2433 1569 2752 1637 appetimus,
2773 1569 2839 1621 ab
2863 1569 2986 1632 hoc,
3009 1565 3150 1634 quod
3176 1580 3271 1635 per
3295 1578 3415 1616 eum
3439 1577 3526 1614 su-

242 1662 343 1714 nisi
391 1676 483 1729 per
517 1675 600 1714 me
639 1659 821 1728 (Joan.
854 1660 988 1724 xw).
1019 1659 1086 1714 Et
1113 1677 1126 1713 :
1157 1660 1263 1725 Qui
1294 1661 1426 1714 videt
1451 1677 1553 1725 me,
1604 1662 1738 1716 videt
1785 1672 1831 1714 et

241 1752 459 1806 Patrem
494 1768 663 1805 meum
697 1750 909 1821 (lbid.).
931 1751 986 1805 lu
1013 1752 1277 1822 sapientia
1310 1753 1492 1821 itaque
1517 1768 1616 1806 nec
1647 1752 1833 1806 latitu-

240 1846 427 1901 dinem
459 1860 559 1899 uec
591 1845 1004 1916 longitudinem,
1041 1859 1138 1899 nec
1173 1845 1583 1911 rotunditatem,
1630 1860 1728 1898 nec
1754 1844 1834 1897 ul-

241 1937 349 1992 lam
377 1936 762 2006 quantitatem,
789 1947 882 1990 aut
910 1935 1224 2005 qualitatem
1253 1937 1516 1990 videmus.
1550 1935 1663 1989 Non
1693 1935 1744 1989 in
1768 1952 1831 1990 ea

243 2030 590 2084 diversorum
622 2029 1012 2091 membrorum,
1039 2028 1493 2097 quemadmodum
1523 2027 1574 2081 in
1607 2044 1836 2096 corpore

243 2128 461 2184 nostro,
498 2118 876 2173 distinctiones
908 2118 1235 2172 invenimus.
1271 2117 1411 2172 Nihil
1438 2119 1601 2189 igitur
1645 2134 1836 2191 corpo-

245 2211 359 2265 rale
391 2211 444 2263 in
498 2209 776 2278 sapientia:
825 2209 1061 2264 essentia
1097 2209 1392 2275 inveni:ur,
1432 2211 1524 2264 sed
1557 2220 1723 2264 totum
1753 2221 1836 2265 est

244 2303 506 2372 Spiritus,
532 2300 792 2371 quidquid
817 2301 882 2356 de
906 2317 968 2355 ea
997 2310 1142 2355 recte
1166 2302 1456 2370 cogitatur.
1493 2301 1685 2356 Errant
1740 2303 1839 2374 igi-

243 2404 335 2448 tur
372 2393 722 2448 vcbementer
766 2393 856 2462 qui
905 2393 1014 2447 Deo
1039 2393 1189 2447 Patri
1219 2393 1444 2463 ﬁguram
1480 2395 1714 2450 hominis
1741 2396 1836 2450 tri-

245 2488 448 2549 buunt,
476 2486 602 2554 quia
635 2485 810 2555 qualis
835 2496 917 2541 est
955 2485 1142 2541 Filius.
1178 2486 1337 2540 talem
1388 2487 1574 2556 utique
1620 2488 1834 2542 Patrem

243 2585 300 2630 et
329 2576 598 2646 Spiritum
648 2582 916 2638 sanctum,
955 2576 1046 2644 qui
1090 2591 1194 2630 non
1238 2577 1485 2641 credunt,
1542 2577 1832 2646 desipiunt.

240 2667 352 2722 Iste
400 2676 582 2722 autem
629 2666 810 2731 Pater,
844 2676 900 2721 et
947 2666 1139 2731 Filius,
1203 2676 1257 2722 et
1308 2666 1543 2736 Spiritus
1594 2677 1835 2732 sanctus,

241 2761 451 2829 ubique
497 2768 579 2814 est
610 2767 775 2823 totus,
802 2774 944 2814 unus
994 2757 1153 2819 Deus,
1187 2759 1388 2828 ubique
1435 2758 1840 2812 incircumscri-

238 2861 392 2919 ptus,
426 2848 622 2918 ubique
653 2848 932 2903 iudivisus.
952 2847 1105 2915 Quod
1136 2855 1187 2901 ut
1216 2847 1608 2919 aliquantulum
1643 2849 1840 2904 intelli-

1939 1675 2081 1723 mus,
2109 1658 2444 1713 decidamus.
2473 1656 2624 1712 Sicut
2657 1658 2820 1727 igitur
2849 1657 2900 1710 in
2925 1671 3087 1725 Opere
3117 1655 3406 1724 imaginem
3445 1653 3526 1702 vi-

1937 1753 2116 1806 dimus
2146 1752 2442 1820 operantis,
2489 1751 2565 1803 sic
2608 1750 2802 1804 iterum
2835 1749 3117 1802 videamus
3145 1746 3283 1816 quod
3329 1745 3526 1799 factum

1937 1853 2021 1897 est
2062 1853 2322 1912 quantum
2371 1842 2531 1896 distet
2577 1841 2644 1894 ab
2694 1857 2759 1894 eo
2809 1840 2901 1909 qui
2939 1838 3199 1893 condidit.
3254 1837 3310 1890 in
3351 1835 3529 1889 anima

1937 1936 2135 2005 quippe
2163 1933 2468 1989 intellectus
2490 1975 2503 1997 ,
2537 1933 2796 1988 memoria
2818 1973 2830 1995 ,
2865 1940 2919 1986 et
2956 1932 3205 1984 voluntas
3253 1945 3355 1982 una
3406 1927 3535 1981 sul:-

1937 2027 2134 2080 stantia
2156 2036 2262 2092 est,
2288 2041 2407 2094 qua:
2437 2039 2591 2078 mens
2615 2033 2858 2086 vocatur,
2895 2039 2999 2076 non
3030 2033 3206 2077 tamen
3232 2019 3534 2072 intellectus

1938 2127 2022 2173 est
2046 2118 2304 2172 memoria
2335 2116 2419 2169 vel
2460 2115 2732 2180 voluntas,
2779 2127 2952 2182 neque
2981 2112 3236 2166 memoria
3263 2119 3347 2164 est
3377 2109 3536 2164 intel-

1939 2210 2110 2264 lectus
2134 2249 2148 2273 ,
2179 2207 2259 2261 vel
2292 2207 2540 2261 voluntas
2561 2248 2574 2268 ,
2621 2219 2792 2275 neque
2827 2204 3073 2258 voluntas
3117 2202 3373 2257 memoria
3395 2243 3409 2267 ,
3449 2201 3532 2255 vel

1939 2302 2264 2356 intellectus.
2310 2299 2469 2354 Aliud
2521 2309 2606 2353 est
2633 2298 2776 2352 enim
2812 2298 2862 2350 in
2910 2296 3090 2349 anima
3135 2295 3531 2366 prmteritorum

1938 2393 2270 2456 meminisse,
2305 2391 2449 2445 aliud
2477 2387 3100 2460 prrcseutiaiutelligcre,
3134 2395 3187 2440 et
3219 2385 3362 2440 aliud
3387 2387 3529 2454 quod

1941 2485 2277 2549 meminerit,
2326 2494 2378 2537 et
2406 2483 2547 2552 quod
2581 2481 2924 2547 intelleverit,
2955 2479 3107 2535 velle.
3143 2479 3292 2534 Unde
3333 2477 3532 2532 intelli-

1937 2564 2082 2652 gitur
2112 2576 2231 2647 plus
2258 2590 2378 2640 esse
2409 2574 2461 2627 in
2495 2573 2672 2627 anima
2701 2573 2802 2626 tria
2836 2573 2948 2626 haec
2988 2569 3308 2638 intelligere,
3342 2569 3536 2634 menti-

1939 2670 2115 2731 nisse,
2140 2667 2274 2722 velle
2303 2681 2464 2736 quam
2494 2664 2664 2719 solum
2699 2663 2855 2729 velle,
2876 2661 2959 2718 vel
2993 2661 3165 2716 solum
3211 2659 3532 2730 intelligere,

1937 2761 2022 2815 vel
2052 2759 2223 2814 solum
2253 2755 2583 2812 meminisse.
2624 2754 2933 2809 Intellectus
2963 2754 3106 2808 enim
3151 2751 3405 2823 intelligit
3437 2751 3537 2806 sibi

1942 2861 1996 2907 et
2036 2849 2346 2914 memoria},
2393 2856 2446 2902 et
2465 2846 2762 2909 voluntati;
2809 2844 3069 2900 memoria
3105 2844 3295 2902 recolit
3322 2843 3459 2907 sibi,
3487 2853 3543 2896 et

241 2918 465 3010 gamus,
494 2938 809 3008 diligentius
837 2940 1197 2992 attendamus.
1233 2918 1505 2993 Ponamus
1538 2940 1719 3009 itaque
1749 2955 1838 2994 co-
1867 2918 1908 2977 δ
1945 2941 2266 3004 intellectui,
2296 2950 2349 2994 ει
2378 2938 2666 2993 voluntati.
2693 2935 2950 2991 Voluntas
2976 2944 3154 2989 autem
3182 2935 3296 2988 vult
3327 2934 3449 2998 sibi,
3482 2945 3532 2988 et

239 3045 364 3084 ram
405 3028 561 3082 nobis
583 3028 798 3097 aliquod
826 3029 1253 3083 minutissimum
1284 3044 1503 3097 corpus,
1533 3030 1616 3084 vel
1667 3031 1840 3098 ipsam

241 3119 509 3190 ungulam
547 3128 814 3184 nostram,
845 3134 967 3189 qua;
1027 3129 1226 3188 ιιι-ωειο
1267 3129 1350 3174 est
1387 3120 1735 3189 aspiciamus,
1786 3132 1842 3175 et

239 3213 298 3270 in
330 3215 453 3283 ipsa
496 3213 767 3284 quomodo
800 3213 940 3267 Deus
970 3221 1114 3267 totus
1155 3213 1226 3266 sit
1273 3213 1552 3268 videamus
1577 3215 1621 3268 si
1653 3229 1842 3284 possu-

238 3323 396 3373 mus,
433 3306 478 3360 si
504 3307 685 3361 videre
736 3321 841 3361 non
872 3322 1184 3376 possumus,
1241 3308 1548 3361 credamus.
1582 3305 1747 3361 Video
1787 3307 1840 3361 in

237 3401 456 3471 ungula
485 3415 603 3455 mea
636 3399 877 3470 quinque
912 3399 1216 3470 superiora,
1265 3398 1549 3465 inferiora,
1575 3401 1763 3454 dextra
1787 3409 1844 3454 et

236 3497 504 3560 sinistra,
530 3501 588 3550 et
616 3495 792 3548 media
819 3511 833 3559 ;
872 3495 988 3548 haec
1011 3493 1194 3548 omnia
1216 3509 1312 3562 per
1339 3493 1658 3562 sapientiam
1687 3509 1843 3547 suam

237 3589 396 3642 Deus
418 3584 530 3654 jam
565 3585 693 3641 fecit
713 3627 726 3651 ,
755 3595 807 3641 et
842 3587 1000 3640 modo
1027 3587 1190 3640 etiam
1216 3594 1274 3639 ut
1307 3585 1627 3651 subsistant,
1663 3586 1844 3655 dispo-

235 3681 348 3734 nit.
395 3676 516 3732 Non
558 3686 639 3732 est
665 3688 844 3732 autem
873 3678 1154 3748 sapientia:
1176 3676 1271 3732 Dei
1300 3693 1427 3748 pars
1455 3678 1646 3734 dextro
1675 3695 1845 3751 ungu-

235 3773 310 3827 la:
340 3771 533 3836 lateri,
571 3780 625 3826 et
656 3771 829 3825 altera
860 3771 1082 3826 sinistro
1119 3771 1297 3838 lateri,
1337 3781 1391 3826 et
1421 3773 1524 3826 alia
1553 3774 1842 3843 superiori,

234 3877 422 3938 atque
451 3866 554 3920 alia
582 3866 824 3920 inferiori
849 3867 1061 3936 ungula:
1090 3865 1330 3934 ejusdem
1356 3882 1592 3936 pravsens
1615 3879 1697 3923 est
1722 3884 1846 3938 par-

236 3961 308 4024 ti,
339 3958 455 4013 alia
489 3957 797 4023 medietati;
833 3958 928 4011 sed
953 3959 1092 4010 sicut
1121 3965 1229 4009 tota
1257 3957 1435 4010 omnia
1465 3968 1741 4026 operatur,
1768 3959 1848 4015 sic

237 4060 362 4106 tota
399 4063 644 4120 pmsens
680 4057 762 4104 est
793 4049 1064 4103 omnibus.
1097 4045 1227 4115 Ejus
1249 4048 1393 4101 enim
1424 4049 1710 4116 praesentia
1738 4065 1843 4103 non

235 4142 528 4207 localiter,
567 4141 662 4196 sed
691 4140 1059 4210 potentialiter
1085 4148 1169 4194 est
1196 4140 1538 4194 mstimauda.
1563 4138 1692 4206 Quae
1713 4155 1846 4209 quo-

237 4234 403 4288 niam
449 4232 640 4286 eadem
673 4231 803 4286 hora
857 4242 909 4286 et
951 4231 1139 4285 eodem
1171 4238 1446 4284 momento
1479 4245 1586 4299 quo
1635 4232 1736 4285 ista
1767 4231 1847 4284 l‘a-

238 4325 343 4388 cit,
381 4321 555 4376 etiam
590 4330 794 4376 caztera
823 4321 1003 4376 omnia
1038 4329 1196 4390 prout
1220 4320 1318 4374 sibi
1356 4320 1602 4374 voluntas
1636 4329 1718 4374 est
1742 4321 1849 4375 dis-

236 4416 431 4487 ponit,
468 4424 788 4482 praesentem
822 4430 882 4468 se
936 4414 1122 4482 utique
1166 4427 1382 4482 semper
1432 4421 1484 4466 et
1515 4411 1672 4466 simul
1714 4412 1848 4466 etin

236 4505 517 4561 omnibus
565 4504 823 4558 ostendit.
862 4504 1014 4570 Quod
1047 4504 1110 4558 de
1133 4503 1420 4572 sapientia,
1455 4504 1505 4558 id
1538 4511 1640 4570 est,
1668 4503 1734 4558 de
1761 4503 1849 4558 Fi-

238 4602 320 4659 lio
368 4596 637 4660 vidimus,
689 4599 792 4652 hoc
837 4597 904 4650 de
933 4597 1116 4663 Patre,
1164 4597 1266 4651 hoc
1294 4597 1359 4653 de
1407 4597 1609 4668 Spiritu
1661 4608 1850 4653 sancto

243 4689 593 4752 sentiamus,
623 4688 746 4756 quia
789 4702 884 4742 eos
925 4686 1317 4759 inseparabiles
1361 4703 1480 4742 esse
1506 4689 1726 4744 omnino
1757 4705 1849 4743 ne-

239 4796 406 4838 cesse
433 4786 523 4832 est
562 4787 619 4831 ut
654 4780 949 4833 credamus.
1003 4781 1087 4836 Ad
1122 4777 1408 4846 imaginem
1455 4779 1578 4846 Dei,
1619 4794 1736 4847 qua:
1763 4792 1850 4836 est

239 4873 440 4927 anima
493 4876 699 4934 nostra,
726 4869 1027 4936 redeamus,
1060 4880 1119 4928 et
1151 4871 1202 4922 in
1232 4869 1342 4938 ipsa
1372 4868 1414 4922 si
1444 4868 1700 4938 possibile
1732 4867 1849 4925 fue-

241 4966 341 5029 rit,
375 4961 703 5016 Trinitatem
741 4961 790 5014 in
836 4958 1045 5026 unitate
1074 4963 1376 5019 videamus.
1404 4963 1599 5021 Anima
1635 4970 1848 5035 nostra,

237 5055 483 5126 spiritus
514 5051 694 5120 utique
731 5067 830 5110 non
861 5063 1075 5122 corpus
1113 5065 1218 5115 est.
1247 5054 1373 5120 Quae
1396 5055 1563 5115 habet
1602 5060 1655 5114 in
1696 5069 1754 5110 se
1789 5068 1850 5114 et

234 5150 304 5201 de
344 5158 429 5206 se,
475 5139 527 5194 id
565 5151 665 5208 est,
719 5144 782 5197 de
807 5137 1136 5210 substantia
1185 5161 1279 5203 sua
1311 5147 1431 5211 tria,
1485 5151 1846 5218 intellectum,

227 5230 578 5282 memoriam.
610 5235 948 5282 Voltmtalem.
1001 5243 1230 5282 [Inrnm
1265 5237 1472 5282 sinanln
1516 5245 1564 5282 in
1590 5241 1848 5282 nnntilnr;

1944 3035 2222 3092 memoria:
2249 3075 2264 3098 ,
2297 3042 2351 3088 et
2383 3031 2697 3087 intellectui.
2737 3030 2794 3084 ln
2844 3029 2952 3084 Deo
2983 3039 3162 3082 autem
3195 3029 3284 3098 qui
3319 3026 3543 3081 omnino

1943 3133 2172 3204 simplex
2198 3141 2280 3186 est
2306 3141 2519 3195 natura,
2551 3146 2656 3184 non
2680 3138 2763 3184 cst
2789 3130 2932 3184 aliud
2960 3129 3161 3193 vivere,
3195 3129 3342 3182 al'.ud
3373 3129 3541 3189 scire,

1944 3223 2089 3279 aliud
2121 3223 2368 3292 diligere,
2395 3237 2492 3275 nec
2524 3219 2642 3290 plus
2674 3219 2774 3273 tria
2820 3219 2933 3274 iure
2972 3235 3136 3289 quam
3181 3234 3344 3272 unum
3377 3258 3392 3282 ,
3441 3231 3542 3272 nec

1945 3331 2110 3370 unum
2141 3314 2319 3367 minus
2357 3327 2520 3380 quam
2553 3311 2653 3365 tria
2687 3311 2961 3364 credimus
2989 3325 3129 3364 esse.
3159 3307 3312 3375 Quod
3347 3309 3419 3361 ita
3442 3323 3541 3376 pe-

1945 3419 2051 3464 test
2074 3407 2317 3476 intelligi.
2358 3405 2522 3458 Pater
2548 3413 2631 3458 est
2662 3403 2870 3468 vivens,
2900 3402 3070 3456 Filius
3105 3401 3342 3471 sapiens,
3377 3399 3545 3468 Spiri-

1947 3509 2035 3554 tus
2065 3506 2285 3553 sanctus
2313 3495 2563 3564 diligens.
2595 3494 2664 3548 Et
2691 3493 2875 3558 Pa'er,
2909 3494 3115 3559 vivens,
3146 3492 3384 3561 sapiens.
3419 3490 3543 3545 dili-

1948 3608 2099 3662 gens.
2147 3590 2213 3644 Et
2261 3588 2502 3660 singulus
2557 3587 2787 3658 quisque
2839 3587 3044 3642 itidem.
3096 3584 3363 3654 Quoniam
3416 3598 3546 3639 vero

1949 3685 2092 3738 Deus
2117 3681 2359 3736 omnium
2391 3679 2616 3750 simplex
2648 3689 2729 3734 est
2758 3686 2982 3742 natura,
3033 3677 3112 3732 sic
3145 3675 3362 3736 vivens,
3389 3683 3450 3728 ut
3475 3674 3546 3729 sit

1948 3774 2082 3832 vita.
2117 3773 2197 3827 sie
2225 3771 2464 3841 sapiens.
2491 3779 2549 3824 ut
2572 3767 2950 3837 sitsapicntia,
2990 3767 3068 3822 sic
3089 3766 3342 3836 diligens,
3375 3773 3432 3818 ut
3475 3763 3547 3818 sit

1956 3865 2216 3930 dilectio,
2277 3863 2522 3932 singulus
2570 3861 2799 3930 quisque
2837 3867 3018 3912 autem
3077 3857 3250 3920 Deus,
3304 3855 3549 3924 singulus

1951 3959 2184 4029 quisque
2230 3955 2395 4026 igitur
2439 3952 2572 4016 vita,
2625 3950 2885 4018 sapientia
2934 3957 2988 4002 et
3023 3947 3262 4000 dilectio.
3301 3943 3549 3998 lnconse-

1950 4063 2123 4119 quens
2171 4054 2351 4099 autem
2397 4052 2481 4098 est
2529 4042 2751 4096 credere
2800 4041 2852 4094 in
2891 4038 3122 4109 simplici
3173 4048 3366 4092 natura
3401 4035 3548 4092 aliud

1952 4155 2074 4194 esse
2107 4139 2295 4201 vitam,
2325 4135 2470 4189 aliud
2499 4133 2842 4203 sapientiam,
2868 4131 3011 4185 aliud
3035 4131 3398 4186 dilectionem.
3431 4128 3540 4180 Re-

1954 4233 2199 4302 digamus
2246 4229 2411 4299 igitur
2465 4229 2578 4282 haec
2625 4225 2726 4278 tria
2770 4223 2836 4277 ad
2889 4239 3056 4276 unum
3085 4262 3100 4287 ,
3149 4230 3203 4277 et
3252 4220 3494 4273 dicamus
3532 4239 3543 4271 :

1953 4325 2116 4379 Pater
2153 4331 2209 4377 et
2247 4320 2417 4376 Filius
2447 4329 2502 4375 et
2530 4318 2768 4388 Spiritus
2808 4324 3030 4371 sanctus
3067 4315 3199 4379 vita,
3225 4313 3308 4368 vel
3329 4313 3547 4382 sapien—

1954 4417 2055 4482 tia,
2099 4415 2183 4469 vel
2210 4413 2452 4468 dilectio.
2485 4411 2625 4480 Ergo
2655 4407 3004 4463 manifestum
3032 4417 3115 4462 est
3141 4422 3248 4461 non
3279 4404 3400 4476 plus
3431 4420 3550 4458 esse

1955 4511 2059 4564 tria
2091 4521 2257 4576 quam
2308 4521 2477 4560 unum
2502 4544 2517 4568 ,
2569 4515 2669 4558 nec
2713 4500 2894 4555 minus
2926 4516 3090 4556 unum
3118 4514 3278 4568 quam
3309 4498 3430 4551 tria.
3462 4495 3552 4548 Vi—

1953 4601 2185 4658 dendum
2234 4606 2317 4654 est
2366 4607 2548 4652 tamen
2599 4609 2667 4650 ne
2717 4590 3120 4652 confundamus
3159 4606 3434 4658 personas.
3481 4588 3557 4640 Ita

1953 4695 2098 4748 enim
2130 4699 2212 4744 est
2241 4689 2406 4744 Pater
2431 4687 2700 4760 sapientia
2731 4683 2814 4736 vel
2845 4684 3081 4754 dilectio
3107 4689 3163 4732 ut
3192 4690 3367 4732 tamen
3393 4679 3566 4733 Filius

1958 4787 2029 4840 sit
2053 4781 2318 4851 sapientia
2351 4779 2534 4836 Patris
2557 4819 2568 4839 ,
2600 4789 2656 4833 et
2686 4775 2948 4846 Spiritus
2978 4780 3193 4836 sanctus
3217 4769 3433 4822 dilectio
3471 4769 3571 4819 Pa-

1959 4879 2058 4934 tris
2085 4887 2142 4931 et
2173 4874 2318 4927 Filii.
2364 4873 2465 4931 Hic
2512 4873 2689 4926 oritur
2739 4883 3012 4940 quaest“,
3065 4861 3280 4919 diilicilis
3312 4879 3325 4914 :
3356 4864 3402 4916 si
3429 4860 3571 4915 enim

1956 4972 2119 5027 Pater
2149 4967 2364 5035 sapiens
2389 5010 2402 5031 ,
2449 4977 2503 5022 et
2536 4964 2706 5020 Filius
2750 4964 3090 5030 sapientia,
3131 4954 3375 5023 quaeritur
3402 4961 3584 5005 utrum

1955 5068 2026 5120 sit
2053 5059 2272 5130 sapiens
2302 5058 2570 5128 sapientia
2593 5072 2714 5122 sua,
2738 5067 2864 5124 qua:
2895 5073 3014 5124 est
3046 5047 3208 5110 Filius
3232 5057 3374 5100 suus.
3407 5038 3597 5098 Omnis

1952 5159 2098 5211 enim
2136 5149 2378 5218 sapiens,
2424 5148 2694 5219 sapientia
2723 5143 2992 5217 sapiens
3018 5152 3127 5206 est.
3151 5137 3213 5191 At
3233 5133 3369 5203 quod
3398 5132 3472 5186 ita
3509 5146 3595 5229 re—

1951 5246 2251 5282 cnnmlplnr
2284 5259 2296 5271 ο
2325 5241 2400 5282 nn
2445 5243 2550 5282 Imp.
2579 5249 2657 5282 ρει
2699 5236 3014 5282 caninum“
3055 5227 3195 5282 ηιιολὶ
3228 5232 3306 5277 est
3345 5227 3602 5275 essentia.
