4006 5282
491 197 626 252 1499

491 407 692 461 militer
722 409 1006 464 disseritur
1030 411 1095 466 de
1119 411 1320 483 Spiritu
1361 427 1574 483 sancto,
1607 421 1696 488 qui
1727 421 1942 477 dilectio
1971 434 2054 478 est

485 507 856 568 utrorumque.
887 501 1219 558 Credcndum
1266 516 1347 562 est
1389 523 1516 577 ergo
1554 510 1678 580 quia
1721 510 1881 566 Pater
1929 529 2052 582 per-

483 587 622 641 fecta
663 589 766 642 vita
800 598 918 653 est,
947 601 1000 645 et
1029 594 1322 664 sapientia,
1353 605 1405 650 et
1435 599 1652 654 dilectio
1678 616 1705 653 a
1759 602 1962 671 seipso,
1998 611 2054 656 et

481 680 649 735 Filius
669 681 908 750 perfecta
928 684 1058 751 vita,
1077 687 1431 757 etsapientia,
1452 690 1826 747 etdilectioest
1843 708 1874 748 a
1891 692 2053 749 Patre

481 785 607 836 suo;
639 779 695 824 et
733 770 967 842 Spiritus
992 784 1213 832 sanctus
1243 777 1344 832 hoc
1373 779 1511 834 idem
1547 794 1577 833 a
1612 778 1772 836 Patre
1799 790 1854 838 et
1892 782 2052 839 Filio.

479 858 632 916 Hanc
662 861 859 917 trinam
905 863 1204 933 Unitatem,
1241 877 1294 924 et
1322 885 1481 924 unam
1508 870 1848 938 Trinitatem,
1879 874 2050 929 Adam

479 957 605 1004 ante
630 960 910 1017 peccatum
951 955 1263 1028 incorrupta
1291 959 1521 1029 imagine
1568 961 1659 1016 Dei
1705 963 1883 1018 anima
1929 980 2048 1028 sua,

475 1038 656 1096 lucide
683 1041 967 1107 intellexit,
1001 1062 1161 1116 quam
1190 1047 1365 1104 lucem
1391 1060 1671 1120 peceatum
1701 1054 2048 1110 commissum

476 1132 802 1188 obscuravit.
827 1133 1077 1192 Peccavit
1098 1147 1276 1195 autem
1299 1140 1530 1198 hominis
1551 1144 1728 1198 anima
1752 1145 2046 1215 voluntate,

475 1237 672 1292 corpus
717 1239 897 1294 opere.
931 1226 1230 1300 Utrumque
1272 1231 1436 1302 igitur
1485 1245 1755 1288 mortuum
1782 1244 1894 1302 est,
1921 1237 2048 1305 quia

475 1315 544 1369 ab
566 1323 796 1385 utroque
821 1327 1096 1386 peccatum
1124 1321 1473 1376 commissum
1499 1332 1601 1378 est.
1626 1323 1892 1391 Quoniam
1921 1341 2050 1381 vero

475 1415 720 1462 mortuus
762 1417 845 1464 cst
891 1410 1052 1466 homo
1079 1427 1175 1482 per
1203 1413 1568 1483 insipientiam
1591 1455 1607 1482 ,
1649 1418 1890 1486 oportuit
1925 1433 2046 1472 eum

474 1495 738 1552 viviﬁcari
779 1512 880 1567 per
924 1502 1265 1571 sapientiam.
1309 1505 1592 1560 lncarnata
1635 1517 1718 1560 est
1748 1507 1909 1577 igitur
1954 1507 2044 1562 Dei

472 1586 735 1655 sapientia
759 1628 774 1654 ,
812 1599 871 1643 ut
905 1591 1176 1647 deleretur
1205 1594 1440 1650 hominis
1467 1595 1790 1666 insipientia.
1833 1597 1938 1652 Sed
1967 1600 2046 1652 in-

1503 209 1716 264 GL'lTM
1728 210 1884 266 [ΝΜ
1922 213 2344 273 ARClilEPlSC.
2379 219 2416 272 Α
2429 217 2718 273 VERSANI

489 314 656 380 Filio,
687 331 792 370 non
829 317 987 389 igitur
1015 319 1327 390 sapientiam
1357 324 1515 378 habet
1546 343 1576 380 a
1607 327 1760 382 Filio.
1806 330 1954 396 Quod
1985 333 2059 386 si-
2089 355 2131 413 Δ

3572 228 3716 286 Εἰρθ

2481 373 2554 426 De
2581 392 2794 442 corpore
2819 389 2866 430 et
2896 378 3152 448 sanguine.
3169 377 3395 434 Domini.

2227 502 2442 556 Interim
2471 515 2680 568 autem,
2703 508 2826 560 dum
2857 508 2928 562 ab.
2948 524 3014 562 eo
3043 510 3093 563 in
3126 511 3226 566 hoc
3250 514 3449 567 mundo
3471 518 3712 584 peregri-

2156 605 2349 644 namur
2370 591 2455 662 (11
2468 592 2591 647 Cor.
2613 596 2686 664 v),
2703 611 2927 666 corpore
2947 609 3000 652 et
3021 602 3278 672 sanguine
3299 603 3416 670 ejus
3439 605 3492 658 in
3507 604 3594 658 via
3623 623 3715 674 pa-

2153 679 2376 745 seitnur,
2408 683 2547 736 sicut
2584 687 2837 753 apostolis
2860 688 2972 742 suis
2997 689 3099 743 hoc
3137 693 3446 762 mysterium
3476 694 3531 748 in
3560 709 3722 749 cinna

2152 769 2339 825 ultima
2365 782 2489 827 ante
2511 783 2738 830 mortem
2767 791 2917 834 suam
2944 779 3190 846 tradidit,
3219 790 3272 836 et
3295 781 3450 836 nobis
3479 797 3713 853 sequen-

2155 860 2294 916 tibus
2335 862 2782 932 l'rcqucutandum
2824 884 2920 936 per
2947 885 3042 925 eos
3072 873 3366 927 mandavit.
3395 873 3710 930 Adhibenda

2150 961 2235 1005 est
2265 967 2392 1023 ergo
2429 953 2562 1009 ﬁdes
2605 955 2898 1013 Dominicis
2925 960 3124 1024 verbis,
3153 962 3348 1030 quibus
3373 963 3544 1018 dicit:
3579 963 3714 1018 Caro

2150 1058 2264 1097 mea
2305 1061 2418 1100 vere
2459 1056 2534 1100 est
2573 1048 2742 1112 cibus,
2785 1059 2835 1103 et
2882 1052 3094 1120 sanguis
3127 1069 3270 1107 meus
3298 1070 3411 1108 vere
3450 1065 3527 1108 est
3565 1066 3714 1124 potus

2151 1130 2334 1201 (Jaan.
2371 1134 2465 1204 γι).
2499 1133 2655 1191 Omni
2698 1151 2826 1207 ergo
2870 1149 3149 1196 exsecrata
3189 1141 3548 1207 dubitatione,
3578 1144 3714 1197 sicut

2149 1223 2418 1278 credimus
2471 1226 2596 1296 quia
2634 1227 2938 1298 unigenitus
2981 1231 3160 1294 Deus,
3217 1239 3520 1286 coaeternus
3577 1232 3716 1287 Deus

2147 1311 2294 1368 Patri
2337 1314 2537 1382 Filius,
2571 1332 2697 1372 vere
2725 1319 2777 1373 in
2805 1337 2970 1376 carne
2999 1331 3179 1377 nostra
3211 1331 3385 1385 natus,
3418 1339 3551 1380 vere
3575 1341 3718 1379 mor-

2149 1415 2295 1470 tuus,
2324 1421 2448 1461 vere
2474 1411 2808 1478 resurrexit,
2834 1427 2960 1467 vere
2991 1411 3044 1467 in
3073 1413 3268 1468 caelum
3298 1414 3563 1479 ascendit,
3594 1430 3718 1469 vere

2148 1495 2300 1550 sedet
2325 1497 2391 1551 ad
2416 1498 2690 1552 dexteram
2714 1499 2892 1556 Patris
2917 1503 3021 1568 sui,
3046 1502 3117 1556 ita
3146 1502 3511 1557 indubitanter
3529 1507 3716 1558 creda-

2147 1602 2269 1642 mus
2295 1589 2418 1656 quia
2448 1604 2644 1658 corpus
2678 1589 2798 1657 ejus
2833 1599 2887 1646 et
2928 1593 3240 1663 sanguinem
3271 1607 3455 1648 verum
3484 1603 3546 1648 et
3585 1595 3716 1648 inte

471 1677 722 1746 sipienlia
752 1679 983 1737 hominis
1022 1683 1257 1738 animam
1287 1685 1603 1742 rationalem
1642 1694 1696 1742 ct
1723 1703 1920 1757 corpus
1947 1703 2040 1744 oc-

2149 1684 2303 1737 grum
2344 1670 2397 1724 in
2443 1671 2598 1725 altari
2639 1680 2762 1742 post
2795 1676 3270 1730 consecrationem.
3305 1676 3714 1731 manducamus.

471 1767 634 1833 cidit;
671 1767 764 1823 Dei
793 1785 923 1826 vero
955 1773 1249 1841 sapientia,
1281 1774 1332 1828 id
1376 1785 1460 1829 est
1488 1775 1688 1843 Filius,
1715 1788 1771 1832 et
1805 1779 2042 1832 animam

472 1856 793 1914 rationalem
831 1870 887 1916 et
939 1877 1137 1932 corpus
1176 1866 1487 1934 assumpsit.
1531 1867 1600 1922 Et
1643 1869 1784 1922 sicut
1820 1868 1908 1923 ille
1929 1869 2046 1924 sine

473 1959 700 2017 peccato
727 1951 794 2006 de
820 1953 1160 2010 immaculata
1194 1963 1334 2011 terra
1366 1958 1537 2014 factus
1557 1967 1669 2024 est;
1698 1960 1771 2014 ita
1803 1959 1904 2014 iste
1928 1961 2047 2016 sine

472 2050 695 2110 peccato
725 2043 790 2115 de
813 2043 1120 2116 incorrupta
1155 2045 1372 2119 Virgine
1412 2058 1569 2105 natus
1607 2059 1718 2116 est;
1756 2052 2048 2122 assumpsit

473 2138 652 2184 autem
676 2131 749 2187 ita
779 2132 920 2189 Deus
960 2136 1234 2192 hominem
1263 2148 1322 2192 ut
1363 2154 1463 2195 nec
1503 2140 1644 2195 Deus
1687 2141 1740 2194 in
1772 2141 2042 2196 hominem

473 2229 792 2290 mutaretur,
815 2238 912 2280 nec
939 2225 1097 2281 homo
1122 2226 1504 2283 absorberetur
1527 2229 1580 2283 in
1607 2229 1794 2284 Deum.
1819 2229 1877 2284 Si
1901 2231 2044 2284 enim

473 2312 613 2368 Deus
641 2313 694 2367 in
740 2315 1011 2372 hominem
1053 2327 1374 2386 mutaretur,
1412 2319 1526 2388 jam
1567 2336 1672 2376 non
1715 2330 1857 2377 esset
1883 2321 2043 2388 Deus,

471 2404 563 2458 sed
591 2405 752 2461 homo
777 2407 951 2476 solus;
979 2418 1033 2464 et
1062 2410 1182 2466 ideo
1208 2427 1311 2466 non
1340 2411 1634 2481 adjuvaret.

543 2493 600 2549 Si
633 2511 761 2552 vero
787 2498 950 2555 homo
971 2501 1350 2558 absorberetur
1374 2504 1427 2558 in
1459 2502 1650 2569 Deum,
1672 2503 1783 2574 jam
1810 2519 1915 2560 non
1947 2506 2045 2561 ho-

471 2602 584 2653 mo,
610 2589 703 2644 sed
725 2589 867 2646 Deus
894 2593 1068 2660 solus;
1101 2603 1155 2648 et
1201 2595 1321 2651 ideo
1369 2595 1505 2651 mori
1542 2612 1646 2652 non
1677 2606 1875 2667 posset.
1909 2597 2041 2652 Mori

473 2669 652 2732 autem
681 2695 802 2735 eum
826 2681 944 2737 alia:
968 2683 1398 2742 multaerationes
1423 2687 1616 2756 quibus
1637 2703 1738 2742 nos
1757 2687 2046 2743 redimeret

471 2778 840 2839 suppeterent.
872 2769 1076 2841 voluit',
1117 2784 1178 2830 ut
1222 2785 1277 2832 et
1326 2778 1594 2834 diabolum
1621 2777 1830 2847 justitia
1873 2779 2045 2850 magis

471 2873 632 2928 quam
656 2862 895 2930 potentia
925 2864 1188 2920 vinceret.
1230 2865 1438 2922 Iustum
1468 2869 1609 2923 enim
1653 2876 1772 2922 erat
1819 2877 1914 2933 ut,
1951 2869 2043 2938 qui

473 2951 745 3006 hominem
777 2954 1011 3024 vicerat,
1047 2957 1115 3012 ab
1143 2957 1359 3014 homine
1399 2959 1731 3026 vinceretur,
1762 2969 1818 3016 et
1864 2961 2040 3029 nobis,

2153 1757 2375 1826 Verum,
2428 1760 2673 1830 inquam,
2718 1777 2913 1834 corpus
2944 1764 3376 1820 Dominieumet
3413 1767 3714 1836 integrann,

2145 1848 2290 1918 quod
2319 1857 2374 1904 et
2403 1857 2573 1903 totum
2607 1850 2660 1904 in
2683 1849 2860 1906 Patris
2889 1853 3105 1908 dextera
3137 1854 3329 1920 sedens
3357 1854 3646 1923 gloriatur,
3667 1866 3721 1910 et

2148 1946 2320 1994 totum
2350 1941 2415 1994 de
2441 1940 2738 1996 sacerdotis
2763 1942 3012 1998 manibus
3043 1944 3290 2010 sumitur,
3320 1954 3375 1999 ct
3406 1946 3448 1999 si
3474 1959 3572 2014 per
3597 1929 3718 2014 par-

2146 2041 2227 2087 tes
2272 2031 2426 2101 quasi
2466 2032 2764 2104 frangatur,
2815 2035 2868 2088 in
2929 2050 3248 2106 unaquaque
3297 2043 3474 2091 tamen
3527 2046 3718 2108 parte,

2145 2125 2396 2193 quamvis
2423 2124 2809 2191 minutissima,
2832 2132 3004 2180 totum
3034 2134 3089 2180 et
3120 2125 3382 2196 integrum
3408 2127 3642 2193 habetis,
3665 2135 3719 2182 et

2144 2215 2212 2281 si,
2234 2215 2418 2269 eadem
2452 2214 2584 2269 hora
2613 2224 2668 2270 et
2687 2214 2873 2270 eodem
2900 2225 3198 2280 momento,
3237 2216 3379 2271 mille
3404 2218 3739 2272 sacerdotes.

2144 2305 2248 2361 hoc
2273 2305 2586 2378 mysterium
2618 2315 2928 2376 operantur,
2958 2305 3009 2360 in
3033 2305 3361 2376 singulorum
3390 2319 3567 2361 tamen
3599 2323 3715 2361 ma-

2144 2397 2304 2452 nibus
2333 2411 2529 2465 corpus
2573 2396 2798 2462 Christi,
2843 2406 3011 2452 totum
3045 2406 3100 2452 et
3129 2398 3396 2468 integrum
3424 2413 3714 2454 consecra-

2147 2496 2278 2552 tum,
2311 2503 2341 2543 a
2377 2488 2606 2561 singulis
2630 2497 2801 2544 totum
2828 2498 2884 2545 et
2908 2489 3169 2561 integrum
3197 2490 3444 2545 sumitur.

2216 2597 2313 2654 llic
2353 2599 2518 2668 quicri
2550 2608 2721 2670 potest
2765 2615 2864 2654 cur
2907 2600 3246 2671 mysterium,
3282 2600 3363 2654 vel
3410 2615 3716 2674 sacramen-

2145 2696 2278 2754 tum,
2296 2689 2377 2744 vel
2394 2691 2552 2744 etiam
2577 2689 2745 2761 ﬁgura
2770 2691 2902 2757 hmc,
2928 2691 3263 2748 consecratio
3285 2690 3502 2757 dicitur,
3527 2692 3573 2746 si
3599 2692 3713 2762 ipsa

2145 2795 2232 2836 res
2255 2791 2308 2836 et
2333 2783 2446 2851 ipsa
2480 2783 2685 2838 veritas
2709 2792 2813 2850 est,
2841 2794 2893 2838 et
2920 2784 3052 2838 nihil
3081 2784 3222 2838 aliud
3249 2799 3346 2852 per
3372 2783 3475 2838 hoc
3503 2783 3714 2852 signiﬁ-

2143 2879 2317 2928 catur.
2349 2871 2429 2925 Ad
2474 2875 2618 2940 quod
2661 2886 2762 2940 ego
2805 2872 3100 2940 respondeo
3133 2871 3255 2941 quia
3303 2880 3357 2925 et
3396 2871 3710 2942 mysterium

2144 2969 2247 3025 est,
2273 2961 2398 3030 quia
2420 2959 2618 3029 aliquid
2651 2960 2937 3032 mysticum
2969 2969 3168 3030 portat;
3209 2969 3264 3014 et
3287 2968 3712 3018 sacramentum.

471 3050 674 3111 quanta
703 3044 969 3102 charitate
1007 3049 1231 3104 reducat
1275 3065 1374 3106 nos
1395 3091 1410 3117 ,
1442 3052 1766 3108 ostenderet.
1798 3051 1934 3108 Hine
1962 3063 2045 3109 est
2072 3042 2115 3105 C
2148 3050 2272 3120 quia
2303 3064 2516 3105 sacrum
2545 3049 2747 3119 aliquid
2778 3049 3174 3119 intelligendum
3207 3049 3344 3102 intra
3371 3063 3431 3102 se
3450 3048 3708 3110 occultat;

471 3135 613 3208 quod
641 3137 707 3193 de
738 3136 939 3208 Spiritu
973 3151 1161 3197 sancto
1187 3152 1479 3215 conceptus
1501 3145 1699 3200 dicitur
1723 3146 1847 3215 quia
1872 3144 2040 3216 Spiri-

473 3236 560 3282 tus
584 3236 802 3284 sanctus
829 3229 1069 3286 cbaritas
1099 3241 1181 3287 cst
1203 3274 1217 3295 ,
1250 3241 1304 3287 et
1347 3243 1518 3289 totum
1580 3235 1682 3290 hoc
1727 3236 2041 3306 mysterium

421 3367 428 3374 .
471 3321 714 3376 cbaritas
757 3332 977 3394 operata
1019 3334 1121 3380 est.
1166 3324 1364 3381 Factus
1408 3326 1590 3396 itaque
1619 3327 1780 3382 homo
1804 3336 1885 3382 est
1919 3342 2041 3381 cum

472 3407 582 3465 Deo
608 3425 713 3466 una
744 3427 996 3481 persona,
1027 3415 1119 3470 sed
1143 3425 1456 3471 conservata
1485 3426 1567 3474 est
1594 3419 1806 3488 utrique
1827 3419 2040 3489 propria

473 3503 795 3559 substantia.
817 3505 987 3562 llomo
1014 3509 1115 3564 iste
1145 3510 1259 3564 sine
1285 3518 1510 3580 peccato
1537 3512 1690 3577 vixit,
1724 3521 1784 3565 nt
1809 3511 2046 3567 vinceret

472 3595 776 3663 diabolum,
811 3607 865 3651 et
897 3597 1108 3654 dolores
1137 3602 1420 3666 sustinuit,
1468 3610 1526 3656 ut
1573 3601 1774 3656 deleret
1802 3601 2038 3657 hominis

471 3697 770 3759 peceatum.
800 3689 1051 3745 Miracula
1081 3692 1242 3757 fecit,
1273 3693 1396 3761 quia
1444 3693 1582 3748 Deus
1610 3701 1758 3759 erat;
1801 3702 2042 3748 mortuus

471 3780 715 3849 cst,quia
743 3779 905 3833 homo
930 3790 1068 3835 erat.
1085 3781 1330 3852 Seipsum
1360 3795 1628 3838 mortuum
1659 3783 1936 3838 suscitavit
1955 3791 2043 3847 ,ut

473 3867 614 3923 Deus
643 3869 992 3935 crederetur;
1029 3871 1082 3925 in
1110 3887 1272 3926 carne
1299 3873 1548 3942 palpabili
1584 3883 1765 3944 postea
1797 3873 2045 3943 apparuit

471 3972 541 4012 ne
571 3958 729 4014 homo
757 3974 878 4015 esse
915 3961 1270 4016 dubitaretur.
1319 3961 1525 4034 Corpus
1547 3964 1758 4034 quidem
1788 3965 1838 4018 in
1885 3979 2044 4019 cruce

471 4061 744 4107 mortuum
794 4053 850 4108 in
891 4052 1066 4124 lapide
1108 4055 1320 4125 sepeliri
1371 4057 1648 4127 permisit;
1690 4055 1867 4109 anima
1914 4068 2042 4109 vero

469 4143 611 4209 viva,
642 4160 762 4200 cum
794 4145 904 4202 Deo
943 4163 1285 4217 permanens,
1318 4150 1370 4204 in
1397 4151 1696 4215 infernum,
1725 4166 1830 4204 non
1863 4158 1923 4205 ut
1951 4164 2045 4219 pa-

469 4242 696 4300 teretur,
724 4237 816 4291 sed
841 4245 901 4292 ut
929 4239 1323 4306 dominaretur,
1345 4240 1643 4306 descendit,
1671 4255 1810 4309 qum,
1841 4239 2039 4293 libera-

471 4325 542 4380 tis
566 4326 688 4381 inde
712 4343 847 4396 quos
869 4328 1433 4397 dignosjudicaverat,
1462 4333 1671 4386 eretcris
1699 4343 1826 4385 vero
1857 4321 2052 4384 dimis?

470 4419 565 4482 sis,
596 4435 794 4490 corpus
839 4436 994 4475 suum
1022 4424 1175 4478 tertia
1207 4424 1294 4478 die
1334 4425 1640 4494 resumpsit.
1675 4423 2042 4478 Ressuscitato

468 4520 649 4566 autem
672 4527 898 4584 corpore
923 4553 938 4578 ,
968 4529 1089 4569 cum
1119 4514 1422 4585 discipulis,
1473 4531 1579 4570 non
1610 4516 1860 4570 continue
1887 4555 1901 4580 ,
1947 4517 2040 4571 sed

471 4606 638 4661 certis
662 4607 868 4662 vicibus
915 4622 1183 4678 apparens
1205 4616 1259 4663 ct
1282 4608 1444 4662 etiam
1473 4606 1782 4671 comedens,
1811 4607 2041 4676 quadra-

473 4694 618 4764 ginta
646 4697 833 4752 diebus
876 4698 1093 4752 mansit.
1134 4698 1556 4768 Quadragesimo
1585 4698 1700 4762 die,
1738 4698 2040 4753 videntibus

470 4787 578 4842 illis
599 4788 765 4844 emlos
793 4791 1052 4845 ascendit.
1081 4790 1230 4858 Quod
1274 4806 1402 4846 vero
1430 4802 1549 4861 post
1592 4790 2037 4845 resurrectionem

471 4877 725 4941 comedit,
753 4894 858 4933 non
884 4879 1196 4951 indigentia,
1227 4881 1322 4936 sed
1351 4889 1720 4950 argumentum
1747 4879 2043 4933 manifestat

477 4969 892 5023 resurrectionis
935 4970 1056 5024 fuit.
1098 4970 1306 5041 Regnat
1352 4972 1533 5040 itaque
1569 4970 1824 5026 Dominus
1861 4980 2042 5024 noster

473 5057 629 5114 Jcsus
650 5059 902 5114 Christus
946 5061 997 5114 in
1043 5060 1208 5131 gloria
1254 5061 1453 5125 Patris,
1495 5071 1751 5117 venturus
1790 5061 1857 5115 ad
1895 5059 2041 5131 judi-

475 5152 617 5206 cium
663 5152 914 5206 omnibus
962 5152 1014 5206 in
1057 5152 1489 5208 uianil'cstatione
1541 5153 1738 5218 carnis,
1791 5152 2045 5221 mprobos

2145 3151 2200 3197 et
2225 3141 2418 3210 ﬁgura,
2459 3142 2602 3210 quia,
2630 3149 2855 3211 excepto
2893 3141 2996 3196 hoc
3024 3141 3165 3211 quod
3215 3140 3569 3209 corporaliter
3608 3142 3714 3209 agi-

2145 3242 2253 3298 tur,
2276 3234 2554 3304 spirituale
2575 3233 2718 3288 aliud
2742 3234 2892 3290 valde
2912 3235 3272 3290 necessarium
3297 3234 3509 3304 ﬁgurat.
3534 3232 3712 3302 Mysti-

2144 3343 2266 3383 cum
2290 3328 2433 3382 enim
2467 3335 2523 3384 et
2547 3341 2788 3394 sacrum,
2817 3335 2871 3381 et
2910 3326 3219 3393 spirituale,
3248 3340 3345 3396 per
3369 3326 3471 3380 hoc
3505 3333 3708 3395 myste-

2143 3418 2284 3473 rium
2336 3416 2628 3488 ﬁguratur,
2671 3417 2923 3486 quoniam
2966 3417 3107 3472 sicut
3148 3430 3244 3470 nos
3291 3429 3477 3470 omnes
3505 3414 3706 3468 Christi

2142 3524 2338 3579 corpus
2357 3509 2706 3577 corporaliter
2730 3509 3008 3570 sumimus,
3036 3509 3105 3561 ita
3134 3522 3230 3562 nos
3250 3506 3347 3575 ipsi
3378 3505 3491 3573 ejus
3511 3517 3705 3572 corpus

2143 3599 2494 3668 spiritualiter
2522 3598 2749 3652 vivendo
2787 3598 2922 3652 ellici
2957 3597 3243 3663 debemus;
3284 3611 3388 3650 non
3419 3594 3549 3650 illud
3580 3609 3700 3648 coro

2143 3706 2264 3761 pus.
2288 3693 2429 3760 quod
2457 3687 2690 3745 Verbum
2714 3689 2806 3744 Dei
2833 3690 2884 3744 in
2915 3703 3141 3758 persona
3167 3703 3260 3744 sua
3288 3686 3599 3755 assumpsit,
3649 3693 3712 3739 et.

2144 3783 2480 3837 Dominicum
2519 3780 2736 3845 dicitur,
2783 3780 2876 3835 sed
2915 3780 3054 3850 quod
3087 3780 3138 3833 in
3175 3777 3469 3848 Scripturis
3499 3776 3714 3832 sanctis.

2142 3874 2378 3929 Ecclesia
2410 3881 2653 3937 vocatur,
2681 3873 2822 3927 unde
2849 3871 3045 3926 Paulus
3079 3871 3247 3927 dicit:
3286 3871 3408 3940 Ipse
3438 3879 3512 3923 est
3548 3878 3702 3937 caput

2142 3975 2374 4019 nostrum
2425 3965 2644 4036 (Ep/tes.
2672 3963 2728 4032 v)
2752 4005 2766 4027 ,
2791 3973 2845 4019 et
2872 3979 2970 4019 nos
3013 3964 3251 4018 membra
3279 3962 3414 4030 ejus.
3460 3960 3594 4015 [line
3621 3969 3700 4015 est

2141 4057 2307 4121 enim,
2334 4055 2474 4124 quod
2499 4055 2564 4109 de
2585 4070 2721 4124 pane
2745 4063 2799 4109 et
2828 4057 2950 4110 vino
2983 4063 3376 4109 sacramentum
3410 4052 3550 4106 istud
3573 4066 3696 4105 con-

2143 4149 2337 4203 ﬁcitur.
2369 4148 2530 4202 Panis
2557 4147 2701 4202 enim
2738 4161 2803 4202 ex
2852 4146 3035 4202 multis
3063 4145 3242 4216 granis
3283 4159 3420 4197 unus
3458 4140 3698 4203 ellicitur,

2141 4251 2194 4296 et
2221 4241 2400 4295 vinum
2426 4255 2491 4296 ex
2520 4239 2701 4294 multis
2723 4238 2944 4293 vinaciis
2971 4237 3024 4292 in
3053 4251 3214 4290 unum
3254 4234 3506 4304 liquatur.
3539 4230 3698 4284 Simi-

2145 4332 2266 4387 liter
2291 4339 2346 4387 et
2371 4347 2470 4386 nos
2500 4345 2566 4386 ex
2595 4329 2777 4394 multis
2800 4329 2980 4399 granis
3011 4341 3176 4382 unum
3203 4340 3396 4395 corpus
3422 4321 3695 4376 efﬁcimur.

2145 4423 2210 4477 de
2237 4436 2465 4492 corpore
2512 4427 2567 4476 et
2620 4419 2878 4489 sanguine
2916 4417 3125 4472 Domini
3173 4415 3306 4469 bene
3357 4413 3605 4471 vivendo,
3649 4417 3700 4462 et

2143 4511 2410 4566 credendo
2439 4508 2700 4565 catholica
2733 4509 2836 4562 tidc
2864 4506 3154 4562 reﬁcimur.
3187 4502 3336 4560 Unde
3356 4511 3409 4557 et
3447 4517 3543 4570 per
3571 4499 3695 4552 Pan-

2142 4603 2252 4658 lum
2299 4603 2496 4659 dicitur
2521 4621 2533 4656 :
2561 4602 2706 4658 Unus
2751 4601 2907 4671 panis
2941 4613 3126 4654 sumus
3167 4609 3353 4651 omnes
3389 4593 3436 4663 (Ι
3462 4591 3584 4644 Cor.
3624 4591 3694 4655 ι).

2142 4694 2237 4751 llis
2278 4695 2457 4764 itaque
2493 4701 2547 4749 et
2593 4691 2714 4746 aliis
2763 4692 2806 4746 si
2837 4689 3016 4761 plures
3059 4696 3185 4743 sunt
3223 4681 3698 4754 signiﬁcationibus

2143 4787 2502 4854 conservatis,
2533 4792 2884 4840 conservetur
2909 4782 3070 4836 etiam
3116 4777 3278 4840 ﬁdes,
3323 4773 3447 4844 quia
3495 4768 3697 4825 Domini

2143 4894 2337 4949 corpus
2365 4879 2534 4948 ipsum
2558 4889 2742 4930 verum
2772 4888 2878 4927 non
2905 4869 3236 4941 qualitative,
3260 4865 3352 4920 sed
3375 4859 3697 4918 substantia-

2144 4969 2266 5023 liter
2294 4968 2557 5030 creditur,
2582 4973 2639 5019 ut
2668 4964 2810 5034 quod
2852 4962 2964 5031 ipsa
3015 4959 3212 5014 veritas
3255 4955 3474 5010 omnino
3517 4965 3696 5005 verum

2142 5076 2262 5117 esse
2283 5068 2529 5122 testatur,
2547 5067 2728 5112 nostra
2755 5053 2964 5109 fallacia
2988 5053 3200 5110 falsum,
3219 5057 3310 5102 aut
3331 5043 3697 5114 imaginarium

2144 5163 2263 5205 esse
2292 5164 2397 5203 non
2426 5147 2691 5216 opinetur.
2749 5145 2862 5199 Hoc
2900 5157 3096 5212 corpus
3129 5141 3171 5195 si
3217 5137 3431 5205 indigne
3477 5133 3700 5231 sumitur

3934 1501 3935 1556 ι

3933 1559 3935 1636 l
