4006 5282
272 291 403 348 £50!-

1417 294 1749 352 EPISTOLA
1784 295 1875 350 AD
1916 293 2308 350 ERF‘ASTUM.

3362 277 3499 333 {50"}

268 420 350 459 ma
398 413 582 462 nostra
626 406 791 461 vitam
833 414 1088 460 :rternam
1129 392 1496 478 consequitur,
1546 423 1665 479 qme
1707 423 1834 463 vere
1862 415 1906 474 Α
1940 423 2042 478 pus
2082 415 2136 462 et
2194 403 2504 477 sanguinem
2539 400 2864 459 concedatur
2913 397 2965 454 in
3017 395 3233 466 perenni
3281 395 3496 448 smcnlo.

267 495 469 551 nobisa
499 493 726 549 Domino
768 505 950 550 ucstra
991 496 1117 550 Jesu
1177 497 1392 553 Christo
1421 513 1518 568 per
1562 497 1679 568 ejus
1727 513 1844 554 cor-

1953 500 2143 553 Amen.

266 661 3498 707 mw.

873 833 1932 948 GUITMUNDI
2005 829 2898 944 EPISTOLA

1465 1062 1616 1153 AD
1666 1061 2328 1154 EBFASTUM.

1138 1255 1454 1334 (causam,
1495 1255 1735 1313 Veterum
1766 1251 1987 1310 Patrum
2022 1254 2362 1320 Bibliotheca,
2396 1252 2534 1320 XIV,
2555 1253 2713 1324 240.).

1687 1413 2082 1432 ﬂ

1615 1548 2144 1628 MONITUM.
3057 1548 3080 1576 ⁵

323 1729 459 1786 Cum
499 1729 673 1784 adhuc
698 1727 981 1799 presbyter
1020 1732 1163 1799 esset
1201 1723 1597 1799 Gnitmundus,
1625 1723 2001 1799 interrogatus
2036 1721 2145 1799 fuit
2187 1735 2231 1799 a_
2262 1718 2693 1799 fratrenquodap
2739 1717 2955 1799 Erfasto
2994 1720 3058 1775 de
3087 1719 3395 1799 substantia
3441 1726 3501 1774 et

252 1802 458 1875 unitate
503 1799 602 1875 SS.
650 1790 1076 1875 Tritiita_iis,_de
1109 1795 1378 1875 lnysterio
1429 1792 1689 1875 Dominici
1737 1790 2160 1875 forporis,'iteni
2201 1791 2267 1844 de
2305 1790 2747 1875 similitudinibus
2792 1790 2986 1875 quibus
3024 1791 3098 1844 uti
3149 1791 3336 1875 solent:
3368 1800 3496 1859 puta

253 1871 478 1939 sphaerae
517 1870 582 1922 ad
627 1860 1082 1937 comprobandam
1109 1860 1391 1939 Trinitatis
1421 1864 1701 1917 unitatem.
1737 1861 1832 1939 llis
1859 1861 2147 1939 postulatis
2179 1861 2460 1939 respondet
2497 1869 2554 1914 ut
2583 1869 2764 1939 catum
2803 1860 3146 1928 sobriumque
3195 1863 3496 1939 theologum

252 1929 427 1995 decet.
468 1938 650 1993 Mutila
677 1929 881 1992 ad'nos
910 1935 1157 2004 pervenit
1193 1935 1445 2004 epistola,
1475 1948 1634 2003 quam
1672 1947 1736 1987 ex
1780 1929 2067 2002 Spici-legio
2108 1929 2454 1986 Dacheriano.
2487 1929 2846 1985 recndendam
2886 1945 3073 1984 sumus
3100 1933 3349 1984 mutuati.

318 2133 399 2187 Ad
438 2131 869 2194 amantissimum
898 2128 1122 2184 fratrem
1157 2127 1442 2184 Enras'wu
1472 2127 1638 2181 frater
1664 2125 1828 2182 Curr-
1859 2111 1902 2167 Β
1926 2127 2078 2182 calor
2113 2136 2293 2181 autem
2339 2127 2575 2181 calidum
2616 2125 2744 2180 facit
2794 2129 3052 2196 operandi
3102 2129 3320 2192 virtute,
3365 2128 3493 2182 locis

247 2237 492 2286 “vanus,
542 2221 792 2291 indignus
832 2219 1133 2290 presbyter,
1180 2218 1301 2272 sine
1347 2217 1454 2272 fine
1499 2216 1717 2287 gloriari
1765 2217 1817 2270 in

247 2314 464 2370 Christo
490 2312 614 2368 Jesu
644 2312 870 2368 Domino
903 2321 1111 2365 nostro.

314 2402 355 2457 Ι.
416 2403 664 2457 Perlecta
717 2400 1078 2456 fraternitatis
1131 2410 1234 2455 tua:
1281 2399 1533 2470 epistola,
1586 2414 1652 2453 ex
1705 2398 1818 2469 ipsa

246 2495 655 2565 inquisitionum
705 2501 916 2548 tuarum
963 2493 1172 2548 ratione
1217 2492 1472 2562 perpendi
1513 2499 1819 2560 corrcptmn

244 2586 338 2645 Dei
377 2587 596 2651 timore,
643 2587 710 2640 ad
744 2584 1061 2654 sapientiam
1119 2583 1476 2654 Spiritualium
1525 2597 1705 2637 rerum
1757 2597 1820 2637 ac

243 2677 526 2739 scientiam
560 2684 631 2742 te,
663 2677 805 2731 unde
835 2674 1094 2746 gratulor,
1127 2688 1232 2728 non
1263 2673 1524 2728 inutiliter
1551 2672 1816 2727 exerceri.

243 2768 394 2836 Quod
451 2769 600 2824 enim
653 2768 720 2824 de
771 2767 1285 2834 substantiaatque
1340 2765 1553 2819 unitate
1602 2773 1820 2819 aeterna:

244 2859 533 2915 Trinitatis
575 2859 834 2929 quaesisti,
887 2857 1163 2927 sapientia:
1207 2864 1311 2912 est.
1355 2855 1508 2924 Quod
1539 2864 1716 2910 autem
1753 2855 1820 2909 de

240 2951 503 3021 mysterio
531 2949 792 3004 Dominici
818 2948 1064 3019 corporis
1099 2949 1373 3018 adiecisti,
1420 2949 1488 3003 ad
1535 2946 1815 3002 scientiam

238 3049 473 3110 Spectat.
520 3040 654 3096 item
697 3041 826 3096 illud
856 3040 998 3110 quod
1043 3040 1110 3097 ad
1140 3038 1596 3110 comprobaudam
1626 3037 1814 3093 Trini-

241 3133 369 3187 tatis
422 3133 705 3198 unitatem,
753 3132 1159 3188 similitudinem
1217 3133 1293 3186 rei
1358 3131 1701 3202 temporalis,
1752 3132 1818 3186 de

237 3223 456 3292 sphaera
490 3223 743 3278 videlicet
790 3223 920 3278 so'is
960 3221 1303 3286 memorasti,
1348 3221 1586 3275 scientiae
1627 3219 1819 3274 nihilo-

232 3314 422 3368 minus
475 3323 582 3368 est.
639 3312 934 3368 Commoda
992 3311 1150 3378 plane
1210 3310 1709 3381 pulcherrimaque,
1763 3317 1818 3363 et

228 3403 627 3473 iucundissima
677 3403 1050 3474 philosophia,
1101 3403 1145 3458 si
1192 3402 1241 3457 ei
1295 3416 1631 3472 perseveras.
1691 3400 1816 3455 Hmc

1921 2219 2083 2272 etiam
2109 2227 2161 2272 et
2181 2217 2510 2286 temporibus
2531 2218 2894 2287 subjectisque
2911 2218 3225 2286 plerumque
3248 2220 3494 2272 discretae

1920 2318 2068 2366 sunt.
2099 2309 2252 2380 Same
2277 2310 2420 2364 enim
2462 2310 2572 2365 sole
2599 2311 2839 2376 oriente,
2871 2311 3001 2365 solis
3028 2309 3202 2380 fulgor
3231 2311 3500 2375 cernitur,

1921 2401 2010 2456 ubi
2040 2399 2157 2468 ejus
2180 2400 2402 2454 omnino
2429 2399 2607 2455 nullus
2633 2400 2781 2454 calor
2802 2400 3036 2454 sentitur
3065 2412 3080 2452 :
3113 2407 3165 2453 et
3195 2399 3500 2453 meridiano.

1924 2500 2164 2562 tempore
2217 2489 2367 2544 calor
2407 2488 2523 2558 ejus
2567 2489 2732 2544 multa
2758 2489 2930 2545 solida
2969 2504 3194 2558 corpora
3223 2497 3490 2557 penetrat,

1922 2585 1975 2638 in
2020 2598 2141 2653 quae
2188 2582 2321 2637 nihil
2370 2596 2594 2654 prorsus
2646 2581 2862 2636 luminis
2905 2581 3091 2636 intrat.
3143 2579 3254 2634 Nec
3289 2579 3499 2635 eisdem

1919 2689 2136 2746 quoque
2163 2673 2412 2730 sensibus
2443 2689 2471 2728 a
2507 2674 2664 2728 nobis
2690 2674 3049 2743 excipiuntur.
3081 2672 3214 2726 Nam
3244 2672 3498 2742 splendor

1919 2766 2060 2830 visu,
2110 2773 2253 2820 tactu
2293 2765 2443 2820 calor
2475 2765 2797 2828 admittitur,
2845 2764 2914 2818 ita
2955 2774 3013 2817 ut
3042 2763 3330 2834 etiam..per
3366 2778 3497 2818 con-

1921 2856 2170 2922 trarium,
2193 2862 2250 2910 et
2275 2855 2559 2926 pergrandi
2593 2855 2715 2924 quis
2745 2853 2946 2925 frigore
2973 2861 3212 2922 torpens,
3229 2866 3496 2923 magnum

1919 2964 1948 3002 a
1993 2949 2150 3019 longe
2199 2944 2560 3002 lumen'solis
2609 2947 2791 3002 videat
2830 2963 2843 3000 :
2893 2957 2948 3001 et
2995 2947 3245 3002 tenebras
3318 2959 3495 3000 caecus

1920 3041 2154 3112 patiens,
2187 3039 2368 3095 calore
2399 3039 2514 3110 ejus
2542 3039 2810 3094 interdum
2836 3037 3013 3092 valido
3037 3037 3385 3094 contabescat
3412 3034 3498 3092 vel

1921 3134 2232 3187 hilarescat.

1989 3223 2072 3277 ill.
2113 3223 2295 3291 Longe
2344 3222 2507 3289 igitur
2551 3229 2606 3277 et
2643 3223 2741 3277 ista
2790 3223 2896 3276 duo
2947 3223 3174 3276 invicem
3220 3221 3492 3275 diﬂ’erunt.

1918 3313 2031 3368 Non
2062 3323 2244 3367 autem
2295 3313 2402 3368 Deo
2440 3328 2564 3367 cum
2613 3313 2873 3383 sapientia
2907 3328 3025 3378 sua,
3056 3321 3111 3366 et
3150 3327 3334 3367 amore
3373 3328 3492 3377 suo,

1922 3416 2026 3460 tam
2077 3420 2264 3474 parva,
2295 3404 2380 3458 vel
2424 3415 2532 3459 tam
2578 3405 2910 3474 discrepans,
2958 3413 3015 3457 ut
3063 3403 3136 3457 ita
3177 3388 3383 3464 dicam,
3411 3412 3496 3457 est

235 3510 477 3567 namque
504 3510 609 3549 non
639 3503 848 3552 terrena
885 3508 986 3548 nec
1011 3493 1274 3558 humana,
1301 3491 1394 3548 sed
1427 3507 1552 3546 vere
1583 3491 1822 3546 cmlestis
1845 3491 1890 3552 Ο
1921 3497 2100 3551 unitas
2125 3512 2138 3549 :
2170 3511 2271 3551 nec
2297 3497 2560 3565 sapientia
2589 3506 2644 3551 et
2667 3512 2821 3551 amor
2849 3497 2940 3550 Dei
2966 3495 3132 3564 ipsius
3154 3495 3348 3549 divina:
3372 3496 3496 3549 sub-

233 3596 322 3644 est
345 3597 403 3652 et
427 3587 603 3644 divina
631 3585 786 3641 :hazc
806 3583 1074 3640 laboranti
1101 3583 1281 3638 suavis
1309 3582 1532 3638 refectio
1560 3591 1662 3648 est,
1693 3591 1816 3652 post

233 3680 480 3737 laborem
523 3677 764 3751 perfecta
810 3677 1094 3733 beatitudo
1126 3685 1249 3743 est,
1296 3692 1457 3746 quam
1496 3677 1634 3732 bene
1683 3676 1816 3731 facis

233 3771 481 3828 studiose
507 3769 825 3840 quaerendo,
842 3781 961 3838 quae
992 3775 1048 3822 et
1071 3767 1346 3836 aperietur
1387 3765 1655 3821 indefesse
1701 3765 1817 3834 pul-

230 3860 432 3915 sando.
479 3857 732 3915 Gaudens
780 3858 947 3930 igitur
989 3871 1119 3926 ergo
1153 3855 1415 3911 exercitio
1453 3862 1508 3910 et
1555 3853 1815 3924 profectui

231 3959 350 4016 tuo,
377 3965 502 4021 qua:
542 3949 834 4020 aliquando.
873 3950 916 4004 si
952 3948 1182 4005 voluerit
1226 3948 1485 4004 Dominus
1521 3948 1573 4002 in
1610 3947 1816 4018 longio-

230 4056 349 4096 rem
380 4042 799 4112 disputationem
830 4040 898 4095 de
942 4040 1028 4095 his
1051 4039 1300 4094 conferre
1329 4038 1532 4108 cogito,
1571 4053 1636 4092 ne
1665 4053 1814 4107 quaa-

228 4132 446 4188 stiones
489 4139 610 4192 tuas
661 4130 929 4196 differam,
964 4139 1164 4201 quanta
1204 4129 1360 4187 valeo
1403 4129 1668 4184 brevitate
1695 4144 1817 4184 suc-

228 4224 418 4279 cincte
448 4225 766 4294 respondeo.

300 4316 368 4370 ll.
411 4316 468 4376 In
521 4316 608 4372 illa
655 4316 835 4386 itaque
886 4316 1111 4387 sphzerzc
1161 4315 1352 4371 solaris
1401 4315 1710 4380 collatione,
1747 4315 1815 4368 de

227 4423 336 4478 qua
391 4407 490 4462 tibi
535 4407 766 4477 primum
815 4408 1128 4478 responderi
1183 4406 1470 4479 ﬂagitasti,
1532 4407 1815 4478 diligenter

225 4501 462 4554 observa
490 4499 555 4552 ad
585 4500 693 4558 hoc
716 4497 862 4565 illam
891 4497 1094 4564 valere,
1124 4506 1184 4552 ut
1204 4499 1346 4553 sicut
1371 4499 1603 4568 sphaera,
1630 4496 1812 4566 splen—-

225 4588 353 4655 dor,
394 4596 447 4646 et
477 4587 653 4653 calor,
679 4603 785 4642 non
832 4596 970 4653 tres,
992 4587 1086 4642 sed
1117 4602 1280 4642 unum
1309 4585 1592 4658 proferunt
1619 4586 1808 4650 solem,

227 4680 303 4733 ita
351 4679 406 4732 in
437 4676 627 4741 Patre,
658 4686 713 4732 et
740 4675 1043 4746 Sapientia,
1069 4684 1126 4732 et
1162 4674 1361 4732 Amore
1404 4675 1684 4747 utriusque
1707 4692 1810 4731 non

225 4780 342 4825 tres
369 4769 528 4834 Deos,
560 4769 654 4824 sed
679 4769 891 4824 unicam
913 4767 1118 4828 sentias
1151 4768 1428 4824 deitatem.
1461 4769 1530 4824 Et
1554 4770 1694 4825 sicut
1731 4769 1810 4824 sol

1918 3589 2130 3644 stantia:
2160 3587 2444 3658 qualitates
2482 3597 2628 3643 sunt.
2656 3586 2840 3657 Neque
2871 3587 2998 3642 item
3025 3587 3126 3642 ista
3158 3587 3265 3642 duo
3295 3588 3489 3641 tantis-

1915 3695 2015 3752 per
2037 3680 2105 3734 ab
2137 3680 2365 3735 invicem
2393 3680 2670 3737 differunt.
2715 3680 2806 3735 Illa
2842 3679 3037 3749 quippe
3073 3695 3213 3733 unus
3245 3678 3324 3733 sol
3362 3694 3496 3748 quo-

1919 3769 2205 3823 dammodo
2237 3769 2510 3836 dicuntur,
2551 3770 2674 3840 quia
2717 3769 2770 3824 in
2808 3769 2922 3824 sole
2954 3783 3060 3822 uno
3089 3782 3268 3824 cozeva
3315 3767 3410 3832 illi,
3440 3775 3496 3821 ct

1917 3859 2292 3931 inseparabilia
2339 3870 2468 3916 sunt
2510 3875 2525 3912 :
2565 3877 2672 3916 non
2708 3870 2886 3916 autem
2932 3860 3161 3929 idipsum
3193 3861 3335 3932 quod
3367 3869 3495 3914 sunt

1916 3968 2012 4022 per
2039 3969 2098 4009 se
2131 3953 2361 4025 singula,
2405 3955 2472 4009 ad
2517 3954 2749 4010 invicem
2798 3969 2962 4008 unum
3001 3963 3165 4018 sunt;
3213 3953 3492 4023 quoniam,

1917 4053 1976 4098 ut
2006 4045 2320 4112 praedictum
2364 4054 2470 4109 est,
2509 4043 2937 4100 substantialiter
2966 4043 3033 4097 ab
3060 4043 3287 4096 invicem
3311 4041 3491 4096 omnia

1915 4134 2186 4191 differunt.
2216 4139 2287 4190 At
2329 4136 2516 4202 Pater,
2558 4144 2612 4190 et
2665 4132 2924 4198 Verbum,
2972 4140 3027 4185 et
3079 4131 3329 4200 Spiritus,
3378 4130 3500 4184 sive

1914 4228 2077 4284 Pater
2118 4237 2173 4284 et
2214 4228 2487 4298 Sapientia
2526 4237 2579 4284 et
2601 4228 2790 4291 Amor,
2827 4227 2900 4279 ita
2928 4225 2980 4279 in
3009 4239 3117 4278 uno
3148 4225 3274 4287 Deo,
3307 4224 3390 4278 vel
3419 4224 3490 4277 ita

1914 4333 2056 4373 unus
2103 4319 2244 4374 Deus
2290 4327 2445 4384 sunt,
2495 4328 2556 4374 ut
2594 4336 2758 4374 unum
2809 4321 2876 4376 ad
2928 4319 3157 4374 invicem
3207 4317 3324 4373 sine
3379 4318 3482 4372 ulla

1914 4410 2167 4465 distantia
2215 4411 2314 4473 sit,
2358 4409 2617 4482 quidquid
2648 4427 2745 4482 per
2782 4427 2840 4468 se
2888 4411 3097 4481 singula
3128 4409 3494 4464 essentialiter

1913 4508 2062 4554 sunt.
2109 4498 2184 4554 De
2234 4499 2395 4556 Patre
2439 4510 2495 4555 et
2539 4499 2678 4556 Filio
2732 4503 2813 4557 sic
2866 4501 3037 4556 habes
3085 4499 3138 4554 in
3201 4499 3492 4570 Evangelia

1914 4591 2199 4650 Dominmn
2238 4600 2481 4646 nostrum
2511 4593 2775 4648 dicentem
2804 4611 2820 4650 :
2855 4594 2967 4663 Ego
2994 4610 3109 4647 sum
3145 4593 3198 4645 in
3231 4592 3411 4656 Patre,
3443 4604 3492 4646 et

1916 4679 2079 4735 Pater
2101 4680 2154 4734 in
2181 4697 2280 4735 me.
2310 4681 2376 4736 Et
2406 4701 2418 4736 :
2452 4681 2554 4748 Qui
2584 4683 2718 4736 vider
2755 4699 2858 4747 me,
2890 4685 3022 4738 videt
3043 4693 3089 4736 et
3117 4679 3352 4735 Patrem.
3385 4683 3443 4736 Et
3475 4699 3488 4735 :

1915 4767 2028 4843 Ego
2063 4781 2111 4825 et
2149 4769 2306 4824 Pater
2338 4788 2499 4826 unum
2526 4790 2728 4828 sumus.
2773 4772 2888 4827 Non
2922 4773 3068 4828 enim
3107 4769 3268 4824 Pater
3323 4772 3490 4827 habet

225 4873 392 4929 quem
447 4858 614 4916 mittit
675 4856 1012 4928 splendorem
1060 4857 1160 4914 sibi
1227 4858 1391 4914 habet
1450 4862 1673 4917 omnino
1725 4875 1815 4916 co—
1849 4859 1892 4914 D
1917 4878 1982 4918 ex
2029 4861 2138 4918 alio
2185 4862 2380 4917 Filium
2411 4879 2571 4934 quam
2599 4879 2664 4918 ex
2698 4877 2779 4917 se.
2809 4861 2996 4935 Neque
3036 4860 3178 4914 enim
3219 4872 3346 4916 ante
3386 4879 3500 4917 om-

225 4965 401 5004 :evnm
419 4989 434 5014 ,
459 4949 530 5004 ita
557 4948 695 5004 Deus
717 4949 879 5004 Pater
901 4947 1001 5002 sibi
1026 4959 1246 5020 prersus
1271 4950 1433 5005 habet
1479 4967 1645 5025 quem
1663 4951 1728 5004 de
1750 4965 1808 5007 se

223 5049 456 5111 generat
483 5040 672 5095 Filium
701 5049 1046 5097 cozeternum.
1084 5039 1217 5096 Illud
1263 5057 1396 5098 sane
1426 5047 1547 5102 volo
1581 5043 1810 5102 sollicite

226 5131 477 5185 attendas
499 5169 516 5194 ,
565 5129 868 5200 longissime
893 5127 1054 5188 aliter
1094 5128 1379 5205 utriusque
1404 5141 1569 5208 atque
1614 5135 1666 5189 in
1697 5131 1810 5189 sole

225 5227 306 5252 θοι
388 5217 530 5252 illam
578 5217 739 5252 incum
781 5227 998 5252 ellmmm
1026 5217 1330 5252 Αἶυῖηἷθηοῖ-
1363 5231 1664 5252 ann-:-.-_n
1692 5225 1781 5252 nn:

1913 4969 2036 5010 nem
2065 4961 2370 5007 creaturam
2415 4953 2556 5008 aliud
2587 4953 2882 5023 quidquam
2908 4960 3048 5010 erat.
3084 4949 3271 5004 Omnia
3317 4963 3498 5008 autem

1912 5061 2032 5117 quae
2061 5045 2204 5099 facta
2228 5052 2387 5110 sunt,
2412 5048 2555 5102 sicut
2575 5047 2834 5115 scriptum
2857 5059 2966 5111 est,
2988 5057 3085 5115 per
3109 5042 3278 5110 ipsum
3304 5043 3503 5099 Filium

1912 5139 2055 5198 facta
2101 5145 2258 5200 sunt;
2309 5137 2357 5190 si
2407 5139 2572 5208 igitur
2600 5138 2776 5192 omnia
2830 5139 2998 5203 facta,
3031 5149 3124 5205 per
3165 5134 3336 5202 ipsum
3366 5137 3504 5189 facta

2096 5241 2268 5252 ..κάκ-ιιι
2302 5227 2415 5252 ἴλη-Α
2461 5230 2633 5252 Ρ-..ι.-..
2681 5245 2703 5252 ι.
2724 5236 2754 5252 ,ι
2825 5248 2852 5252 ..
2881 5249 2888 5252 .
2919 5244 3004 5252 ---Α
3045 5239 3106 5252 Av
3267 5237 3324 5252 o-n
3386 5241 3504 5252 Αιιιιι
