4006 5282
1493 431 1510 436 -
1683 431 1713 432 π
1760 431 1818 436 ν--
1861 431 2047 453 -ν---νν
2078 431 2123 444 υ·

541 431 594 486 in
640 433 799 491 Patre
829 448 943 506 est;
997 458 1063 498 ex
1103 445 1278 504 Patris
1320 469 1484 521 porro
1522 461 1635 534 (11)
1669 471 1872 526 unitate
1901 491 2123 544 prorsus

543 525 816 584 individua
849 540 904 586 et
943 550 1216 607 nunquam
1254 525 1542 618 geminata,
1579 525 1814 623 partium
1843 525 2124 634 phrtralita—

537 628 646 673 tem
678 622 876 679 habere
902 641 1004 682 non
1033 640 1226 698 potest.
1253 635 1329 690 Ex
1359 648 1470 697 toto
1495 622 1657 715 igitur
1689 622 1860 719 totus,“
1882 674 1981 714 nec
2011 677 2122 717 ma-

533 708 622 776 jr-r
655 712 705 764 in
737 714 940 784 aliquo,
970 735 1068 775 nec
1094 724 1288 791 minor,
1333 730 1474 788 idem
1501 738 1565 792 de
1584 742 1774 799 eodem
1807 747 1860 801 in
1884 755 2118 808 essentia

534 809 691 857 natus
722 815 822 860 est.
853 806 908 861 Si
932 812 1074 865 enim
1098 827 1305 884 partem
1325 839 1432 879 non
1460 829 1641 896 habet,
1667 849 1787 890 cum
1808 854 1873 894 ex
1893 841 1980 898 ilio
1994 849 2116 901 etin

531 893 624 946 illo
648 905 700 949 et
722 897 833 966 jam
881 900 1156 963 individuo
1181 911 1270 978 sit,
1296 916 1599 976 nullatenus
1622 925 1970 987 diliert.Nam
1989 937 2032 989 si
2056 939 2120 993 de

530 984 622 1040 ilio
641 998 744 1054 est,
777 991 977 1063 aliquid
1006 998 1122 1068 ejus
1148 1003 1199 1056 in
1231 1020 1287 1059 se
1311 1008 1490 1078 habet,
1524 1016 1604 1070 vel
1630 1021 1806 1088 potius
2073 1030 2116 1084 si

526 1078 643 1147 ejus
685 1083 796 1151 ipse
843 1097 945 1142 est.
994 1089 1165 1148 Porro
1216 1098 1260 1151 si
1308 1100 1509 1170 aliquid
1551 1109 1668 1178 ejus
1705 1124 1857 1180 parte
1885 1121 2119 1176 carentis

525 1169 688 1227 haLet
709 1175 788 1228 vel
812 1187 915 1241 est,
942 1189 1110 1238 totum
1136 1186 1282 1244 illum
1308 1169 1440 1246 inse
1465 1169 1643 1264 potihs
1675 1169 1854 1272 habet,
1889 1209 1969 1262 vel
2007 1226 2119 1263 ma-

524 1259 638 1327 gis“,
673 1271 842 1318 totum
887 1272 1028 1338 quod
1067 1285 1147 1328 est
1181 1277 1286 1342 illc,
1317 1279 1431 1349 ipse
1465 1259 1572 1340 est.
1605 1288 1659 1343 Si
1689 1307 1818 1348 vero
1849 1296 1927 1349 sic
1970 1299 2114 1353 illam

526 1353 696 1422 ipsam
750 1358 928 1416 Patris
977 1371 1272 1426 essentiam
1335 1377 1385 1429 iu
1436 1394 1494 1433 se
1554 1389 1719 1438 totam
1788 1387 1970 1456 habet,
2019 1393 2118 1446 im-

637 1649 650 1683 :
698 1633 748 1687 in
801 1639 944 1692 nullo
994 1658 1214 1723 prorsus
1273 1655 1639 1724 essentialiter
1701 1662 1901 1718 diﬂert.
1966 1668 2109 1723 Idem

517 1721 686 1787 igitur
735 1730 958 1785 omnino
998 1718 1087 1789 ad
1135 1721 1427 1797 essentiam
1485 1749 1746 1821 quidquid
1789 1766 1872 1810 est
1923 1757 2105 1828 P..t.cr,
2141 1759 2184 1817 Β

516 1821 569 1865 et
595 1813 761 1871 Filius
790 1829 892 1874 est.

585 1906 674 1960 IV.
718 1909 918 1968 Eadem
967 1917 1060 1971 tibi
1091 1922 1300 1978 ratione
1325 1926 1392 1981 de
1424 1941 1612 1986 sancto
1645 1950 1858 2007 quoque
1898 1941 2104 2012 Spiritu

518 1997 768 2053 satisfiat.
821 2004 920 2068 Qui
957 2009 1099 2078 enim
1135 2012 1254 2068 sine
1280 2027 1432 2084 parte
1466 2021 1531 2077 de
1559 1997 1833 2083 individua
1857 1997 1954 2087 est.
1976 2036 2106 2090 sub-

514 2089 713 2143 stantia
744 2091 940 2162 Patris,
978 2115 1081 2153 uua
1117 2110 1171 2156 et
1211 2109 1395 2162 eadem
1434 2127 1556 2167 cum
1597 2115 1758 2174 Patre
1795 2122 2099 2182 substantia

514 2186 630 2244 est;
659 2190 713 2234 et
738 2184 831 2252 qui
863 2197 1018 2255 parte
1042 2207 1237 2251 carens
1266 2199 1332 2252 de
1365 2201 1643 2261 individua
1678 2219 1761 2264 est
1789 2214 2096 2274 substantia

511 2265 654 2335 Filii,
703 2287 804 2326 una
858 2287 911 2330 ct
960 2282 1148 2338 eadem
1198 2301 1320 2342 cum
1360 2290 1497 2348 Filio
1543 2297 1848 2358 substantia
1884 2315 1986 2360 est.
2031 2307 2099 2364 Et

510 2373 632 2412 cum
665 2377 692 2414 a
726 2362 889 2422 Patre
919 2372 1080 2427 simul
1108 2384 1368 2446 procedat
1402 2395 1456 2438 et
1484 2386 1645 2455 Filio,
1687 2407 1794 2448 non
1826 2396 1945 2452 dua:
1971 2410 2096 2456 sunt

506 2455 906 2524 processiones,
936 2464 1029 2516 sed
1063 2481 1166 2520 una
1211 2475 1520 2542 processio,
1558 2495 1657 2535 nec
1685 2483 1792 2539 duo
1821 2499 1946 2542 sunt
1975 2489 2099 2561 Spi-

1506 2539 1514 2542 _
1822 2539 1943 2542 πμ,
1984 2539 2068 2561 Ἴ.-

508 2539 644 2596 ritus
689 2550 896 2614 sancti,
937 2552 1029 2607 sed
1073 2571 1212 2612 unus
1255 2560 1490 2630 Spiritus
1527 2579 1766 2628 sanctus.
1804 2575 1938 2643 Quia
1969 2595 2093 2636 cum

507 2648 608 2687 nec
648 2636 768 2693 loco
816 2643 987 2698 divisa
1014 2687 1028 2712 ,
1067 2664 1168 2705 nec
1216 2663 1476 2726 tempore,
1531 2678 1635 2718 una
1676 2666 1748 2721 sit
1791 2684 2012 2738 prorsus
2039 2683 2094 2730 et

503 2727 692 2783 eadem
739 2731 912 2792 Patris
959 2749 1014 2792 et
1050 2741 1171 2797 Filii
1216 2750 1551 2819 substantia,
1586 2757 1823 2828 Spiritus
1868 2777 2092 2824 sanctus

505 2822 666 2876 simul
694 2825 762 2880 ab
804 2839 1034 2901 utroque
1072 2841 1393 2912 procedens,
1441 2822 1644 2905 eodem
1672 2853 1791 2922 ipso
1840 2861 1982 2928 quod

503 2927 612 2966 uno
640 2921 903 2986 procedit,
931 2925 1090 2979 simul
1122 2929 1260 2986 idem
1294 2941 1534 3003 procedit
1561 2943 1632 2996 ab
1661 2945 1852 3003 altero.
1890 2949 2002 3006 Hoc
2032 2953 2084 3008 in

504 3004 793 3078 Evangelia
839 3012 1125 3072 Dominum
1169 3023 1453 3084 docentem
1504 3037 1754 3104 attendo,
1820 3040 1910 3095 ubi
1969 3045 2082 3099 ait:

501 3095 634 3149 Cum
677 3103 870 3156 venerit
921 3105 1230 3167 Paracletus
1276 3133 1426 3186 quem
1488 3141 1580 3194 ego
1625 3129 1830 3185 mittam
1871 3134 2010 3190 vobis
2058 3154 2087 3191 α
2116 3107 2160 3167 C

500 3183 683 3242 Patre.
712 3191 822 3262 Ego
845 3195 1053 3252 mittam
1081 3218 1110 3254 a
1143 3183 1300 3262 Patre
1327 3211 1489 3276 dixit;
1515 3183 1585 3272 ac
1612 3220 1656 3273 si
1690 3222 1890 3280 diceret
1925 3249 1939 3282 ;
1973 3227 2086 3283 Una

498 3291 582 3336 est
618 3284 736 3353 ejus
789 3293 1063 3358 processio
1108 3311 1136 3349 a
1186 3315 1271 3355 me
1309 3313 1364 3358 et
1403 3305 1582 3366 Patre.
1623 3314 1688 3368 Et
1727 3318 1888 3385 paulo
1915 3334 2037 3390 post
2069 3342 2082 3377 :

497 3370 600 3428 Ille
639 3393 738 3443 me,
773 3382 965 3451 inquit,
995 3388 1328 3464 clariﬁcabit,
1365 3402 1490 3469 quia
1525 3405 1588 3458 de
1626 3370 1742 3463 meo
1769 3370 2007 3484 accipiet,
2039 3430 2085 3472 et

496 3471 830 3527 annuutiabit
878 3479 1038 3533 vobis.
1088 3482 1277 3541 Omnia
1329 3508 1651 3566 qumcuuque
1693 3503 1844 3557 habet
1896 3505 2079 3576 Pater,

496 3571 613 3612 mea
655 3574 813 3628 sunt;
878 3581 1152 3638 propterea
1195 3579 1305 3632 dixi
1333 3584 1456 3651 quia
1495 3587 1561 3641 de
1592 3605 1704 3645 meo
1745 3598 1996 3666 accipiet,
2036 3612 2084 3656 et

497 3656 834 3710 annuntiabit
886 3661 1043 3719 vobis.
1103 3668 1156 3722 Id
1208 3683 1295 3728 est
1341 3678 1647 3736 substantia
1708 3656 1870 3756 quam
1923 3692 2085 3750 habet

495 3738 680 3809 Pater,
725 3759 780 3803 et
826 3767 944 3808 mea
974 3772 1076 3811 una
1118 3771 1226 3829 est;
1269 3781 1555 3837 prapterea
1588 3778 1679 3845 qui
1715 3793 1782 3833 ex
1821 3783 1979 3838 nobis
2003 3797 2085 3841 est

498 3831 736 3903 Spiritus
781 3855 1026 3914 sanctus,
1072 3866 1192 3908 cum
1225 3857 1292 3912 de
1322 3859 1482 3918 Patre
1509 3877 1608 3933 est,
1639 3871 1706 3926 de
1737 3889 1822 3928 me
1856 3885 1959 3931 est.
1989 3877 2084 3933 Est

495 3925 664 3997 igitur
713 3932 948 4004 Spiritus
992 3956 1215 4003 sanctus
1263 3967 1368 4007 uua
1421 3960 1721 4033 eademque
1777 3968 2078 4027 substantia

495 4033 618 4074 cum
669 4021 828 4081 Patre
885 4039 939 4086 et
983 4033 1154 4105 Filio;
1202 4051 1285 4097 est
1330 4061 1468 4104 unus
1508 4056 1815 4126 utriusque,
1868 4076 2081 4132 unaque

493 4110 736 4179 eiusdem
763 4122 832 4177 ab
859 4133 1090 4199 utroque
1120 4141 1416 4202 processio.
1457 4110 1795 4218 Quapropter
1833 4155 1934 4209 tria
1968 4158 2081 4215 hinc

494 4205 570 4260 ita
601 4209 651 4264 in
686 4229 793 4270 uno
824 4216 952 4285 Deo,
985 4224 1067 4277 vel
1101 4227 1172 4282 ita
1204 4248 1341 4289 unus
1375 4237 1514 4295 Deus
1543 4253 1687 4310 sunt,
1719 4255 1776 4300 ut
1807 4265 1971 4305 unum
2013 4255 2076 4306 ad

493 4294 729 4355 invicem
773 4306 890 4362 sine
942 4311 1045 4366 ulla
1100 4316 1354 4377 distantia
1414 4327 1522 4394 sit,
1572 4294 1831 4403 quidquid
1881 4353 1978 4407 per
2021 4357 2078 4397 se

492 4389 699 4461 singula
737 4402 1100 4461 essentialiter
1144 4421 1291 4468 sunt.

569 4478 629 4534 V.
673 4483 906 4545 Proinde
934 4497 1076 4562 quod
1106 4503 1368 4570 sapientia
1410 4511 1490 4564 vel
1519 4515 1689 4572 virtus
1723 4516 1900 4576 Patris
1935 4524 2071 4580 dici-
2112 4485 2154 4538 Ι)

493 4575 580 4622 tur
605 4572 789 4641 Filius,
819 4584 1076 4648 quoniam
1121 4604 1313 4660 sapere
1349 4598 1428 4651 vel
1481 4617 1640 4668 posse
1682 4612 1968 4668 essentiale
1999 4615 2071 4669 illi

489 4668 593 4722 εει,
628 4679 730 4719 non
759 4673 995 4736 qualitas
1039 4683 1281 4736 creditur
1317 4686 1514 4756 Patris,
1556 4710 1658 4763 qua
1692 4697 1853 4754 Pater
1875 4705 2069 4772 qualis,

488 4753 706 4815 sapiens
751 4761 1000 4823 videlicet
1038 4773 1236 4830 dicitur
1263 4789 1316 4833 et
1361 4782 1535 4849 fortis,
1581 4791 1674 4844 sed
1705 4802 1788 4845 est
1832 4797 2068 4864 perfecta

487 4846 750 4913 sapientia
775 4870 869 4909 sua
901 4869 955 4914 et
985 4863 1151 4920 virtus
1173 4885 1293 4935 sua,
1327 4873 1596 4944 singulos,
1633 4891 1688 4937 ut
1728 4884 1801 4938 ita
1839 4887 2066 4944 dixrrim

488 4933 684 5003 Pater;
721 4945 955 5009 perfecta
996 4956 1258 5024 sapientia
1289 4974 1345 5018 et
1378 4967 1568 5034 virtus,
1607 4974 1846 5044 singulus
1869 4979 2067 5045 Filius;

1557 5026 1567 5034 .
1695 5026 1842 5044 σαν-ε
1869 5026 1889 5031 -
2055 5026 2067 5045 ν

488 5026 731 5094 perfecta
769 5038 1028 5105 sapientia
1066 5057 1118 5100 et
1164 5052 1353 5120 virtus,
1397 5059 1639 5130 singulos
1675 5066 1908 5136 Spiritus
1945 5089 2068 5126 san-

481 5129 606 5162 om:
638 5139 651 5151 ι
694 5134 742 5162 Μ
770 5128 926 5162 cimul
960 5151 1061 5162 νη...
1093 5147 1169 5162 ι..-
1331 5151 1342 5161 .

3673 322 3806 376 ΥΞοί

3238 424 3430 481 Filium
3479 430 3812 492 inﬁrmatam

2233 485 2286 538 iu
2324 504 2489 546 carne
2541 506 2596 548 et
2638 499 2922 556 stultitiam
2962 509 3140 564 crucis
3183 513 3299 583 ejus
3346 533 3446 574 nos
3492 523 3722 590 inﬁrmi,
3764 540 3813 582 et

2232 580 2401 646 stulti,
2431 584 2598 643 fortes
2635 601 2688 644 et
2726 595 2986 662 sapientia
3016 600 3141 657 facti
3170 580 3381 676 sumus;
3433 623 3489 666 et
3513 616 3594 670 sic
3647 619 3813 674 factus

2225 681 2307 725 est
2336 676 2490 732 nobis
2515 678 2630 748 ipse
2664 701 2691 737 a
2726 685 2834 742 Deo
2874 692 3158 760 sapientia,
3190 707 3244 752 et
3283 701 3455 757 virtus
3477 717 3532 759 et
3574 707 3808 776 justitia,

2225 772 2283 817 ut
2321 781 2417 835 per
2452 770 2619 840 ipsius
2653 776 3019 838 inﬁrmitatem
3066 797 3118 841 et
3160 801 3388 848 mortem
3422 796 3713 863 justiﬁcati
3761 816 3812 857 et

2224 858 2582 927 corroborati,
2630 867 2696 921 ad
2741 879 3171 939 cognoscendum
3209 897 3306 952 per
3341 886 3519 955 ipsum
3557 899 3808 958 quando-

2221 959 2324 1012 que
2357 948 2566 1007 Patrem
2613 961 3086 1033 convalescatuus;
3128 971 3247 1027 ideo
3286 978 3430 1031 enim
3463 980 3619 1048 jOste
3658 989 3809 1054 quasi

2221 1041 2536 1105 specialiter
2570 1046 2660 1102 Dei
2685 1048 2974 1122 justitiam,
3015 1071 3178 1130 atque
3211 1065 3462 1125 virtutem
3503 1084 3560 1127 et
3589 1079 3780 1145 sapiet.

2222 1126 2350 1182 tiam
2379 1134 2516 1187 conti
2528 1145 2722 1194 temur.

2291 1221 2377 1275 Ἦ.
2423 1223 2549 1279 Item
2587 1229 2824 1300 Spiritus
2849 1249 3068 1297 sanctus
3109 1259 3228 1300 cum
3266 1248 3442 1306 Patris
3484 1265 3542 1308 et
3573 1257 3700 1310 Filii
3735 1263 3810 1312 dio

2217 1313 2357 1368 citur
2384 1317 2644 1387 Charitas,
2683 1325 2764 1379 vel
2791 1345 2964 1396 amor,
2999 1345 3091 1387 aut
3138 1338 3400 1408 voluntas,
3428 1361 3535 1399 non
3595 1349 3808 1406 idcirco

2219 1406 2501 1464 amborum
2556 1416 2790 1484 qualitas
2843 1425 3115 1493 creditur,
3164 1432 3314 1500 cujus
3362 1441 3535 1504 gratia
3588 1447 3810 1514 utrique

2216 1497 2428 1564 quales,
2459 1515 2704 1562 amantes
2732 1511 2980 1570 videlicet
3005 1518 3131 1584 sint,
3159 1533 3251 1578 aut
3280 1527 3543 1594 volentes,
3576 1545 3677 1588 aut
3701 1553 3811 1592 cer-

2217 1598 2266 1642 te
2291 1593 2623 1666 spirituales,
2662 1601 2754 1656 sed
2805 1620 2927 1660 cum
2960 1609 3069 1664 sint
3113 1614 3276 1670 etiam
3325 1620 3520 1691 singuli
3575 1627 3810 1695 spiritus

2216 1697 2436 1744 sanctus
2467 1692 2614 1761 (nam
2648 1705 2702 1752 et
2739 1698 2900 1756 Pater
2944 1715 3027 1760 est
3073 1709 3318 1780 spiritus,
3355 1717 3496 1772 sicut
3537 1723 3809 1792 scriptum

2212 1789 2292 1832 est
2329 1797 2340 1833 :
2377 1781 2516 1836 Deus
2546 1796 2620 1840 est
2649 1790 2862 1856 spiritus
2891 1811 2910 1848 :
2941 1809 2995 1850 et
3026 1797 3192 1856 Filius
3219 1808 3514 1863 secundum
3546 1812 3808 1870 divinitao

2211 1878 2315 1923 tem
2352 1874 2620 1945 spiritus),
2654 1889 2710 1935 et
2749 1880 2911 1938 Pater
2958 1902 3196 1958 sanctus,
3244 1906 3298 1948 et
3345 1897 3515 1954 Filius
3552 1917 3806 1973 sanctus,

2205 1969 2259 2014 et
2289 1977 2394 2018 non
2425 1975 2535 2022 tres
2564 1969 2804 2040 Spiritus
2836 1981 3033 2045 sancti,
3063 1985 3156 2037 sed
3193 2002 3332 2042 unus
3373 1988 3614 2059 Spiritus
3672 2013 3806 2052 san-

2205 2063 2344 2109 ctus.
2379 2057 2446 2111 Et
2474 2074 2595 2114 cum
2624 2064 2818 2135 singuli
2849 2069 2958 2123 sint
2987 2073 3244 2141 Charitas,
3283 2081 3407 2148 quia
3437 2083 3585 2139 Deus
3623 2091 3810 2142 chari—

2203 2154 2284 2199 tas
2315 2157 2414 2215 est,
2452 2159 2508 2205 et
2536 2153 2732 2225 singuli
2764 2172 2920 2215 amor
2945 2166 3328 2236 autvoluntas,
3353 2187 3450 2227 nec
3473 2183 3657 2232 tamen
3696 2191 3808 2236 tres

2201 2238 2514 2310 charitates,
2547 2245 2630 2301 vel
2659 2262 2894 2319 amores,
2926 2255 3010 2309 vel
3041 2258 3363 2329 voluntates,
3391 2267 3486 2321 sed
3512 2284 3623 2323 una
3654 2274 3800 2327 cha-

2202 2330 2354 2397 ritas,
2380 2349 2516 2391 unus
2541 2353 2712 2405 amor,
2747 2358 2850 2397 una
2882 2346 3148 2405 voluntas.
3201 2352 3350 2408 Illum
3385 2366 3568 2413 tamen
3602 2365 3698 2430 qui
3731 2381 3800 2419 ez—i

2203 2416 2360 2476 Patre
2390 2427 2628 2491 procedit
2652 2438 2706 2483 et
2732 2431 2892 2499 Filio,
2922 2439 3075 2506 quasi
3112 2444 3324 2511 proprie
3358 2445 3625 2514 Spiritum
3665 2469 3801 2507 sau-

2197 2519 2364 2577 ctum,
2388 2516 2472 2570 vel
2501 2519 2844 2590 charitatem,
2896 2529 2977 2582 vel
3032 2546 3294 2600 amorem,
3342 2537 3424 2593 vel
3456 2542 3802 2599 voluntatem

2202 2599 2379 2658 Patris
2409 2615 2463 2661 et
2489 2607 2611 2664 Filii
2640 2613 2870 2671 dicimus
2896 2633 2910 2682 ;
2945 2628 3002 2672 ut
3029 2635 3124 2689 per
3154 2622 3255 2679 hoc
3283 2626 3426 2695 quod
3456 2630 3608 2684 velut
3632 2648 3798 2687 suum

2199 2693 2357 2749 habet
2390 2698 2440 2751 in
2469 2702 2702 2767 nomine,
2744 2708 2887 2775 quod
2934 2725 3219 2768 commune
3263 2727 3345 2771 est
3380 2719 3445 2773 iis
3475 2735 3544 2775 ex
3591 2724 3798 2793 quibus

2195 2796 2277 2838 est
2313 2787 2361 2840 id
2388 2789 2700 2861 designetur
2735 2797 3101 2868 aliquatenus,
3136 2804 3260 2873 quia
3299 2807 3414 2877 ipse
3447 2811 3517 2865 ab
3557 2822 3797 2883 utroque

2193 2882 2452 2946 existens,
2505 2891 2808 2946 communis
2837 2903 2937 2960 est,
2979 2899 3480 2971 cousubstantialis,
3519 2915 3576 2960 et
3619 2923 3800 2963 nexus

2191 2971 2492 3028 amborum.

2269 3063 2373 3117 V’ll.
2414 3065 2487 3120 ita
2520 3082 2640 3123 cum
2697 3081 2751 3127 et
2779 3072 2944 3130 Pater
2968 3081 3204 3132 essentia
3233 3090 3286 3134 et
3329 3087 3660 3156 principium
3695 3091 3798 3156 sit,

2194 3163 2249 3209 et
2284 3156 2452 3213 Filius
2494 3175 2648 3230 aeque
2675 3167 2908 3222 essentia
2941 3179 2996 3223 et
3042 3173 3362 3243 principium
3413 3179 3514 3244 sit,
3551 3180 3789 3252 Spiritus

2195 3262 2410 3317 quoque
2445 3262 2667 3308 sanctus
2712 3257 3064 3315 nihilominus
3098 3267 3330 3320 essentia
3361 3277 3416 3321 et
3456 3271 3785 3344 principium

2191 3337 2282 3399 sit,
2314 3353 2412 3393 nec
2450 3349 2560 3396 tres
2589 3347 2857 3412 essentiw,
2899 3359 2992 3403 aut
3034 3353 3134 3406 tria
3179 3354 3442 3426 principia
3468 3398 3485 3424 ,
3527 3362 3627 3416 sed
3679 3379 3786 3418 una

2190 3433 2423 3485 essentia
2456 3442 2510 3488 et
2541 3451 2706 3490 unum
2755 3441 3112 3512 principium;
3147 3447 3211 3500 de
3261 3447 3425 3504 Patre
3454 3460 3638 3509 tamen
3665 3456 3781 3512 haec

2189 3525 2342 3592 quasi
2373 3529 2589 3599 proprie
2617 3529 2881 3601 dicimus,
2929 3547 2991 3592 ut
3039 3553 3138 3608 per
3172 3541 3273 3597 hoc
3303 3547 3619 3603 noverimus
3653 3552 3775 3620 quia

2190 3614 2304 3682 ipse
2337 3616 2409 3670 ita
2440 3627 2544 3686 est,
2580 3628 2639 3675 ut
2663 3623 2735 3677 sit
2763 3640 2828 3678 ex
2858 3641 2958 3682 se:
3012 3637 3066 3684 et
3105 3631 3182 3686 sic
3229 3635 3556 3705 principium
3591 3651 3695 3702 est,
3721 3655 3776 3695 nt

2189 3719 2294 3757 non
2326 3721 2389 3759 cx
2423 3708 2526 3762 alio
2581 3711 2653 3765 sit
2705 3715 2988 3786 principio,
3045 3729 3250 3777 tantum
3299 3739 3365 3779 ex
3415 3742 3509 3792 se,
3564 3742 3774 3786 caetera:

2188 3808 2318 3849 vero
2348 3812 2595 3866 persona“:
2625 3818 2689 3857 ex
2721 3804 2855 3874 ipso.
2901 3807 3032 3861 Nam
3057 3810 3227 3868 Filius
3256 3818 3519 3887 quidquid
3555 3826 3775 3877 omnino

2186 3893 2288 3946 est,
2320 3902 2427 3940 non
2457 3903 2524 3943 ex
2555 3904 2631 3953 se,
2662 3895 2754 3946 sed
2790 3909 2858 3949 ex
2890 3895 3079 3964 Patre;
3115 3900 3238 3956 item
3288 3903 3525 3975 Spiritus
3555 3924 3774 3969 sanctus

2188 3990 2293 4028 non
2325 3993 2390 4030 ex
2421 3994 2500 4043 se,
2553 3983 2648 4036 sed
2685 3985 2944 4055 quidquid
2992 3992 3212 4047 omnino
3241 4005 3342 4059 cst,
3367 4014 3432 4052 ex
3485 4000 3653 4057 Patre
3680 4004 3767 4058 Fi-

2187 4064 2366 4132 lioque
2394 4077 2496 4122 est.
2549 4069 2654 4125 Sed
2689 4071 2788 4145 [et]
2821 4085 2876 4128 ut
2923 4093 2988 4132 ex
3037 4079 3171 4136 Filio
3217 4088 3471 4152 procedat
3508 4092 3765 4159 Spiritus,

2183 4170 2210 4206 a
2250 4154 2409 4210 Patre
2443 4159 2544 4214 hoc
2581 4161 2744 4217 habet
2789 4164 2976 4222 Filius.
3036 4168 3168 4224 Nam
3196 4173 3238 4227 si
3269 4154 3764 4246 quidquid-habet,

2186 4262 2245 4299 ex
2282 4247 2440 4305 Patre
2480 4252 2550 4305 illi
2583 4263 2706 4320 est;
2755 4266 2808 4310 et
2859 4258 2910 4312 id
2938 4275 3005 4314 ex
3059 4261 3219 4317 Patre
3265 4272 3563 4335 nascendo,
3611 4275 3768 4329 habet

2181 4354 2208 4390 a
2241 4339 2419 4407 Patre,
2460 4352 2517 4398 ut
2562 4359 2627 4399 ex
2683 4348 2798 4417 ipso
2846 4352 2916 4405 sit
2972 4352 3224 4422 Spiritus.
3277 4357 3513 4429 Spiritus
3553 4381 3767 4436 quoque

2184 4441 2404 4488 sanctus
2429 4438 2770 4504 procedendo
2793 4456 2822 4493 a
2850 4439 3032 4507 Patre,
3058 4445 3126 4499 ab
3153 4445 3266 4515 ipso
3287 4449 3448 4504 habet
3474 4464 3530 4506 ut
3560 4471 3627 4509 ex
3653 4460 3764 4526 ipso

2184 4523 2255 4576 ita
2289 4525 2380 4588 sit,
2423 4535 2482 4579 ut
2525 4529 2684 4581 simul
2713 4531 2877 4585 etiam
2927 4535 3125 4590 existat
3175 4553 3239 4591 ex
3286 4539 3441 4596 Filio.
3483 4543 3562 4598 Ita
3604 4549 3765 4618 igitur

2182 4626 2302 4670 sunt
2326 4617 2535 4688 singula
2564 4623 2828 4690 omnium,
2856 4635 2911 4681 et
2937 4631 3115 4684 omnia
3169 4633 3498 4703 singulorum
3521 4678 3535 4699 ,
3569 4649 3623 4693 et
3652 4656 3762 4693 om-

2184 4707 2270 4760 nia
2303 4724 2499 4776 unmn;
2541 4722 2692 4769 certo
2721 4723 2923 4784 tamen,
2954 4728 3013 4772 ut
3046 4720 3177 4787 dixi,
3209 4724 3435 4779 rationis
3480 4732 3758 4798 mysterio,

2181 4801 2426 4866 qumdam
2458 4805 2611 4873 quasi
2645 4809 2858 4878 proprie
2885 4810 2950 4864 de
2979 4811 3140 4868 Patre
3169 4814 3440 4881 dicuntur,
3473 4830 3528 4872 ut
3571 4836 3758 4874 essen-

2184 4893 2308 4948 tiale
2364 4897 2719 4966 principium;
2775 4904 3017 4969 quaedam
3069 4905 3134 4958 de
3172 4905 3331 4973 Filio,
3399 4919 3458 4962 ut
3506 4911 3754 4980 justitia,

2181 4983 2372 5049 virtus,
2420 4991 2719 5057 sapientia;
2762 4993 3102 5060 qumdam'de
3128 4992 3333 5064 Spiritu
3380 5011 3593 5064 sancto,
3619 5005 3755 5055 velat

2181 5077 2281 5130 hoc
2311 5080 2454 5148 quod
2485 5079 2720 5150 Spiritus
2761 5094 2979 5140 sanctus
3011 5086 3228 5152 dicitur,
3279 5091 3419 5157 quod
3469 5106 3625 5146 amor
3669 5093 3751 5144 vel
