4006 5282
167 327 312 386 1503

1277 315 1614 372 ΕΡΙᾏΤῦΙΑ
1651 315 1739 368 AD
1780 313 1960 368 ΕΗΓΔ
1973 315 2178 374 STUM.

3306 319 3328 375 l
3339 317 3446 374 3306

165 453 350 496 autem
375 447 428 492 et
455 435 594 491 Filio
631 435 894 506 Spiritum
943 441 1186 486 sanctum
1239 431 1604 486 cormuuniter
1633 443 1758 498 pro-
1791 429 1834 482 Α
1865 441 1945 484 ter
1969 431 2162 500 singuli
2197 443 2346 498 sunt,
2377 435 2740 490 communiter
2789 435 2892 490 diri
2943 435 3008 488 de
3055 433 3323 498 omnibus,
3375 438 3454 489 id-

163 536 364 588 cedere
393 529 776 598 intelligamus.

245 619 378 674 \‘lll.
405 619 556 674 Sicut
587 617 752 684 igitur
773 619 826 670 in
853 615 1090 670 essentia
1119 614 1416 682 majestatis
1445 613 1586 668 idem
1611 619 1758 676 sunt,

163 729 296 768 cum
325 727 428 766 nec
481 711 582 765 loci
625 719 720 763 aut
765 709 1022 778 temporis
1055 709 1350 762 interstitio
1379 708 1758 778 sejungantur,

165 818 274 857 nec
327 813 438 855 tres
489 813 720 854 numero
761 801 1040 869 potentiae,
1089 799 1184 854 sed
1239 815 1344 852 una
1393 799 1672 868 potentia;
1706 807 1766 852 ut.

173 911 318 949 unus
347 903 604 964 Operator
633 893 744 946 sint
784 892 916 964 (1‘2),
963 893 1032 946 ita
1075 903 1128 948 et
1157 894 1210 946 in
1233 893 1566 962 operationis
1605 892 1766 947 οπερ-

179 995 298 1038 tum
331 983 623 1048 dill‘eltmt,
655 983 782 1051 quia
837 983 1098 1038 Dominus
1143 995 1330 1038 noster
1371 983 1549 1037 divit:
1605 983 1766 1049 Qum-

167 1091 376 1146 cunque
406 1077 544 1129 enim
571 1072 734 1128 Pater
763 1074 910 1142 facit,
933 1083 1044 1128 Iure
1073 1084 1122 1128 et
1153 1073 1322 1128 Filius
1349 1075 1588 1128 simili:er
1616 1077 1764 1145 facit,

167 1179 225 1221 et
281 1183 384 1220 non
443 1167 548 1220 alia
621 1168 748 1236 quia
801 1183 905 1222 non
961 1177 1136 1236 potest
1192 1167 1358 1222 Filius
1421 1187 1446 1220 a
1481 1183 1538 1222 se
1587 1168 1768 1222 facere

168 1256 492 1326 quidquam,
519 1257 621 1312 nisi
646 1257 788 1327 quod
811 1257 1002 1312 viderit
1033 1257 1250 1312 Patrem
1281 1259 1589 1314 facientem.
1623 1261 1766 1314 Idem

169 1357 572 1417 consequenter
595 1351 664 1404 de
695 1348 900 1418 Spiritu
947 1351 1230 1419 utriusque
1286 1353 1626 1406 sentiendum
1663 1361 1764 1406 est.

173 1438 316 1493 Nam
345 1441 448 1494 etsi
475 1441 746 1496 hominem
771 1442 919 1497 solus
947 1442 1114 1497 Filius
1147 1443 1342 1506 imluit,
1371 1444 1546 1512 ipsum
1587 1453 1766 1500 tamen

175 1531 458 1587 hominem
503 1541 666 1603 atque
711 1534 1102 1589 incarnationis
1147 1537 1468 1606 mysterium
1507 1546 1619 1591 tota
1653 1537 1770 1592 Tri-

171 1625 320 1678 nitas
351 1624 496 1688 l’eeit,
525 1633 633 1680 tota
669 1641 793 1679 eum
825 1625 1062 1681 Trinitas
1091 1627 1156 1680 ad
1193 1637 1420 1682 mortem
1455 1629 1620 1696 dedit,
1656 1639 1768 1684 tota

171 1733 302 1771 eum
323 1717 574 1774 Trinitas
603 1719 965 1782 resuscitavit,
995 1729 1104 1773 tota
1135 1721 1418 1776 cxaltavit.
1449 1721 1524 1776 Ita
1550 1737 1766 1793 quoque

170 1817 226 1863 et
255 1823 442 1864 vocem
479 1809 646 1872 illam.
685 1825 782 1879 per
811 1827 971 1880 quam
999 1821 1054 1866 et
1077 1813 1228 1867 solus
1275 1813 1436 1868 Pater
1469 1815 1534 1869 ad
1568 1815 1762 1871 Filium
1799 1793 1842 1848 Β

173 1899 406 1970 loquens
457 1901 734 1954 innotuit:
805 1901 882 1956 Tu
927 1921 1002 1967 es,
1061 1903 1333 1974 inquiens,
1389 1903 1560 1962 Filius
1621 1925 1765 1963 meus

171 1991 434 2056 dilectus;
463 2003 516 2046 et
550 1993 852 2048 columbam
885 1995 1058 2061 illam,
1087 1997 1170 2052 vel
1221 1997 1436 2067 linguas
1474 1999 1678 2072 igneas,
1711 2002 1766 2056 in

172 2082 376 2152 quibus
419 2083 502 2139 vel
557 2099 720 2153 super
753 2085 1038 2140 Dominum
1086 2089 1438 2159 baptizatum,
1489 2091 1568 2146 vel
1606 2107 1769 2163 ςυρψ

171 2174 291 2229 dies
317 2175 670 2232 Pentecostes
699 2176 934 2248 Spiritus
965 2189 1183 2236 sanctus
1220 2185 1486 2253 apparuit,
1515 2195 1622 2240 tota
1660 2187 1766 2241 uti-

174 2281 280 2334 que
329 2267 572 2323 Trinitas
615 2269 758 2324 fecit.
815 2271 1277 2338 Quemadmodum
1319 2285 1372 2330 et
1405 2275 1494 2331 illa
1523 2293 1624 2332 vox
1659 2280 1770 2335 dis-

177 2359 411 2430 syllaba,
449 2375 568 2430 qua:
613 2367 668 2415 et
724 2363 886 2418 Pater
936 2365 1172 2430 dicitur;
1215 2375 1392 2420 etvox
1441 2369 1766 2440 tris-syllaba,

174 2467 296 2522 qua:
351 2453 552 2507 dicitur
599 2454 811 2510 Filius:
853 2463 907 2510 et
957 2457 1064 2510 duo
1097 2457 1314 2512 nomina
1365 2473 1484 2528 qua:
1533 2461 1768 2529 Spiritus

175 2553 403 2600 sanctus
435 2547 792 2616 appellantur,
845 2557 898 2602 et
949 2549 1198 2605 similiter
1229 2551 1348 2605 alim
1375 2567 1532 2608 voces
1580 2571 1768 2624 quam-

177 2639 390 2710 plures,
422 2639 544 2695 licet
577 2642 964 2711 proprietatem
1021 2643 1358 2714 singularum
1407 2661 1649 2701 seorsum
1681 2649 1770 2702 de-

175 2741 372 2786 notent
395 2739 448 2786 et
480 2731 686 2786 auditui
719 2732 1012 2804 prreferant
1037 2747 1420 2803 personarum,
1457 2751 1563 2792 n0n
1589 2747 1766 2794 tamen

177 2825 340 2878 aliter
370 2839 532 2894 quam
591 2826 680 2880 illa
721 2827 1008 2898 dissyllaba
1061 2843 1165 2883 vox
1211 2844 1330 2900 qua:
1359 2831 1559 2886 dicitur
1605 2831 1766 2898 Deus,

177 2927 290 2972 tota
355 2917 560 2985 pariter
607 2917 920 2988 signiﬁcans
971 2917 1294 2973 Trinitatem
1326 2961 1340 2984 ,
1393 2919 1558 2975 totius
1623 2935 1768 2977 certe

175 3017 300 3065 sunt
327 3023 498 3079 opera
527 3007 832 3063 Trinitatis.
861 3009 1204 3080 Quapropter
1243 3011 1344 3065 etsi
1389 3027 1454 3066 ex
1503 3015 1768 3069 creaturis

177 3101 380 3171 aliquae
410 3099 477 3153 ad
509 3099 931 3154 declarationem
961 3101 1294 3170 singulorum
1333 3103 1549 3173 proprie
1574 3115 1766 3176 myste-

1861 523 2010 578 cireo
2047 526 2410 580 essentialitcr
2438 527 2568 588 dixi,
2599 528 2726 596 quia
2755 527 2897 595 quod
2929 525 3090 580 Pater
3115 535 3208 580 aut
3229 525 3458 580 Genitor

1861 616 2082 680 dicitur,
2115 616 2246 672 item
2275 619 2418 687 quod
2469 617 2637 674 Filius
2666 629 2757 672 aut
2803 617 3086 684 Verbum,
3136 617 3220 673 vel
3275 619 3456 688 imago

1865 709 2215 776 nominatur;
2247 711 2332 764 vel
2389 713 2534 781 quod
2587 710 2826 781 Spiritus
2871 721 3094 767 sanctus
3153 711 3456 780 procedens

1865 797 2184 868 appellatur,
2220 815 2326 855 non
2367 801 2670 856 secundum
2705 817 2762 856 se
2793 801 3156 871 intelligenda:
3181 801 3456 864 essentim,

1865 892 1961 944 sed
2004 893 2371 949 distinctionis
2417 894 2501 948 vel
2553 894 2830 949 relationis
2885 909 3242 964 personarum
3295 907 3459 948 voca-

1867 981 1988 1036 bula
2037 995 2182 1038 sunt.
2231 984 2502 1040 Caventes
2549 984 2750 1040 etenim
2796 985 3132 1040 contundere
3175 997 3460 1054 personas,

1867 1073 2082 1129 Patrem
2107 1077 2250 1144 quod
2277 1091 2384 1130 non
2415 1093 2482 1130 ex
2531 1075 2638 1129 alio
2686 1077 2757 1130 sit
2803 1075 3271 1138 demonstrantes,
3303 1087 3462 1127 voca-

1869 1181 1988 1219 mus
2019 1152 2357 1236 ingenitum;
2385 1177 2439 1222 et
2467 1170 2608 1238 quod
2641 1185 2746 1223 non
2769 1169 2887 1223 sine
2925 1167 3060 1222 Filio
3087 1169 3177 1232 sit,
3209 1181 3464 1222 vocamus

1869 1267 1924 1312 et
1957 1258 2192 1312 Patrem.
2227 1259 2365 1313 item
2413 1259 2594 1315 Patris
2643 1261 2733 1314 illa
2784 1268 2842 1315 et
2892 1257 3178 1314 inell'abilis
3207 1259 3366 1322 visio,
3409 1259 3462 1311 iu

1870 1365 1974 1418 qua
2004 1352 2238 1422 seipsum
2271 1351 2434 1406 Pater
2467 1353 2710 1408 intuetur
2741 1361 2795 1406 et
2821 1353 3024 1418 omnia,
3055 1351 3314 1420 splendor
3350 1351 3464 1414 ille,

1871 1441 1961 1494 illa
1987 1442 2101 1506 lux,
2129 1443 2254 1512 quia
2292 1457 2396 1496 non
2425 1459 2490 1497 ex
2523 1458 2582 1498 se
2603 1484 2616 1506 ,
2647 1443 2740 1498 sed
2771 1459 2834 1498 ex
2863 1443 2978 1498 solo
3011 1443 3174 1498 Patre
3225 1450 3338 1506 est,
3383 1441 3464 1496 di-

1867 1532 2014 1586 citur
2041 1530 2232 1586 Filius.
2275 1531 2339 1586 Et
2369 1534 2624 1603 quoniam
2655 1549 2780 1598 nos,
2831 1543 2891 1587 ut
2941 1549 3044 1603 per
3089 1531 3366 1602 speculum
3411 1539 3466 1586 et

1874 1623 2166 1694 imaginem
2217 1640 2370 1680 suam
2410 1625 2596 1694 (homo
2641 1625 2784 1680 enim
2836 1635 3023 1680 noster
3061 1623 3290 1680 interior
3341 1623 3468 1678 licet

1871 1717 2166 1780 obscuret,
2239 1724 2417 1770 tamen
2467 1715 2560 1772 Dei
2625 1717 2804 1788 imago
2848 1727 2955 1783 est,
3009 1715 3177 1772 Deum
3237 1731 3468 1770 cernere

1869 1811 2234 1882 qualicunque
2253 1810 2542 1880 tenigmate
2567 1809 2881 1865 valeamus:
2913 1811 3190 1879 quoniam,
3217 1809 3462 1880 inquam,

1870 1919 1968 1958 nos
2011 1919 2396 1974 quamcunque
2457 1919 2570 1958 rem
2625 1913 2808 1958 mente
2861 1903 3097 1958 videndo
3149 1905 3264 1958 sive
3313 1903 3458 1973 quod

1869 2005 2023 2052 extra
2059 2011 2157 2050 nos
2203 2005 2307 2060 est,
2363 1995 2476 2050 sive
2513 1995 2686 2066 ipsam
2717 2003 2976 2058 mentem,
3011 1995 3294 2050 nobiscum
3329 2011 3466 2064 quo-

1873 2089 2164 2144 dammodo
2212 2089 2278 2143 de
2329 2093 2390 2143 re
2439 2103 2603 2158 quam
2639 2089 2912 2144 cernimus
2951 2087 3248 2157 loquimur,
3293 2087 3468 2143 simil-

1869 2183 2168 2253 limamque
2203 2181 2320 2252 ejus
2351 2183 2640 2253 imaginem
2690 2181 2872 2237 animo
2893 2181 3299 2237 conformamus
3329 2199 3344 2246 ;
3391 2183 3466 2236 ita

1871 2287 1931 2334 ut
1963 2295 2087 2334 cum
2123 2279 2478 2346 semetipsam
2511 2291 2666 2331 meus
2717 2283 2902 2330 nostra
2959 2274 3238 2338 intuendo,
3291 2273 3359 2327 de.
3407 2289 3467 2326 se.

1873 2373 2014 2442 apud
2067 2387 2125 2425 se
2181 2373 2502 2424 sententiam
2557 2365 2802 2421 veritatis
2852 2363 3084 2434 quadam
3127 2363 3466 2418 discussione

1873 2463 2212 2534 parturiens,
2271 2473 2410 2514 vera:
2465 2457 2679 2513 tandem
2721 2455 3088 2526 intelligentia:
3145 2453 3318 2508 lucem
3373 2453 3468 2508 de-

1873 2553 2222 2624 prompserit,
2260 2551 2382 2620 jure
2413 2549 2645 2618 idipsum
2675 2547 2788 2602 veri
2817 2545 3124 2600 intellectus
3148 2561 3375 2600 acumen
3409 2553 3464 2600 et

1874 2653 2090 2716 partum
2122 2643 2340 2704 mentis,
2377 2640 2500 2710 quia
2531 2654 2596 2693 ex
2625 2654 2686 2693 se
2713 2637 2817 2692 huc
2850 2637 2965 2707 ipsa
3000 2637 3233 2706 peperit,
3265 2645 3318 2690 et
3349 2651 3464 2690 vcr-

1875 2738 1999 2792 bum
2037 2749 2146 2804 quo
2175 2736 2240 2789 de
2276 2747 2334 2788 se
2359 2733 2470 2802 ipsa
2496 2730 2773 2793 disseruit,
2810 2739 2863 2784 et
2891 2729 3178 2798 imaginem
3209 2727 3290 2782 vel
3319 2726 3464 2780 simi-

1873 2825 2152 2880 litudinem
2179 2865 2194 2886 ,
2245 2821 2386 2893 quod
2433 2821 2546 2890 ipsa
2576 2823 2640 2874 de
2671 2819 2752 2874 sui
2787 2817 3245 2887 contemplatione
3293 2815 3462 2870 infero

1873 2917 2061 2978 mavit,
2095 2916 2252 2970 liceat
2279 2913 2556 2984 appellari.
2588 2911 2762 2966 Simili
2797 2910 2976 2975 modo,
3009 2919 3068 2964 ut
3109 2925 3207 2980 per
3233 2908 3370 2980 ejus,
3403 2915 3462 2963 ut

1873 3010 2003 3071 dixi,
2037 3009 2348 3080 imaginem,
2389 2999 2542 3075 quod
2581 3017 2770 3057 sumus
2819 3017 2938 3068 nos,
2968 2999 3136 3055 Deum
3175 3001 3459 3072 qualicun-

1873 3119 1978 3174 que
1999 3101 2282 3170 zcnigmale
2311 3099 2610 3160 videamus,
2661 3103 2714 3148 et
2756 3095 2821 3148 de
2871 3093 3260 3163 temporalibus
3284 3093 3328 3148 si
3361 3109 3464 3147 att-

179 3193 328 3248 riave
357 3192 628 3262 pertineat
666 3206 1047 3259 personarum.
1094 3192 1274 3261 palam
1325 3204 1501 3247 tamen
1530 3205 1612 3250 est
1634 3211 1740 3264 quo
1795 3163 1840 3224 Ο
1871 3194 2083 3250 demus.
2129 3189 2238 3242 imo
2283 3187 2406 3255 quia
2461 3186 2535 3238 ita
2597 3184 2751 3237 nobis
2789 3183 3174 3252 temporalibus
3217 3183 3459 3252 expedit,

181 3286 324 3338 niam
352 3283 538 3348 Pater,
565 3291 620 3336 et
647 3281 829 3342 Filius,
882 3289 938 3334 et
979 3280 1213 3351 Spiritus
1245 3291 1466 3338 sanctus
1497 3285 1636 3337 sicut
1668 3299 1766 3338 nrc

183 3375 236 3430 in
265 3375 598 3438 substantia,
627 3374 698 3426 ita
725 3389 824 3428 nec
857 3373 908 3426 in
939 3373 1120 3443 aliquo
1149 3387 1376 3443 prorsus
1404 3374 1663 3446 cujusque
1691 3377 1764 3428 rei

182 3466 498 3534 Operatione
521 3464 866 3518 dissentiunt.
915 3462 1099 3516 Palam
1129 3463 1293 3518 etiam
1322 3473 1374 3518 et
1407 3464 1510 3520 ltoc
1535 3475 1618 3521 est
1643 3466 1766 3534 quia

109 3617 114 3620 ,
179 3569 232 3612 et
255 3558 514 3621 Patrem,
563 3563 618 3611 et
669 3554 860 3610 Filium
892 3597 906 3619 ,
955 3564 1010 3610 et
1053 3553 1316 3625 Spiritum
1369 3565 1616 3612 sanctum
1661 3573 1767 3612 non

181 3653 352 3706 variis
387 3645 944 3718 eorporis‘sensilms,
991 3649 1086 3704 sed
1143 3663 1247 3702 una
1299 3649 1598 3719 eademque
1625 3665 1770 3720 parte

185 3745 384 3798 mentis
429 3740 780 3812 intelligentia
807 3749 858 3794 et
883 3740 1044 3794 simul
1087 3741 1540 3807 contemplamur,
1573 3741 1713 3796 sicut
1741 3759 1768 3794 τι

185 3835 431 3890 Veritate
475 3835 592 3903 ipsa
642 3834 955 3898 didicimus,
1011 3848 1130 3904 qua:
1179 3834 1290 3888 ait:
1349 3834 1450 3899 Qui
1490 3849 1570 3887 me
1611 3834 1768 3897 videt,

181 3926 320 3980 uidet
339 3935 388 3980 et
423 3924 652 3978 Patrem.

253 4017 346 4072 IX.
374 4016 442 4072 Ut
467 4016 630 4084 igitur
665 4031 733 4070 ex
769 4017 852 4071 his
879 4017 1090 4071 dicendi
1137 4018 1297 4073 linem
1327 4019 1572 4074 breviter
1603 4019 1772 4074 facia-

185 4127 328 4176 mus,
375 4113 630 4182 quoniam
671 4127 748 4166 cae
797 4127 920 4181 qum
955 4114 1008 4166 in
1055 4113 1168 4168 sole
1199 4115 1490 4184 qualitates
1522 4126 1672 4178 sunt.
1720 4127 1773 4170 ct

186 4206 254 4258 ab
286 4206 406 4273 ipso
430 4213 486 4260 et
515 4205 584 4258 ab
612 4203 842 4256 invicem
877 4204 1308 4260 substantialitcr
1341 4206 1619 4272 ditl'erunt,
1645 4223 1772 4276 epe-

187 4296 342 4348 randi
373 4309 590 4364 quoque
611 4295 810 4348 virtute
839 4305 895 4347 et
925 4296 1218 4348 secundum
1263 4295 1460 4358 locum,
1491 4305 1545 4349 et
1585 4313 1774 4351 secun-

187 4386 313 4438 dum
369 4396 600 4454 tempus,
651 4386 972 4454 diversaque
1021 4386 1261 4454 subjecta
1296 4387 1652 4452 dissentiunt,
1683 4403 1774 4442 va-

1872 3283 2354 3355 quomodocuuque
2376 3277 2728 3345 eonjiciamus
2751 3287 2972 3328 a'tcrna.
2997 3273 3195 3338 Simili,
3213 3275 3458 3344 inquam,

1873 3373 2031 3426 modo
2063 3367 2389 3423 inell'abilem
2419 3367 2564 3420 illius
2591 3375 2829 3436 paternre
2857 3365 3082 3420 visionis
3105 3363 3279 3419 lucem
3311 3381 3452 3418 sent-

1871 3477 1970 3534 per
1998 3461 2064 3515 de
2095 3459 2278 3523 Patre,
2311 3471 2530 3526 semper
2552 3461 2688 3525 apud
2717 3455 2954 3520 Patrem,
2999 3463 3055 3510 et
3083 3455 3134 3508 in
3159 3453 3320 3510 Patre
3341 3471 3459 3510 ma-

1875 3565 2114 3620 nentem,
2147 3567 2360 3622 semper
2397 3550 2610 3604 Patrem
2657 3549 2930 3603 videntem
2955 3589 2968 3614 ,
3001 3549 3243 3602 omnium
3275 3549 3464 3604 condi-

1876 3648 2087 3711 tricem,
2115 3644 2292 3698 Patris
2327 3641 2698 3696 revelatricem
2737 3649 2790 3694 et
2817 3639 2954 3693 idem
2977 3653 3097 3694 esse
3127 3655 3246 3694 cum
3275 3639 3460 3705 Patre,

1875 3741 2128 3811 quoniam
2161 3737 2226 3791 de
2249 3735 2410 3788 Patre
2435 3743 2539 3797 est,
2567 3747 2673 3786 non
2703 3731 2769 3786 de
2799 3731 2994 3795 uiliilo,
3019 3741 3073 3786 et
3100 3731 3458 3802 unigenitum,

1875 3839 1928 3886 et
1966 3829 2210 3892 verbum,
2260 3835 2312 3880 et
2362 3825 2671 3894 imaginem,
2711 3821 3232 3890 similitudinemquc
3282 3821 3460 3875 Patris

1875 3925 2040 3982 corde
2092 3919 2382 3982 credimus,
2437 3925 2492 3970 et
2541 3923 2700 3985 prout
2747 3915 3045 3969 sullicimus
3091 3915 3355 3968 sentimus
3393 3913 3460 3967 ad

1870 4016 2160 4090 justitiam,
2193 4025 2288 4066 ore
2323 4019 2502 4063 autem
2529 4007 2860 4062 conﬁtemur
2900 4007 2965 4060 ad
3007 4005 3257 4060 salutem.
3295 4003 3466 4073 Spiri-

1879 4124 1989 4167 tum
2025 4124 2150 4163 vero
2182 4115 2426 4161 sanctum
2457 4115 2556 4155 nec
2586 4099 2885 4169 ingenitum
2914 4098 3172 4162 dicimus,
3203 4098 3328 4167 quia
3358 4111 3462 4150 nun

1874 4215 1952 4259 est
1978 4205 2044 4258 de
2072 4200 2251 4264 nullo;
2309 4211 2406 4251 nec
2459 4195 2724 4262 genitum,
2755 4189 2880 4260 quia
2931 4205 3038 4243 non
3069 4197 3153 4242 est
3195 4189 3260 4243 de
3301 4187 3464 4242 Patre

1875 4301 2008 4363 solo,
2045 4297 2138 4352 sed
2169 4311 2198 4350 a
2249 4295 2408 4348 Patre
2434 4303 2488 4345 et
2519 4289 2656 4343 Filio
2702 4289 3109 4357 procedentem,
3145 4302 3247 4338 non
3284 4293 3462 4340 tamen

1877 4393 1944 4448 ab
1977 4401 2206 4458 utroque
2234 4393 2570 4446 nascentem,
2624 4380 2878 4451 quoniam
2931 4379 3138 4449 pariter
3167 4379 3465 4448 eodemque

189 4477 396 4545 riisque
416 4477 662 4532 sensibus
681 4478 1080 4548 hausthonge
1102 4479 1304 4532 distare
1327 4479 1765 4547 comprobantur.
1799 4511 1849 4572 Β
1879 4485 2038 4540 modo
2061 4479 2295 4549 Spiritus
2323 4485 2407 4531 est
2452 4473 2734 4528 amborum
2757 4513 2772 4538 ,
2825 4485 2948 4525 cum
3003 4469 3179 4523 nullus
3225 4485 3462 4539 unquam

189 4567 435 4638 Ctuuque
489 4569 668 4624 Patris
717 4579 772 4624 et
815 4569 1108 4638 Sapientiae
1164 4577 1218 4622 et
1271 4570 1488 4624 Amoris
1541 4587 1644 4625 una
1702 4573 1772 4624 sit

187 4671 413 4724 prorsus
441 4662 740 4731 eademque
780 4663 1114 4724 substantia;
1168 4677 1398 4730 cumque
1431 4663 1482 4714 in
1515 4663 1593 4717 eis
1629 4664 1768 4716 nulla

191 4761 298 4802 non
329 4751 452 4806 dico
483 4752 719 4818 diversa,
749 4752 840 4807 sed
879 4767 943 4805 ne
975 4751 1078 4804 ulla
1125 4751 1286 4804 etiam
1319 4749 1572 4819 qualitas,
1613 4753 1774 4806 nillil-

191 4855 296 4908 que
317 4848 542 4900 omnino
568 4848 712 4900 aliud
743 4847 846 4901 nisi
891 4857 995 4899 una
1023 4859 1156 4916 pura
1189 4844 1424 4898 essentia
1453 4843 1645 4902 debeat
1681 4863 1774 4901 eo-

188 4941 366 5004 gitari,
399 4959 522 4996 cum
550 4945 736 4998 eadem
775 4945 885 4998 sint
931 4957 1120 4999 eorum
1167 4953 1399 5008 semper,
1457 4953 1513 4998 et
1545 4943 1768 5012 ubique,

191 5037 238 5064 ΩΙ
277 5031 326 5064 in
351 5035 598 5064 ιιηιιιῖιιιιο
623 5049 780 5064 nun-un

838 5049 1056 5064 Ιιηαο-ιιΑ
1083 5031 1240 5064 ρῖιηιιι
1267 5039 1314 5064 Δ.
1345 5031 1534 5064 nnu'nrn
1571 5037 1767 5064 cunninle

1877 4579 2103 4632 duorum
2135 4569 2342 4642 pariter
2388 4565 2687 4633 eodemque
2733 4562 2892 4617 modo
2937 4561 3110 4632 possit
3151 4575 3270 4614 esse
3325 4559 3468 4616 (ilius

1877 4678 2111 4740 patrum.
2151 4665 2262 4718 Sed
2283 4677 2384 4716 nec
2411 4659 2634 4714 verbum
2675 4657 2981 4728 utriusque,
3015 4671 3114 4710 nec
3145 4656 3342 4724 imago,
3369 4671 3468 4711 nec

1876 4755 2172 4814 similitudo
2209 4752 2447 4816 dicitur;
2507 4747 2631 4816 quia
2679 4751 2939 4816 quamvis
2987 4753 3231 4800 amantes
3268 4744 3470 4814 aliquid

1877 4863 2021 4918 stupe
2067 4845 2194 4899 illud
2257 4842 2438 4895 animo
2497 4839 2769 4902 versandi,
2825 4840 3120 4897 nobiscum
3150 4835 3394 4890 dicamus
3425 4845 3480 4890 et

1879 4939 2260 5011 imagincmus,
2295 4933 2646 5000 dicentesque
2695 4939 2749 4984 et
2801 4931 3183 5008 imaginatttcs
3215 4943 3482 4993 amemus,

1882 5035 2058 5064 ..ἕλη-ιη
2086 5039 2264 5062 Ita-nn"
2292 5035 2340 5062 ιιι
2375 5027 2672 5060 i-nnninorn
2701 5023 2752 5058 in
2787 5031 2972 5058 IanL'...
3007 5019 3221 5056 ηηῖιιοιὶὶ
3263 5020 3490 5056 viain-xit:
