4006 5282
554 284 573 338 Ι
588 285 688 338 507

1552 282 1591 334 G
1604 277 1765 335 UITM
1778 278 1935 336 lJNDl
1978 269 2398 335 AllCHIEPlSC.
2436 275 2780 333 AVERSANI

3670 278 3794 332 1508

554 410 739 453 norum
798 398 1172 467 proprietates.
1233 406 1291 449 ιιι
1343 396 1397 449 in
1450 396 1625 459 nobis,
1674 396 1747 450 ita
1800 395 2021 451 omnino
2068 394 2123 448 in
2154 401 2199 455 Λ
2228 394 2608 460 accidentium,
2641 396 2784 464 quod
2816 392 2998 448 itidem
3051 390 3219 449 absit!
3264 393 3573 449 necessario
3601 395 3797 450 dicere-

556 491 800 544 Divinate
830 490 1091 557 requiras.
1129 486 1335 556 Quippe
1372 487 1415 541 si
1454 486 1519 541 de
1547 485 1833 541 verborum
1879 484 2125 541 sensibus

553 596 683 650 agas
706 580 758 633 in
787 579 961 633 Patris
980 588 1035 633 et
1058 577 1177 631 Filii
1208 576 1451 642 vocibus,
1482 585 1537 630 et
1560 576 1610 629 in
1632 575 1845 631 caeteris
1866 574 2123 639 relativis,

553 688 677 727 cum
706 673 770 726 de
813 669 1119 725 hominibus
1162 669 1434 733 dicuntur,
1472 668 1715 737 quaedam
1755 668 1993 733 ipsorum
2031 666 2128 720 bo-

556 762 782 824 minum,
808 760 1003 829 quibus
1030 760 1098 812 ad
1130 773 1187 813 se
1217 757 1554 821 referuntur,
1612 755 1909 811 accidentia
1935 772 1951 812 :
1996 757 2125 810 item

554 852 606 904 iu
648 849 947 921 generandi
993 858 1049 903 et
1092 848 1418 919 procedendi
1464 847 1647 912 verbo,
1698 856 1875 900 actum
1922 845 2129 916 passio-

554 955 743 995 nemve
766 956 890 995 cum
920 938 1283 994 declaratione
1306 938 1563 1007 temporis
1586 936 1834 1006 accipere
1870 935 2123 990 solemus.

555 1030 839 1085 Aiternam
884 1045 1047 1100 porro
1094 1029 1499 1099 generationem
1544 1026 1665 1081 Filii
1714 1026 1841 1091 Dei,
1891 1024 2126 1095 Spiritus

552 1124 723 1177 sancti
752 1121 1175 1191 processionem,
1201 1123 1281 1175 sic
1302 1119 1595 1185 credimus,
1619 1129 1673 1171 ut
1702 1132 1880 1188 neque
1904 1117 1977 1171 ibi
2001 1126 2127 1170 tem-

552 1229 675 1283 pus,
705 1227 881 1283 neque
908 1221 1089 1267 actum
1122 1211 1455 1281 generantis,
1488 1220 1580 1263 aut
1604 1209 1909 1279 passionem
1939 1209 2126 1278 geniti,

554 1302 639 1356 vel
666 1302 1008 1371 procedentis
1032 1301 1286 1369 Spiritus,
1312 1314 1486 1369 neque
1517 1298 1683 1352 ullum
1719 1298 1951 1366 denique
1980 1300 2126 1353 acci-

551 1394 685 1448 dens
704 1394 906 1449 ‘divinm
937 1393 1113 1447 inesse
1137 1392 1453 1447 substantia:
1477 1391 1794 1445 sentiamus.
1823 1389 1938 1444 Non
1966 1390 2130 1459 igitur

550 1503 715 1557 supra
753 1486 1159 1542 distinctionqu
1190 1484 1276 1539 vel
1330 1483 1649 1538 relationum
1698 1482 1862 1537 verba
1912 1481 2129 1553 proprie

551 1577 829 1631 Divinitati
873 1575 1224 1640 conveniunt,
1283 1588 1382 1628 nec
1430 1573 1651 1628 omnino
1693 1572 1748 1627 in
1791 1573 1902 1627 Deo
1940 1572 2129 1627 eodem

548 1685 715 1725 sensu
745 1684 851 1739 quo
882 1676 935 1723 et
968 1668 1022 1722 in
1053 1668 1209 1722 nobis
1253 1666 1563 1736 accipienda
1598 1677 1744 1720 sunt.
1796 1665 1951 1720 Absit
1986 1665 2128 1720 enim

2237 496 2339 541 tur.
2375 485 2525 551 Quod
2567 485 2821 555 quoniam
2851 500 2882 538 a
2928 484 3233 538 Christiana
3287 484 3544 555 religione
3587 501 3796 555 prorsus

2234 575 2552 638 abhorrens,
2573 572 2962 644 catholicaaque
2984 583 3069 629 est
3096 575 3313 629 veritati
3347 591 3558 630 summe
3596 586 3798 630 eontra-

2234 667 2394 729 riutn,
2421 682 2527 719 non
2563 679 2692 733 ergo
2731 666 2784 719 iu
2819 666 3170 734 omnipotenti
3209 677 3521 735 mternaque
3566 677 3625 722 et
3673 668 3797 722 sim-

2232 757 2354 827 plici
2382 756 2664 821 Trinitate,
2694 757 2866 823 salva,
2896 767 2954 811 ut
2974 758 3177 812 dictum
3206 767 3309 824 est,
3335 758 3593 813 ineﬁ‘abili
3618 760 3799 815 distin-

2232 848 2411 902 ctione
2440 862 2813 917 personarum,
2846 847 2989 901 illius
3008 847 3308 902 accidentis
3330 848 3572 914 iniectio,
3597 864 3703 903 non
3730 850 3799 903 rei

2232 937 2451 992 omnino
2488 937 2718 1007 alicujus
2769 936 3022 991 admistio
3074 936 3159 991 vel
3200 936 3565 1006 interpositio,
3598 939 3801 993 nonnisi

2233 1042 2339 1081 una
2386 1027 2521 1093 sola,
2570 1027 2761 1091 unica,
2813 1027 3055 1092 sincera,
3107 1036 3165 1084 et
3208 1028 3497 1099 purissima
3550 1028 3804 1083 Divinitas

2232 1122 2559 1188 requiratur.

2306 1209 2441 1262 XIV.
2482 1210 2739 1281 Quisquis
2764 1225 2899 1266 sane
2934 1211 3051 1266 haec
3090 1211 3213 1267 ﬁdei
3266 1212 3616 1281 processibus
3662 1221 3803 1265 artus

2232 1312 2390 1368 prout
2414 1300 2645 1369 desuper
2671 1300 2847 1363 datur,
2882 1302 2991 1356 Deo
3013 1301 3126 1372 jam
3155 1318 3297 1357 nunc
3323 1317 3423 1372 pro
3449 1303 3667 1357 meritis
3688 1302 3801 1355 ﬁJei

2245 1390 2595 1453 retribnente,
2627 1390 2867 1446 interiori
2894 1392 3057 1445 etiam
3085 1393 3317 1462 quodam
3362 1392 3809 1463 pmdulcissimo—

2232 1495 2337 1550 que
2367 1480 2630 1551 igneoque
2654 1490 2709 1536 et
2739 1481 3103 1551 inexplicabili
3140 1484 3338 1538 mentis
3365 1484 3613 1555 attigerit
3636 1493 3806 1554 gustu,

2224 1568 2337 1637 jam
2374 1570 2715 1641 aliquatenus
2742 1580 2802 1625 ut
2828 1572 2991 1627 homo
3017 1573 3183 1627 Deum
3212 1589 3367 1627 suum
3396 1574 3672 1637 sentiens,
3703 1592 3805 1627 tria-

2231 1676 2336 1731 gno
2362 1677 2484 1717 cum
2523 1672 2759 1718 tremore
2800 1665 3050 1733 gaudeat,
3106 1674 3160 1717 et
3205 1680 3326 1718 cum
3371 1680 3569 1735 magno
3623 1665 3807 1734 gaudio

552 1770 610 1814 ut
639 1761 692 1814 in
722 1769 924 1814 aeterna
955 1758 1241 1822 Trinitate,
1276 1774 1384 1813 uno
1418 1756 1533 1812 solo
1570 1757 1703 1822 Deo,
1746 1768 1965 1827 propter
2006 1771 2129 1811 ver—
2158 1748 2203 1807 Β
2231 1754 2633 1809 contremiscat.
2664 1754 2739 1809 lta
2771 1764 2947 1810 tamen
2967 1756 3235 1826 epuletur,
3279 1766 3337 1811 ut
3365 1773 3471 1811 non
3504 1758 3625 1827 jam
3664 1758 3719 1811 in
3752 1774 3808 1811 eo

552 1854 743 1909 borum
779 1863 1087 1908 nostrorum
1112 1852 1412 1922 angustias,
1436 1860 1563 1906 ante
1587 1865 1801 1904 omnem
1824 1860 2129 1904 creaturam

552 1944 770 2014 aliquod
798 1944 1069 2010 accidens,
1091 1954 1186 1997 aut
1203 1943 1364 1997 ullam
1386 1942 1607 1997 omnino
1629 1957 1761 2003 rem,
1779 1949 2000 2011 propter
2017 1939 2131 2009 (i3)

551 2035 851 2105 simplicem
878 2033 1226 2089 Divinitatem
1255 2033 1420 2088 fuisse
1445 2032 1711 2088 dicamus.
1749 2032 1906 2088 Nulla
1934 2033 2133 2103 quippe

550 2135 797 2184 creatura
843 2126 1138 2195 quamlibet
1182 2126 1441 2196 perfecta,
1492 2132 1547 2181 et
1598 2126 1667 2182 ad
1705 2126 1996 2195 imaginem
2037 2126 2133 2181 Dei

549 2219 712 2284 facta,
734 2218 1118 2288 plenissimam,
1150 2228 1206 2273 ut
1229 2228 1331 2285 est,
1360 2219 1666 2288 exprimere
1694 2218 1775 2272 vel
1799 2219 2135 2288 mquiparare

551 2310 959 2365 similitudinem
1004 2308 1255 2379 praevalet
1312 2310 1607 2375 Creatoris,
1659 2311 1855 2365 nedum
1904 2325 1968 2366 ea
2016 2325 2134 2380 qua:

552 2416 690 2471 pene
713 2400 848 2456 nihil
888 2410 1017 2455 sunt
1055 2399 1363 2456 mortalium
1386 2400 1553 2455 verba
1602 2400 1772 2463 illam,
1800 2416 1920 2470 qua:
1968 2416 2133 2470 supra

550 2508 766 2547 onmem
813 2501 1077 2555 creaturae
1122 2492 1299 2547 omnis
1337 2492 1631 2562 cogitatum
1694 2490 1947 2547 ineﬁ'abili
1993 2508 2132 2562 prte-

551 2584 751 2640 eminet
787 2585 1032 2650 veritate,
1077 2594 1326 2640 naturam
1369 2583 1675 2640 Divinitatis
1709 2585 1976 2656 explicare
2016 2585 2133 2641 suf-

555 2678 797 2733 ﬁcerent.

626 2768 716 2822 Xll
778 2766 893 2824 Non
926 2769 1087 2840 igitur
1125 2770 1239 2827 haec
1270 2772 1335 2827 de
1366 2772 1473 2827 Deo
1517 2773 1722 2829 idcirco
1771 2774 2022 2841 dicimus,
2076 2786 2133 2830 ut

554 2859 606 2912 id
632 2860 789 2928 plane
810 2861 951 2929 quod
979 2862 1047 2916 ibi
1077 2870 1161 2916 est
1208 2862 1559 2933 explicemus,
1598 2864 1693 2919 sed
1744 2865 2128 2934 qualibuscun-

556 2966 659 3019 que
686 2960 866 3006 tamen
897 2962 1055 3021 prout
1076 2969 1359 3022 possumus
1386 2955 1563 3011 verbis
1588 2957 1816 3027 agimus,
1840 2974 1905 3013 ne
1921 2958 1973 3012 id
1988 2958 2131 3028 quod

554 3057 620 3093 ex
662 3042 825 3095 verbo
862 3042 1158 3098 Salvatoris
1202 3046 1505 3100 certissime
1556 3048 1843 3113 credimus,
1885 3059 1940 3103 et
1986 3048 2129 3119 quod

554 3129 643 3184 vix
670 3133 1062 3202 quantumlibet
1083 3144 1363 3191 attenuate
1388 3136 1602 3206 spiritu,
1625 3137 1843 3194 Christo
1864 3138 2129 3209 adjutore,

554 3238 652 3293 per
680 3224 963 3293 muigntata
996 3236 1325 3298 praegustare
1358 3229 1619 3295 valemus,
1649 3231 1959 3286 omnimodo
1983 3248 2132 3287 eom-

554 3317 788 3385 primere
836 3317 1053 3372 silentio
1091 3319 1391 3374 videamur.
1439 3319 1681 3390 Cumque
1722 3321 2008 3377 ineﬁ‘abilia
2052 3332 2134 3378 ut-

554 3408 902 3479 cunquel‘ari
956 3411 1224 3482 cupimus,
1272 3411 1615 3481 aliquatenus
1663 3428 1761 3484 per
1812 3414 1926 3470 haec
1970 3417 2135 3471 verba

558 3516 663 3555 non
692 3501 941 3570 equidem
970 3502 1271 3558 accidentia
1303 3502 1409 3557 ulla
1449 3502 1754 3572 purissimae
1803 3504 2132 3570 Divinitatis,

558 3592 652 3645 sed
684 3599 843 3661 prout
869 3591 1065 3661 eloquii
1104 3593 1327 3649 humani
1364 3593 1511 3648 velut
1548 3595 1814 3665 angustia,
1849 3596 1951 3650 hoc
1990 3597 2133 3665 quod

554 3698 663 3737 non
689 3693 771 3737 est
797 3682 955 3737 Pater
981 3699 1048 3738 ex
1082 3685 1188 3739 alio
1207 3699 1304 3754 per
1325 3686 1427 3741 hoc
1458 3690 1599 3755 quod
1621 3690 1888 3758 ingenitus
1913 3690 2132 3759 dicitur,

557 3788 657 3826 nec
689 3773 805 3827 sine
829 3787 895 3828 eo
923 3774 1013 3842 qui
1036 3789 1101 3828 ex
1133 3775 1249 3843 ipso
1270 3785 1375 3841 est,
1398 3791 1497 3846 per
1525 3778 1626 3833 hoc
1655 3778 1796 3849 quod
1834 3779 1997 3835 Pater
2040 3798 2134 3839 vo-

556 3875 742 3931 catur;
766 3876 820 3919 et
849 3866 992 3934 quod
1022 3882 1126 3920 non
1158 3868 1230 3921 sit
1253 3867 1423 3924 Filius
1448 3886 1515 3924 ex
1552 3884 1631 3936 se,
1686 3886 1786 3942 nep
1831 3872 1901 3927 sit
1951 3873 2053 3928 nisi
2100 3890 2131 3928 a

556 3954 716 4009 Patre
746 3970 842 4023 per
866 3970 1056 4009 nomen
1086 3955 1207 4009 Filii
1236 3974 1249 4009 :
1285 3957 1583 4026 eodemque
1626 3961 1786 4013 modo
1818 3962 1962 4029 quod
2013 3962 2136 4032 Spi-

558 4046 694 4100 ritus
724 4055 945 4100 sanetus
989 4061 1094 4100 non
1125 4061 1187 4101 ex
1225 4061 1303 4112 se,
1341 4047 1436 4101 sed
1473 4062 1540 4102 ex
1567 4047 1727 4104 Patre
1756 4060 1811 4104 et
1856 4050 1993 4107 Filio
2040 4054 2133 4120 sit,

553 4154 648 4207 per
692 4138 1014 4207 procedendi
1064 4140 1306 4205 verbum,
1346 4148 1405 4193 ut
1445 4139 1763 4209 praedictum
1812 4151 1918 4211 est,
1969 4144 2134 4201 deno—

555 4243 752 4286 tamus.

623 4321 761 4376 Xlll.
805 4322 997 4377 Procul
1026 4323 1189 4392 igitur
1233 4324 1305 4379 sit
1339 4341 1369 4380 a
1399 4326 1521 4383 ﬁliis
1569 4336 1771 4384 sancta:
1813 4340 1869 4385 et
1918 4332 2135 4386 univer-

2232 1843 2618 1899 remanendum
2645 1846 2788 1914 quod
2810 1846 3106 1914 invenerit;
3131 1849 3226 1902 sed
3250 1857 3308 1902 ut
3336 1849 3436 1902 sibi
3460 1848 3675 1916 largius
3696 1864 3809 1917 ape-

2233 1934 2425 1997 riatur,
2452 1936 2537 2003 pie
2576 1951 2790 2006 semper
2820 1940 3137 2009 quaerendo,
3160 1940 3519 1995 desiderando
3569 1951 3631 1994 et
3657 1957 3809 1994 oran-

2232 2027 2301 2083 do
2348 2026 2577 2081 validius
2624 2028 2823 2097 pulset.
2867 2028 3137 2100 Scriptum
3181 2040 3265 2085 est
3298 2030 3483 2085 enim:
3517 2028 3659 2085 Cum
3698 2048 3809 2083 cou-

2231 2123 2565 2175 summaverit
2596 2122 2774 2187 homo,
2803 2134 2923 2176 tunc
2944 2123 3145 2191 incipit.
3194 2123 3261 2178 Et
3287 2124 3481 2177 iterum
3511 2141 3523 2176 :
3582 2122 3808 2187 anrite

2233 2211 2420 2280 faciem
2454 2213 2566 2282 ejus
2588 2229 2806 2282 semper.
2837 2214 2937 2281 Qui
2958 2224 3137 2270 autem
3171 2218 3237 2270 ad
3279 2216 3380 2272 hoc
3410 2216 3687 2269 invalidus
3713 2226 3809 2280 est,

2236 2308 2309 2361 ita
2356 2317 2536 2363 tamen
2591 2324 2711 2364 esse
2750 2326 2855 2364 non
2908 2311 3135 2375 dubitet,
3181 2313 3249 2366 ad
3290 2312 3432 2381 quod
3480 2311 3808 2367 cernendum

2232 2397 2597 2468 postmodum,
2621 2398 2892 2467 patienter
2915 2400 3132 2455 interim
3154 2401 3275 2455 sinu
3304 2402 3427 2455 ﬁdei
3453 2402 3753 2456 nutriatur.

2306 2488 2423 2544 XV.
2466 2488 2636 2543 Porro
2664 2490 2709 2544 si
2758 2490 2878 2559 quis
2903 2491 3222 2546 arternitatis
3251 2491 3401 2545 malit
3430 2492 3703 2546 violentus
3728 2505 3807 2546 es-

2233 2598 2292 2638 se
2321 2582 2614 2647 discussor,
2645 2597 2743 2637 nec
2774 2581 2930 2637 facile
2960 2584 3126 2637 Deum
3157 2593 3249 2638 aut
3285 2583 3402 2638 sine
3436 2599 3675 2637 numero
3724 2583 3810 2636 tri-

2233 2690 2386 2741 num,
2409 2683 2501 2728 aut
2526 2674 2578 2727 in
2609 2675 2855 2744 personis
2897 2676 3012 2729 sine
3042 2676 3473 2745 interpositione,
3503 2674 3590 2729 vel
3645 2675 3809 2728 admi-

2231 2768 2407 2822 stione
2459 2766 2684 2837 alicujus
2722 2767 2797 2821 rei
2838 2767 3170 2833 distinctum,
3207 2777 3299 2821 aut
3344 2768 3463 2823 sine
3491 2768 3811 2822 extensione

2233 2857 2420 2913 credat
2446 2866 2731 2924 mternum,
2765 2858 2847 2912 vel
2876 2859 2993 2913 sine
3017 2858 3136 2915 loco
3161 2868 3215 2914 et
3240 2860 3347 2915 situ
3398 2870 3571 2921 totum
3618 2860 3810 2929 ubique

2231 2963 2578 3021 prmsentem,
2612 2949 2695 3005 vel
2750 2954 2972 3007 omnino
3018 2954 3134 3008 sine
3178 2954 3483 3025 quantitate
3536 2970 3810 3024 magnum.

2232 3044 2349 3097 sine
2386 3043 2644 3113 qualitate
2669 3044 2885 3106 bonum,
2920 3045 3035 3100 sine
3070 3055 3219 3101 motu
3266 3046 3448 3101 omnia
3497 3046 3809 3108 iacientem,

2235 3135 2355 3190 sine
2392 3134 2648 3205 passione
2697 3137 2879 3191 omnia
2931 3138 3307 3203 sustinentem,
3360 3138 3478 3194 sine
3533 3138 3810 3209 complexu

2234 3227 2415 3283 omnia
2444 3228 2836 3292 continentem,
2869 3230 3054 3283 audiat
3084 3230 3185 3286 iste
3210 3231 3353 3301 quod
3399 3232 3670 3302 scriptum
3698 3240 3805 3287 est:

2237 3319 2321 3373 Ne
2349 3320 2616 3390 qua'sicris
2636 3337 2754 3391 quae
2778 3320 2916 3375 ultra
2939 3332 2988 3375 te
3014 3332 3168 3387 sunt;
3197 3330 3253 3377 et
3272 3337 3337 3377 ea
3365 3338 3486 3392 qua:
3516 3323 3670 3378 facta
3697 3332 3810 3377 sunt

2235 3412 2415 3480 potius
2445 3411 2764 3477 admiretur,
2799 3412 3227 3483 respondeatque
3270 3415 3373 3469 sibi
3415 3430 3522 3483 qua
3570 3418 3805 3486 potentia

2234 3504 2350 3558 bzec
2378 3503 2560 3558 omnia
2582 3504 2648 3559 de
2670 3503 2836 3558 niltilo
2858 3506 3191 3573 prodierunt.
3216 3505 3333 3560 Non
3357 3508 3504 3561 enim
3532 3524 3652 3571 sua,
3699 3524 3808 3578 qua:

2235 3596 2381 3651 nulla
2411 3606 2550 3651 erat.
2580 3598 2635 3651 Si
2667 3613 2796 3668 ergo
2824 3597 2919 3652 Dei
2950 3599 3218 3669 quomodo
3244 3614 3307 3655 ea
3335 3610 3454 3668 quae
3480 3600 3615 3654 nibil
3645 3603 3811 3656 omni-

2236 3704 2305 3743 no
2334 3698 2512 3753 erant,
2541 3689 2633 3744 Dei
2662 3690 3023 3761 praecipientis
3050 3699 3107 3745 ut
3134 3691 3323 3747 ﬁerent
3350 3692 3645 3762 imperium
3697 3711 3807 3765 per-

2236 3790 2521 3836 senserunt
2545 3782 2568 3834 ?
2591 3781 2699 3835 Aut
2734 3791 2884 3837 certe
2912 3798 3033 3837 cum
3061 3798 3190 3855 _non
3236 3797 3355 3839 esse
3385 3793 3441 3838 et
3489 3800 3614 3841 esse
3656 3788 3807 3841 simul

2236 3890 2340 3928 non
2356 3883 2667 3944 potuerunt,
2690 3890 2799 3945 quo
2820 3875 3078 3941 mediodc
3101 3875 3271 3931 altero
3290 3877 3359 3932 ad
3379 3876 3613 3932 alterum
3644 3889 3810 3933 trans-

2235 3965 2463 4020 ierunt?
2502 3965 2611 4020 Aut
2659 3966 2704 4022 si
2754 3965 2977 4020 forsitan
3009 3967 3074 4022 de
3124 3968 3305 4022 mundi
3337 3970 3606 4039 principio
3659 3986 3806 4041 agere

2236 4057 2433 4123 renuit,
2462 4057 2587 4128 quia
2619 4058 2845 4113 necdum
2874 4067 3012 4123 erat,
3046 4060 3112 4114 de
3140 4060 3365 4130 singulis
3399 4077 3521 4130 qua:
3570 4065 3806 4132 quntidie

2235 4148 2289 4203 in
2308 4156 2566 4219 promptu
2606 4150 2763 4215 ﬁunt,
2819 4161 3028 4221 qumrat
3069 4162 3241 4217 ortus,
3290 4164 3593 4219 crementa,
3641 4157 3807 4209 varia-

2235 4240 2429 4305 tiones,
2459 4242 2810 4313 deiectusque
2836 4258 3045 4310 eorum,
3072 4245 3341 4314 quomodo
3365 4256 3460 4300 aut
3480 4262 3585 4301 cur
3606 4252 3708 4301 hoc
3732 4247 3803 4301 vel

2236 4333 2327 4389 illo
2357 4336 2537 4405 potius
2580 4337 2741 4393 modo
2781 4339 3059 4404 eveniant,
3110 4340 3216 4394 alta
3258 4348 3438 4395 mente
3487 4343 3802 4395 consideret.

553 4413 682 4505 salis
708 4415 965 4470 Ecclesiae
996 4426 1051 4469 ut
1084 4433 1181 4487 pro
1219 4419 1564 4477 distinctione
1605 4438 1956 4493 personarum
1989 4440 2135 4496 quae—
2167 4450 2211 4505 Β
2237 4424 2390 4490 Quod
2417 4426 2461 4481 si
2491 4427 2631 4482 forte
2681 4427 2735 4482 in
2789 4428 3027 4483 minimis
3082 4429 3348 4484 subtditer
3399 4432 3805 4500 pervestiganda

555 4502 684 4557 lilret
708 4504 810 4559 sibi
837 4507 1073 4563 carnalis
1100 4509 1279 4565 anima
1310 4510 1538 4582 alicujus
1559 4514 1636 4567 rei
1664 4514 1753 4569 hic
1782 4514 1885 4569 ulla
1917 4517 2134 4585 penitus

555 4594 845 4654 interstitia
884 4599 1067 4670 ﬁngat.
1114 4600 1248 4656 Nam
1273 4603 1316 4659 si
1350 4604 1452 4660 hoc
1494 4605 1545 4658 in
1594 4614 1796 4660 aeterna
1848 4606 2131 4675 Trinitate,

554 4689 698 4757 Quod
726 4688 866 4743 absit
893 4690 906 4741 !
952 4692 1352 4759 admitteretur,
1369 4711 1491 4749 cum
1519 4706 1645 4750 ante
1676 4710 1855 4750 rerum
1890 4699 2132 4753 omnium

555 4781 994 4837 constitutionem
1045 4784 1374 4854 sempiterna
1407 4787 1477 4842 sit
1514 4788 1565 4841 iu
1602 4787 1711 4843 Deo
1743 4788 1856 4845 btec
1895 4789 2133 4847 Trinitas

558 4885 932 4940 personarum,
964 4872 1123 4939 falso,
1155 4876 1299 4944 quod
1349 4879 1545 4933 iterum
1599 4880 1764 4946 absit,
1809 4890 2130 4937 cuncter-.151:

2237 4518 2558 4582 succumbit,
2588 4519 2945 4589 cognovitque
2965 4522 3336 4589 experimento
3363 4537 3548 4576 veram
3576 4539 3699 4577 esse
3723 4539 3801 4577 ss-

2234 4610 2556 4678 pieutissimi
2588 4611 2894 4667 Salomonis
2925 4614 3269 4678 sententiam,
3297 4615 3527 4670 dicentis
3559 4631 3573 4669 :
3605 4614 3803 4668 Cuncta

2236 4714 2317 4751 res
2360 4700 2590 4768 difﬁciles
2620 4718 2738 4772 qua:
2769 4703 2823 4754 in
2853 4703 3003 4756 terris
3029 4714 3171 4769 sunt,
3210 4715 3259 4757 et
3299 4721 3417 4774 qua:
3445 4706 3502 4758 in
3543 4721 3801 4773 prosperis

2231 4799 2377 4853 sunt,
2409 4791 2697 4846 invenimus
2736 4809 2853 4845 cum
2901 4792 3105 4859 labore;
3140 4811 3255 4860 qua:
3280 4795 3331 4849 in
3359 4795 3501 4849 aclis
3550 4807 3673 4850 sunt
3698 4796 3801 4864 quis

2234 4880 2352 4944 scit,
2378 4880 2479 4933 nisi
2522 4892 2576 4934 tn
2612 4882 2816 4935 dederis
2861 4884 3196 4952 sapientiam,
3231 4895 3277 4937 et
3324 4885 3529 4938 miseris
3577 4898 3798 4939 sanctum
