4006 5282
195 309 219 363 1
234 310 346 366 509

1055 308 1314 364 ORATIO
1364 309 1456 363 AD
1495 304 1945 364 GUILLELMUM
2001 308 2384 376 (ῖοδριῈδτ.

3316 307 3452 364 1M0

2381 437 2484 448 μ’,

1299 573 2333 688 GUITMUNDI

1036 795 1946 890 ARCHIEPISCOPI
2023 799 2601 894 AVERSANI

1561 1009 2092 1125 ORATIO

682 1237 779 1300 Ad
813 1236 1224 1300 Guillelmum
1267 1237 1292 1297 Ι
1324 1233 1676 1310 Anglorum
1712 1250 1925 1312 regem
1968 1250 2113 1296 cum
2146 1242 2466 1298 recusaret
2499 1237 2963 1320 episc0patum.

266 1402 544 1472 (Biblioth.
587 1400 736 1454 Patr.
771 1400 1132 1477 XVlll,Apag.
1167 1399 1306 1477 468,
1347 1415 1412 1455 ex
1459 1398 1719 1477 Ortleri'co
1746 1395 2356 1477 yitali._'ecclesi:.istic:e
2400 1398 2645 1477 Historize
2681 1402 2770 1477 lih.
2806 1407 3142 1477 v,_cap.l7,
3183 1409 3336 1477 cujus
3363 1421 3450 1468 est

197 1472 304 1526 hoc
359 1481 736 1540 argumentum
789 1485 806 1523 ε

863 1471 938 1524 De
969 1466 1290 1524 Cuit'mundo
1345 1469 1595 1521 monacho
1639 1469 1698 1522 S.
1734 1466 2013 1535 Leufredi,
2054 1478 2101 1520 et
2145 1467 2254 1534 ejus
2282 1470 2348 1520 ad
2394 1486 2557 1538 regem
2595 1471 2797 1536 Anglia:
2837 1466 3172 1532 Guillelmuin
3213 1466 3449 1537 citatione

193 1538 670 1615 ραιεήενξὶηιση-τ
697 1539 1046 1615 Guitmundus
1100 1539 1405 1615 uenerabilis
1451 1540 1734 1615 monachus
1759 1538 1971 1615 ειεξιορἰὸ
1999 1538 2142 1615 .quod
2172 1538 2313 1591 Crux
2359 1538 2853 1615 Hcltonis‘dicitur,
2900 1548 2987 1598 ubi
3022 1547 3279 1615 gloriosus
3322 1567 3449 1605 con-

193 1605 366 1679 Tessor
399 1610 597 1665 Christi
626 1610 914 1680 Leufredus
939 1621 1166 1679 tempore
1194 1608 1482 1681 Hildeberti
1517 1619 1563 1661 et
1609 1607 1856 1681 lliiperici
1890 1605 2170 1681 juniorurn
2202 1624 2380 1676 regum
2407 1649 2428 1681 ,ί
2455 1611 2688 1681 Domino
2735 1605 2958 1681 feliciter
2998 1605 3067 1671 [8
3120 1618 3443 1675 ministrasse

192 1676 624 1757 annis_legitur;
668 1676 814 1757 reQio_
841 1676 1304 1757 jussu-accersitus
1332 1688 1545 1757 pontum
1577 1677 1954 1756 transfretavit,
1990 1688 2036 1757 et
2086 1676 2462 1757 oblatumhsibi
2495 1697 2526 1732 a
2573 1698 2686 1747 rege
2725 1676 2772 1757 et
2803 1688 3101 1757 proceribus
3139 1691 3282 1757 regni
3311 1707 3444 1746 ortus

193 1745 535 1804 ecclesiastici
577 1745 854 1821 reginiinis'
877 1751 1086 1821 omnino
1117 1745 1422 1821 repudiauit.
1456 1745 1749 1821 Erutenim
1776 1762 1881 1799 (ει-ο
1909 1756 2146 1821 maturus
2174 1760 2220 1821 et
2255 1747 2550 1816 religiosus,
2591 1745 2652 1802 uc
2686 1745 2900 1806 scientia
2937 1745 3227 1810 litterarum
3269 1745 3451 1812 erudi-

193 1821 453 1884 tissimus,
484 1815 847 1889 cujus'ingeuii
869 1820 1179 1890 prwclarum
1205 1819 1460 1890 specimen
1491 1818 1752 1890 evidenter
1780 1826 1916 1884 putet
1950 1817 2002 1868 in
2033 1815 2165 1869 libro
2191 1817 2264 1870 De
2280 1815 2505 1887 corpore
2528 1831 2582 1872 et
2607 1824 2866 1890 sanguine
2897 1825 3102 1879 Domini
3131 1839 3318 1881 contra
3351 1827 3453 1882 Be-

193 1885 610 1960 rengariumﬁet
640 1891 693 1943 in
712 1885 834 1943 aliis
863 1885 1123 1957 opusculis
1157 1889 1339 1956 ipsius.
1370 1885 1472 1940 llic
1500 1887 1675 1960 itaque
1699 1903 1816 1939 cum
1852 1903 1883 1936 ιι
1935 1901 2061 1960 rege
2119 1885 2390 1960 rogaretur
2425 1899 2479 1941 ut
2522 1890 2576 1942 in
2606 1885 2795 1960 Anglia
2826 1909 3001 1947 secum
3035 1909 3359 1959 moraretur,
3399 1907 3449 1952 et

192 1955 590 2034 prw'stotaretur
613 1955 900 2034 congruunt
922 1955 1261 2034 tempuseum
1285 1957 1649 2025 promovendi,
1672 1971 1845 2010 secum
1882 1955 2144 2010 subtiliter
2181 1956 2514 2026 deliberarit,
2555 1955 2739 2032 suique
2775 1965 3026 2034 prepositi
3071 1978 3243 2021 votum
3293 1955 3442 2022 aliud

191 2025 305 2082 esse
324 2025 736 2095 ;demonstrans',
766 2029 872 2098 regi
897 2025 1157 2097 respondit
1189 2043 1208 2081 :
1237 2025 1257 2096 )

262 2323 450 2377 Multa:
478 2335 654 2376 causa:
702 2334 787 2374 me
834 2316 1094 2388 repellunt
1119 2314 1188 2371 ab
1225 2313 1594 2371 ecclesiastico
1624 2315 1764 2384 regi-
1796 2321 1840 2376 Α
1872 2311 2031 2383 Ergo,
2058 2314 2199 2382 quod
2228 2312 2586 2370 amicahiliter
2615 2315 2822 2386 loquar,
2871 2333 2978 2372 non
3005 2311 3266 2375 'videatur
3301 2338 3452 2380 ama-

190 2417 361 2480 mine,
391 2427 534 2484 quas
553 2425 740 2466 omnes
765 2409 1074 2479 singulatim
1118 2407 1242 2465 nolo
1279 2422 1380 2462 nec
1406 2407 1561 2461 decet
1596 2405 1775 2475 expri-

191 2520 361 2562 mere.
385 2505 450 2558 ln
479 2502 668 2572 primis
697 2500 1039 2555 inﬁrmitates
1061 2514 1228 2564 meas,
1256 2499 1451 2567 quibus
1471 2498 1526 2552 in
1550 2511 1774 2566 corpore

189 2605 244 2650 et
267 2597 460 2650 anima
491 2594 827 2648 incessanter
854 2606 1090 2660 premor,
1117 2589 1419 2646 considero.
1456 2587 1662 2655 Quibus
1690 2588 1774 2642 di-

189 2685 432 2757 ligenter
470 2682 798 2754 perspectis,
857 2681 1095 2735 divinum
1159 2695 1384 2735 examen
1428 2679 1776 2733 vehementer

189 2778 548 2846 inrtimesco,
595 2788 833 2829 mmrens
859 2773 1000 2842 quod
1026 2773 1080 2827 in
1106 2773 1192 2827 via
1222 2772 1316 2827 Dei
1343 2771 1581 2842 quotidie
1624 2770 1776 2826 labor

193 2874 250 2919 et
293 2881 324 2919 a
364 2865 596 2919 veritate
636 2862 848 2916 vacillo.
896 2861 992 2926 Et,
1023 2863 1148 2916 dum
1184 2862 1448 2932 meipsum
1489 2861 1776 2916 salubriter

195 2956 474 3012 moderari
503 2969 732 3024 nequeo,
755 2954 988 3024 qualiter
1016 2952 1240 3008 aliorum
1271 2953 1435 3007 vitam
1479 2953 1547 3008 ad
1584 2952 1775 3008 salutis

195 3046 339 3101 viam
362 3046 597 3115 dirigere
621 3044 806 3098 valeo?
825 3043 1084 3099 Omnibus
1110 3043 1253 3114 vigili
1276 3051 1455 3098 mente
1481 3042 1776 3113 perlustra-

195 3139 290 3205 tis,
318 3154 428 3194 non
456 3137 613 3194 video
635 3152 738 3206 qua
768 3136 882 3206 lege
907 3135 1140 3204 digniter
1166 3148 1394 3204 praeesse
1423 3133 1630 3188 valeam
1653 3133 1772 3187 illo-

196 3247 318 3286 rum
347 3245 525 3286 cuneo
557 3243 786 3299 quorum
829 3234 1116 3281 extraneos
1159 3240 1337 3280 mores
1380 3223 1774 3292 harbaramque

193 3322 526 3380 locutionem
557 3320 737 3375 nescio
755 3359 768 3381 ,
794 3333 1020 3388 quorum
1044 3326 1224 3386 patres
1257 3317 1554 3384 charosque
1583 3329 1775 3384 paren-

195 3425 278 3470 tes
305 3423 364 3468 et
406 3412 614 3468 amicos
640 3409 914 3466 occidistis
942 3408 1137 3480 gladio,
1165 3407 1248 3463 vel
1277 3406 1646 3462 exheredatus
1678 3421 1773 3475 op-

190 3504 432 3574 primitis
465 3502 687 3567 exsilio,
713 3500 798 3556 vel
823 3515 1059 3564 carcere,
1091 3497 1172 3551 vel
1197 3497 1432 3552 indebito
1455 3496 1770 3552 intolerabi-

191 3595 340 3666 lique
395 3593 640 3649 servitio.
689 3588 1020 3647 Scrutamini
1068 3587 1472 3657 Scripturas,et
1512 3588 1689 3643 videte
1724 3587 1768 3642 si

191 3701 298 3755 qua
329 3686 450 3756 lege
475 3684 718 3739 sancitur
744 3691 802 3736 ut
828 3680 1106 3736 Dominico
1127 3680 1272 3750 gregi
1297 3686 1479 3748 pastor
1499 3678 1567 3732 ah
1594 3678 1774 3733 inimi-

191 3775 272 3830 cis
303 3775 512 3830 electus
535 3773 793 3828 violenter
816 3769 1150 3840 imponatur?
1181 3768 1554 3823 Eeclesiastica
1578 3766 1771 3823 electio

190 3867 347 3935 prius
373 3867 535 3921 debet
559 3864 628 3918 ab
669 3865 798 3934 ipsis
838 3861 1093 3932 subjectis
1119 3861 1364 3916 ﬁdelibus
1388 3878 1510 3916 eum
1542 3859 1773 3915 sinceri-

194 3964 304 4009 tate
353 3955 512 4020 Iieri,
556 3970 620 4008 ac
649 3953 986 4024 postmodum
1035 3950 1407 4022 astipulatione
1457 3950 1678 4005 Patrum
1718 3957 1772 4004 et

192 4047 498 4100 amicorum
548 4044 618 4114 (si
660 4043 918 4099 canonica
957 4043 1060 4112 est)
1085 4051 1394 4097 reverenter
1440 4041 1769 4096 (onﬁrmari.

192 4135 453 4205 Alioquin
478 4150 599 4189 cum
628 4133 889 4187 charitate
923 4132 1080 4186 debet
1108 4131 1404 4186 emendari.
1439 4131 1589 4196 Quod
1631 4129 1771 4184 bello

193 4236 253 4284 et
277 4227 544 4284 eﬂ'usione
573 4226 723 4282 multi
749 4225 957 4280 cruoris
988 4223 1315 4278 truculenter
1345 4223 1595 4293 rapuistis
1619 4261 1634 4287 ,
1665 4232 1792 4291 qua‘

195 4321 412 4375 ratione
462 4319 594 4374 mihi
641 4317 866 4387 aliisque
905 4316 1364 4386 contemptoribus
1405 4315 1629 4381 mundi,
1678 4314 1770 4383 qui

196 4422 394 4482 Sponte
423 4427 519 4482 pro
542 4411 756 4466 Christo
779 4409 963 4464 nudati
995 4424 1180 4464 sumus
1202 4407 1450 4476 propriis,
1476 4406 1592 4460 sine
1615 4405 1770 4474 culpa

195 4502 472 4570 itnpartiri
501 4501 760 4572 potestis?
805 4499 1084 4555 Generalis
1117 4503 1355 4551 omnium
1401 4495 1771 4566 religiosorum

195 4591 280 4644 lex
307 4602 391 4646 est
419 4608 451 4646 a
476 4593 680 4662 rapinis
707 4591 1004 4654 abstinere,
1037 4598 1091 4642 et
1124 4590 1188 4642 de
1215 4586 1394 4656 praeda
1422 4587 1654 4656 (etiamsi
1693 4584 1774 4639 of-

198 4682 392 4754 fertur)
423 4700 522 4754 pro
547 4685 769 4754 justiti-.e
795 4682 1134 4738 observantia
1167 4680 1306 4735 nolle
1343 4679 1600 4748 recipere.
1634 4677 1772 4733 Dicit

197 4775 341 4828 enim
368 4776 648 4846 Scriptura
681 4789 696 4830 :
723 4773 1008 4828 Innnolans
1031 4789 1093 4825 ex
1119 4771 1317 4838 iniquo,
1342 4769 1532 4823 oblatio
1555 4781 1626 4823 est
1661 4787 1771 4823 ma-

198 4867 376 4922 culata
400 4867 595 4938 (Ereti.
620 4868 824 4939 xxxw).
853 4867 917 4922 Et
936 4866 1095 4936 paulo
1120 4873 1241 4935 post
1270 4883 1284 4919 :
1317 4864 1418 4930 Qui
1437 4865 1585 4932 u/I'ert
1609 4865 1771 4918 sacri-

194 4955 374 5024 ficium
418 4975 487 5012 ea:
521 4959 807 5013 substantia
855 4973 1170 5027 pauperum,
1217 4955 1368 5023 quasi
1407 4953 1495 5023 qui
1539 4955 1768 5007 victima:

1875 2419 2022 2468 rum;
2055 2405 2150 2459 sed
2180 2414 2256 2472 tu,
2284 2414 2502 2462 strenue
2535 2408 2814 2478 princeps,
2851 2418 2907 2464 et
2943 2411 3336 2470 commilitones
3373 2417 3450 2472 tui

1873 2499 1963 2570 qui
1991 2515 2152 2571 grave
2177 2509 2351 2555 tecum
2377 2500 2613 2554 inierunt
2635 2501 2952 2571 periculum,
2983 2513 3179 2559 nostrae
3206 2509 3452 2564 admoni-

1874 2591 2040 2646 tionis
2073 2590 2306 2662 benigno
2333 2591 2495 2646 corde
2536 2591 2794 2662 suscipite
2836 2592 3126 2664 eloquium.
3157 2593 3329 2667 Opera
3356 2599 3451 2656 Dei

1874 2681 2090 2737 cunctis
2112 2681 2301 2735 diebus
2329 2681 2451 2735 vita:
2477 2691 2670 2736 vestra:
2702 2683 2969 2752 sagaciter
3003 2685 3366 2754 considerate,
3393 2698 3450 2743 et

1867 2770 2071 2840 judicia
2099 2771 2238 2841 ejus,
2266 2786 2387 2842 qua:
2413 2771 2982 2842 incomprehensibilia
3013 2783 3162 2840 sunt,
3195 2777 3247 2830 in
3271 2778 3450 2832 omni-

1874 2862 1975 2918 bus
2003 2863 2258 2933 operibus
2307 2858 2502 2919 vestris
2551 2863 2764 2930 timete;
2791 2874 2846 2920 et
2885 2865 2965 2921 sic
3008 2875 3243 2922 vestram
3284 2869 3452 2924 vitam

1872 2968 2026 3023 aequa
2077 2953 2230 3008 lance
2275 2954 2542 3010 moderari
2575 2955 2644 3008 ad
2677 2955 3008 3012 voluntatem
3056 2959 3150 3013 Dei
3197 2960 3452 3030 satagite,

1876 3056 1932 3100 ut
1963 3045 2080 3115 ipse
2133 3046 2350 3102 Arbiter
2416 3055 2650 3102 aeternus
2704 3047 2779 3103 sit
2841 3047 3111 3105 vobiscum
3167 3049 3222 3104 in
3267 3050 3456 3107 ultimo

1874 3135 2203 3190 discrimine.

1945 3225 2061 3281 Non
2086 3243 2176 3282 vos
2202 3226 2467 3296 decipiant
2499 3227 2803 3282 adulatores
2835 3244 2972 3283 vana
3010 3230 3328 3297 securitate,
3353 3248 3454 3289 nec

1875 3314 2166 3370 insolentes
2189 3330 2284 3384 pro
2306 3316 2555 3370 secundis
2574 3318 2855 3373 eventibus
2879 3321 3157 3388 praesentis
3184 3322 3326 3384 vitae,
3352 3339 3450 3379 vos

1875 3405 2479 3475 lethalilerphdormire
2503 3408 2769 3462 suadeant
2795 3408 2847 3462 in
2877 3409 3146 3465 mundana
3168 3414 3444 3482 prosperi-

1875 3505 2004 3551 tate.
2037 3497 2096 3553 Si
2125 3498 2334 3552 vicistis
2365 3497 2573 3569 Anglos
2612 3499 2666 3553 in
2707 3500 3119 3571 congressione,
3158 3517 3319 3574 super
3346 3505 3451 3560 hoc

1875 3588 2154 3658 superbire
2185 3588 2379 3656 nolite;
2417 3591 2510 3645 sed
2537 3589 2832 3660 spiritualis
2859 3592 3113 3662 nequitiae
3144 3595 3356 3664 gravius
3384 3609 3450 3650 ac

1799 3667 1847 3727 Β
1875 3680 2230 3750 periculosius
2252 3692 2526 3736 certamen
2553 3682 2762 3737 cautius
2781 3682 2922 3752 agite
2939 3723 2954 3750 ,
2993 3686 3135 3754 quod
3160 3694 3324 3738 restat
3349 3687 3444 3739 διι-

1876 3772 1981 3828 huc
2011 3779 2065 3826 et
2089 3771 2328 3828 imminet
2352 3772 2506 3829 vobis
2527 3773 2785 3844 quOtidie.
2811 3773 3135 3832 Mutationes
3157 3791 3443 3849 regnorum

1874 3865 2186 3936 frequenter
2209 3865 2364 3922 laetae
2378 3875 2504 3922 sunt
2525 3867 2578 3922 in
2603 3866 2735 3923 orbe
2767 3876 3065 3935 terrarum;
3095 3869 3254 3926 sicuti
3291 3884 3442 3940 spar-

1872 3956 1973 4011 sim
2005 3955 2633 4026 legimus‘multiplicium
2658 3972 2755 4028 per
2775 3974 2994 4029 campos
3021 3959 3450 4030 Scripturarum,

1873 4049 2067 4119 quibus
2092 4047 2392 4103 liberalium
2419 4064 2450 4103 a
2477 4049 2589 4104 Deo
2625 4049 2897 4120 impertita
2921 4058 3006 4105 est
3033 4050 3218 4104 notitia
3241 4051 3448 4104 littera-

1873 4153 2012 4192 rum.
2044 4138 2323 4209 Babylonii
2354 4137 2454 4193 sub
2498 4138 2994 4193 Nabuchodonosor
3041 4153 3166 4208 rege
3202 4137 3444 4192 Iudaeam

1872 4238 1925 4285 et
1954 4229 2245 4300 Egyptum
2275 4239 2330 4284 et
2353 4230 2456 4283 alia
2487 4244 2648 4300 regna
2683 4229 2782 4283 sibi
2817 4230 3045 4298 plurima
3087 4230 3408 4298 subegerunt
3430 4269 3445 4293 ,

1872 4321 1965 4376 sed
1993 4329 2110 4389 post
2140 4319 2481 4390 septuaginta
2526 4335 2694 4373 annos
2719 4319 2817 4389 ipsi
2847 4335 2968 4374 eum
3005 4318 3289 4372 Ballhasar
3322 4334 3448 4384 rege

1873 4423 1970 4462 suo
2013 4425 2042 4462 a
2086 4407 2254 4462 Medis
2278 4418 2332 4462 et
2375 4407 2574 4472 Persis,
2617 4409 2811 4478 quibus
2853 4417 3119 4477 praterant
3157 4407 3349 4463 Darius
3392 4417 3448 4463 et

1871 4501 2043 4570 Cyrus
2072 4514 2236 4568 nepos
2263 4499 2398 4567 ejus,
2423 4498 2549 4552 victi
2577 4507 2632 4552 et
2661 4497 2924 4565 subjugati
2957 4507 3100 4551 sunt.

1944 4589 2142 4642 Deinde
2184 4591 2282 4643 sub
2333 4589 2642 4643 Alexandro
2695 4588 2886 4660 Magno
2953 4588 3271 4642 Macedones
3325 4598 3448 4658 post

1869 4677 1974 4733 250
2010 4693 2179 4732 annos
2203 4677 2423 4732 Darium
2454 4694 2636 4749 regem
2680 4678 2966 4734 Persarum
2997 4695 3120 4734 cum
3163 4678 3346 4736 multis
3375 4681 3450 4734 le-

1870 4770 2119 4839 gronihus
2141 4768 2494 4824 devicerunt:
2518 4779 2572 4823 et
2601 4768 2700 4838 ipsi
2723 4767 3072 4824 nihilominus
3097 4776 3219 4840 post
3245 4768 3447 4843 aliquot

1871 4877 2061 4928 annos,
2089 4861 2346 4917 Romanis
2393 4877 2490 4934 per
2537 4869 2704 4915 totum
2749 4860 2938 4916 orbem
2987 4860 3279 4932 phalanges
3323 4878 3450 4920 suas

1872 4950 2294 5015 desuuantiDUS,
2340 4968 2466 5009 cum
2509 4950 2707 5006 Perseo
2760 4964 2884 5018 rege
2928 4967 3026 5008 suo
3076 4949 3270 5004 devicti
3303 4943 3490 5052 δυηιὼΧ

194 5022 361 5112 flium
406 5047 466 5101 in
497 5059 768 5117 conspectu
803 5022 970 5113 putris
999 5047 1081 5100 sui
1109 5022 1316 5114 (Ibid).
1354 5022 1476 5097 llzee
1501 5055 1556 5098 et
1585 5044 1668 5098 his
1698 5045 1771 5097 si-
1797 5022 1842 5084 (ἶ
1873 5039 2044 5094 Gnaei
2079 5039 2178 5093 sub
2210 5037 2620 5106 Agamemnone
2647 5048 2702 5093 et
2731 5036 3021 5096 Palamede
3051 5038 3092 5092 Τ
3099 5036 3267 5105 rojam
3301 5047 3462 5100 obse-

193 5137 339 5188 milia
369 5137 568 5191 dit-ina:
605 5139 733 5210 legis
771 5138 1038 5204 prznconia
1071 5144 1409 5209 pertractans
1447 5149 1768 5205 expavesco,

195 5233 242 5256 al
274 5232 434 5256 Ini-Im
480 5227 504 5256 Α
521 5228 708 5256 nuli..."
800 5226 952 5256 Πηηοῖ
986 5226 1366 5256 Α-ιιιιίῖριθῖηὶσιιη
1396 5229 1628 5256 ηνηιιιηαιι
1698 5228 1746 5256 ,ιτ

1874 5133 2098 5198 derunt,
2128 5141 2181 5185 et
2209 5130 2490 5192 Priamum
2519 5147 2697 5203 regem
2717 5169 2732 5192 ,
2770 5128 3149 5189 Laomedontis
3178 5129 3354 5191 ﬁlium
3396 5150 3461 5190 ac

2269 5221 2438 5254 ιιυ..-

1876 5224 2068 5256 ΙῖιληνΛι·
2097 5221 2208 5254 ηἷηο
2269 5221 2558 5254 ιΙ.υ.ι-..η.νι
2589 5232 2634 5252 ΑΙ
2669 5220 2912 5252 ’ΤειΑἶΙιη-ν.
2980 5223 3224 5252 Ϊὶη-ιῖιιιι-νι
3264 5237 3310 5250 Α·
3349 5227 3438 5250 “-2
