4006 5282
567 273 698 328 {Pili

889 269 1274 326 GUlTiiUt‘le
1313 269 1738 328 ARClllEl‘iSC.
1781 267 2136 324 AVERSANI
2177 263 2434 348 ORATIO
2465 271 2556 326 AD
2581 269 3036 330 GUILLELMUM
3081 273 3467 342 CONQliEST.

3691 282 3828 338 1512

555 389 784 442 {iaciam
816 387 949 442 adiit
996 388 1178 456 ibique
1201 387 1386 442 sedem
1415 402 1618 456 ponens
1649 401 1818 454 usque
1845 385 1896 438 in
1926 383 2138 438 hodier—
2171 389 2216 444 Α
2248 382 2430 436 iideles
2455 392 2662 438 vestros
2677 387 3016 441 commendo.
3042 386 3558 460 Nortmanniamque
3585 407 3711 447 cum
3737 411 3826 450 ve-

563 497 690 533 num
722 480 861 534 diem
893 479 1174 534 habitavit.
1213 478 1438 531 Romani
1487 492 1708 548 regnum
1751 475 2150 545 Hierosolymo-

565 586 720 635 rum,
764 570 905 639 quiod
949 569 1114 622 David
1161 567 1358 637 aliique
1387 577 1633 637 potentes
1659 581 2003 622 successores
2031 563 2150 634 ejus

561 660 748 727 spoliis
772 659 1177 729 Allophylornm
1203 661 1530 724 ditaverant,
1557 669 1610 713 et
1635 658 1873 713 subactis
1903 657 2148 712 barbaris

560 750 743 818 gentib
765 765 830 814 ts,
865 765 984 818 qua:
1019 750 1070 802 in
1109 749 1335 804 circuitu
1364 757 1542 814 erant,
1574 749 2020 814 sublimaverant,
2048 749 2147 802 sub

565 841 894 910 Vespasiano
921 851 976 896 et
1002 841 1124 896 Tito
1165 841 1566 906 subverterunt,
1605 849 1660 895 et
1688 839 1866 895 nobile
1895 839 2144 909 templum

557 941 678 1001 post
721 932 908 1000 prima;
951 932 1326 986 mdiﬁcationis
1359 932 1474 1000 ejus
1503 947 1674 986 annos
1702 931 1844 985 mille
1872 931 2142 999 octoginta

559 1037 750 1084 novem
797 1025 1116 1088 diruerant,
1152 1025 1365 1093 quando
1394 1025 1655 1078 undecies
1697 1031 1923 1079 centena
1978 1023 2142 1078 millia

553 1114 862 1168 Judaeorum
903 1113 1048 1168 ferro
1091 1129 1182 1170 seu
1223 1113 1364 1169 fame
1392 1117 1693 1185 perierunt.
1735 1115 1926 1168 Franci
1951 1113 2141 1181 Gallis,

555 1213 798 1273 tempore
837 1203 1112 1260 Sunnonis
1139 1207 1316 1270 ducis,
1355 1207 1615 1262 associati
1645 1215 1792 1270 sunt,
1841 1215 1897 1259 et
1943 1205 2142 1260 Roma-

559 1314 752 1352 normn
799 1298 930 1369 jugo
977 1299 1042 1352 de
1099 1300 1312 1354 cervice
1353 1315 1447 1355 sua
1489 1300 1718 1355 viriliter
1746 1315 2006 1366 excusso,
2054 1316 2141 1356 su-

557 1405 655 1459 per
681 1406 776 1446 eos
807 1405 1036 1462 regnare
1079 1403 1380 1462 cteperunt.
1409 1393 1564 1464 Angli
1598 1393 1862 1460 Saxones,
1915 1393 2141 1448 ducibus

555 1482 802 1554 llengist.
835 1493 888 1538 et
918 1483 1084 1538 ilorsa
1117 1485 1428 1540 Britonibus
1449 1483 1561 1555 (qui
1595 1501 1736 1540 nune
1769 1483 1908 1540 Galii
1941 1500 2142 1540 vocan-

557 1578 662 1647 tur)
697 1577 978 1646 imperium
1007 1578 1148 1632 dolis
1187 1587 1242 1634 et
1264 1578 1585 1634 fortitudine
1608 1580 1720 1649 jam
1755 1577 1868 1633 fere
1909 1593 2138 1634 sexcen-

555 1668 624 1721 tis
664 1667 820 1722 annis
867 1669 1226 1724 abstulerunt.
1283 1669 1519 1734 Guinili,
1551 1671 1642 1739 qui
1675 1671 1741 1724 de
1777 1669 2138 1724 Scandiuavia

553 1759 724 1813 insula
785 1773 931 1815 sorte
983 1761 1142 1832 ejecti
1195 1772 1364 1828 sunt,
1421 1771 1684 1834 regnante
1729 1762 1962 1817 Albuino
2013 1777 2137 1832 rege

553 1853 664 1906 tilio
685 1852 958 1916 Audouis,
991 1864 1198 1924 partem
1234 1855 1420 1920 ltalire,
1444 1870 1564 1923 qua:
1587 1871 1732 1909 nunc
1756 1853 2138 1926 Longobardia

551 1945 769 2007 dicitur,
819 1945 1168 2011 invaserunt,
1209 1956 1264 2000 et
1301 1945 1559 2000 Romanis
1587 1945 1787 2001 diutius
1823 1947 2138 2001 resistentes

552 2049 698 2088 nunc
753 2050 922 2104 usque
969 2045 1277 2090 tenuerunt.
1327 2035 1530 2091 Omnes
1578 2037 1661 2102 hi,
1718 2052 1855 2106 quos
1909 2037 2136 2091 victoria

551 2135 841 2196 surgentes
881 2127 1105 2192 recolui,
1154 2128 1312 2197 paulo
1353 2139 1472 2198 post
1511 2129 1710 2184 misere
1751 2129 2139 2196 subjacuerunt

551 2221 843 2287 perniciei,
886 2223 1109 2292 parique
1149 2238 1270 2277 cum
1307 2224 1464 2277 victis
1500 2224 1824 2279 contritione
1857 2225 2024 2288 torti,
2066 2223 2139 2276 ir-

551 2309 975 2365 remediabiliter
1021 2319 1242 2381 gemunt
1293 2313 1346 2366 in
1391 2311 1591 2368 cloacis
1629 2313 1808 2368 Erebi.
1841 2312 2136 2368 Normanni

549 2403 650 2457 sub
683 2401 902 2458 Pollone
945 2404 1080 2458 duce
1149 2403 1460 2458 Neustriam
1497 2403 1692 2458 Carolo
1736 2404 1970 2472 simplici
2013 2405 2138 2460 sub—

549 2502 876 2558 traxerunt,
926 2496 1144 2566 jamque
1201 2495 1304 2550 {90
1369 2497 1567 2560 annis,
1633 2497 2130 2552 contradicentibus

547 2585 737 2650 Gallis,
767 2597 822 2642 et
853 2603 976 2642 cmn
1008 2587 1200 2643 bellico
1231 2589 1458 2642 tumultu
1491 2601 1630 2656 smpe
1679 2587 2139 2643 calumniantibus

551 2686 862 2733 tenuerunt.
899 2679 1038 2746 Quid
1078 2679 1143 2732 de
1174 2678 1393 2749 Gepidis
1435 2691 1490 2733 et
1521 2679 1820 2742 Wandalis,
1849 2679 2044 2734 Gothis
2085 2689 2140 2735 et

553 2768 779 2837 Turcis,
823 2769 1031 2825 llunnis
1079 2779 1134 2826 et
1199 2769 1456 2826 Herulis?
1501 2771 1630 2842 quid
1667 2773 1733 2826 de
1781 2773 1900 2825 aliis
1947 2771 2140 2841 loquar

551 2859 841 2928 Barbaris,
891 2877 1122 2930 quarunt
1172 2871 1398 2917 conatus
1447 2863 1512 2916 ad
1557 2862 1690 2916 nihil
1728 2872 1811 2917 est
1851 2862 1996 2916 aliud
2035 2861 2135 2916 nisi

553 2953 726 3007 furari
765 2961 819 3007 et
847 2967 1038 3023 rapere
1065 2965 1119 3006 et
1146 2953 1460 3010 conculcata
1505 2969 1638 3024 pace
1677 2956 1880 3026 jugiter
1915 2955 2139 3012 furere?

550 3045 779 3101 Terram
811 3046 1050 3112 turbant,
1080 3047 1224 3101 aedes
1249 3055 1630 3112 concremant,
1677 3051 1864 3103 orbem
1894 3057 2094 3102 vexant
2119 3063 2132 3112 ;

549 3153 680 3208 opes
717 3139 1004 3208 dissipant,
1038 3141 1284 3195 homines
1311 3139 1588 3211 jugulant,
1622 3142 1804 3196 omnia
1838 3139 2042 3196 foedant
2080 3153 2136 3196 et

551 3233 877 3301 inquietant.
896 3231 991 3289 His
1020 3234 1199 3302 itaque
1227 3233 1396 3304 signis
1427 3234 1608 3287 mumli
1627 3233 1965 3303 portenditur
1988 3233 2131 3298 ﬁnis,

549 3323 692 3378 sicut
725 3325 895 3394 ipsius
928 3333 1176 3394 patenter
1209 3325 1504 3380 edoeemur
1534 3341 1663 3380 voce
1694 3325 1990 3380 Veritatis:
2023 3324 2134 3379 Ea:-

546 3423 723 3483 surget
767 3431 890 3485 gens
938 3424 1119 3469 contra
1163 3425 1364 3486 gentem
1409 3426 1455 3470 et
1505 3431 1720 3486 regnum
1748 3416 1996 3470 adversus
2047 3433 2132 3469 re-

547 3525 727 3578 gnum,
756 3523 801 3564 et
845 3521 996 3564 erunt
1027 3521 1354 3565 terrwntotus
1377 3511 1554 3579 magni
1579 3526 1672 3579 per
1701 3507 1841 3574 loca,
1876 3519 1932 3564 et
1959 3513 2132 3580 pesﬁ-

551 3597 728 3655 lentia:
756 3611 802 3653 et
834 3601 998 3668 fames
1023 3599 1220 3670 (Marc.
1255 3600 1398 3670 xm),
1426 3609 1770 3670 terroresque
1795 3601 1862 3655 de
1887 3600 2048 3666 caelo,
2078 3611 2132 3654 et

547 3689 700 3758 signa
737 3705 931 3760 magna
961 3699 1139 3745 erunt.

621 3778 878 3832 Cladibus
917 3779 1216 3834 innumeris
1252 3780 1516 3848 premitur
1546 3781 1624 3835 sic
1649 3779 1853 3850 jugiter
1884 3779 2054 3834 orbis.

620 3861 714 3917 llis
739 3871 794 3917 et
824 3865 1006 3917 multis
1031 3865 1402 3931 hujuscemodi
1437 3867 1702 3920 rotatibns
1733 3867 1784 3919 in
1820 3867 1978 3920 rebus
2025 3865 2128 3918 hu—

548 3956 724 4008 manis
751 3954 981 4010 solerter
1011 3955 1292 4024 inspectis,
1339 3971 1444 4008 non
1484 3957 1536 4008 in
1575 3971 1636 4009 se
1677 3955 1936 4026 glorietur
1961 3955 2132 4008 victor

549 4047 616 4101 de
651 4047 806 4100 ruina
853 4047 1142 4116 comparis,
1187 4047 1278 4116 qui
1315 4062 1414 4101 nec
1459 4049 1572 4117 ipse
1613 4047 1796 4110 stabit,
1833 4046 1934 4098 nisi
1959 4060 2129 4114 quan-

551 4149 662 4193 tum
685 4141 907 4211 jusserit
935 4141 1216 4210 diSpositio
1251 4141 1574 4196 Conditoris.
1601 4139 2019 4194 Conversionem
2049 4139 2126 4191 lo-

545 4233 783 4288 cutionis
824 4251 958 4290 mea:
999 4251 1143 4289 nunc
1170 4237 1236 4290 ad
1271 4245 1340 4300 te,
1371 4251 1402 4289 ο
1427 4251 1515 4288 νει
1548 4277 1562 4298 ,
1609 4233 1803 4288 faciam
1833 4273 1844 4296 ,
1880 4247 2040 4302 quam
2077 4241 2128 4285 tu

545 4327 772 4393 (quaeso
827 4325 962 4393 tibi)
1005 4325 1310 4396 benigniter
1369 4325 1588 4378 haurias
1639 4333 1859 4394 propter
1901 4324 2125 4378 salutem

2252 483 2360 528 stra
2389 475 2604 530 licentia
2637 479 2814 532 redire
2843 479 3090 548 dispono,
3112 489 3167 534 et
3189 482 3420 550 opimam
3453 483 3658 554 Anglia:
3679 501 3824 555 pra:—

2251 566 2372 620 dam
2405 569 2736 624 amatoribus
2783 571 3006 636 mundi,
3065 573 3218 640 quasi
3269 575 3586 644 quisquilias
3611 618 3628 642 ,
3665 579 3828 632 dere-

2255 657 2461 728 linquo.
2501 658 2752 714 Liberam
2805 672 3178 730 paupertatem
3229 663 3429 720 Christi
3476 681 3620 732 amo,
3661 683 3826 737 quam

2247 749 2512 804 Antonius
2535 760 2588 805 et
2609 749 2931 806 Benedictus
2963 753 3251 822 amplexati
3280 766 3427 820 sunt,
3458 759 3630 826 magis
3661 773 3826 827 quam

2247 839 2460 894 divitias
2497 842 2717 906 mundi,
2749 857 2886 912 quas
2911 841 3108 899 Cresus
3139 855 3192 899 et
3233 844 3635 918 Sardanapalus
3661 851 3828 902 nimis

2247 941 2584 998 amaverunt,
2637 943 2688 988 et
2716 935 3052 1006 postmodum
3089 937 3285 992 misere
3308 950 3630 1008 pereuntes,
3663 939 3830 993 hosti-

2245 1020 2344 1076 bus
2379 1023 2490 1076 suis
2539 1024 2916 1080 deseruerunt.
2959 1025 3208 1080 Christus
3241 1028 3382 1080 enim
3421 1041 3608 1098 pastor
3649 1031 3828 1084 bonus

2247 1128 2325 1166 vm
2351 1114 2607 1170 divitibus
2651 1115 2810 1182 hujus
2837 1118 3017 1170 mundi
3063 1118 3298 1172 minatur
3325 1121 3416 1187 qui
3457 1121 3830 1190 voluptatibus

2245 1205 2396 1258 vanis
2423 1213 2478 1260 et
2503 1205 2790 1274 superﬂuis
2817 1207 2904 1262 hic
2927 1208 3308 1276 perfruuntur;
3335 1211 3666 1280 pauperibus
3697 1227 3830 1267 vero

2243 1299 2432 1368 spiritu
2469 1300 2736 1370 promittit
2777 1303 3162 1356 beatitudinem
3209 1304 3262 1357 in
3309 1319 3475 1375 regno
3529 1305 3825 1367 caelorum,

2242 1405 2402 1458 quam
2439 1391 2594 1446 nobis
2631 1393 2718 1446 det
2759 1393 2872 1461 ipse
2905 1392 3000 1461 qui
3035 1393 3165 1448 vivit
3193 1403 3248 1448 et
3277 1403 3463 1464 regnat
3501 1409 3601 1463 per
3641 1395 3828 1447 omnia

2243 1481 2435 1536 smcula
2471 1481 2812 1536 saeculorum.
2857 1482 3050 1538 Amen.

2311 1575 2623 1629 Admiratus
2671 1589 2760 1630 rex
2789 1591 2910 1630 cum
2943 1575 3256 1644 proceribus
3285 1577 3398 1630 suis
3430 1576 3666 1644 insignis
3709 1591 3826 1630 mo-

2244 1667 2400 1722 nachi
2444 1669 2826 1732 constantiam,
2866 1668 3086 1736 supplex
3115 1683 3180 1723 ac
3215 1669 3438 1722 devotus
3478 1668 3756 1736 impendit
3781 1667 3826 1720 ei

2239 1761 2518 1816 decentem
2562 1761 2916 1818 reverentiam
2935 1803 2948 1826 ,
2979 1769 3031 1816 et
3062 1771 3429 1830 competenter
3455 1762 3792 1815 honoratum
3811 1800 3826 1820 ,

2235 1855 2398 1923 jussit
2441 1872 2564 1911 eum
2613 1871 2858 1912 remeare
2893 1857 2946 1910 in
2985 1855 3310 1910 Neustriam.
3336 1853 3540 1923 Ibique,
3569 1869 3684 1922 quo
3713 1852 3828 1906 vel-

2241 1947 2337 2012 let,
2375 1961 2529 2002 suam
2571 1946 2867 2016 praestolari
2909 1946 3268 2015 praesentiam.
3299 1945 3556 1998 Auditum
3587 1951 3680 1998 est
3709 1959 3830 2012 pas-

2247 2039 2373 2102 sim,
2396 2047 2680 2108 postquam
2711 2036 3072 2091 Guitmundus
3100 2036 3167 2090 ad
3193 2043 3344 2105 septa
3375 2034 3708 2088 monasterii
3747 2033 3828 2086 sui

2240 2129 2522 2196 remeavit,
2559 2129 2702 2199 quod
2733 2127 2847 2197 ipse
2876 2124 3246 2180 monachalem
3274 2124 3584 2195 pauperiem
3615 2123 3830 2176 divitiis

2237 2222 2610 2290 episcoporum
2663 2219 3045 2290 praaposuerit,
3091 2226 3144 2272 et
3193 2217 3338 2286 quod
3381 2217 3670 2270 obtentum
3723 2215 3832 2267 An-

2239 2315 2358 2384 glize
2401 2315 2451 2367 in
2493 2313 2773 2384 praesentia
2807 2311 2948 2380 regis
2980 2315 3036 2366 et
3059 2309 3378 2379 optimatum
3408 2307 3526 2376 ejus
3573 2307 3828 2376 rapinam

2239 2403 2615 2474 appellaverit,
2639 2411 2688 2458 et
2720 2403 2862 2471 quod
2888 2415 3075 2456 omnes
3103 2399 3412 2469 episcopos,
3437 2397 3524 2451 vel
3553 2397 3796 2452 abbates
3813 2435 3828 2458 .

2238 2495 2328 2564 qui
2371 2495 2676 2549 nolentibus
2727 2491 2916 2562 Anglis
2964 2492 3018 2546 in
3063 2489 3320 2544 Ecclesiis
3363 2488 3568 2559 Anglia:
3611 2487 3826 2556 praelati

2239 2593 2383 2652 sunt,
2419 2584 2728 2654 rapacitatis
2779 2582 3076 2650 redarguit.
3121 2578 3292 2634 Verba
3341 2579 3508 2648 igitur
3540 2577 3692 2646 ejus,
3735 2592 3830 2646 per

2239 2679 2482 2748 Angliam
2517 2678 2620 2730 late
2647 2677 2918 2745 divulgata
2975 2681 3102 2730 sunt
3127 2683 3181 2727 et
3215 2671 3485 2726 subtiliter
3527 2671 3826 2730 ventilata,

2239 2771 2421 2826 multis
2458 2771 2876 2840 displicuerunt;
2921 2767 3010 2837 qui
3045 2779 3306 2834 sequaces
3355 2763 3471 2832 ejus
3499 2775 3624 2816 esse
3669 2776 3828 2829 sper-

2239 2873 2460 2928 nentes,
2485 2871 2674 2917 contra
2705 2875 2826 2917 eum
2865 2857 3067 2930 ingenti
3104 2857 3272 2910 livore
3305 2861 3650 2910 exarserunt.
3711 2851 3824 2906 Non

2239 2959 2407 3010 multo
2448 2963 2586 3025 post,
2633 2952 2885 3007 defuncto
2915 2949 3121 3004 Joanne
3151 2945 3674 3016 Rothomagensium
3711 2945 3822 3012 epi-

2240 3063 2438 3117 seopo,
2485 3063 2576 3101 rex
2621 3055 2670 3100 et
2719 3043 2808 3098 alii
2847 3041 3030 3113 plures
3081 3041 3468 3096 Guittnundnm
3523 3037 3594 3090 ad
3647 3036 3824 3090 archi—

2242 3141 2612 3209 episcopatum
2653 3137 2950 3206 elegerunt,
2993 3133 3084 3187 sed
3125 3131 3300 3185 aemuli
3331 3130 3468 3200 ejus,
3491 3141 3632 3197 quos
3677 3128 3822 3181 idem

2239 3233 2659 3298 vituperaverat,
2707 3241 2774 3281 ne
2817 3222 3167 3292 archiprtesul
3209 3221 3382 3282 ﬁeret,
3421 3229 3690 3288 quantum
3732 3233 3822 3285 po-

2238 3329 2488 3384 tuerunt,
2537 3317 2918 3386 impedierunt.
2951 3313 3008 3368 in
3043 3321 3190 3366 tanto
3221 3325 3346 3366 vero
3377 3309 3509 3364 nihil
3549 3307 3815 3374 objicien-

2235 3413 2359 3466 dum
2406 3411 2749 3474 invenermit,
2799 3407 2902 3461 nisi
2947 3405 3093 3474 quod
3131 3403 3270 3456 iiiius
3301 3408 3445 3456 esset
3487 3399 3812 3470 presbyteri.

2234 3505 2326 3560 llle
2355 3513 2530 3560 autem
2563 3505 2631 3556 ab
2662 3500 2808 3556 omni
2838 3499 3064 3553 avaritia
3093 3496 3305 3567 purgari
3343 3493 3555 3554 volens,
3587 3501 3648 3546 et
3680 3493 3816 3545 inter

2233 3605 2446 3651 exteros
2489 3601 2806 3664 paupertate
2843 3589 3038 3659 premi,
3071 3603 3231 3656 quam
3274 3587 3412 3640 inter
3442 3599 3576 3638 sues
3605 3583 3814 3637 dissen—

2234 3689 2412 3742 siones
2455 3685 2635 3740 fovere
2658 3682 2882 3744 malens,
2914 3679 3220 3741 Odilonem,
3257 3673 3574 3731 monasterii
3601 3673 3688 3726 sui
3718 3672 3810 3724 ab-

2233 3781 2412 3835 batem
2439 3789 2774 3832 reverentem
2811 3775 2963 3838 adiit,
3004 3781 3058 3826 et
3105 3769 3378 3823 humiliter
3407 3769 3474 3821 ab
3513 3766 3604 3820 illo
3653 3765 3811 3818 licen-

2237 3872 2362 3923 tiam
2405 3866 2782 3939 peregrinandi
2817 3865 2968 3934 petiit
2992 3873 3046 3917 et
3075 3861 3297 3930 accepit.
3323 3857 3492 3912 Porro
3519 3857 3812 3911 illiteratus

2233 3961 2399 4016 abbas
2429 3959 2604 4014 metiri
2643 3959 2913 4012 nesciebat
2941 3963 3173 4026 quantus
3207 3951 3488 4022 sapientia:
3529 3951 3810 4004 thesaurus

2235 4053 2286 4104 in
2318 4051 2541 4121 praefato
2580 4049 2801 4103 doctore
2836 4047 3054 4102 latebat.
3099 4045 3220 4098 ideo
3245 4041 3660 4098 desiderabilem
3689 4039 3806 4109 phi-

2234 4143 2512 4212 losophum
2560 4143 2626 4194 de
2669 4139 2994 4193 monasterio
3035 4153 3132 4191 suo
3181 4135 3336 4188 facile
3384 4135 3622 4198 dimisit;
3652 4147 3806 4200 quem

2233 4239 2529 4308 Gregorius
2553 4236 2640 4289 \‘il
2661 4251 2796 4306 papa
2823 4234 3122 4288 venientem
3147 4231 3213 4284 ad
3238 4243 3324 4288 se,
3364 4229 3608 4298 gaudens
3639 4240 3806 4281 susce-

2231 4333 2328 4399 pit,
2355 4329 2681 4384 cardinalem
2715 4327 2771 4380 S.
2805 4325 2872 4378 Β.
2901 4325 2959 4378 Ε.
2991 4323 3260 4393 przcl'ecit,
3297 4329 3351 4373 et
3387 4321 3642 4374 Urbanus
3677 4331 3804 4386 papa

541 4416 1030 4472 aeternam.Nullus
1055 4426 1266 4487 patrmn
1295 4427 1505 4471 tuorum
1534 4425 1658 4468 ante
1685 4426 1736 4469 te
1761 4415 1936 4484 regale
1963 4425 2127 4468 stem-
2165 4456 2202 4508 Β
2227 4423 2335 4490 ᾖεν..
2380 4425 2662 4492 probatum
2713 4419 2764 4472 in
2813 4419 2994 4472 multis
3037 4415 3510 4484 metropolitanum
3557 4411 3804 4466 Adversis

544 4525 630 4562 ma
675 4510 860 4580 gessit,
915 4527 1014 4564 nec
1057 4511 1400 4564 hmreditario
1436 4508 1558 4578 jure
1601 4517 1808 4563 tantum
1840 4509 2004 4562 decus
2034 4509 2126 4559 tibi

545 4604 819 4672 provenit,
860 4605 952 4659 sed
992 4607 1223 4675 gratuita
1261 4603 1546 4672 largitione
1575 4601 1962 4671 omnipotentis
1998 4599 2126 4668 Dei,

545 4708 600 4753 et
626 4701 860 4752 amicitia
909 4699 1142 4752 Eduardi
1185 4697 1567 4768 consanguinei
1601 4697 1697 4750 tui.
1745 4696 2012 4764 Edgarus,
2037 4695 2128 4746 Al-

545 4789 704 4842 dinus
747 4789 944 4857 aliique
987 4785 1293 4856 complures
1337 4802 1401 4840 ex
1449 4786 1591 4840 linea
1637 4785 1833 4854 regalis
1864 4785 2127 4852 prosapia:

543 4865 674 4943 arti,
704 4881 1000 4934 secundum
1051 4879 1194 4949 leges
1231 4878 1601 4942 Hebraeorum,
1634 4877 1970 4944 aliarumque
2001 4892 2127 4946 geu-

2237 4512 2383 4566 nrbis
2412 4511 2723 4565 solemniter
2761 4507 3050 4562 ordinavit.
3076 4505 3197 4560 lbec
3223 4511 3350 4557 urbs
3393 4513 3640 4571 tempore
3681 4501 3805 4554 Leo-

2235 4605 2319 4658 nis
2347 4603 2414 4656 lX
2447 4619 2618 4672 papae,
2651 4619 2680 4654 a
2713 4597 3086 4662 Nortmannis,
3114 4598 3205 4665 qui
3234 4597 3408 4664 primo
3435 4593 3688 4662 Apuliam
3719 4593 3796 4645 iu-

2235 4696 2558 4756 coluerunt,
2603 4700 2910 4746 constructa
2944 4699 3054 4752 est;
3103 4696 3156 4742 et
3194 4703 3222 4740 a
3264 4685 3542 4747 Romanis,
3577 4685 3702 4753 quia
3739 4681 3802 4733 ab

2234 4791 2476 4844 adversis
2525 4787 2624 4842 sibi
2663 4787 2894 4841 coetibus
2939 4781 3329 4840 mdilicabatur,
3361 4777 3628 4831 Adversis
3671 4777 3798 4831 dicta

2233 4892 2334 4935 est.
2389 4879 2514 4934 Ilaec
2565 4879 2750 4947 utique
2805 4875 3010 4930 divitiis
3069 4872 3358 4944 OpuIenta,
3405 4870 3800 4940 Cisalpinorum

2705 4971 2736 4981 ιγ
2789 4979 2794 4981 Α
2875 4970 2886 4982 ι
2947 4967 2994 4982 II-
3203 4965 3214 4982 I
3249 4962 3448 4982 --.ει-,--
3491 4957 3770 4982 ---Αι----..³-
