4006 5282
199 385 3453 435 mm

1251 413 1688 424 ..ηρ-..-ηψ-
1697 415 1977 424 -ς-..νι--ρ--ρ-ου
1988 416 2018 423 .-

1288 548 1471 590 CIRCA
1519 547 1738 588 ANNUM
1785 545 2014 588 DOMINI
2063 546 2378 590 ΜΙᾹΧΥΙΧ.

1169 711 2470 917 EBRABDUS

494 1008 769 1088 WATI
813 1003 1152 1116 tensis
1211 944 1845 1122 nonas'rean
1906 999 2498 1080 caueamus
2574 1003 3152 1083 REGULARIS

647 1300 1746 1459 CHRONICON
1857 1300 2796 1464 WATINEN
2808 1302 3034 1460 SE

582 1568 784 1639 (Edidit
840 1569 970 1623 Dom
1021 1568 1308 1636 MABTE‘NS,
1334 1570 1636 1626 Theseum;
1679 1570 1956 1634 Anecdot.,
1996 1581 2124 1625 tom.
2184 1571 2272 1635 lll,
2301 1572 2405 1626 col.
2436 1572 2560 1638 797,
2592 1587 2657 1628 ex
2692 1589 2794 1628 ms.
2829 1572 3114 1643 llunensi.)

1059 1809 2048 1916 OBSERVATIONES
2097 1813 2661 1905 PRAEVIJE.

263 1995 474 2072 Altera,
511 2015 679 2072 quant
705 1996 770 2054 ad
830 1999 1174 2055 illustrandas
1210 2018 1294 2072 res
1327 2001 1566 2072 Belgicas
1597 2003 1966 2070 promisimus,
2018 2001 2280 2063 Historia,
2328 2010 2413 2056 est
2448 2001 2613 2072 breve
2659 1999 2965 2072 Chronicon
3008 1998 3469 2072 tnt)ttasteri‘iJsett_

195 2067 561 2194 praepositum
610 2069 944 2126 Watinensis
991 2073 1195 2125 ordinis
1243 2071 1301 2125 8.
1333 2067 1640 2138 Augustini,
1673 2083 1894 2128 auctore
1931 2073 2191 2130 Ebrardo.
2240 2073 2480 2141 ejusdem
2515 2071 2616 2125 loci
2667 2071 2930 2124 canonico
2970 2071 3226 2138 regulari.
3279 2067 3474 2124 Olfritll

219 2143 502 2194 undatoris
529 2141 813 2194 discipulo.
843 2157 907 2194 ae
931 2142 1154 2194 proinde.
1196 2151 1331 2194 teste
1354 2141 1621 2194 occulato.
1653 2145 1744 2194 oui
1783 2159 1872 2194 res
1908 2153 2068 2194 nrout
2101 2144 2311 2194 viderat
2340 2142 2556 2194 scriptis
2584 2140 2984 2194 commendavit
3018 2154 3031 2192 :
3065 2140 3218 2194 cuius
3247 2140 3474 2194 nroinde

219 2143 502 2212 undatoris
529 2141 813 2209 discipulo,
843 2157 907 2195 ac
931 2142 1154 2210 proinde.
1196 2151 1331 2196 teste
1354 2141 1621 2208 occulato,
1653 2145 1744 2212 qui
1783 2159 1872 2196 res
1908 2153 2068 2212 prout
2101 2140 2311 2198 viderat
2340 2142 2556 2210 scriptis
2584 2140 2984 2212 commendavit
3018 2154 3031 2192 :
3047 2140 3218 2212 ruins
3247 2140 3474 2212 proinde

195 2211 501 2289 opustnetsi
533 2212 718 2289 breve,
752 2227 880 2289 _nou
915 2221 1093 2265 tamen
1143 2213 1617 2289 contemnendum.
1649 2210 2156 2289 ‘Etmcerte‘quzede
2185 2212 2356 2266 Adela
2392 2213 2666 2289 conmissa
2698 2218 2753 2289 et
2783 2210 3021 2266 Roberto
3043 2210 3470 2289 Frisiocomitt‘.

193 2279 307 2352 ejus
338 2281 616 2352 lilio,qme
657 2281 722 2334 de
752 2282 1000 2352 Drogone
1044 2290 1099 2336 et
1150 2282 1393 2336 lluberto
1423 2283 1692 2352 episcopis
1722 2279 2181 2344 'l‘arvauensibus,
2219 2299 2340 2351 qme
2391 2284 2456 2336 de
2499 2281 2784 2349 Bergeusis
2814 2281 3132 2352 monasterii
3185 2279 3474 2352 abbatibus

193 2351 374 2422 refert,
396 2351 581 2422 cuivis
605 2366 670 2405 eo
692 2349 931 2422 gratiora
963 2367 1269 2421 speramus,
1298 2367 1410 2421 quo
1439 2349 1709 2406 dillicil'ius
1750 2353 1874 2407 alibi
1907 2355 2130 2422 reperiri
2165 2349 2457 2406 credimus.
2491 2352 2621 2417 Quae
2648 2353 2871 2422 vorade
2901 2350 3231 2422 antiquteac
3281 2349 3476 2422 nobilis

194 2419 566 2491 bienapiorum
598 2421 834 2476 civitatis
861 2419 1145 2476 ruderibus
1171 2437 1229 2476 se
1257 2419 1458 2476 vidisse
1484 2433 1730 2487 testatur,
1754 2439 1818 2478 eo
1849 2419 2108 2491 majorem
2135 2423 2334 2477 debent
2363 2422 2583 2476 lectoris
2611 2421 2966 2474 attentionem
2989 2419 3302 2483 conciliare,
3327 2421 3470 2488 quod

195 2489 371 2545 Orosii
417 2492 728 2545 testimonio
757 2493 990 2547 maxime
1015 2501 1383 2547 consentanea
1413 2494 1540 2546 sint.

259 2559 435 2634 Porro
462 2561 629 2634 codex
677 2562 964 2634 [)unensis,
999 2577 1066 2616 ex
1092 2577 1200 2632 quo
1228 2562 1354 2617 illml
1403 2565 1816 2634 descripsimus,
1850 2563 1999 2617 illum
2032 2562 2404 2617 tantummodo
2430 2559 2644 2634 praefert
2677 2560 2917 2620 titulum,
2945 2559 3252 2634 Chronicon
3283 2574 3475 2614 mena.

192 2631 340 2684 stcrii
374 2630 756 2702 Guatinensis,
810 2642 1034 2686 auctore
1087 2630 1192 2686 non
1226 2633 1538 2699 nominato;
1572 2630 1757 2688 verum
1793 2634 2017 2688 Ebrardi
2058 2649 2277 2694 nomen,
2326 2630 2468 2702 qno’d
2501 2631 2689 2701 prima:
2744 2634 2951 2700 pagina:
2997 2633 3474 2702 apposuitrmanus

193 2703 490 2773 recentior,
521 2700 674 2773 illum
705 2702 851 2755 clare
883 2703 1162 2763 iudicavit,
1186 2719 1346 2772 quem
1370 2695 1534 2758 etiam
1563 2721 1666 2758 non
1695 2705 2019 2773 ambigimos
2041 2715 2316 2757 auctorem
2346 2695 2515 2756 luisse
2537 2695 3084 2773 sequentis'opttsculi
3113 2702 3180 2773 de
3207 2701 3472 2755 miraculo

192 2772 333 2845 quod
353 2771 563 2845 gregis
589 2772 818 2845 contigit
847 2787 992 2845 anno
1019 2773 1176 2835 1088,
1206 2771 1330 2827 cum
1357 2774 1414 2828 S.
1447 2774 1734 2828 Donatiani
1769 2771 1979 2845 meritis
2017 2775 2248 2845 paralysi
2282 2785 2505 2828 curatus
2526 2783 2610 2827 est
2650 2772 2952 2845 Tamardus
2989 2771 3285 2845 canonicus
3316 2786 3476 2845 regu-

196 2838 326 2912 laris
353 2838 694 2912 Watinensis
719 2838 765 2907 ;’
785 2856 908 2896 nam
941 2843 1080 2896 idem
1117 2856 1345 2912 utroque
1377 2845 1429 2900 in
1465 2859 1629 2912 opere
1657 2845 1849 2912 stylus.
1886 2838 2030 2898 Illius
2057 2838 2236 2898 autem
2267 2845 2515 2899 miraculi
2547 2843 2846 2897 meminere
2875 2846 3041 2896 etiam
3073 2843 3208 2896 Arta
3245 2838 3481 2912 transla-

201 2861 322 2894 Iarls
360 2861 734 2907 vvauuensts;
785 2861 908 2896 nam
941 2861 1080 2896 luem
1117 2861 1345 2912 utroque
1377 2861 1429 2900 In
1465 2861 1629 2912 opere
1657 2861 1705 2898 St
1729 2861 1849 2897 'ms.
1886 2861 2030 2898 tutus
2057 2861 2236 2898 autem
2267 2861 2515 2899 nnracun
2547 2861 2846 2897 metumere
2875 2861 3041 2896 etiam
3073 2861 3208 2896 Atia
3245 2861 3474 2895 transla-

201 2910 366 2981 tionis
392 2911 451 2964 S.
483 2910 770 2981 Donatiani
808 2913 948 2981 apud
977 2912 1197 2968 Surium
1231 2916 1299 2968 l4
1328 2913 1602 2979 Octobris,
1633 2923 1686 2969 et
1709 2861 1988 2968 llariull'us
2030 2916 2081 2968 in
2120 2915 2256 2969 libro
2294 2914 2674 2970 Miraculorum
2708 2913 2764 2966 8.
2800 2912 3060 2974 Richarii,
3095 2927 3216 2979 cap.
3251 2911 3474 2981 1,7}!me

199 2977 558 3054 Mabilloni‘um
588 2979 796 3035 Saeculo
826 2977 865 3054 v_
885 2981 1256 3038 Benedic-tino.
1294 2984 1532 3054 Denique
1556 2977 1921 3052 perseveravit
1949 2984 2050 3038 sub
2078 2986 2260 3054 regula
2290 2985 2348 3039 S.
2379 2983 2663 3054 Augustini
2691 2983 2890 3054 nobilis
2916 2977 3269 3054 {impositura
3294 2977 3470 3035 wan-

200 3051 383 3130 nensis
409 3049 488 3130 ad
503 3066 673 3130 usque
701 3052 1032 3130 erectionem
1058 3055 1402 3130 episcopatus
1423 3049 1870 3130 Audomarensis.
1893 3068 2000 3130 quo
2029 3049 2272 3130 tempore
2294 3049 2515 3109 omnino
2537 3054 2804 3110 exstincta
2839 3049 2957 3119 fuit,
2993 3049 3253 3108 reditibus
3274 3065 3475 3105 mensa:

198 3122 489 3192 episcopali
519 3123 818 3188 attributis,
856 3124 948 3194 qui
987 3122 1204 3181 tandem
1233 3122 1488 3181 Patribus
1518 3125 1706 3196 Anglis
1735 3122 2025 3178 Societatis
2049 3122 2175 3179 Iesu
2207 3135 2507 3180 cesserunt.

587 3381 1238 3489 CllBONlCA
1314 3383 2120 3489 MONASTEBII
2198 3381 3112 3490 GUATINENSIS.

274 3612 942 3670 ExordiumGuatinensis
972 3612 1246 3680 Ecclesiae,
1266 3613 1319 3667 in
1345 3629 1448 3684 qua
1477 3616 1576 3670 sub
1603 3614 1785 3685 regula
1816 3603 1861 3657 Α
1890 3617 2142 3684 oppidum
2195 3614 2360 3668 fuisse
2417 3613 2790 3683 illenapormn,
2847 3614 2990 3683 quod
3041 3631 3182 3669 nunc
3216 3615 3480 3670 Guatinas

200 3707 480 3761 canonica!
505 3707 742 3769 unionis,
768 3715 927 3775 prout
954 3705 1192 3774 Spiritus
1221 3718 1442 3760 sanctus
1469 3707 1560 3758 dat
1586 3705 1786 3774 eloqui,
1895 3716 2118 3760 vocatur
2142 3706 2224 3760 vel
2251 3706 2566 3771 Guatinum,
2593 3704 2725 3759 nulli
2751 3705 2844 3775 qui
2867 3708 3162 3760 secundum
3188 3707 3478 3762 historicos

196 3791 351 3861 jussu
393 3805 509 3859 tuo,
552 3797 622 3850 mi
662 3805 835 3865 pater,
869 3811 1246 3867 aggressurus,
1278 3797 1454 3866 primo
1485 3797 1654 3867 ipsius
1684 3795 1786 3849 loci
1892 3796 2134 3866 ejusdem
2166 3799 2285 3868 pagi
2315 3800 2553 3854 conﬁnia
2596 3799 2678 3854 vel
2715 3799 2880 3854 situm
2922 3799 3176 3855 territorii
3220 3802 3364 3854 novit
3394 3809 3480 3855 cst

201 3881 644 3956 descriptionem,
678 3886 918 3941 secundo
945 3894 1191 3940 veterum
1238 3885 1590 3941 historiarmn
1624 3885 1789 3938 tradi-
1895 3887 2227 3958 ambiguum.
2259 3888 2408 3955 Quos
2443 3889 2610 3943 etiam
2646 3889 2996 3946 historiarum
3029 3890 3336 3959 cognitores
3383 3890 3482 3944 Bu-

202 3972 399 4041 tiones,
448 3993 543 4033 seu
587 3978 752 4032 etiam
801 3977 854 4032 id
901 3977 1046 4047 quod
1097 3978 1214 4032 visu
1249 3977 1334 4032 vel
1387 3977 1570 4030 auditu
1612 3974 1789 4030 verius
1895 3988 2046 4033 tavos
2077 3978 2383 4047 appellant;
2433 3979 2504 4034 ob
2548 3978 2702 4050 cuius
2755 3982 2962 4050 ins'gne
2997 3982 3071 4036 rei
3119 3991 3210 4035 aut
3249 3992 3478 4036 eventus

201 4077 542 4136 compertum
592 4069 843 4132 habetur,
894 4082 1094 4136 ponere
1124 4067 1364 4132 decrevi,
1418 4079 1496 4131 ut,
1545 4067 1668 4120 dum
1705 4080 1792 4120 res
1894 4067 2194 4137 auspicium
2226 4069 2527 4138 ignoratur.
2559 4071 2650 4124 Ait
2676 4071 2820 4125 enim
2866 4070 2933 4123 de
2975 4070 3059 4124 bis
3095 4072 3147 4123 in
3176 4071 3479 4124 Annalibus

203 4161 419 4223 tenues,
459 4162 506 4217 si
552 4176 690 4232 quos
734 4160 986 4224 delectat,
1025 4159 1314 4223 audierint,
1366 4159 1635 4228 quomodo
1673 4173 1792 4212 car-
1893 4159 2006 4213 suis
2035 4159 2258 4214 Orosius
2289 4159 2409 4228 (lib.
2439 4160 2500 4226 ι),
2533 4160 2661 4213 dum
2693 4160 2934 4214 locorum
2974 4168 3139 4226 atque
3172 4158 3469 4212 insularum

201 4247 340 4313 ptim
373 4251 441 4306 de
470 4251 731 4314 minimis,
765 4259 824 4304 ut
861 4250 1032 4314 aiunt,
1075 4250 1270 4306 atomis
1299 4250 1351 4304 in
1382 4249 1624 4317 corporis
1651 4264 1796 4304 mas-
1895 4250 2140 4304 diversos
2163 4248 2302 4304 situs
2322 4250 2654 4305 describeret
2681 4267 2696 4304 :
2721 4269 2738 4300 ι
2770 4250 3048 4304 Britannia
3072 4249 3273 4305 Oceani
3309 4249 3480 4304 insula

204 4351 318 4393 sam
346 4341 526 4414 colligi
554 4342 945 4406 succreveriut,
971 4341 1179 4412 gratius
1193 4341 1436 4397 ordinem
1463 4341 1792 4396 narrationis
1896 4357 1994 4410 per
2022 4341 2241 4412 longum
2272 4342 2324 4396 in
2350 4342 2572 4396 boream
2605 4342 2934 4406 extenditur,
2965 4358 2992 4396 a
3030 4342 3259 4396 meridie
3279 4340 3480 4396 Gallias

205 4429 496 4501 arripiant,
527 4434 654 4503 quia
681 4433 774 4488 diu
804 4434 1016 4488 retieita
1043 4433 1293 4504 prodere,
1323 4448 1459 4488 nova
1491 4432 1557 4486 de
1593 4432 1791 4488 veteri-
1897 4431 2080 4496 habet,
2112 4429 2266 4498 cujus
2289 4431 2597 4500 proximum
2620 4430 2770 4485 littus
2799 4430 3258 4486 transmeantibus
3289 4430 3481 4485 civitas

203 4517 305 4574 bus
341 4526 541 4581 cudere
565 4565 583 4590 ,
635 4527 701 4581 de
756 4526 909 4582 novis
950 4527 1171 4596 antiqua
1210 4541 1485 4598 reparare,
1541 4541 1639 4581 nec
1683 4534 1792 4579 tam
1897 4531 2123 4592 apparet
2165 4523 2264 4592 (l),
2301 4537 2422 4592 qua:
2467 4523 2666 4578 dicitur
2697 4523 3139 4591 ltutupi.portus,
3169 4523 3308 4577 unde
3335 4521 3481 4578 haud

205 4608 328 4667 ﬁcta
356 4631 520 4684 quam
562 4635 688 4674 vera
713 4629 769 4672 et
795 4618 1099 4672 indubitata
1126 4633 1213 4673 me
1238 4619 1377 4674 velle
1400 4627 1792 4690 cognoverunt,
1899 4611 2085 4682 procul
2132 4625 2163 4665 a
2204 4611 2432 4668 Morinis
2464 4613 2516 4667 in
2550 4621 2736 4668 austro
2781 4613 2990 4681 positis,
3023 4611 3279 4681 Meuapos
3317 4613 3483 4669 Bato.

207 4698 439 4758 miscere
464 4708 611 4762 enim
640 4705 1044 4762 vetustissimos
1073 4707 1306 4764 Batavos
1337 4724 1460 4764 cum
1500 4708 1798 4764 Guatineu-
1901 4720 2103 4774 vosque
2150 4715 2483 4774 prospectat.
2518 4725 2536 4757 ι
2584 4705 2738 4760 Unde
2779 4719 2903 4760 cum
2933 4705 3379 4775 Rumpi-portum
3432 4708 3484 4762 in

206 4786 357 4844 sibus
384 4795 603 4863 opinor,
633 4797 761 4865 quia
804 4810 1031 4866 quorum
1077 4812 1406 4868 occupamus
1434 4798 1635 4862 locum,
1663 4812 1794 4865 quo-
1900 4796 2199 4851 meridiana
2247 4797 2490 4864 ejusdem
2529 4797 2718 4851 insula:
2768 4795 2887 4864 ripa
2923 4799 3087 4852 situm
3137 4798 3448 4853 noverimus
3473 4836 3492 4862 .

207 4890 327 4935 Tum
352 4884 622 4942 destructa
650 4887 1042 4953 construimus,
1067 4900 1120 4945 et
1144 4889 1382 4944 desolata
1414 4889 1789 4950 rel'ormamus,
1902 4905 2005 4946 nec
2027 4888 2209 4943 minus
2234 4903 2264 4942 a
2294 4887 2518 4946 Morinis
2545 4888 2800 4954 Menapos
2829 4886 3171 4955 Batavosque
3195 4887 3249 4941 in
3270 4888 3490 4944 boream

212 4967 401 5027 ιιυιίιιῐι
427 4977 669 5045 profecto
695 4977 1015 5034 vocabulum
1050 4995 1156 5036 non
1191 4988 1519 5043 mutuatum,
1546 4979 1796 5050 quamvis
1830 4959 1871 5012 Β
1899 4987 2202 5048 porrectos,
2231 4977 2425 5034 eodem
2461 4979 2599 5034 mari
2629 4975 2932 5042 dividente,
2963 4978 3014 5032 in
3043 4972 3287 5029 ulteriori
3318 4976 3500 5032 littore

211 5053 417 5117 levibus
444 5067 665 5136 syllabis
699 5076 1089 5140 permutatum,
1131 5069 1241 5123 imo
1285 5065 1405 5136 jure
1445 5067 1794 5123 haereditario
1898 5068 2184 5138 contiguos
2231 5082 2584 5140 prospectum
2633 5067 2717 5124 sui
2772 5067 2843 5120 ad
2898 5068 3224 5124 alterutrum
3275 5065 3502 5127 habere.

211 5150 572 5211 nanciscimur
597 5158 841 5213 obtinere
879 5155 931 5208 id
978 5161 1126 5228 qucd
1176 5159 1250 5212 ita
1301 5173 1420 5214 esse
1466 5159 1518 5214 in
1551 5157 1788 5224 subjecta
1900 5177 2001 5217 nec
2024 5161 2246 5215 dubimu
2275 5158 2643 5219 Guatincnses
2667 5176 2699 5214 a
2723 5157 3091 5228 scriptoribus
3117 5154 3242 5222 jure
3271 5157 3506 5212 Batavos

211 5240 397 5280 Imcinn
444 5250 740 5280 nrnmnﬁna
791 5250 1068 5280 «nuru-ni.“
1145 5247 1300 5280 Ninus
1350 5261 1529 5280 ιιι-οηηη
1619 5256 1675 5280 ut
1722 5249 1790 5280 σιιΙ

1922 5251 2156 5280 ιυισιιιιιιιυιξ
2221 5251 2356 5278 ΙΙΙ-ι..
2391 5258 2546 5278 -.9.ρ.
2589 5261 2774 5276 -Αο.ιιιυι
2805 5252 3088 5276 Λνιῖιιλιιο-ι
3143 5260 3246 5274 IIII“
3276 5248 3504 5274 καις-αξηα-
