4006 5282
545 197 686 254 4515

1578 193 1874 252 EBRARDI
1913 193 2345 256 WATINENSIS
2383 195 2701 262 CANONICI

3675 203 3804 265 15t6

546 314 914 378 fundamenta,
950 310 1173 367 teditlcia
1208 309 1402 382 partim
1447 309 1643 374 diruta,
1680 319 1756 374 et,
1807 318 1865 364 ut
1897 319 2134 365 veterem
2167 317 2212 371 Α
2239 323 2452 380 portum
2492 311 2690 368 Oceani
2723 313 2847 378 sita,
2885 314 3217 371 Britanniam
3254 318 3531 374 Deirorum
3578 321 3802 377 insulam

545 409 758 463 ruinam
818 416 1082 462 testantur
1111 404 1358 475 vestigia,
1409 415 1615 473 quanto
1651 403 1770 473 plus
1815 403 2025 458 fuerant
2061 405 2128 458 ti-

545 498 708 562 mori,
751 505 904 551 tanto
928 495 1198 550 crudelius
1229 494 1298 548 ab
1327 495 1655 549 adversariis
1679 505 1802 549 sunt
1822 495 2125 563 exstirpati.

546 587 651 644 Sed
700 603 798 644 nec
837 588 1012 642 adhuc
1043 587 1237 642 divina:
1264 586 1616 656 providentiae
1645 586 1818 641 visum
1857 595 1941 640 est
1966 584 2128 640 suti‘e—

544 680 685 734 cisse
712 677 853 748 quod
877 677 1052 748 primo
1086 676 1178 731 illo
1211 677 1512 731 eversionis
1543 685 1842 744 memento,
1872 675 2126 744 reliquia-

543 784 664 822 rum
695 783 818 837 spes
868 767 1134 836 adusque
1186 754 1609 822 internecionem
1664 765 1864 820 nullam
1891 766 2122 846 ~veniam

540 860 702 914 sit....
743 859 874 929 quin
917 859 1080 913 etiam
1115 858 1183 914 ab
1212 859 1336 913 inde
1378 874 1473 928 per
1503 858 1846 913 succedentia
1881 868 2123 927 tempora

539 953 606 1004 ad
655 959 856 1004 tantam
888 949 1254 1014 solitudinem,
1292 950 1445 1018 quasi
1483 949 1676 1004 civitas
1720 964 1840 1019 qua:
1871 949 2121 1001 devasta-

541 1054 648 1106 tur,
682 1043 794 1110 ipsa
827 1057 1158 1096 marmorum
1201 1041 1497 1112 fragmenta
1532 1041 1818 1104 devenere,
1872 1047 1932 1094 ut
1962 1041 2125 1095 silve-

541 1144 685 1188 stres
718 1131 844 1187 ferte
883 1132 1219 1187 stabularent
1258 1133 1345 1187 ubi
1409 1133 1600 1188 deletae
1644 1133 1853 1197 domus,
1912 1131 1955 1187 si
2002 1146 2121 1200 qua!

537 1223 954 1295 superfuissent,
1003 1223 1214 1278 vivendi
1263 1219 1610 1278 monumenta
1644 1220 1983 1292 repararent.
2029 1221 2120 1278 Sic

535 1316 718 1372 hostili
751 1316 999 1372 vastitate
1028 1316 1191 1370 etiam
1231 1331 1341 1386 per
1361 1317 1671 1372 Christiana
1697 1314 1967 1371 curricula
1991 1329 2120 1368 con-

537 1419 804 1478 sumptus,
836 1417 983 1464 tanta
1023 1419 1183 1464 aetate
1213 1409 1364 1464 locus
1395 1409 1694 1478 permansit
1723 1423 1949 1472 vacuus,
1981 1407 2118 1461 nihil

535 1498 590 1552 in
617 1515 676 1554 se
706 1500 1057 1555 memorabile
1089 1501 1314 1564 habens,
1361 1509 1562 1569 praeter
1590 1497 1845 1553 desolata:
1876 1497 2119 1552 mansio-

537 1590 622 1645 nis
651 1600 998 1656 vetustatem,
1032 1608 1153 1662 quae
1182 1602 1374 1647 cuncta
1407 1605 1838 1661 quaqueversum
1871 1589 2115 1643 obduxe-

2233 413 2626 472 prospectans,
2679 403 2746 476 ab
2799 405 2952 459 orcid
2989 406 3121 460 ntali
3176 422 3328 477 parte
3375 425 3539 479 supra
3602 413 3801 466 dctum

2238 495 2486 548 eunidem
2520 494 2845 550 terminatur
2879 495 2933 549 in
2975 512 3221 563 amnem;
3270 514 3457 569 quem,
3486 502 3628 555 sicut
3657 511 3806 555 vetu-

2230 583 2389 636 statis
2445 583 2586 637 fama
2643 583 2897 652 loquitur,
2954 600 3050 653 ptr
3099 588 3286 642 ambas
3315 590 3572 644 vadosnm
3611 600 3804 645 stratas

2231 669 2399 726 fuisse
2435 672 2742 726 accolarum
2789 683 3093 728 commenta
3141 675 3342 730 ferunt.
3396 678 3502 734 Sed
3532 677 3693 733 ﬁdem
3724 677 3806 735 bis

2229 778 2336 818 non
2365 764 2684 832 pltBthllt‘S.
2739 765 2910 834 magis
2943 767 3045 822 hoc
3091 768 3343 823 admirari
3393 785 3552 840 quam
3584 773 3807 826 credere

2226 854 2444 916 volunt;
2476 863 2558 909 est
2586 855 2730 909 enim
2765 872 2970 927 magna:
2992 858 3389 926 profunditatis,
3415 870 3468 915 et
3491 877 3596 915 non
3628 862 3806 919 solum

2227 957 2290 996 ex
2331 942 2413 997 sui
2439 944 2612 998 altura
2640 945 2906 1014 piscosatn
2937 945 3488 1006 cireummanentibus
3515 952 3806 1007 conferens

2226 1034 2629 1094 abundantiam.
2671 1049 2856 1089 verum
2892 1043 2949 1090 et
2993 1036 3208 1107 navigio
3245 1039 3438 1094 habilis
3479 1041 3546 1094 ab
3590 1040 3806 1096 Oleano

2227 1125 2315 1178 eui
2371 1126 2554 1181 multis
2593 1126 2801 1181 ostiolis
2849 1128 3056 1183 infusus
3086 1130 3372 1200 excipitur,
3429 1141 3541 1186 tum
3594 1133 3808 1187 diversa

2225 1230 2409 1270 rerum
2466 1214 2842 1284 mercimonia,
2873 1226 2984 1273 tum
3028 1213 3371 1276 multinmdas
3402 1222 3471 1275 ad
3513 1221 3806 1276 fruendum

2225 1305 2503 1361 ministrat
2535 1316 2821 1376 capturas.
2870 1309 2915 1361 Α
2969 1307 3122 1376 cujus
3186 1311 3460 1380 margine,
3535 1311 3803 1380 paulatim

2221 1407 2596 1453 succresceute
2658 1398 2875 1453 cumulo
2921 1398 3171 1476 clementi
3237 1402 3605 1470 proceritate,
3653 1417 3811 1456 mons

2223 1479 2485 1558 gignitur,
2543 1488 2632 1557 qui
2679 1491 2821 1544 sicut
2871 1490 3127 1544 continuo
3179 1491 3408 1545 deducta
3467 1491 3701 1562 planitie
3744 1492 3810 1546 ad

2219 1583 2570 1638 subsolanum
2613 1584 2871 1653 egeritur,
2908 1584 2981 1637 ita
3025 1599 3053 1637 a
3098 1585 3467 1653 septentrione
3495 1593 3547 1637 et
3579 1585 3809 1639 meridie

540 1693 644 1746 rat,
679 1684 794 1739 sola
823 1694 1030 1738 tantum
1065 1701 1188 1739 cum
1231 1683 1311 1738 sui
1343 1684 1584 1738 cantoris
1614 1682 1826 1753 tugurio
1866 1679 2114 1742 ecclesia,
2149 1684 2193 1738 Β
2221 1675 2582 1729 residentibus
2618 1675 2833 1729 cumbis
2879 1673 2956 1742 (9.)
2991 1675 3041 1727 in
3089 1674 3427 1728 altitudinem
3469 1675 3809 1729 cumulatur.

532 1793 695 1845 quam
738 1792 950 1831 summo
979 1777 1031 1830 in
1061 1775 1265 1830 vertice
1291 1775 1542 1846 gestabat
1579 1774 1919 1843 perspicuam
1972 1772 2116 1825 inter
2162 1799 2164 1802 ν

534 1882 728 1937 vepres
778 1876 833 1922 et
883 1867 1214 1937 serpentium
1268 1866 1545 1930 latebras,
1605 1865 1746 1918 inter
1791 1863 2008 1917 dumeta
2061 1870 2117 1917 et

537 1960 796 2029 querulos
826 1960 1006 2014 avium
1039 1974 1219 2013 ramos
1245 1958 1334 2012 vili
1368 1957 1654 2012 admodum
1686 1954 1889 2010 fabrica
1917 1951 2118 2023 pmmi-
2161 1997 2164 2000 .

535 2051 716 2104 nebat.
750 2049 899 2106 Hanc
939 2051 1008 2104 mi
1042 2066 1224 2104 sarum
1259 2049 1445 2104 audire
1472 2041 1911 2102 solemnia'valde
1941 2044 2117 2117 tenuis

495 2151 497 2154 ‘
533 2141 772 2196 fidelium
816 2140 1192 2211 frequentabat
1244 2149 1572 2204 conventus;
1629 2138 1718 2192 ubi
1769 2146 1821 2192 et
1861 2137 1976 2206 ipse
2020 2135 2121 2189 ali-

531 2228 748 2303 quando
770 2227 1029 2287 curialem
1057 2232 1233 2286 adhuc
1259 2230 1542 2299 strepitum
1568 2228 1722 2297 quasi
1747 2226 2115 2295 mimiloginm,

533 2326 659 2393 licet
689 2324 923 2380 clericus
950 2325 1218 2388 ambiens,
1264 2323 1388 2377 dum
1420 2324 1648 2378 necdum
1683 2330 1895 2390 tempus
1922 2319 2115 2374 visita-

533 2418 698 2472 tionis
751 2433 885 2472 mea:
929 2431 1020 2471 seu
1077 2416 1370 2470 miserendi
1421 2413 1536 2482 ejus
1595 2413 1943 2478 advenisset,
1992 2427 2116 2466 cum

531 2512 793 2565 comitatu
850 2509 1133 2564 transitum
1194 2507 1377 2562 habui.
1437 2505 1653 2560 Memini
1703 2514 1758 2560 et
1803 2504 2116 2559 meminisse

525 2599 684 2671 juvat
715 2599 1060 2656 sedulitatem
1085 2599 1244 2665 digne
1273 2598 1509 2662 dicendi,
1547 2607 1671 2652 tunc
1707 2596 1779 2650 ibi
1817 2596 2117 2652 sacerdotis

533 2694 714 2750 domni
743 2693 1052 2762 Alphumiui
1080 2703 1283 2762 quanta
1315 2693 1689 2748 benevolentia
1743 2709 1840 2747 nos
1881 2691 2112 2760 accepit,

533 2784 695 2856 quam
728 2794 1003 2839 strenuum
1035 2785 1087 2838 in
1114 2783 1423 2839 famulando
1453 2785 1596 2840 circa
1628 2784 1786 2840 nobis
1809 2783 2114 2838 necessaria

534 2891 594 2930 se
616 2875 944 2930 exhibuerit.
963 2875 1188 2930 Videres
1210 2875 1512 2929 humilitate
1527 2891 1582 2929 se
1593 2875 1797 2928 rvicndi
1817 2873 2113 2930 olliciosum

534 2965 802 3020 charitate
824 2964 998 3018 virum
1019 3004 1034 3028 ,
1076 2979 1271 3032 tneque
1310 2965 1651 3020 verecundiae
1681 2964 1989 3018 urbanitate
2028 2979 2114 3018 se~

2217 1762 2538 1819 Nemnribns
2585 1765 2843 1824 consitus.
2880 1765 3092 1837 pascuis
3122 1764 3274 1830 uber,
3311 1764 3418 1818 vini
3457 1780 3567 1818 ιιοιι
3624 1763 3805 1827 ferax,

2218 1871 2326 1925 quo
2352 1855 2465 1910 solo
2493 1858 2755 1911 benelicio
2784 1855 2968 1912 Gallos
2997 1857 3330 1911 admittintus
3358 1857 3630 1921 irrisores,
3663 1856 3808 1926 quod

2219 1961 2383 2001 succo
2411 1949 3045 2022 granorum.lermeutato
3072 1949 3316 2004 coctione
3342 1961 3614 2016 putamur,
3646 1948 3811 2018 quasi

2221 2039 2451 2094 mitioris
2481 2039 2706 2108 liquoris
2735 2052 2952 2110 potores
2981 2041 3232 2095 innoxius
3262 2042 3382 2112 (sic)
3408 2043 3472 2095 ad
3507 2040 3809 2094 Deilaudes

2221 2147 2325 2186 non
2352 2131 2634 2201 cvigilent;
2663 2135 2916 2188 alborum
2949 2133 3328 2204 frugil‘crarum
3351 2135 3508 2207 simul
3533 2136 3809 2190 (διαίνετςί

2221 2223 2436 2292 generis
2465 2222 2670 2278 olerum
2718 2225 2782 2278 ad
2839 2239 2991 2278 usum
3024 2223 3421 2288 famulantium,
3478 2226 3521 2279 si
3566 2226 3806 2286 colatur.

2221 2314 2356 2367 adeo
2384 2312 2576 2369 fertilis
2607 2327 2682 2379 ut,
2717 2313 2761 2368 si
2795 2314 2934 2369 nolis
2963 2329 3254 2382 procurare
3285 2317 3456 2376 utilia,
3478 2314 3611 2368 velis
3641 2314 3811 2374 ttolis,

2220 2405 2373 2474 quasi
2412 2403 2673 2458 desidiam
2737 2404 3059 2457 laberatorts
3111 2419 3373 2473 arguens,
3430 2403 3567 2456 tniro
3621 2404 3807 2456 itere-

2221 2503 2404 2550 mento
2431 2495 2698 2564 grrmiuct
2731 2494 2959 2548 inuida.
2989 2495 3057 2548 At
3087 2503 3344 2564 prmlerea
3372 2503 3478 2546 tam
3505 2493 3762 2546 salubritc
3783 2507 3808 2544 r

2219 2585 2553 2654 spirantibus
2579 2593 2751 2640 ventis
2779 2585 3055 2654 expositus
3087 2595 3144 2638 ut
3175 2583 3353 2639 infecti
3379 2583 3805 2638 crassitudinem

2219 2678 2364 2732 aeris
2390 2678 2504 2731 sive
2541 2679 2879 2740 nebularum,
2915 2692 3049 2746 quas
3084 2678 3248 2731 isdem
3276 2677 3488 2730 exhalat
3522 2675 3809 2736 norivam,

2221 2767 2406 2822 alveus
2437 2770 2713 2823 conlluens
2744 2768 2795 2821 in
2828 2781 2887 2822 se
2917 2766 3188 2838 coagulari
3222 2781 3326 2820 non
3355 2766 3653 2835 permittat.

2297 2859 2359 2912 ΙΙΙ
2403 2889 2456 2898 ——
2479 2859 2660 2916 Ethoc
2682 2873 2811 2912 sane
2838 2869 3078 2927 gratum,
3111 2867 3164 2911 et
3185 2856 3444 2912 imitabile
3462 2867 3627 2927 atque
3659 2858 3717 2908 in
3754 2871 3810 2908 re

2219 2951 2492 3005 insensata
2532 2947 2687 3017 quasi
2728 2949 2905 3002 vivum
2943 2951 3348 3004 documentum.
3395 2948 3572 3001 ιιιιιιιίι
3625 2950 3804 3009 enim,

535 3057 773 3120 dentem,
809 3065 866 3111 ut
892 3056 1048 3111 facile
1074 3057 1258 3112 divino
1287 3058 1518 3126 quodam
1549 3056 1812 3126 pratsagio
1839 3055 2115 3126 prophetiu

2224 3042 2372 3096 velut
2396 3042 2575 3096 divino
2605 3041 2838 3111 quodam
2866 3041 3110 3108 oraculo,
3155 3042 3220 3095 ad
3257 3055 3599 3096 communem
3633 3041 3805 3093 vitam

537 3164 662 3204 cum
716 3149 842 3203 illud
880 3149 1207 3218 pranideres
1257 3150 1308 3203 in
1351 3149 1505 3204 nobis
1539 3148 1881 3219 profuturum
1913 3165 1928 3202 :
1963 3146 2114 3213 Etce,

536 3257 698 3312 quam
748 3242 937 3295 bonum
976 3251 1022 3295 et
1055 3257 1213 3311 quant
1249 3241 1549 3311 jucundum
1578 3240 1818 3295 habitare
1845 3239 2037 3310 fratres
2064 3240 2118 3294 in

539 3333 740 3388 unum!
765 3331 918 3400 Quod
951 3347 1055 3387 non
1083 3340 1203 3403 post
1235 3331 1433 3388 multos
1453 3346 1626 3386 annos
1655 3332 1745 3386 Dei
1779 3332 2116 3401 providentia

537 3425 749 3498 impleri
777 3426 1026 3496 contigit,
1053 3425 1179 3481 dum
1213 3425 1402 3481 ambos
1447 3441 1546 3482 nos
1581 3440 1778 3493 sagena
1809 3424 2117 3479 conversio-

535 3518 625 3573 nis
653 3517 719 3571 ad
747 3525 958 3585 portum
983 3515 1236 3583 cmuobii,
1275 3516 1418 3586 quod
1461 3524 1647 3586 postea
1673 3515 1802 3570 inibi
1835 3514 2114 3570 fundatum

536 3617 646 3673 est,
688 3609 875 3670 traxit,
905 3615 964 3661 ut
998 3607 1048 3662 in
1081 3608 1286 3670 eodem,
1332 3609 1474 3662 sicut
1527 3609 1867 3678 postmodum
1895 3608 2114 3672 claruit,

537 3699 748 3754 subiret
786 3698 961 3751 locum
992 3697 1289 3766 regiminis,
1329 3706 1384 3752 et
1423 3713 1530 3762 me,
1575 3698 1720 3767 quod
1763 3707 1890 3754 ante
1933 3699 2116 3754 multis

537 3791 679 3844 votis
700 3789 1099 3859 cupierat,post
1117 3788 1233 3858 ejus
1261 3791 1548 3845 transitum
1573 3790 1816 3846 Ecclesia
1848 3791 2115 3862 reciperet

538 3885 903 3940 Cuatineusis.

609 3978 674 4032 ll.
708 3976 830 4032 Loci
870 3978 1170 4047 descriptio.
1197 4006 1269 4018 --
1298 3977 1434 4033 Tum
1475 3995 1576 4050 ego
1602 3994 1738 4034 nova
1769 3996 1946 4035 rerum
1981 3981 2116 4036 facie

539 4071 811 4133 curiosus,
842 4086 963 4138 qua:
985 4072 1040 4122 in
1077 4079 1224 4124 tanta
1253 4071 1407 4126 vallis
1434 4072 1788 4144 amplitudine
1819 4073 1989 4129 solers
2019 4091 2116 4128 an-

540 4162 811 4230 tiquorum
857 4177 986 4214 cura
1042 4161 1230 4216 fuisset
1279 4164 1484 4233 aspicio
1517 4203 1532 4230 ,
1578 4165 1867 4220 miseratus
1913 4166 2109 4231 locum,

543 4253 834 4306 miseratus
865 4253 1158 4319 excidium,
1193 4255 1326 4309 nihil
1368 4257 1547 4311 minus
1575 4272 1736 4326 quam
1768 4259 1910 4327 quod
1953 4258 2113 4314 hodie

535 4348 784 4402 videmus
815 4347 1053 4402 futurum
1082 4350 1442 4415 mstimabam.
1486 4354 1784 4422 apparebat
1830 4362 2008 4409 tamen
2048 4370 2112 4411 ex
2155 4389 2197 4444 Β

537 4434 686 4490 facili
723 4437 977 4506 quoniam
1028 4437 1192 4493 fuerit
1235 4440 1349 4493 suis
1398 4436 1586 4495 diebus
1633 4441 1871 4508 celeber,
1906 4445 1958 4498 in
2010 4461 2116 4514 quo

535 4537 687 4583 tanta
711 4528 1092 4585 destructionis
1117 4532 1444 4585 monimenta
1469 4533 1644 4588 adhuc
1669 4537 2111 4592 reservabantur.

537 4620 672 4676 Nam
697 4633 896 4692 quanta
935 4623 1096 4680 fuerit
1121 4625 1392 4694 popularis
1415 4625 1741 4696 frequentia,
1771 4638 2117 4700 quantusque

536 4729 868 4781 concursus,
928 4716 1154 4786 publica:
1220 4728 1382 4786 atque
1444 4719 1648 4788 regales
1709 4721 1810 4774 viae
1861 4722 2116 4791 tttrinque

536 4807 924 4862 convenientes
969 4815 1407 4878 praemonstrant.
1461 4809 1698 4875 Quarum
1761 4811 1850 4864 illa
1909 4827 2029 4880 quae
2083 4829 2111 4867 a

537 4895 728 4954 diﬁ'usa
768 4899 993 4953 orientis
1031 4899 1186 4968 plaga
1231 4902 1296 4954 ad
1329 4915 1428 4954 nos
1455 4915 1625 4969 usque
1657 4901 1929 4972 dirigitur,
1963 4904 2115 4958 alveo

534 4987 924 5044 aubterﬂuente
953 4982 1255 5054 clauditur;
1293 4990 1462 5046 altera
1501 5007 1632 5046 vero
1664 5008 1693 5046 a
1742 4995 1914 5062 pharo
1961 4993 2112 5063 altis-

529 5079 696 5142 simo,
725 5093 847 5148 qua:
876 5079 1068 5134 domus
1097 5070 1224 5133 olim
1258 5081 1557 5148 specularia
1589 5081 1640 5134 in
1663 5082 1888 5136 hiberna
1916 5083 2116 5138 Roma-

536 5163 727 5221 norum
782 5168 1083 5233 dicebatur,
1137 5167 1393 5224 Bononia:
1461 5163 1616 5226 muro
1684 5174 1983 5243 contigua,
2045 5174 2113 5228 ad

2221 3141 2630 3191 concurrentes.
2677 3130 2761 3184 his
2809 3133 2988 3185 causis
3035 3129 3325 3200 propositis
3376 3129 3444 3184 ad
3475 3137 3800 3198 provectum

2219 3221 2417 3276 debere
2439 3220 2742 3288 informari,
2770 3230 2855 3286 ιιι,
2881 3237 3092 3275 summo
3117 3219 3802 3281 videlicetexerciiiiculti,

2221 3316 2288 3370 ad
2342 3325 2531 3371 sancta
2564 3315 2802 3381 ,vivendi
2855 3314 3028 3370 studia
3061 3314 3414 3384 laboremus,
3453 3330 3523 3368 ne
3561 3315 3801 3383 quando,

2218 3405 2360 3474 quod
2391 3404 2572 3459 absitl
2608 3405 2732 3460 boni
2772 3404 3032 3474 propositi
3064 3404 3264 3459 cultum
3286 3404 3625 3470 deserentes,
3653 3403 3802 3457 inde-

2221 3511 2378 3551 cores
2429 3508 2627 3552 nostra:
2675 3495 3026 3566 professionis
3067 3504 3423 3567 prorumpant
3450 3497 3676 3559 abusus,
3708 3497 3800 3563 qui

2217 3587 2381 3642 vitam
2413 3588 2670 3643 eminenti
2701 3603 2829 3642 arce
2872 3588 3069 3642 mentis
3101 3588 3284 3656 copias
3330 3586 3496 3641 semel
3527 3586 3801 3655 congessi-

2218 3694 2357 3741 mus,
2415 3679 2504 3733 ubt
2561 3678 2852 3734 nebulosas
2885 3677 3064 3734 saeculi
3097 3675 3254 3748 hujus
3301 3677 3522 3732 umbras
3580 3677 3700 3730 dies
3746 3677 3798 3728 in

2218 3771 2464 3826 occiduis
2515 3771 2809 3825 salubriter
2860 3769 3134 3840 aspirans,
3187 3769 3242 3824 in
3287 3782 3545 3824 occasum
3585 3781 3800 3837 semper

2218 3860 2505 3928 demergit.
2543 3859 2776 3915 Umbras
2811 3859 3063 3925 dixerim,
3096 3857 3392 3929 utquidam
3434 3856 3592 3911 velox
3625 3856 3692 3909 ad
3720 3857 3799 3908 lu—

2215 3949 2437 4021 giendas
2469 3950 2770 4021 hujusmodi
2802 3950 3070 4010 tenebras,
3097 3963 3457 4020 quaecunque,
3485 3947 3582 4006 ait.
3614 3947 3668 4000 in
3700 3948 3798 4000 hoc

2217 4040 2414 4096 saeculo
2463 4057 2654 4110 magna
2714 4041 2988 4106 videntur,
3041 4039 3232 4096 umbra
3265 4039 3346 4092 vel
3387 4041 3597 4092 somn'a
3635 4037 3800 4106 depu-

2215 4133 2377 4188 tanda
2410 4141 2554 4185 sunt.
2587 4130 2936 4186 Pulehritudo
2973 4131 3180 4185 scilicet
3228 4130 3496 4199 corporis,
3533 4128 3796 4197 sapientia

2217 4221 2538 4281 litterarum.
2598 4221 2763 4274 robur
2795 4221 3186 4284 membrorum,
3230 4217 3413 4273 infula:
3451 4217 3793 4286 dignitatum,

2218 4311 2370 4381 regni
2412 4309 2677 4378 potentia,
2711 4310 2823 4364 haec
2854 4309 2919 4362 ad
2949 4309 3411 4378 comparationem
3444 4305 3588 4359 illius
3610 4303 3795 4359 retenti

2223 4400 2349 4464 diei,
2374 4401 2576 4455 umbra:
2605 4409 2659 4453 et
2693 4401 2904 4454 somnia
2941 4389 3384 4468 comprobantur.

2291 4490 2662 4556 lV.—Quare
2698 4489 2836 4544 intra
2862 4498 3040 4544 castra
3077 4489 3365 4553 Ecclesiae,
3401 4487 3455 4543 in
3483 4486 3674 4541 militia
3706 4501 3797 4539 no-

2220 4581 2383 4635 minis
2409 4579 2714 4650 apostolici,
2751 4581 2894 4648 quod
2925 4581 3102 4649 primo
3133 4579 3418 4650 procinctu
3459 4578 3515 4632 in
3549 4587 3665 4632 toto
3690 4591 3796 4630 ma-

2219 4673 2399 4728 ritima
2431 4672 2650 4744 regione
2682 4689 2779 4728 nos
2806 4673 3005 4731 Christi
3034 4687 3297 4743 pauperes
3320 4673 3398 4743 (5)
3427 4673 3689 4736 initiavit,
3723 4672 3794 4725 ita

2216 4761 2624 4817 vivendum'est
2647 4801 2660 4824 ,
2698 4773 2757 4816 ut
2785 4763 2952 4817 vincti
2981 4763 3264 4818 charitatis
3292 4763 3526 4818 vinculis
3549 4803 3564 4828 ,
3595 4777 3794 4833 prepa-

2219 4851 2320 4904 rati
2371 4851 2536 4919 pedes
2583 4852 2634 4904 in
2686 4850 3030 4920 Evangelium
3081 4853 3263 4920 pacis,
3311 4852 3508 4907 stricto
3542 4865 3792 4906 mucrone

2219 4941 2474 5008 spiritus,
2521 4941 2588 4994 ad
2634 4940 2983 4996 debellandos
3032 4956 3221 4996 aereas
3277 4952 3614 5011 potestates,
3664 4942 3790 4995 alios

2219 5029 2414 5084 blanda
2459 5031 2918 5096 commonitioue,
2981 5032 3116 5087 alios
3171 5033 3362 5086 durius
3419 5017 3788 5103 increpando.

2217 5121 2462 5189 exemplo
2499 5119 2623 5172 vita:
2673 5129 2727 5173 et
2777 5122 2946 5174 verbo
2993 5131 3152 5189 atque
3185 5120 3238 5174 in
3287 5122 3514 5176 civitate
3554 5137 3788 5177 comma-

2217 5212 2379 5266 nendi
2399 5251 2415 5278 ,
2445 5211 2498 5265 in
2531 5212 2680 5266 omni
2710 5211 2831 5267 loco
2870 5213 3045 5268 bonus
3072 5213 3206 5267 odor
3240 5212 3336 5268 Dei
3366 5228 3581 5282 seraper
3619 5228 3790 5267 emen-
