4006 5282
276 344 413 407 1317

1419 338 1812 397 CllllONlCON
1846 337 2277 395 “armasse.

3376 334 3510 390 1618

270 470 532 522 datiorem
571 464 733 519 vitam
766 462 1016 517 omnibus
1064 461 1370 525 oﬂ'erendo,
1402 475 1524 515 cum
1552 462 1715 514 etiam
1763 462 1829 513 iis
1858 465 1901 519 Α
1932 460 2147 528 irrigata
2195 455 2527 527 puerei-ens,
2577 456 2627 509 iu
2674 455 2864 510 horum
2910 454 3055 508 nullo
3102 454 3299 507 mansit
3349 454 3511 505 ﬁxus.

270 556 465 612 similia
497 556 725 625 posteris
771 553 838 609 ad
868 554 1185 607 memoriam
1220 553 1638 607 transmittendo
1662 593 1677 616 ,
1732 569 1835 607 non

270 650 443 705 solum
474 648 573 703 dici
597 664 611 713 ;
643 648 734 703 sed
759 646 880 716 jure
909 646 1251 701 hereditario
1278 646 1496 711 Batavi,
1524 648 1675 716 quasi
1710 648 1843 700 beati

266 742 351 794 avi
402 739 703 794 hreredibus
748 738 1034 807 primitivze
1068 739 1377 806 apostolica:
1414 739 1843 792 conversationis

269 847 388 887 esse
431 831 716 901 possimus.
760 830 826 884 Et
875 837 932 882 ut
978 830 1337 892 scholastice,
1388 830 1839 898 quemadmodum

272 922 419 975 inter
476 921 709 975 scientes
774 918 1182 989 applaudendo,
1234 918 1488 987 quiddam
1556 916 1844 971 verisimile

271 1008 602 1063 subinferam
626 1049 641 1073 ,
676 1022 742 1062 ne
790 1008 1051 1061 infertiles
1101 1008 1197 1077 ipsi
1249 1008 1473 1061 arbores
1508 1006 1574 1059 ad
1613 1006 1839 1059 aliorum

270 1101 439 1154 simus
471 1109 817 1169 provectum;
868 1113 967 1153 nos
1015 1099 1192 1153 forsan
1227 1098 1404 1152 adhuc
1432 1098 1683 1151 absentes
1711 1113 1839 1165 pen-

268 1190 394 1244 dula
426 1191 509 1245 his
543 1190 825 1244 arboribus
855 1205 1011 1259 poma
1041 1189 1351 1254 manebant,
1383 1188 1479 1258 ipsi
1516 1202 1614 1241 nos
1642 1185 1838 1252 fontes,

271 1284 373 1352 ipsi
400 1298 499 1337 nos
525 1291 753 1348 montes,
781 1282 896 1352 ipsa
928 1282 1029 1335 hoc
1060 1282 1279 1335 arbusta
1310 1280 1593 1333 notabant.

342 1372 405 1426 ν.
447 1371 523 1425 De
559 1371 837 1439 fundatore
884 1370 1100 1424 coenobii
1133 1369 1473 1423 Watinensis.
1500 1368 1710 1423 —.Jam
1747 1368 1843 1420 ali-

267 1461 585 1529 quantulum
618 1460 945 1531 digrediendi
996 1461 1114 1514 usui
1160 1470 1345 1514 nostro
1374 1470 1531 1529 prout
1561 1461 1844 1513 videbatur

268 1553 636 1607 necessarium
674 1554 965 1616 immorati,
996 1554 1167 1623 ipsum
1193 1554 1423 1608 cmnobii
1456 1554 1623 1607 nostri
1652 1554 1839 1607 funda.

271 1652 441 1697 torem
459 1682 473 1706 ,
512 1657 671 1711 quem
701 1642 881 1696 divina
911 1642 1281 1707 miseratione,
1303 1642 1381 1697 sic
1408 1651 1587 1697 actum
1614 1644 1843 1697 arbitra-

269 1748 416 1797 mur,
439 1734 506 1787 ab
526 1733 806 1788 orientalis
818 1734 1083 1788 Flandrize
1108 1734 1370 1803 partibus,
1394 1735 1458 1787 ad
1486 1746 1842 1788 memoratum

267 1820 557 1875 destinavit
601 1822 813 1877 mittere
861 1822 1037 1877 locum
1087 1824 1139 1876 in
1166 1836 1302 1891 opus
1352 1822 1468 1884 Dei,
1498 1823 1563 1875 ad
1611 1823 1844 1876 medium

268 1911 665 1980 producamus,
710 1922 768 1966 ut
824 1927 930 1967 non
982 1912 1139 1966 modo
1175 1913 1448 1966 exteriora
1498 1911 1844 1966 fundamenta

264 2000 463 2070 jaciat;
504 2015 693 2055 verum
724 2002 776 2055 in
820 2002 1046 2056 aedilicio
1077 2001 1338 2070 spirituali
1368 2002 1520 2055 vivos
1552 2005 1859 2057 sanctuarii

270 2087 505 2157 lapides,
542 2098 599 2142 ut
647 2091 864 2158 sapiens
914 2092 1280 2155 architectus,
1330 2092 1492 2160 polite
1538 2103 1843 2161 componat.

273 2177 405 2232 Erat
448 2178 495 2231 is
541 2179 804 2248 religiosa:
843 2181 964 2234 vitae
1003 2180 1265 2244 clericus,
1299 2181 1489 2236 ordine
1528 2182 1846 2235 sacerdotali

272 2269 586 2333 decoratus,
605 2270 797 2339 dignus
820 2286 923 2323 non
956 2272 1273 2341 simpliciter
1298 2272 1401 2325 dici
1428 2272 1658 2327 domnus
1681 2272 1847 2327 Otfri-

273 2360 374 2412 dus
398 2399 413 2422 ,
447 2359 751 2414 litteratura
791 2361 1033 2415 saeculari
1086 2377 1149 2415 ac
1177 2361 1479 2415 divinorum
1516 2371 1621 2416 tam
1648 2378 1849 2417 conve-

271 2447 489 2501 nienter
549 2449 869 2511 instructus,
919 2458 977 2503 ut
1032 2459 1231 2518 printer
1281 2465 1416 2518 quos
1468 2454 1851 2521 grammaticos

273 2537 639 2605 appellamus,
670 2539 721 2592 in
749 2538 902 2593 libris
930 2540 1128 2594 divinis
1158 2540 1313 2594 abeo
1337 2542 1477 2609 apud
1506 2557 1604 2596 nos
1648 2543 1851 2597 relictis

278 2623 579 2682 luculenter
598 2640 874 2699 appareat,
890 2645 1052 2699 quam
1076 2630 1303 2701 diligens
1315 2646 1501 2685 eorum
1517 2634 1853 2688 examinator

274 2717 457 2784 fuerit,
488 2719 614 2773 dum
642 2722 790 2775 omni
818 2735 914 2776 eos
941 2736 1139 2790 genere
1163 2722 1569 2777 distinctionum
1600 2725 1666 2777 ad
1692 2724 1852 2778 intel-

273 2810 513 2879 ligentiae
564 2811 919 2879 famulatum,
989 2821 1147 2881 prout
1197 2814 1353 2875 inter,
1384 2814 1738 2870 scholasticos
1785 2818 1855 2871 de

274 2903 572 2972 Scripturis
619 2904 825 2958 sanctis
870 2905 1107 2967 audivit,
1142 2906 1391 2975 gnaviter
1439 2905 1691 2975 explevit.
1746 2906 1852 2961 Sed

275 2992 504 3047 forsitan
553 2994 748 3063 aliquis
798 3003 852 3049 tu
885 2996 1109 3064 cupidus
1155 2995 1337 3050 dicere
1374 2996 1457 3051 vel
1485 2996 1675 3050 audire
1723 2997 1853 3066 quid

273 3085 439 3149 novi,
492 3084 801 3140 remordeas
826 3124 841 3149 ,
877 3093 931 3139 et
965 3084 1107 3153 quod
1143 3085 1535 3154 pinxeritnon
1581 3100 1712 3150 sua,
1763 3101 1848 3139 me

275 3177 480 3231 dixisse
505 3178 869 3246 reprehendas
898 3195 910 3230 ε
938 3179 1165 3247 teipsum
1190 3179 1241 3231 in
1272 3178 1376 3241 hoc.
1390 3179 1676 3234 convenio.
1705 3178 1845 3246 Quid

284 3268 439 3322 enim
475 3268 641 3323 habes
675 3268 814 3337 quod
840 3283 946 3321 non
976 3267 1263 3336 accepisti?
1307 3275 1401 3321 aut
1424 3282 1529 3321 non
1557 3278 1683 3322 sunt
1707 3284 1853 3338 qumv

279 3358 445 3413 renda
471 3357 539 3410 ab
566 3358 644 3412 eis
664 3358 976 3412 abscondita
1007 3357 1410 3425 Scripturarum
1434 3358 1524 3428 qui
1548 3357 1641 3411 Dei
1666 3358 1853 3412 volun-

288 3459 457 3503 tatem
502 3448 699 3502 mcntis
734 3448 981 3502 acumine
1025 3448 1254 3503 vicinius
1295 3448 1751 3519 contemplantur?
1784 3465 1851 3503 an

282 3552 391 3593 non
420 3551 605 3593 eorum
632 3538 906 3607 sequenda
950 3537 1171 3607 vestigia
1192 3579 1207 3604 ,
1238 3538 1434 3608 quibus
1483 3539 1663 3593 divina
1704 3539 1854 3593 testi—

280 3629 465 3685 monia
516 3630 884 3684 scrutantibus
931 3630 1167 3685 revelata
1212 3628 1517 3684 sunt?Non
1566 3631 1688 3684 dico
1711 3630 1854 3698 quod

281 3719 557 3788 ingenium
588 3728 795 3773 tantum
824 3720 939 3773 sine
962 3720 1177 3774 doctore
1207 3734 1309 3773 non
1336 3721 1405 3773 sit
1434 3719 1731 3786 laudabile;
1761 3722 1853 3791 sed

281 3810 428 3877 quod
452 3819 533 3865 est
573 3810 944 3880 inspirationis
972 3821 1027 3865 et
1064 3811 1252 3881 gratiae
1282 3829 1295 3864 :
1328 3812 1421 3865 sed
1465 3811 1593 3864 dum
1634 3814 1851 3881 quidam

282 3900 435 3953 scioli
466 3900 720 3955 conclave
766 3901 1117 3971 philosophia:
1152 3902 1304 3970 quasi
1336 3916 1433 3972 per
1459 3902 1625 3955 rimas
1657 3902 1855 3957 tenuis-

283 3988 422 4043 sime
490 3990 961 4060 introspexerunt,
1016 3992 1394 4062 vilipendenda
1450 3990 1747 4061 diiudicant
1825 4009 1856 4048 a

286 4080 599 4136 doctoribus
647 4083 893 4145 collecta,
928 4084 1028 4137 nisi
1078 4082 1387 4138 academico
1415 4099 1607 4154 sapore
1654 4083 1859 4139 fuerint

286 4172 526 4227 condita.
554 4171 699 4240 Quos
743 4173 921 4241 potius
967 4173 1220 4227 ridendos
1265 4174 1583 4238 addixerim,
1616 4173 1707 4243 qui
1761 4188 1862 4244 per

210 4276 221 4287 '
285 4260 676 4316 oblectamenta
706 4261 931 4315 fallacia:
956 4262 1126 4330 magis
1151 4272 1409 4331 appetunt
1437 4263 1662 4330 garrire,
1696 4277 1859 4331 quam

289 4356 461 4409 sancti
495 4354 729 4424 Spiritus
761 4354 996 4423 organis,
1023 4355 1261 4408 virorum
1300 4355 1549 4409 videlicet
1572 4354 1859 4409 illustrium

1945 550 2213 603 Caeterum
2257 548 2631 616 opinatissima
2671 561 2830 614 quam
2859 544 3033 614 potuit
3068 542 3345 597 canonica:
3368 542 3513 598 insti-
3544 586 3547 589 ς

1950 640 2169 693 tutionis
2222 639 2579 706 undecunque
2626 638 2876 704 decerpta
2931 635 3126 688 mentis
3178 634 3231 687 in
3281 632 3516 687 alvcario

1944 727 2189 797 collegit,
2240 736 2299 781 ut
2347 728 2399 781 in
2449 728 2706 780 horreum
2750 734 2949 779 sauctm
3002 724 3253 777 Ecclesiae
3310 736 3517 777 messor

1946 819 2161 871 divinus
2192 816 2499 880 conferret,
2530 830 2650 884 qua:
2680 828 2860 869 secum
2890 815 2941 867 in
2973 814 3162 867 tritura
3192 812 3545 875 lahoratnris

1945 919 2097 977 grato
2148 916 2302 976 pastu
2350 907 2555 960 cibaria
2587 906 2943 974 dispensarct.
2995 902 3221 957 Veniens
3262 904 3423 970 igitur
3453 904 3520 958 ad

1944 998 2268 1066 descriptum
2318 997 2493 1049 locum
2521 1034 2536 1059 ,
2568 995 2724 1064 quasi
2759 1004 2975 1063 peracto
3023 993 3274 1047 currendi
3322 994 3519 1058 stadio,

1943 1087 2188 1141 bravium
2223 1088 2409 1156 agonis
2448 1094 2767 1156 accepturus
2795 1105 2806 1138 :
2842 1084 3113 1154 speculata
3147 1084 3401 1139 silvarum
3432 1099 3520 1137 so-

1946 1177 2203 1240 litudine,
2235 1186 2417 1246 aptum
2449 1176 2657 1246 private
2695 1176 2907 1229 vivendi
2955 1173 3023 1227 ab
3059 1174 3519 1241 iuopportunitato

1944 1265 2355 1319 discurrentium
2384 1276 2535 1320 ratus
2553 1275 2636 1319 est
2660 1264 2760 1319 sibi
2780 1263 3045 1333 reperisse
3065 1262 3367 1317 latibulum.
3409 1262 3519 1319 Re-

1943 1357 2294 1424 plicattamen
2312 1356 2533 1424 provide
2550 1356 2712 1419 vices,
2735 1356 2876 1408 velut
2894 1353 3176 1423 perspicax
3205 1354 3255 1406 in
3282 1352 3518 1407 futurum

1944 1442 2157 1496 vivendi
2188 1444 2452 1511 provisor,
2499 1454 2553 1496 et
2583 1443 2738 1511 quasi
2784 1443 2894 1496 ales
2934 1442 3044 1508 jam
3091 1441 3263 1494 vicina
3297 1442 3511 1510 partui,

1946 1532 2035 1584 uhi
2070 1541 2179 1585 tuta
2217 1530 2413 1584 cubilia
2447 1541 2612 1601 ponat
2637 1531 2895 1595 sollicita,
2927 1530 3055 1584 hinc
3086 1540 3365 1584 ventorum
3401 1538 3518 1583 tur-

1945 1621 2119 1686 bincs,
2148 1620 2269 1673 inde
2295 1622 2579 1673 milvorum
2612 1620 2921 1691 ingluviem,
2942 1621 3069 1673 hinc
3090 1620 3292 1687 trepida
3320 1620 3521 1689 cogitat

1947 1726 2013 1765 an
2060 1726 2220 1781 grues
2264 1711 2479 1765 tandem
2529 1712 2693 1764 ardua
2749 1711 2993 1764 tremulis
3043 1712 3093 1764 in
3148 1711 3313 1765 ramis
3360 1711 3525 1765 anxie

1880 1806 1921 1860 Β
1948 1803 2124 1873 placet
2152 1803 2393 1856 frondea.
2430 1804 2503 1856 Ita
2539 1805 2729 1857 creLra
2762 1802 3073 1857 visitatione
3104 1818 3207 1856 non
3237 1802 3403 1855 semel
3430 1810 3523 1855 aut

1948 1893 2031 1947 bis
2060 1892 2335 1946 redeundo
2382 1893 2643 1955 satiatus,
2673 1906 2807 1960 quos
2836 1891 2949 1960 jam
2996 1891 3049 1945 in
3097 1906 3191 1959 spe
3218 1892 3525 1958 parturiens

1948 1982 2049 2035 sibi
2086 1982 2283 2036 sociari
2316 1982 2699 2047 meditabatur,
2740 1980 2973 2034 ﬁliorum
3014 1978 3415 2033 mansiunculas
3440 1994 3523 2033 so-

1951 2069 2072 2123 lerti
2104 2071 2422 2124 curiositate
2450 2070 2782 2136 providebat,
2815 2084 2880 2122 ne
2910 2076 3057 2121 tanta
3088 2068 3188 2121 loci
3222 2067 3519 2121 commodia

1954 2170 2064 2214 tate
2094 2160 2472 2230 quoqbomodo
2504 2160 2861 2215 frustraretur

2020 2270 2130 2325 VII.
2173 2269 2366 2323 Locum
2414 2288 2444 2323 a
2485 2269 2756 2339 Bergensis
2791 2269 3092 2322 monasterii
3132 2269 3263 2338 jugo
3312 2266 3525 2322 liberari

1952 2371 2121 2413 curat.
2148 2388 2217 2399 —-
2239 2359 2344 2413 Sed
2377 2374 2501 2427 quia
2534 2358 2817 2428 Bergensis
2858 2358 3174 2412 monasterii
3224 2358 3525 2413 membrum

1954 2450 2003 2503 id
2025 2462 2145 2504 esse
2165 2448 2537 2519 depreheniii,
2553 2449 2617 2499 ad
2642 2448 2925 2517 quemdam
2952 2446 3209 2514 majorem
3234 2448 3527 2517 provinciae

1953 2541 2149 2605 virum,
2182 2540 2434 2607 principii
2485 2538 2655 2591 nostri
2678 2548 2739 2598 ,et
2773 2552 2834 2590 re
2872 2548 2928 2591 et
2966 2538 3181 2591 nomine
3232 2536 3387 2605 quasi
3434 2552 3524 2606 pa-

1955 2643 2091 2688 trem
2138 2632 2213 2697 A,
2246 2633 2332 2686 cui
2367 2648 2518 2702 teque
2561 2632 2784 2688 honesta
2835 2643 2953 2687 erat
3008 2642 3286 2698 matrona,
3333 2643 3388 2688 et
3414 2634 3551 2688 hiec-

1955 2733 2151 2777 nostrrc
2197 2724 2516 2790 creationis,
2566 2732 2625 2776 ut
2654 2724 2729 2777 ita
2783 2722 2985 2789 dicam,
3017 2723 3242 2779 fecunda
3275 2724 3526 2794 genitrix,
3614 2720 3617 2723 ⁷

1956 2814 2160 2868 scilicet
2184 2812 2489 2881 hujusmodi
2516 2815 2801 2869 concilium
2830 2831 2925 2884 per
2951 2830 3009 2869 se
3032 2815 3300 2870 ferrOnon
3325 2816 3529 2876 valens.

1956 2902 2167 2967 detulit,
2192 2912 2247 2955 et
2271 2903 2399 2973 quid
2424 2903 2476 2956 in
2507 2904 2815 2972 supradicta
2841 2914 2949 2957 tam
2977 2912 3205 2972 angusta
3231 2903 3356 2957 olim
3380 2904 3529 2967 sedc,

1956 2994 2000 3047 si
2049 2994 2100 3046 in
2134 3009 2227 3047 sua
2261 2992 2497 3059 cederet,
2531 2994 2647 3048 ﬁeri
2696 2994 3049 3049 deliberasset
3092 2994 3324 3064 aperuit.
3355 2993 3529 3047 Parva

1958 3085 2151 3141 ﬁducia
2193 3100 2258 3139 ne
2288 3086 2343 3140 id
2385 3096 2541 3155 putas
2574 3102 2765 3154 ausus,
2809 3096 2867 3141 ut
2896 3087 3167 3141 hominem
3214 3086 3368 3155 quasi
3413 3086 3529 3140 belo

1953 3174 2094 3228 luina
2148 3174 2295 3227 rabie
2359 3172 2734 3238 freudentem,
2802 3175 2999 3241 ubique
3060 3189 3331 3242 nequam,
3388 3172 3535 3227 fama

1958 3266 2231 3336 cognitum
2259 3306 2273 3329 ,
2304 3264 2533 3329 elatum,
2566 3264 3009 3334 incompositum,
3043 3264 3159 3318 sine
3204 3262 3489 3325 affectione
3514 3302 3531 3317 .

1954 3357 2169 3426 ignotus
2208 3357 2448 3425 ignotum
2486 3355 2695 3409 adiret?
2740 3356 2821 3409 An
2851 3357 2993 3425 quod
3039 3370 3144 3410 non
3188 3357 3440 3410 crederes
3476 3356 3553 3409 in.

1957 3448 2137 3516 aliquo
2161 3457 2254 3500 aut
2280 3447 2382 3502 alia
2410 3446 2709 3516 huiusmodi
2740 3449 3035 3517 parandum
3072 3448 3163 3501 tibi
3195 3462 3348 3514 posse
3370 3461 3531 3503 man-

1955 3550 2226 3609 suescere,
2251 3536 2541 3591 multorum
2566 3536 2774 3591 catenis
2800 3535 3141 3605 punitcrem?
3167 3535 3270 3605 Sed
3301 3535 3536 3592 audebat

1954 3626 2154 3695 plane,
2203 3637 2259 3681 et
2325 3629 2521 3682 bonam
2561 3628 2919 3686 voluntatem
2991 3627 3226 3681 habebat
3281 3628 3534 3682 timorem

1957 3717 2169 3773 Domini
2218 3716 2519 3771 istiusmodi
2575 3717 2884 3775 hominibus
2931 3716 3186 3781 suadere,
3236 3717 3534 3787 corripere.

1957 3809 2150 3863 docere
2182 3807 2235 3862 in
2263 3808 2408 3861 omni
2439 3808 2706 3872 doctrina,
2733 3807 3000 3877 perfectos
3032 3809 3277 3872 reddere,
3307 3810 3539 3863 utrmiti-

1955 3904 2111 3967 garet
2135 3910 2229 3950 eos
2273 3910 2303 3950 a
2334 3896 2523 3952 diebus
2576 3896 2753 3951 malis.
2803 3896 2949 3952 Juvit
2997 3898 3049 3951 in
3098 3898 3199 3951 hoc
3242 3898 3415 3966 ipsum
3442 3898 3537 3966 qui

1959 3981 2412 4053 mterentium(5)
2444 3983 2537 4038 dat
2580 3983 2722 4037 Deus
2768 3985 3036 4038 suscitare
3083 3984 3248 4038 lilium
3307 3984 3539 4053 Abrahm

1960 4073 2111 4142 quasi
2160 4074 2339 4127 vivum
2388 4074 2453 4126 de
2497 4074 2694 4143 lapide.
2724 4074 2854 4127 Nam
2908 4075 3034 4128 licet
3080 4074 3298 4144 impune
3342 4078 3542 4131 multos

1961 4161 2248 4230 exquisitis
2287 4161 2509 4215 malitiis
2556 4177 2622 4215 ex
2670 4162 3065 4218 consuetudine
3120 4164 3371 4228 nocendi,
3416 4165 3535 4218 sine

1962 4251 2331 4304 misericordia
2362 4265 2500 4317 saepe
2526 4250 2827 4314 multasset,
2864 4251 2960 4307 sed
2985 4252 3037 4306 in
3084 4252 3188 4306 hoc
3214 4252 3535 4317 laudandus,

1962 4338 2104 4408 quod
2137 4354 2256 4392 cum
2286 4354 2466 4393 rarum
2492 4339 2645 4393 valde
2666 4340 2736 4394 sit
2760 4342 2995 4410 cognitu,
3016 4342 3083 4395 ad
3113 4342 3161 4394 id
3187 4356 3356 4409 usque
3380 4342 3546 4397 alicui

288 4445 639 4498 documentis
665 4444 941 4498 obaudire.
972 4443 1150 4508 Quare
1196 4453 1349 4498 tanto
1397 4445 1689 4514 majoribus
1736 4458 1859 4498 eum
1894 4444 2088 4517 Deum
2140 4427 2224 4480 νει
2259 4428 2578 4517 ηθοθεείίθεθ
2618 4429 2844 4498 Ρθιίθηῑί
2892 4428 2946 4482 ί¹¹
2995 4430 3206 4484 ωοάῖεο
3252 4429 3543 4499 aliquam!"

290 4533 587 4601 disciplina:
623 4534 777 4588 bonis
813 4534 952 4585 inter
972 4548 1071 4587 nos
1100 4533 1227 4587 dum
1257 4534 1391 4586 vixit
1418 4534 1693 4587 abundare
1721 4535 1856 4587 vidi-

292 4639 447 4685 mus,
478 4632 680 4693 qnanto
728 4639 833 4677 non
864 4624 1079 4676 inventa
1106 4633 1198 4677 aut
1226 4623 1348 4677 ﬁcta
1392 4639 1487 4693 per
1528 4639 1586 4678 se
1628 4624 1860 4677 humana

293 4714 643 4780 persuasione
693 4727 899 4767 morum
948 4714 1305 4767 instrumenta
1352 4714 1614 4783 palliavit.
1664 4713 1860 4767 Verum

295 4805 586 4858 secundum
608 4803 986 4879 auctoritatem
1010 4804 1112 4859 SS.
1140 4804 1362 4859 Patrum
1390 4806 1638 4877 religiose
1676 4805 1864 4859 vivens

294 4892 512 4946 enituit.
1467 4884 1473 4889 ’

375 4979 456 5034 γι.
482 4982 706 5037 Diversis
734 4981 974 5035 cceuobiis
999 4982 1285 5052 peragratis
1308 4981 1577 5040 Watinum
1607 4982 1864 5054 prteelegit

298 5071 898 5137 fundatam—Accedit
946 5074 1015 5125 ad
1061 5076 1185 5136 hoc,
1216 5072 1358 5140 quod
1404 5075 1529 5131 vita:
1574 5074 1868 5143 superioris

298 5176 481 5215 amore
540 5164 746 5217 diversa
793 5162 1181 5217 coenobitarum
1230 5163 1535 5221 habitacula
1596 5165 1869 5220 laborioso

304 5253 520 5274 -Ξ-...-ει--
570 5255 693 5274 -'-.sn
740 5250 823 5274 -.ί-α
865 5250 1095 5274 ΑλκεκιοΑθ

1965 4517 2346 4582 succurrisse,
2397 4516 2711 4585 praedictum
2761 4526 2968 4570 tantum
3033 4518 3309 4588 religionis
3356 4520 3533 4579 virum
3592 4518 3595 4519 ⁷

1964 4606 2139 4675 primo
2172 4605 2319 4659 aditu
2378 4606 2605 4660 honeste
2651 4606 2908 4674 suscepit,
2954 4608 3239 4676 diligenter
3283 4609 3534 4673 audivit,

1964 4706 2252 4749 veneratus
2281 4704 2363 4751 est
2384 4736 2399 4757 ,
2443 4703 2498 4749 et
2524 4697 2678 4751 nobis
2705 4696 2876 4766 ipsius
2905 4698 3119 4751 horzaiu
3151 4713 3238 4752 res
3261 4738 3275 4763 ,
3329 4711 3503 4755 terras
3527 4686 3549 4763 ,l
3602 4696 3608 4707 ⁸

1966 4784 2275 4855 pecuniam,
2305 4794 2654 4851 ornamenta,
2684 4800 2741 4840 se
2779 4784 3001 4854 insuper
3047 4787 3218 4854 ipsum
3264 4802 3378 4857 prce
3425 4778 3551 4843 om-I

1966 4875 2126 4931 nibus
2172 4874 2237 4927 ad
2284 4874 2628 4928 serviendum
2678 4876 2973 4932 benevolus
3012 4876 3279 4932 exhibuit.
3314 4878 3556 4933 Tantum

1968 4961 2161 5017 Olfridi
2208 4961 2335 5015 lima
2382 4965 2653 5019 sermonis
2690 4962 2930 5030 evaluit,
2960 4979 3079 5035 qua;
3114 4966 3297 5019 mitem
3326 4968 3391 5021 de
3433 4983 3531 5021 cru

1970 5052 2099 5115 deli,
2128 5051 2193 5104 de
2234 5051 2408 5105 inutili
2453 5050 2746 5121 frugalem,
2775 5053 3059 5127 increpata
3096 5052 3294 5107 duritie
3317 5058 3541 5124 pravita-

1970 5156 2080 5199 tem
2111 5140 2351 5194 rodendo
2397 5140 2661 5210 paulatim
2706 5145 3110 5215 exsculpserat.
3140 5140 3235 5195 Hic
3282 5158 3413 5213 ergo
3440 5156 3566 5197 cum

2959 5250 3070 5268 eum
3122 5232 3439 5266 ἶΙ-ηηῖηηηιη
3480 5234 3560 5264 [αἱ

1970 5236 2017 5274 ni
2028 5248 2090 5272 ne
2135 5231 2244 5272 (loci
2255 5231 2364 5272 «lori
2374 5248 2461 5270 um
2511 5237 2737 5270 nmmum:
2748 5252 2769 5268 ε
2779 5244 2859 5268 cna
