4006 5282
431 257 570 314 1519
1430 237 1728 296 ΕΒΒᾹΒΟΙ
1773 231 2030 290 WATINI

2136 230 2207 286 .IS
2244 226 2560 284 CANONICI

3556 221 3582 272 I
3593 218 3706 274 520

430 382 601 427 totum
646 381 708 424 se
749 365 876 420 huic
906 361 1121 433 negotio
1156 353 1455 426 impendit,
1501 367 1609 421 quo
1646 349 1815 404 isdem
1862 347 2012 402 locus
2041 351 2089 406 Α
2114 341 2370 398 humilem
2400 344 2830 398 sustentaverat,
2859 335 3130 390 inﬁrmam
3159 335 3446 410 refecerat,
3488 349 3709 403 parum-

428 473 551 515 cum
578 455 774 512 annuis
811 453 1071 509 reditibus
1113 462 1249 518 quos
1296 442 1659 514 Bergensibus
1688 437 1900 492 solvere
1925 451 2016 490 so-

431 551 608 615 lebat,
655 545 891 603 libertati
923 543 1341 598 condonaretur.
1370 534 1522 602 Quod
1551 534 1649 587 hac
1697 530 1972 586 molitione
1998 568 2013 592 ,

431 644 574 699 sicut
615 649 735 698 erat
778 636 1126 709 ingeniosus,
1156 629 1528 686 admonitione
1564 622 1806 694 praedicti
1833 621 2012 690 proviv

432 735 575 791 seris
598 731 788 792 nostri,
821 729 1024 784 indicta
1055 722 1450 783 taciturnitate,
1477 727 1666 772 cautos
1687 713 1887 768 ail‘ecit.

505 822 635 878 VIII.
667 819 947 875 Ricltarius
979 815 1262 868 canonicos
1296 809 1632 869 Morinensis,
1666 803 2017 859 consentiente

437 914 696 984 episcopo,
711 909 853 964 dedit
869 907 1036 961 altare
1050 903 1498 972 Ledringelien.-—
1512 897 1617 952 Sed
1633 911 1729 949 nos
1745 893 2016 948 neminem

437 981 610 1059 latere
641 1000 886 1054 volentes
907 1037 922 1062 ,
953 1005 1063 1049 tam
1095 991 1401 1048 nolentibus
1442 987 1612 1050 scire,
1646 999 1807 1055 quam
1834 981 2017 1036 volen-

434 1095 578 1151 tibus
608 1093 946 1147 innotescere
975 1086 1322 1146 studeamns,
1353 1090 1434 1148 ot,
1481 1078 1621 1133 sicut.
1653 1075 1777 1145 quis
1806 1074 1871 1128 de
1913 1087 2017 1141 qua

433 1185 508 1239 sit
533 1181 796 1238 oriundus
825 1179 966 1232 linea
1000 1174 1168 1240 novit,
1199 1188 1265 1226 nc
1294 1171 1481 1224 itidem
1506 1169 1661 1237 cujus
1688 1166 1761 1220 sit
1793 1163 2018 1233 originis

435 1277 766 1332 Guatinense
808 1269 1112 1326 cmnobium
1145 1267 1238 1321 lilii
1283 1266 1373 1335 qui
1407 1273 1702 1317 nascentur
1747 1261 2014 1328 ignorent.

439 1365 730 1434 Cujnsdam
757 1378 886 1432 ergo
908 1358 1151 1415 Rieltarii
1177 1359 1242 1412 de
1263 1355 1537 1411 canonicis
1567 1352 1606 1406 S
1657 1351 1839 1404 Maria:
1867 1348 2020 1402 Mori-

437 1453 626 1509 nensis
654 1452 826 1506 altare
857 1446 1228 1516 Ledringchen
1261 1444 1402 1514 quod
1435 1441 1622 1496 usibus
1653 1436 2017 1501 deservieliat,

437 1543 687 1598 cessione
735 1540 933 1611 ipsius,
985 1553 1014 1590 a
1065 1537 1240 1591 beatae
1273 1531 1548 1587 memoriae
1589 1539 1716 1584 tunc
1769 1527 2021 1596 episcopo

436 1636 687 1706 Drogone
732 1634 930 1687 domno
959 1629 1186 1686 OJIrido
1232 1624 1453 1681 concedi
1501 1621 1672 1675 laicus
1716 1619 1854 1672 idem
1893 1633 2019 1686 pre-

2114 450 2230 488 sam
2257 430 2594 486 ornamentis
2640 428 2883 496 speciose
2929 436 3272 496 compserat,
3308 424 3424 493 jam
3460 425 3709 478 adultam

2114 526 2338 596 etquasi
2368 521 2768 595 producendam
2793 528 2918 574 ante
2939 532 3131 575 omnes
3143 519 3393 589 primitus
3407 517 3712 572 oblationis

2115 617 2240 672 dote
2271 616 2533 669 ﬁrmaret.

2187 706 2277 760 XI.
2329 704 2503 759 Varie:
2549 703 2858 758 donationes
2885 704 2939 755 in
2968 702 3081 772 ipso
3121 700 3335 754 exordio
3372 698 3714 769 {nodationis

2117 797 2395 868 factw.'—
2420 795 2572 850 Tunc
2615 796 2780 850 etiam
2830 793 3060 848 domnus
3087 791 3344 848 Odfridus
3386 790 3715 859 praepositus

2117 898 2303 945 noster
2332 889 2479 944 dedit
2505 888 2692 957 viginti
2726 899 3008 940 mensuras
3037 894 3197 939 terra:
3226 884 3278 937 in
3311 882 3436 936 villa
3477 880 3717 936 Aissen-

2117 982 2342 1051 gehem,
2377 979 2684 1035 Riehardus
2709 977 2788 1048 (9)
2821 975 3116 1032 canonicos
3156 984 3392 1044 quatuor
3423 985 3717 1028 mensuras

2119 1073 2172 1128 in
2207 1071 2438 1135 Walius,
2462 1069 2763 1124 Bernoldus
2793 1067 3092 1122 canonicos
3114 1067 3165 1119 in
3197 1065 3488 1120 Pete-ubam
3517 1063 3718 1117 decem

2119 1174 2424 1221 mensuras,
2445 1159 2744 1214 Bcdbertus
2766 1158 3059 1212 canonicos
3081 1158 3134 1210 in
3155 1155 3449 1210 Petenham
3470 1156 3720 1224 quinque

2119 1267 2429 1316 ntensuras,
2484 1249 2780 1304 Herbertus
2828 1247 3122 1302 canonicos
3171 1255 3228 1301 et
3287 1260 3584 1300 conversos
3645 1247 3702 1296 in

2121 1333 2334 1396 Sintina
2360 1339 2594 1394 sedecim
2624 1351 2926 1400 mensuras,
2956 1335 3261 1390 'I‘ainardns
3287 1343 3343 1388 et
3375 1333 3720 1388 Everboldus

2121 1428 2368 1485 canonici
2393 1427 2610 1498 triginta
2639 1439 2947 1491 mensuras,
2987 1424 3274 1478 All'onnius
3299 1423 3594 1477 canonicos
3621 1421 3721 1475 de-

2122 1536 2238 1576 cent
2265 1533 2547 1574 mensuras
2568 1519 2619 1572 in
2634 1516 2909 1582 Brocsela,
2927 1513 3185 1570 Itaduli‘us
3205 1515 3502 1570 canonicos
3525 1513 3720 1565 decem

2124 1629 2410 1672 mensuras
2462 1614 2517 1670 in
2583 1612 2835 1678 Sintina;
2887 1627 3116 1681 quarum
3169 1609 3424 1666 Ricliardi
3478 1620 3722 1676 quatuor

438 1693 591 1781 cibus
619 1723 872 1779 obtinuit.
905 1719 1058 1788 Quod
1092 1718 1231 1772 idem
1260 1729 1382 1770 cum
1413 1710 1749 1782 appendiciis
1772 1708 1884 1762 suis
1915 1721 2022 1760 non
2053 1693 2099 1754 Β
2127 1720 2408 1761 mensuras
2443 1712 2498 1760 et
2539 1703 2788 1758 Bernoldi
2835 1702 3228 1758 canonicorum
3263 1706 3322 1754 et
3349 1696 3572 1753 Alfunni
3625 1697 3723 1752 de-

439 1825 563 1888 post
585 1814 784 1870 multos
810 1813 923 1867 dies
944 1809 1253 1865 conditione
1281 1807 1406 1860 inde
1427 1801 1803 1865 conveniente,
1833 1799 2024 1854 eodem

442 1908 700 1981 praedicto
751 1905 1004 1975 episcopo
1031 1902 1336 1961 mediante,
1365 1912 1485 1952 cum
1517 1894 1726 1950 idoneis
1755 1891 2022 1962 personis,

442 1979 807 2067 Ermeugerus
855 1993 1021 2048 abbas
1071 1988 1358 2060 Bergcnsis
1404 1993 1460 2041 et
1511 1984 1761 2038 monachi
1810 1979 1928 2049 ejns
1970 1981 2023 2033 in

440 2104 572 2144 usus
597 2064 910 2140 monasterii
942 2082 1045 2146 sui,
1077 2097 1172 2150 pro
1195 2075 1513 2133 Guatiucnsi
1543 2064 1780 2129 Ecclesia
1812 2079 1867 2126 et
1890 2085 2026 2140 quos

442 2177 673 2233 debebat
718 2173 999 2229 annuatim
1029 2171 1229 2226 solidos
1265 2184 1294 2222 a
1339 2168 1537 2222 domno
1568 2163 1794 2220 Odl‘rido
1829 2161 2026 2217 abbate

443 2277 630 2327 nostro
657 2269 712 2322 in
744 2266 959 2322 cambio
1003 2264 1274 2332 suscepit,
1313 2267 1497 2330 utpote
1545 2257 1729 2314 statim
1771 2256 2028 2324 deinceps

441 2366 762 2420 alterutrum
795 2367 999 2414 mutata
1028 2356 1298 2427 possessio
1326 2362 1586 2424 perpetua
1615 2348 1912 2405 stabilitate
1940 2345 2028 2400 cui

443 2454 694 2510 cessisset
735 2451 860 2505 hinc
904 2449 989 2504 vel
1041 2447 1166 2501 inde
1217 2446 1373 2497 lirma
1426 2447 1751 2496 remaneret.
1792 2436 1903 2492 Hoc
1955 2435 2029 2488 ita

443 2546 688 2619 synodali
737 2544 949 2612 publico
997 2549 1264 2596 conventu
1318 2535 1583 2600 diiiinito,
1643 2533 1876 2603 quisque
1927 2529 2030 2584 sibi

443 2639 580 2693 ratis
610 2636 753 2693 cesis
779 2635 1016 2704 receptis
1045 2648 1172 2687 snas
1200 2631 1467 2685 dioeceses
1503 2633 1851 2683 commutata:
1880 2627 2028 2683 sunt,

440 2731 663 2803 proprio
710 2727 844 2785 con!
877 2726 1000 2796 jure
1043 2726 1212 2781 solide
1256 2732 1311 2778 et
1359 2723 1540 2792 quiete
1585 2717 1916 2790 recognovit.
1939 2716 2033 2771 Sic

441 2821 749 2876 nuntiatum
787 2820 862 2889 (7)
891 2834 920 2871 a
959 2817 1131 2886 primo
1172 2815 1394 2869 introitu
1431 2810 1760 2882 prmlatiouis
1795 2810 1846 2863 in
1885 2807 2033 2862 Gua-

444 2911 642 2968 tinensi
679 2910 915 2964 Ecclesia
947 2909 1202 2962 domuum
1243 2906 1525 2961 Odfridum
1558 2900 1944 2971 cognovimus,
1979 2906 2035 2953 et

447 3017 520 3059 ne
553 2999 878 3057 occultatum
927 2996 1158 3068 posteris
1191 2994 1442 3057 excidat,
1475 2990 1785 3047 testimonio
1835 2987 1927 3040 tali
1965 2987 2034 3041 ad

445 3093 857 3152 memorandum
885 3091 1232 3146 soscitamus.

516 3184 607 3241 IX.
645 3183 902 3254 Odfridus
921 3180 1208 3250 discipulos
1229 3181 1397 3249 primo
1426 3172 2032 3245 congregat.—Venlum

445 3294 575 3349 ergo
607 3277 719 3346 jam
747 3285 866 3331 erat
899 3274 966 3328 ad
1019 3273 1165 3327 illum
1199 3286 1361 3341 quem
1415 3269 1556 3323 votis
1611 3266 1755 3321 mille
1805 3267 2032 3336 petitum

447 3369 748 3438 ambigerat
780 3367 856 3438 (8)
888 3366 1089 3420 vidisse
1139 3365 1278 3418 diem
1298 3401 1313 3426 ,
1353 3371 1410 3416 ut
1441 3371 1598 3415 nacta
1653 3357 1902 3413 videlicet
1933 3371 2032 3426 op-

445 3459 822 3529 portunitate,
869 3472 990 3512 etnu
1030 3457 1113 3510 his
1154 3469 1290 3523 quos
1340 3453 1480 3508 Deus
1525 3453 1590 3505 ad
1639 3451 1784 3505 hunc
1837 3447 2036 3517 quietis

448 3549 768 3604 monasterii
821 3558 1036 3618 portum
1087 3544 1380 3614 appelleret
1433 3541 1694 3596 canonice
1748 3551 2034 3592 conversa-

452 3650 623 3704 retur,
661 3639 730 3693 ab
766 3639 898 3693 urbe
925 3636 1350 3692 'I'ervanensium
1382 3634 1590 3686 directo
1621 3631 1813 3684 itinere
1847 3625 2036 3682 Gnati-

449 3745 581 3786 nu-m
613 3729 856 3800 pervenit
880 3768 894 3790 ,
942 3737 996 3781 et
1024 3727 1318 3794 composita
1347 3738 1483 3793 pace
1514 3737 1635 3776 cum
1677 3721 1762 3774 his
1790 3731 1928 3788 quos
1956 3717 2038 3772 in-

449 3825 622 3888 venit,
655 3821 793 3876 facto
822 3821 1010 3882 etiam,
1035 3826 1194 3887 prout
1224 3831 1310 3871 res
1334 3824 1473 3878 erat,
1505 3812 1827 3877 inveutario,
1863 3809 2035 3879 ipsum

453 3915 720 3970 hactenus
767 3921 1042 3966 emtorem
1091 3907 1331 3977 ejusdem
1379 3904 1623 3962 ecclesia:
1672 3902 2037 3957 venerandum

456 4003 765 4060 sacerdotio
811 4003 985 4057 virum
1032 4014 1193 4070 quem
1242 4008 1428 4068 postea
1464 3997 1516 4050 in
1565 4009 1626 4048 ea
1661 3993 1933 4064 priorem,
1982 3999 2040 4045 ut

455 4099 661 4155 dictum
711 4106 816 4163 est,
849 4090 1104 4159 vidimus,
1140 4094 1250 4148 Deo
1295 4090 1595 4147 mediatore
1643 4089 1697 4142 in
1734 4101 1900 4141 unum
1944 4099 2041 4140 cor

455 4199 512 4244 et
559 4190 797 4245 animam
846 4201 1010 4243 unam
1060 4183 1436 4257 conglutinans
1486 4179 1807 4253 regulariter
1859 4177 2041 4232 vivere

457 4281 643 4351 coepit.

477 4374 480 4378 ’
534 4368 868 4428 X.—-Ilanc
918 4367 1232 4439 religionem
1284 4362 1539 4436 praefatus
1587 4361 1675 4418 ille
1722 4360 1877 4417 bonae
1926 4359 2040 4430 ipse

460 4462 634 4519 laicus
675 4477 780 4516 non
813 4446 1158 4515 mediocriter
1187 4455 1555 4526 appretiatus,
1605 4469 1665 4509 se
1711 4468 1834 4507 cum
1872 4465 2042 4506 uxore

465 4569 564 4609 sua
594 4554 646 4608 in
676 4554 990 4609 societatem
1023 4549 1184 4619 hujus
1211 4545 1566 4602 fraternitatis
1599 4544 1800 4613 suscipi
1830 4553 1886 4599 et
1915 4557 2046 4597 con-

462 4646 737 4701 numerari
764 4659 957 4715 magna
996 4658 1117 4698 cum
1161 4641 1510 4697 veneratione
1554 4637 1833 4709 postulans
1872 4636 2043 4706 impc-

461 4736 660 4803 travit;
694 4745 747 4792 et
777 4737 918 4792 sicut
939 4734 1297 4806 publicarum,
1325 4732 1521 4802 quibus
1550 4729 1837 4800 cingimur,
1869 4727 2044 4782 iores-

465 4830 601 4884 tium
624 4829 868 4884 ollicialis
894 4836 1030 4892 erat,
1059 4827 1112 4880 in
1133 4824 1356 4888 cellulis,
1387 4822 1612 4878 oIlicinis
1634 4836 1697 4876 ac
1723 4819 2045 4875 necessariis

461 4921 794 4977 fabricandis
826 4920 1014 4974 hilaris
1059 4917 1432 4972 machinarum
1461 4923 1517 4969 et
1562 4914 1829 4983 lignorum
1874 4911 2048 4965 admi-

464 5024 668 5068 strator
700 5012 988 5082 diligenter
1035 5007 1259 5076 adjuvit.
1288 5007 1367 5061 Eo
1402 5018 1644 5074 tempore
1693 5002 2045 5058 nihilominus

388 5125 393 5130 ·
466 5107 607 5162 idem
637 5106 722 5160 vir
749 5102 945 5160 obtulit
991 5098 1348 5168 quadraginta
1396 5106 1520 5152 octo
1569 5110 1855 5170 mensuras
1888 5104 2047 5148 terrae

465 5197 624 5278 culta:
653 5197 706 5251 in
748 5192 1044 5250 meridiana
1073 5201 1226 5258 parte
1252 5191 1350 5244 sub
1397 5197 1577 5242 monte
1607 5186 1801 5250 Caleti,
1830 5188 1896 5240 ad
1928 5202 2046 5240 sus-

2127 1811 2244 1851 cem
2301 1795 2643 1850 vendidimus
2707 1802 2928 1863 propter
2977 1791 3402 1861 comparandum
3456 1788 3721 1842 aIIodium

2125 1884 2350 1940 Joannis
2373 1882 2763 1943 Atrebatensis,
2788 1897 2846 1936 et
2867 1881 3003 1936 sicut
3029 1881 3082 1934 in
3105 1878 3456 1949 sequentibus
3485 1878 3719 1940 dicetur,

2129 1975 2183 2030 in
2231 1975 2510 2030 meliorem
2563 1973 2965 2043 possessionem
3018 1971 3493 2027 commutavimus.
3559 1967 3720 2021 Dedit

2128 2075 2311 2138 postea
2344 2064 2604 2119 Iiodull'us
2632 2077 2924 2117 conversus
2953 2061 3208 2116 tredeci‘u
3239 2072 3526 2113 mensuras
3557 2066 3718 2111 terra:

2127 2169 2180 2213 et
2214 2158 2449 2226 seipsum
2483 2155 2736 2212 Ecclesiae
2782 2165 2982 2208 nostrae
3021 2167 3145 2206 cum
3181 2159 3293 2205 tota
3343 2151 3626 2204 mansione
3661 2149 3719 2203 in

2128 2245 2254 2300 villa
2285 2245 2570 2300 Ledersela
2593 2282 2610 2305 ,
2660 2242 2908 2298 Gibbodo
2940 2243 3094 2296 miles
3125 2242 3193 2296 de
3233 2240 3484 2296 Fleterne
3528 2239 3719 2310 viginti

2130 2352 2416 2392 mensuras
2445 2336 2495 2390 in
2527 2334 2654 2390 villa
2687 2335 3042 2405 Tltiggabust.

2199 2446 2311 2501 XII.
2351 2445 2515 2499 Atiela
2558 2445 2821 2498 comitissa
2849 2438 3060 2497 'Fland.
3090 2461 3204 2497 cum
3235 2442 3419 2496 comite
3447 2440 3722 2495 Flandriar

2132 2537 2354 2592 Roberto
2388 2535 2614 2589 Frisone
2655 2536 2832 2589 omnia
2863 2535 3164 2602 conﬁrmat,
3204 2533 3414 2602 aliaque
3455 2533 3595 2585 dona
3624 2549 3720 2584 su-

2131 2625 2386 2701 pradictis
2414 2625 2620 2695 adjicit.
2675 2623 3020 2694 Conﬁrmatio
3046 2623 3308 2693 Drogonis
3335 2622 3562 2691 episcopi
3589 2621 3722 2674 Tar-

2131 2718 2487 2774 vanensis.—-
2510 2715 2576 2770 Et
2598 2730 2666 2771 ne
2693 2718 2758 2770 ad
2794 2716 3027 2786 inccepta
3060 2716 3324 2784 majorum
3360 2729 3720 2784 personarum

2131 2808 2349 2863 deesset
2416 2807 2693 2877 dignitas,
2765 2808 2831 2860 ad
2887 2806 3318 2862 conﬁrmandum
3375 2806 3718 2861 comitissam

2132 2901 2398 2956 Flandrize
2450 2900 2672 2955 Adclam
2730 2899 2982 2955 videlicet
3027 2899 3273 2954 Balduini
3317 2900 3534 2954 comitis
3581 2897 3724 2967 apud

2132 2994 2366 3049 Insulam
2406 2993 2602 3063 sepulti
2650 2993 2868 3046 viduam
2915 2992 3081 3058 adiit,
3112 2993 3242 3062 quid
3293 2991 3547 3055 fecisset,
3594 2991 3726 3061 quid

2059 3074 2105 3137 C
2137 3088 2296 3143 vellet
2346 3087 2635 3140 intimavit.
2665 3084 2760 3138 Illa
2797 3095 3010 3150 autem,
3040 3095 3098 3138 ut
3124 3094 3243 3138 erat
3290 3083 3610 3137 indeﬂciens
3658 3081 3727 3136 ad

2135 3179 2374 3234 melioris
2399 3178 2522 3231 vitae
2549 3176 2861 3246 provectum
2887 3175 3216 3231 eonsolatrix
3237 3215 3254 3241 ,
3280 3173 3444 3228 tilium
3471 3174 3726 3228 comitem

2133 3269 2387 3322 videlicet
2418 3267 2714 3322 Robcrtunt
2738 3275 3099 3335 cognomento
3124 3265 3405 3319 Frisonem
3439 3279 3469 3318 e
3501 3263 3728 3331 vestigio

2137 3359 2411 3423 convenit,
2445 3358 2645 3412 bonum
2677 3371 2797 3410 esse
2823 3365 2877 3410 et
2908 3356 3126 3410 salubre
3155 3356 3199 3410 si
3229 3354 3534 3423 ltujusmodi
3566 3354 3728 3406 bene-

2136 3448 2440 3502 volentibus
2468 3448 2774 3502 conversari
2800 3447 3001 3516 aliquid
3028 3447 3439 3508 attribueretor,
3470 3443 3729 3497 eilia-cis-

2137 3537 2273 3591 sime
2321 3537 2532 3601 suasit,
2585 3552 2683 3590 nec
2736 3547 2862 3590 ante
2915 3537 3076 3590 desiit
3127 3550 3287 3605 quam
3341 3533 3726 3588 dominicalem

2139 3638 2346 3682 cortem
2375 3627 2592 3683 nomine
2624 3626 2972 3698 Ballenbcrge
3004 3628 3069 3680 ad
3093 3625 3482 3681 occidentalem
3510 3625 3727 3694 plagam

2138 3720 2310 3776 Caleti
2339 3721 2538 3775 montis
2581 3718 2734 3788 juxta
2770 3719 3002 3773 rivulum
3034 3719 3232 3772 Penam
3257 3757 3273 3783 ,
3304 3732 3425 3772 cum
3476 3717 3726 3770 erunibus

2140 3813 2475 3882 appendiciis
2522 3810 2906 3880 integerrime,
2961 3810 3180 3876 insuper
3226 3817 3283 3862 et
3338 3809 3474 3862 duas
3532 3807 3726 3878 gat-bas

2140 3903 2306 3959 totius
2351 3903 2620 3972 parochias
2649 3900 3032 3965 Guatincnsis,
3084 3915 3183 3955 nec
3231 3914 3336 3953 non
3387 3898 3441 3952 in
3497 3897 3723 3953 circuitu

2139 3995 2263 4050 atrii
2295 3996 2362 4049 ad
2393 3994 2772 4065 applicandum
2819 3993 3037 4047 curtilia
3065 4001 3120 4047 et
3149 3991 3457 4046 mansiones
3485 3998 3722 4058 quatuor

2141 4085 2413 4141 diurnalcs
2443 4094 2602 4140 terrae
2647 4081 2938 4149 ﬁscaiinze,
2970 4082 3022 4136 in
3066 4081 3441 4136 remissionem
3472 4088 3723 4149 peccato-

2141 4189 2263 4230 rum
2291 4189 2542 4238 suorum,
2596 4171 2707 4227 Deo
2757 4182 2813 4227 et
2848 4172 3052 4226 sanctis
3079 4170 3146 4228 ad
3175 4169 3564 4225 continentiam
3597 4166 3727 4223 inibi

2143 4267 2514 4332 servientium,
2545 4277 2746 4320 nostra:
2775 4264 3092 4320 Guatinensi
3125 4261 3380 4317 Ecclesia:
3410 4263 3574 4315 auibo
3605 4275 3725 4329 per-

2143 4357 2433 4428 petualiter
2480 4356 2756 4412 oII'errent.
2809 4356 3004 4410 Actum
3065 4355 3120 4409 in
3171 4353 3298 4410 villa
3351 4353 3528 4407 Sithin
3588 4348 3726 4420 apud

2146 4450 2452 4507 ctenobinm
2483 4447 2542 4504 S.
2575 4448 2804 4513 Bertini,
2836 4458 2999 4517 atque
3028 4447 3168 4502 ilem
3199 4446 3252 4500 in
3283 4444 3492 4515 synodo
3521 4441 3724 4496 Tarva-

2145 4541 2297 4596 nensi
2339 4540 2552 4612 publico
2601 4554 2883 4604 consessu,
2928 4538 3134 4593 idoneis
3153 4536 3456 4591 astantibus
3483 4531 3725 4606 personis

2145 4649 2268 4690 cum
2295 4634 2484 4688 eadem
2511 4630 2739 4686 ecclesia
2773 4639 2957 4686 nostra
2982 4631 3034 4684 in
3059 4636 3387 4683 testamento
3418 4622 3722 4696 episcopali,

2146 4722 2596 4794 quemadmodum
2626 4719 2766 4774 scire
2805 4717 3108 4774 volentibus
3154 4726 3330 4789 patet,
3379 4715 3614 4770 lil.ertati
3645 4714 3726 4766 ia-

2146 4811 2417 4867 convulsae
2438 4810 2537 4864 sub
2561 4808 2946 4879 astipulatione
2976 4807 3382 4870 conﬁrmatum;
3409 4805 3726 4873 praesidente

2148 4906 2394 4974 Drogoue
2417 4901 2672 4971 episcopo
2691 4941 2704 4966 ,
2743 4914 2884 4954 anno
2915 4898 3304 4954 locat-nationis
3331 4898 3545 4951 Domini
3574 4893 3721 4956 I072,

2149 4995 2441 5051 indictione
2465 5009 2520 5059 κ,
2545 5000 2700 5047 sexto
2726 4991 2848 5045 Idus
2874 4989 3044 5057 Junii,
3069 4999 3218 5045 sexta
3244 4986 3402 5041 feria.

2218 5105 2353 5160 XIII.
2377 5103 2539 5160 Adela
2563 5103 2827 5157 comitissa
2841 5101 3147 5155 monasterii
3168 5099 3516 5167 {umiamenta
3536 5098 3722 5166 posuit.

2144 5195 2475 5249 —Necdum
2529 5193 2709 5247 animo
2739 5191 2869 5247 Satis
2900 5191 3120 5245 dederat
3169 5191 3367 5243 femina
3404 5191 3618 5244 coalitus
3644 5188 3719 5240 in-
