4006 5282
323 308 454 364 15Ω1

1483 301 1876 360 CHRONICON
1905 305 2335 362 WATINENSE.

3428 304 3449 357 Ι
3461 303 3564 358 522

329 421 542 476 :ediflcri
592 416 736 488 quod
786 430 956 485 usque
978 413 1137 471 hodie
1165 422 1250 470 est
1289 413 1635 469 fundamenta
1659 415 1812 484 jecit,
1843 426 1896 469 et
1926 439 1971 494 Α
1999 428 2176 472 autem
2225 421 2481 489 pactioni.
2533 421 2800 474 mediante
2832 419 3026 473 comite
3050 418 3288 472 Itoberto
3315 417 3562 482 Frisoue.

325 511 624 566 abscedens
654 509 753 561 hac
777 507 892 561 vice
923 521 1030 560 non
1055 505 1321 560 modicum
1349 518 1571 559 censum
1593 504 1658 556 ad
1697 505 1898 572 plasta-

324 616 443 656 rmn
467 613 734 669 expensas
768 611 864 665 per
891 611 1107 650 manum
1143 577 1323 652 domui
1356 593 1565 650 Odfridi
1593 593 1767 649 Patris
1793 610 1893 649 no-

323 692 426 746 stri
488 689 794 758 dereliquit.
825 687 972 754 Quas
1017 687 1255 754 quidem,
1301 699 1368 740 ne
1393 684 1570 740 serius
1598 685 1894 754 opificium,

322 779 604 834 exhaustis
633 792 767 846 quas
790 777 939 844 prius
978 776 1224 840 miserat,
1275 787 1761 838 consummaretur,
1801 787 1898 842 per

323 868 476 938 plura
511 869 844 922 incrementa
887 880 992 918 non
1017 864 1184 919 semel
1229 871 1321 917 aut
1349 864 1452 927 bis,
1478 866 1571 918 sed
1599 862 1894 926 multoties,

324 969 384 1012 ut
437 959 504 1011 ab
553 956 638 1010 his
693 955 783 1023 qui
833 963 1097 1009 noverunt
1137 954 1403 1015 novimus,
1437 967 1634 1023 augere
1663 953 1894 1006 curavit.

324 1048 450 1102 Erat
480 1058 629 1111 tunc,
659 1045 872 1116 quando
898 1059 1181 1100 numerosa
1214 1046 1441 1114 pecunia
1464 1045 1516 1099 in
1551 1043 1897 1100 exstruendis

325 1138 647 1191 molemlinis
686 1136 824 1204 apud
869 1134 1233 1204 Muggascota,
1269 1150 1428 1204 quem
1472 1134 1672 1196 locum,
1701 1149 1730 1187 a
1763 1133 1896 1187 silva

323 1243 424 1298 per
451 1228 771 1282 divisionem
820 1226 1010 1281 fossati
1054 1226 1193 1294 quod
1226 1225 1474 1289 fecimus,
1507 1226 1720 1279 comitis
1755 1223 1897 1278 dono

324 1321 682 1388 suscepimus,
707 1318 918 1388 perdite
943 1327 997 1372 et
1024 1318 1140 1373 sine
1161 1317 1353 1371 eﬂ'ectn
1379 1318 1617 1384 impensa
1649 1325 1751 1369 est.

396 1410 533 1464 XIV.
553 1407 751 1463 Eadem
781 1420 1093 1477 procurante
1109 1409 1390 1470 comitiasa,
1411 1417 1548 1460 terra
1568 1405 1897 1460 Olderdesdit

325 1505 633 1573 acquiritur.
669 1531 739 1540 -
789 1501 1056 1555 Praeterea
1100 1499 1336 1556 Joannes
1388 1497 1780 1562 Atrebatensis,
1815 1498 1900 1551 vir

323 1605 516 1664 potens
549 1594 600 1647 in
638 1593 828 1648 ordine
883 1608 998 1653 suo,
1054 1591 1344 1660 provinciae
1395 1591 1562 1659 ipsius
1584 1591 1893 1654 advocatus,

325 1685 600 1748 allodium,
661 1692 833 1738 terras
866 1683 1117 1736 videlicet
1162 1697 1388 1750 magnas
1426 1696 1560 1750 quas
1589 1681 1818 1735 habebat
1845 1681 1898 1734 in

1997 511 2208 581 publice
2253 513 2307 566 in
2332 511 2487 581 plena
2518 514 2666 566 curia
2714 510 3061 567 Pentecosms
3090 511 3142 564 in
3174 511 3358 580 Bergis
3386 520 3564 565 castro

1995 600 2251 666 Joannes,
2307 605 2650 659 consentiens
2693 613 2856 671 atque
2878 601 3294 656 irremeabiliter
3314 599 3559 662 laudans.

1997 709 2120 748 cum
2152 694 2218 749 ad
2240 694 2434 748 donum
2463 709 2524 747 ac
2543 693 3017 748 manumissionem
3043 691 3340 746 faciendam
3374 705 3563 760 perve-

1997 786 2185 848 nisset,
2244 797 2383 837 uxor
2421 781 2536 850 ejus
2568 782 2954 846 reluctabatur,
3007 781 3160 850 quasi
3193 782 3371 835 dotem
3405 795 3561 837 suam

1997 875 2301 938 amissura;
2365 887 2468 940 qua
2500 882 2680 926 tamen
2711 871 2843 926 duas
2882 871 3000 925 auri
3029 869 3218 924 uncias
3245 884 3274 923 a
3294 869 3448 924 nobis
3469 883 3567 924 ex-

1999 973 2305 1035 torquente,
2335 973 2392 1018 et
2422 963 2535 1018 fleri
2567 962 2833 1033 permisit,
2861 971 2916 1017 et
2943 977 3062 1017 cum
3092 961 3289 1016 marito
3321 976 3419 1015 suo
3451 962 3566 1031 ipsa

1998 1056 2235 1126 legitime
2283 1053 2435 1109 fecit.
2487 1053 2650 1108 Facta
2679 1062 2764 1108 est
2805 1062 2984 1107 autem
3017 1053 3133 1107 haec
3175 1052 3392 1106 traditio
3425 1061 3568 1105 anno

1997 1145 2388 1200 lncarnationis
2437 1143 2648 1198 Domini
2705 1142 2841 1198 1075
2875 1143 3164 1198 indictione
3203 1157 3320 1206 xm,
3377 1151 3569 1196 octavo

1999 1235 2267 1290 Kalendas
2307 1234 2473 1299 Junii,
2514 1234 2646 1288 feria
2694 1235 2927 1288 secunda
2963 1233 3328 1297 Pentecostes,
3364 1232 3415 1285 in
3443 1230 3567 1284 villa

1999 1324 2184 1396 Bergis
2216 1340 2246 1378 a
2279 1323 2485 1379 Joanne
2536 1323 2877 1378 Atrebatensi
2923 1331 2979 1377 et
3007 1337 3174 1376 uxore
3202 1321 3318 1390 ejus
3346 1322 3570 1376 Ermen-

2002 1418 2176 1481 trnde,
2197 1434 2359 1487 super
2385 1418 2640 1486 reliquias
2668 1417 2910 1472 ecclesim
2937 1415 3304 1478 Guatinensis,
3338 1415 3389 1468 in
3419 1425 3573 1466 man-

2000 1506 2151 1560 sione
2180 1521 2240 1559 ac
2291 1506 2448 1560 domo
2477 1505 2698 1561 Gonteri
2725 1506 3050 1560 condictoris
3076 1514 3130 1559 et
3168 1503 3398 1558 ministri
3428 1501 3572 1570 ejus-

2000 1596 2120 1650 dem
2172 1594 2424 1660 Joannis,
2471 1595 2727 1649 adhibitis
2750 1593 3023 1662 jutlicibus
3047 1609 3184 1663 quos
3209 1593 3458 1648 scabinos
3480 1607 3574 1659 ap—

2000 1685 2281 1755 pellamus,
2320 1687 2405 1740 ltis
2453 1686 2520 1740 de
2547 1685 2744 1754 Cappla
2781 1685 3116 1744 Eremberto,
3149 1681 3481 1737 Fredeholdo
3506 1682 3572 1734 de

323 1775 598 1838 Flandria,
623 1775 796 1830 eidem
831 1775 927 1844 ipsi
955 1775 1166 1828 femina:
1189 1773 1349 1828 nobili
1381 1789 1478 1843 pro
1507 1773 1897 1842 quinquaginta
1930 1763 1972 1820 Β
2004 1774 2307 1845 Uggeshen,
2355 1776 2561 1829 Dodino
2620 1776 2727 1828 lilio
2755 1775 3002 1829 Tidboldi
3035 1775 3100 1828 de
3131 1773 3390 1834 Werhen.
3422 1771 3569 1826 Ada-

329 1869 482 1922 libris
511 1867 804 1922 solidorum
843 1877 968 1920 ante
1013 1866 1218 1934 aliquot
1255 1880 1428 1918 annos
1459 1874 1802 1933 opposuerat,
1829 1878 1896 1918 ex

327 1958 522 2028 quibus
565 1959 697 2026 ipsa,
746 1958 964 2011 statutis
1009 1958 1060 2010 in
1092 1955 1172 2010 eis
1212 1953 1422 2008 duabus
1451 1953 1737 2016 vaccariis,
1769 1967 1897 2022 pen-

325 2050 510 2102 siones
539 2063 746 2102 annuas
771 2047 923 2112 juxta
950 2045 1392 2102 consuetudinem
1432 2045 1745 2114 recipiebat.
1791 2045 1896 2099 Sed

329 2136 431 2190 hoc
462 2136 743 2190 usufruetu
767 2136 962 2190 anima:
1009 2137 1393 2190 commercium
1436 2137 1614 2206 potius
1640 2135 1896 2190 fmnerari

330 2229 577 2297 cupiens,
628 2228 907 2298 satagebat
962 2228 1167 2281 intenta
1226 2237 1407 2280 tuente
1437 2227 1704 2296 quomodo
1727 2226 1902 2281 eccle-

326 2319 466 2372 siam
501 2328 740 2372 noslram
761 2317 883 2386 jure
909 2327 1168 2387 perpetuo
1195 2318 1396 2372 eisdem
1429 2318 1588 2371 terris
1614 2317 1749 2387 (10).
1765 2317 1901 2371 Sunt

328 2418 508 2460 autem
558 2409 640 2462 hae
685 2409 736 2461 in
796 2409 1048 2477 parochia
1093 2407 1343 2462 videlicet
1371 2407 1896 2477 Exenboldescappla

327 2499 515 2567 viginti
545 2501 644 2552 tria
667 2499 951 2563 diurnalia,
975 2514 1096 2569 qua:
1121 2509 1262 2552 terra
1287 2484 1510 2554 vocatur
1531 2498 1897 2564 Ohlerdesdit,

324 2587 380 2643 lu
419 2589 692 2656 parocltiis
715 2589 916 2644 Stenen
946 2599 995 2644 et
1021 2589 1338 2658 Pctingltam
1365 2589 1629 2644 diurnalia
1645 2590 1897 2653 ducenta,

327 2693 448 2746 quas
496 2678 550 2731 in
579 2693 788 2732 summa
819 2679 1047 2733 ducenta
1099 2679 1285 2748 viginti
1335 2679 1435 2733 tria
1468 2679 1754 2746 diurnalia,
1778 2695 1898 2749 quae

326 2769 492 2840 vulgo
520 2786 802 2824 mansuras
833 2771 1195 2833 nominamus,
1234 2770 1460 2825 faciunt.
1495 2769 1611 2838 Qua
1635 2772 1701 2826 de
1736 2787 1899 2826 causa

324 2877 448 2917 cum
483 2859 741 2916 fratribus
765 2862 966 2917 nostris
991 2861 1250 2916 Joannem
1271 2863 1544 2926 convenit,
1579 2864 1790 2917 hortata
1818 2873 1903 2919 est

326 2961 594 3022 quatenus
650 2953 1015 3021 supradictum
1074 2952 1326 3006 allodium
1378 2953 1428 3005 in
1482 2954 1902 3022 redemptionem

326 3052 672 3113 peccatorum
726 3059 942 3098 suorum
993 3046 1106 3114 ipse
1149 3054 1202 3098 et
1227 3060 1364 3099 uxor
1389 3043 1507 3113 ejus
1530 3044 1903 3099 Ermentrutlis

328 3134 648 3189 Guatinensi
676 3135 918 3189 ecclesiae
946 3134 1182 3190 tribuere
1213 3134 1435 3201 nollent,
1463 3134 1544 3188 vel
1566 3136 1900 3191 misericordi

330 3224 506 3291 pretio
532 3225 846 3277 venderent.
885 3223 1124 3276 Tandem
1178 3225 1464 3290 persuasit,
1499 3223 1782 3291 pecuniam
1806 3240 1903 3292 pa-

329 3321 414 3364 cta
456 3319 541 3365 est
591 3321 806 3364 centum
857 3311 1107 3365 videlicet
1155 3311 1342 3373 libras,
1390 3321 1443 3365 et
1479 3313 1698 3381 insuper
1724 3314 1902 3382 quoad

328 3417 360 3451 v
387 3410 575 3456 vercnt
625 3402 901 3455 annuatim
957 3403 1140 3456 decem
1195 3403 1380 3464 libras,
1425 3403 1493 3456 ab
1530 3403 1643 3472 ipsa
1673 3404 1900 3459 ecclesia

329 3491 538 3546 scilicet
569 3491 619 3544 in
649 3491 785 3546 festo
833 3490 891 3546 S.
935 3490 1149 3545 Martini
1181 3509 1210 3547 c
1238 3493 1456 3554 solidos,
1510 3502 1564 3547 et
1593 3495 1899 3563 quindecim

328 3583 448 3639 durs
485 3591 612 3640 ante.
639 3583 843 3641 Pascha
891 3598 922 3642 ε
966 3583 1183 3649 solidos,
1233 3600 1294 3637 ea
1335 3585 1640 3640 conditione
1664 3595 1745 3651 ut,
1775 3587 1901 3639 dum

331 3680 492 3732 ambo
512 3679 854 3735 defecissent.
885 3695 984 3746 pro
1012 3659 1199 3732 eorum
1231 3675 1564 3733 absolutione
1590 3677 1773 3732 decem
1803 3675 1904 3734 illa:

331 3768 481 3821 libne
508 3769 623 3822 sine
644 3769 964 3835 repetitione
985 3768 1162 3838 aliqua
1192 3780 1451 3838 perpetuo
1474 3769 1728 3837 deinceps
1758 3767 1905 3822 Gua-

336 3860 528 3912 tiuensi
583 3859 824 3913 ecclesiae
877 3859 1099 3913 remissa
1147 3860 1494 3914 decidissent.
1530 3858 1602 3912 lta
1632 3858 1906 3928 sapienter

334 3951 528 4004 devota
564 3948 761 4002 femina
791 3950 1084 4017 emptionis
1116 3933 1352 4018 pretium
1372 3951 1438 4002 ad
1471 3949 1609 4003 hanc
1633 3964 1900 4003 summam

333 4039 548 4096 facilius
568 4039 834 4104 recidere,
875 4055 975 4095 nec
1013 4041 1172 4096 aliter
1200 4041 1393 4110 potuit.
1418 4042 1596 4108 Quare
1621 4042 1686 4094 ad
1717 4042 1902 4096 decem

332 4147 540 4186 annuas
565 4130 752 4192 libras,
777 4145 910 4198 quas
938 4131 1139 4185 idcirco
1165 4132 1464 4201 pepigerat,
1507 4139 1726 4200 propter
1751 4146 1902 4200 spem

329 4221 533 4274 diutius
565 4221 774 4274 vivendi
799 4220 1043 4288 cupidos,
1071 4236 1278 4274 annuas
1301 4236 1585 4276 numerare
1609 4221 1900 4290 prospexit.

328 4307 388 4362 lu
419 4325 526 4378 quo
569 4309 750 4362 debito
780 4309 898 4363 illas
947 4310 1334 4378 quinquaginta
1367 4309 1554 4371 libras,
1587 4324 1724 4378 quas
1746 4311 1814 4364 ab
1838 4325 1900 4364 ea

329 4395 562 4450 Joannes
578 4413 736 4466 super
753 4399 1060 4466 praedictum
1083 4398 1335 4452 allodium
1354 4407 1712 4462 mutuaverat,
1727 4398 1900 4452 eidem

331 4484 432 4554 ipsi
481 4484 617 4538 infra
663 4502 945 4540 numerum
999 4487 1041 4541 C
1085 4488 1344 4541 librarum
1399 4488 1500 4541 sub
1537 4487 1827 4556 emptionis
1851 4497 1906 4542 et

330 4575 658 4629 venditionis
710 4577 936 4642 ratione,
995 4577 1444 4646 quemadmodum
1478 4579 1548 4634 ab
1602 4578 1755 4633 initio
1776 4595 1905 4633 con-

331 4663 602 4717 ventionis
655 4664 900 4718 ecclesiae
954 4678 1180 4720 nostraz'
1215 4666 1328 4734 ipsa
1384 4665 1701 4730 donaverat,
1732 4683 1798 4722 eo
1826 4669 1905 4724 sic

331 4764 602 4807 annuente
619 4754 800 4808 statim
827 4754 880 4806 in
905 4755 1220 4810 solutionem
1242 4759 1592 4826 computavit.
1623 4757 1902 4826 Reliquum

332 4852 529 4906 autem,
591 4843 643 4897 id
693 4853 778 4899 est
823 4844 956 4899 alias
1009 4846 1396 4915 quinquaginta
1444 4847 1612 4904 libras
1645 4862 1814 4915 usque
1837 4851 1904 4904 ad

333 4942 574 4996 centum,
599 4949 696 4989 nos
735 4936 1091 5008 undecunque
1121 4938 1476 5005 corradendo,
1509 4939 1660 5012 gravi
1685 4939 1903 5010 dispen-

337 5024 421 5052 ,ΙΣΑ
455 5025 552 5052 :na:
579 5027 929 5052 κλαηλιυξηι..-

1996 1864 2148 1920 lardo
2177 1864 2324 1929 Tiro,
2353 1865 2583 1919 Rodulfo
2620 1865 2728 1918 lilio
2759 1864 3014 1918 Everardi
3062 1863 3349 1926 Nossalim,
3382 1861 3574 1931 Lugel-

1998 1971 2149 2008 mare
2171 1954 2362 2009 Stanin
2401 1955 2511 2008 lilio
2537 1955 2821 2024 lnglemari
2850 1953 3396 2022 Stanin,‘,Lugelmaro
3415 1953 3566 2015 Albo,

1997 2048 2177 2103 Olrico
2203 2047 2531 2109 liliollermi,
2568 2047 2851 2116 Eggafrido
2882 2045 2991 2098 filio
3012 2044 3230 2097 Arualdi
3249 2045 3321 2097 de’
3343 2042 3566 2105 Stenen,

1996 2139 2302 2192 Wabrardo
2329 2139 2394 2191 de
2417 2137 2788 2199 Coldelkerke,
2832 2136 3070 2190 Arnoldo
3102 2134 3210 2188 filio
3245 2132 3574 2202 Elmengeri,

1998 2226 2236 2296 Malgero
2266 2227 2375 2280 filio
2411 2226 2699 2289 Wulfardi,
2726 2224 2939 2278 Wanka
2977 2226 3040 2278 de
3071 2223 3420 2291 Peleugham,
3453 2218 3566 2274 0d-

1999 2317 2138 2372 frido
2162 2317 2387 2373 Reulofu
2408 2317 2514 2370 lilio
2543 2315 2814 2386 Heregoti,
2840 2315 3106 2384 Heregoto
3126 2314 3192 2367 de
3212 2310 3569 2379 Petengham,

2002 2405 2238 2459 Volrado
2267 2406 2433 2460 fratre
2457 2403 2592 2473 ejus,
2622 2404 2914 2460 Godewino
2944 2404 3010 2458 de
3041 2401 3392 2472 Petengham,
3421 2396 3573 2452 Wal-

2004 2504 2120 2548 tero
2145 2494 2406 2568 Voxbalg.

2073 2585 2208 2640 XVI.
2240 2587 2506 2642 Walterus
2531 2587 2805 2658 Bergensis
2855 2587 3138 2640 advocatus
3159 2600 3272 2638 eam
3300 2583 3578 2651 conﬁrmat

2002 2680 2208 2731 nomine
2238 2675 2508 2744 principis.
2536 2705 2604 2714 —
2630 2675 2695 2727 Et
2716 2674 2842 2742 quia
2868 2687 3050 2727 comes
3080 2672 3258 2727 causis
3283 2670 3579 2726 curialibus

2003 2769 2311 2836 implicatus
2359 2775 2499 2830 erat,
2546 2764 2823 2820 Walterus
2852 2764 3134 2835 Bergensis
3166 2764 3480 2824 advocatus.
3508 2762 3578 2815 ad

2002 2859 2104 2913 huc
2135 2860 2186 2912 in
2223 2861 2396 2912 forum
2441 2857 2697 2927 judiciale
2734 2857 3101 2918 transmissus,
3139 2854 3339 2908 donum
3381 2869 3444 2908 ac
3475 2852 3570 2906 sti-

2003 2949 2308 3017 pulationes
2348 2957 2404 3002 et
2452 2958 2626 3002 ratum
2666 2945 2994 3016 sponsionis,
3040 2953 3100 2998 ut
3126 2944 3180 2998 in
3223 2944 3430 3012 legibus
3459 2958 3580 2997 mos

2005 3047 2107 3103 est,
2162 3037 2214 3090 in
2244 3035 2413 3089 oculis
2445 3036 2660 3089 testium
2708 3035 2798 3104 qui
2833 3033 2969 3087 infra
2997 3033 3287 3103 conscripti
3325 3041 3468 3094 sunt,
3510 3032 3578 3084 ad

2004 3141 2138 3194 opus
2163 3125 2407 3179 ccclesise
2435 3125 2780 3178 Guatinensis
2808 3125 2924 3177 vice
2955 3124 3168 3176 comitis
3191 3123 3447 3190 suscepit.
3477 3121 3580 3176 Te-

2004 3224 2116 3268 stes
2170 3216 2283 3284 ipse
2312 3214 2564 3268 Valterus
2595 3214 2900 3284 Bergensis,
2943 3213 3270 3269 Eustachius
3293 3213 3574 3277 Minensis,

2004 3303 2323 3357 Lambertus
2354 3302 2522 3356 frater
2541 3300 2678 3368 ejus,
2704 3301 2956 3357 Alliertus
2997 3301 3067 3356 de
3092 3302 3272 3365 Bellis,
3307 3300 3582 3356 Giselber-

2007 3399 2088 3448 tus
2107 3394 2273 3447 frater
2286 3393 2527 3446 Balduini
2541 3391 2861 3456 Gandensis,
2880 3393 2971 3462 qui
2994 3394 3060 3448 ab
3074 3393 3264 3462 Anglia
3282 3401 3407 3446 tunc
3420 3403 3582 3446 veno-

2006 3494 2108 3547 rat,
2131 3482 2358 3538 Onulfus
2383 3483 2609 3552 dapifer.
2635 3483 2939 3536 Radbertus
2953 3478 3572 3552 bueularius[houvier],

2005 3573 2266 3629 Rodulfus
2281 3574 2632 3639 camerarius,
2649 3573 3007 3642 Ragenfridus
3023 3573 3188 3626 frater
3203 3573 3338 3642 ejus,
3364 3570 3578 3624 Franco

2004 3666 2354 3731 Nivellensis,
2417 3666 2586 3736 Wago
2635 3665 3034 3728 Atrebatensis,
3103 3665 3375 3719 Walterus
3433 3662 3578 3716 filius

2005 3751 2231 3808 Ursonis
2261 3752 2570 3812 Duacensis,
2595 3749 2885 3806 Goiffridus
2925 3749 3251 3804 castellanus
3277 3746 3576 3801 Cassilien-

2003 3841 2102 3904 sis,
2133 3838 2449 3908 Bodulphus
2473 3836 2612 3892 filius
2641 3834 2780 3902 ejus,
2815 3835 3128 3904 Rodulphus
3153 3832 3340 3902 Sapio,
3362 3833 3478 3885 Azo
3503 3829 3574 3884 de

2005 3929 2235 3998 Stapris,
2284 3927 2559 3983 Gerardus
2607 3925 2891 3988 scabinus,
2940 3924 3168 3980 Gilhodo
3215 3922 3474 3978 scabinus
3508 3920 3576 3974 de

2003 4020 2267 4082 Fleterre.
2315 4019 2589 4074 Arnoldus
2626 4019 2880 4073 scabinus
2920 4017 2988 4071 de
3034 4016 3174 4082 Mue,
3215 4013 3484 4069 Arnoldus
3509 4011 3578 4065 de

2003 4111 2214 4165 Castra.
2242 4107 2537 4178 Bergenses
2562 4107 2896 4161 Folcrannus
2918 4104 3244 4159 castellanus
3267 4100 3575 4171 Bergensis,

2004 4198 2302 4252 Boldravan
2329 4196 2468 4249 filius
2491 4193 2680 4255 Letrte,
2714 4192 3008 4248 Balduinus
3029 4193 3198 4246 frater
3217 4191 3354 4260 ejus,
3383 4189 3578 4245 Lectra

2004 4284 2173 4337 frater
2188 4280 2625 4351 ejus,llagabaru
2657 4281 2796 4336 fllitts
2820 4281 3060 4346 Stulard,
3079 4279 3376 4334 Boldravan
3408 4276 3578 4331 frater

2004 4371 2142 4438 ejus,
2181 4369 2389 4424 Wizalo
2415 4370 2584 4424 l'rater
2605 4367 2742 4438 ejus,
2768 4369 2969 4438 Malgor
2991 4369 3161 4422 frater
3185 4368 3320 4436 ejus,
3351 4365 3577 4421 Bernol«

2007 4461 2106 4514 dus
2155 4460 2298 4514 Illius
2353 4459 2623 4520 Nurberti.
2676 4459 2972 4515 horbertus
3017 4458 3184 4512 frater
3213 4457 3350 4526 ejus,
3390 4457 3580 4512 Ravan

2005 4551 2176 4607 frater
2201 4551 2341 4622 ejus,
2362 4551 2632 4606 Arnoldus
2676 4551 2818 4604 filius
2845 4552 3053 4614 Ravan,
3084 4551 3235 4620 llugo
3270 4550 3443 4616 Roda,
3471 4549 3579 4604 Od-

2006 4645 2196 4700 ltcrtus
2252 4643 2424 4700 frater
2470 4642 2609 4711 ejus,
2654 4643 2806 4713 Hugo
2857 4644 3004 4698 ltoda
3038 4643 3104 4697 de
3131 4642 3277 4707 Port,
3307 4642 3580 4697 Wa'terus

2009 4736 2152 4791 filius
2177 4735 2409 4800 Odfridi,
2439 4736 2674 4804 Remgur
2703 4735 2843 4789 lilius
2865 4735 3088 4790 Arnoldi
3117 4735 3278 4803 nigri,
3296 4733 3583 4802 Lugelmar

2008 4829 2150 4884 filius
2174 4829 2311 4896 ejus,
2363 4828 2668 4884 Everardus
2698 4826 2840 4880 filius
2869 4824 3154 4888 Everardi,
3207 4825 3414 4880 Adalim
3444 4822 3589 4876 filius

2008 4918 2281 4980 Vemardi,
2297 4917 2452 4973 Letn.
2469 4917 2610 4971 [ilius
2633 4915 2933 4984 Wulfardi,
2959 4912 3168 4972 Mankel
3193 4914 3403 4982 Renger
3423 4911 3591 4964 frater

2004 5007 2141 5056 eius-
2181 5008 2510 5056 llerelmrtus:
2562 5007 2705 5056 £5225
2742 5007 2954 5056 Danae-
2995 5001 3292 5056 Bernoldus
3313 5003 3456 5055 filius
3481 4999 3592 5051 Ba"
