4006 5282
389 171 546 244 Ili“.~
1371 161 1456 217 EB
1468 160 1681 217 RABDI
1718 156 1979 214 WATINE

2075 156 2150 214 iIS
2186 155 2504 216 CANONICI
3489 153 3633 212 153‘

388 285 579 341 iterum
609 287 790 341 eadem
822 285 1116 354 conﬁrmat.
1141 313 1210 322 --
1233 281 1350 348 Quo
1376 280 1540 345 facto,
1573 279 1821 350 sequenti
1846 277 1954 342 die,
1983 279 2036 340 Α
2061 280 2224 348 pedes
2246 280 2654 347 allabebantur;
2693 290 2804 337 tum
2841 279 3004 336 etiam
3044 295 3073 334 a
3103 286 3243 333 tecto
3267 290 3362 346 per
3396 275 3638 344 tegulas,

388 378 442 433 id
481 388 562 431 est
617 378 771 431 tertia
814 374 948 430 feria
1000 375 1052 428 in
1098 374 1446 434 Pentecoste,
1495 371 1756 424 dilatione
1805 370 1963 423 unius

391 469 566 523 noctis
611 467 824 530 media},
881 465 1027 520 venit
1066 463 1327 528 Joannes,
1380 471 1435 517 et
1475 460 1632 529 hujus
1657 459 1984 535 traditionis,

389 555 656 625 mtjorem
707 556 880 610 adhuc
919 555 1077 610 ﬁdem
1124 554 1384 618 facturus,
1411 554 1670 624 quidquid
1701 553 1887 624 Bergis
1912 553 1962 606 in

392 663 652 702 consessu
701 647 966 714 judicum,
1027 645 1079 698 in
1134 644 1306 700 oculis
1343 643 1779 712 jurisperitorum
1809 651 1862 696 et
1889 651 1981 719 te-'

393 738 582 803 stium,
631 738 797 802 dono,
833 735 1203 807 Stipulationc,
1249 743 1390 800 rato,
1427 734 1693 804 promisso
1729 748 1791 788 ac
1837 732 1982 788 ﬁdc-.

385 829 631 900 jussione
653 827 877 893 fecerat,
900 837 1069 882 totum
1094 827 1320 897 repetito
1341 827 1526 881 ordine
1552 825 1661 880 Deo
1681 809 1736 880 et
1762 824 1965 879 sanctis

393 918 510 988 ejus
540 918 758 975 Nicolao
779 927 835 974 et
862 919 1118 974 Richario
1145 919 1192 987 (ί
1209 919 1257 988 1)
1288 918 1354 972 ad
1376 933 1532 972 usum
1558 917 1802 972 ecclesiae
1826 915 1969 970 Gua-

393 1013 627 1069 tinensis
648 1010 940 1066 benevolus
965 1010 1016 1065 in
1043 1010 1198 1064 altari
1225 1009 1526 1075 renovavit,
1543 1010 1754 1072 obtulit,
1780 1024 1968 1063 manu-

399 1102 565 1170 misit.
579 1101 676 1156 Cui
706 1102 954 1156 secundae
974 1100 1252 1156 traditioni
1268 1100 1483 1169 juvenis
1505 1115 1684 1155 comes
1702 1099 1968 1154 Robcrtus

395 1193 539 1248 ﬁlius
573 1193 786 1250 comitis
810 1193 1025 1247 Roberti
1053 1192 1294 1261 Frisonis
1324 1192 1391 1247 ad
1413 1193 1515 1247 hoc
1536 1208 1564 1246 a
1590 1201 1740 1262 patre
1765 1201 1817 1246 et
1848 1192 1967 1246 avia

397 1284 636 1343 directus
666 1285 932 1350 interfuit,
964 1293 1017 1338 et
1047 1285 1186 1340 sicut
1213 1285 1449 1340 scientes
1474 1285 1550 1338 uti
1573 1285 1801 1354 legibus,
1835 1269 1980 1350 cau-.

401 1375 510 1432 tius
536 1375 902 1454 dictaverunt,
947 1375 1200 1432 videlicet
1243 1377 1467 1441 donum,
1497 1376 1891 1447 stipulationes,
1915 1387 1971 1430 et

399 1475 598 1521 caetera
658 1480 778 1535 quae
835 1468 886 1521 in
943 1465 1247 1535 huiusmodi
1286 1467 1402 1521 fieri
1429 1467 1824 1536 competebant,
1859 1475 1983 1522 tam.

393 1554 549 1624 jussu
588 1571 748 1625 quam
801 1556 918 1612 vice
945 1558 1116 1627 patris
1147 1557 1212 1613 ad
1239 1556 1327 1627 jus
1353 1555 1597 1612 ecclesiae
1621 1565 1820 1611 nostra:
1854 1557 1969 1610 vin-

392 1642 584 1700 dicans
606 1646 861 1714 suscepit.
911 1695 913 1698 ι

469 1733 652 1791 XVIII.
675 1765 744 1776 —
774 1735 865 1791 Sic
895 1736 1185 1791 Guatensis
1221 1735 1443 1790 coclesia
1473 1735 1723 1790 allodinm
1748 1734 1789 1789 .la
1811 1735 1968 1790 annis

398 1824 798 1890 Atrebatensis,
844 1827 987 1895 quod
1011 1827 1064 1880 in
1089 1826 1362 1896 jamd'ctis
1396 1825 1666 1895 parochiis
1690 1826 1971 1895 possidere

399 1913 708 1980 videbatur,
737 1930 832 1985 per
856 1915 1331 1984 smpenominatam
1374 1913 1632 1968 feminam
1659 1913 1981 1984 acquisivit,-

396 2016 497 2076 pro
526 2018 631 2072 quo
663 2017 758 2071 per
785 2004 1071 2059 continuos
1100 2019 1289 2058 novem
1311 2018 1480 2059 annos
1501 2004 1617 2058 sine
1647 2003 1970 2058 remissione

400 2096 749 2165 prtescriptas
798 2095 984 2149 decem
1034 2093 1202 2149 libras
1259 2094 1324 2149 ad
1380 2093 1593 2148 libitum
1642 2093 1972 2164 accipientes

404 2185 829 2239 numeravimus.
884 2184 1103 2240 Decimo
1129 2192 1308 2238 autem
1345 2199 1486 2238 anno
1509 2169 1636 2238 eum
1661 2183 1812 2253 prius
1837 2198 1972 2237 uxor

401 2273 520 2341 cjus
558 2276 806 2330 defuncta
831 2285 998 2341 esset,
1047 2284 1099 2329 ct
1130 2275 1242 2346 ipse
1267 2274 1580 2330 icterfcctus
1602 2284 1706 2342 est,
1731 2275 1824 2331 sed
1849 2283 1974 2329 ante

397 2365 593 2422 solutis
653 2366 795 2420 illius
838 2367 966 2421 anni
999 2381 1028 2420 (ι
1076 2367 1266 2431 scutis,
1305 2367 1467 2420 debiti
1497 2353 1687 2421 nostri
1711 2367 1968 2437 quinque,

401 2457 526 2528 quia
578 2457 644 2511 de
691 2459 938 2514 ducentis
983 2459 1100 2528 plus
1153 2460 1331 2513 minus
1379 2458 1530 2514 libris
1567 2459 1672 2514 sia
1705 2460 1974 2529 principio

402 2546 778 2607 conventionis
806 2563 871 2602 ac
894 2548 1147 2618 deinceps
1167 2564 1265 2617 per
1295 2547 1536 2616 singulos
1563 2563 1757 2613 annos,
1785 2556 1842 2601 ut
1874 2564 1972 2602 no-

399 2637 656 2703 tavimus,
696 2649 996 2708 computes,
1025 2640 1336 2697 constitisse
1363 2640 1517 2694 nobis
1555 2640 1771 2694 easdem
1799 2648 1976 2694 terras

401 2735 530 2782 ante
559 2737 782 2782 mortem
808 2727 1031 2784 Joannis
1066 2730 1327 2793 invenies,
1361 2729 1408 2784 si
1437 2731 1501 2784 ad
1530 2730 1732 2799 primas
1755 2740 1974 2784 centum

401 2819 567 2876 libras
588 2822 772 2877 novies
785 2823 967 2877 decem
991 2823 1156 2878 libras
1175 2823 1478 2891 supputatis
1495 2831 1548 2877 et
1572 2821 1736 2886 semel
1758 2831 1974 2876 centum

402 2911 591 2966 solidis
620 2913 672 2966 in
706 2913 805 2978 hac
829 2914 1226 2983 conscriptione
1253 2912 1508 2967 facillime
1537 2923 1726 2967 taxare
1752 2915 1972 2982 poteris.

407 3002 538 3070 Quae
595 3003 666 3056 ita
702 3005 864 3069 scire,
899 3013 954 3058 ut
979 3020 1140 3074 supra
1169 3005 1467 3074 posuimus.
1498 3019 1623 3059 reor
1651 3019 1756 3058 non
1783 3002 1976 3068 oberit,

405 3096 517 3151 imo
535 3104 590 3150 et
619 3107 738 3166 post
763 3113 826 3152 ex
861 3098 950 3153 illo
985 3098 1071 3152 die
1094 3097 1338 3152 eamdem
1401 3097 1790 3167 possessionem
1815 3098 1982 3152 solide

413 3194 467 3240 et
499 3187 680 3255 quiete
710 3204 808 3242 nos
847 3189 1082 3244 tenuisse
1121 3188 1260 3257 apud
1293 3189 1610 3243 memoriam
1639 3197 1978 3259 posterorum

405 3278 634 3332 multum
662 3295 820 3335 nosse
843 3281 1102 3350 proderit.

483 3367 626 3423 XIX.
665 3368 834 3424 Variis
857 3371 1239 3425 calamitatibus
1261 3372 1896 3427 turbanturl'l'atiuenscs.
1913 3403 1982 3413 —-

411 3457 730 3526 Ilujusmodi
759 3472 958 3518 nostra:
983 3463 1224 3517 ecclesia:
1249 3471 1534 3532 provEctus
1555 3479 1692 3532 quos
1724 3465 1983 3518 hactenus

409 3552 738 3619 notavimus,
794 3569 861 3608 ne
891 3555 1164 3610 beneﬁciis
1187 3556 1279 3609 Dei
1327 3556 1518 3626 ingrati
1551 3571 1811 3620 essemus,
1841 3571 1984 3611 sem-

412 3653 512 3706 per
532 3639 710 3709 aliqua
741 3642 1102 3697 amaritudine
1131 3643 1571 3712 aspergebantur,
1611 3661 1678 3699 ne
1706 3645 1791 3698 vtl
1828 3645 1984 3699 mini-

412 3741 558 3780 mum
606 3740 926 3783 nasceretur
971 3733 1336 3796 commodum,
1384 3733 1526 3801 quod
1561 3749 1666 3788 non
1709 3733 1884 3802 aliqua
1917 3749 1984 3788 ex

407 3824 565 3886 parte
594 3817 751 3872 nobis
774 3819 930 3873 ﬁeret
964 3820 1440 3875 incommodatum.
1479 3819 1663 3875 Primo
1700 3823 1841 3876 enim
1868 3836 1985 3877 om-

413 3907 586 3974 nium,
612 3916 894 3980 postquam
920 3911 1097 3965 anima
1123 3926 1224 3966 una
1247 3923 1300 3967 et
1328 3927 1423 3967 cor
1448 3927 1611 3967 unum
1637 3913 1688 3967 in
1709 3913 1818 3969 Deo
1832 3914 1986 3969 nobis

417 4011 541 4053 esse
594 4007 853 4069 cceperat,
895 4002 1156 4056 unitatem
1207 4002 1428 4071 spiritus
1475 4003 1825 4059 dissentionis
1844 4019 1986 4076 aegre

413 4087 614 4155 ferens,
663 4090 787 4159 quia
843 4101 1054 4146 mutare
1095 4093 1391 4163 cogebatur
1443 4094 1760 4163 hospitium,
1809 4096 1986 4150 amica

415 4192 528 4234 sua:
554 4179 762 4235 fraudis
784 4182 1002 4235 vascula
1026 4191 1304 4250 serpentes
1327 4183 1481 4238 nobis
1512 4184 1829 4254 dereliquit;
1855 4199 1988 4252 quo-

415 4285 536 4324 rum
592 4281 699 4326 tam
747 4273 1028 4328 innumera
1078 4282 1194 4328 erat
1247 4284 1373 4330 ante
1405 4290 1504 4330 nos
1550 4275 1606 4330 in
1641 4277 1725 4330 his
1773 4276 1988 4330 sedibus

414 4365 702 4420 multitudo
734 4375 793 4420 ut
835 4382 957 4420 cum
992 4368 1358 4422 mansionario
1398 4369 1637 4438 ejusdem
1671 4369 1814 4435 atrii,
1842 4378 1993 4424 ante-

415 4456 578 4511 rioris
626 4457 838 4513 scilicet
890 4458 1132 4514 ecclesiae
1172 4468 1416 4523 cantore,
1460 4460 1560 4514 sub
1587 4460 1776 4514 eadem
1806 4460 1990 4515 casula

418 4550 682 4618 gregatim
715 4549 1044 4604 habitarent.
1070 4549 1135 4604 Et
1160 4550 1409 4619 quamvis
1430 4551 1700 4605 neminem
1724 4551 1990 4606 morsibus

415 4638 674 4693 [ederent
702 4641 1004 4703 venenosis,
1069 4649 1248 4696 tamen
1279 4641 1544 4696 tractibus
1571 4641 1682 4712 (12)
1711 4643 1987 4697 mansitm-

417 4727 568 4781 eulas
590 4737 753 4797 atque
776 4730 1024 4785 utensilia
1055 4746 1280 4801 quaeque
1307 4731 1638 4802 polluebant,
1674 4747 1834 4801 quem
1866 4743 1991 4787 tan-

418 4819 538 4874 dem
561 4829 669 4874 tam
695 4821 993 4878 imminenti
1022 4824 1356 4894 grassatione
1383 4833 1508 4878 sunt
1529 4825 1765 4895 aggressi
1797 4833 1855 4879 ut
1884 4841 1992 4895 prae

419 4911 585 4966 nimia
629 4912 1038 4982 importunitate
1081 4916 1331 4970 deserere
1380 4916 1555 4970 locum
1587 4917 1990 4986 compellerent,

418 5011 476 5055 et
503 5003 838 5057 mansionem
899 5011 1131 5058 mutare.
1172 5003 1392 5060 Videres
1417 5006 1582 5070 enim,
1617 5016 1674 5060 ut
1699 5007 1992 5071 allirmant,

420 5089 500 5144 ita
525 5098 864 5155 mansuetos,
912 5103 971 5144 ut
1000 5091 1090 5159 qui
1123 5094 1352 5147 naturali
1409 5094 1697 5150 formidine
1731 5096 1994 5150 humanos

421 5179 661 5236 colerent
714 5181 890 5235 vitare
937 5194 1209 5241 occursus,
1240 5192 1436 5251 praeter
1481 5183 1532 5238 id
1557 5185 1700 5255 quod
1723 5183 1995 5240 multoties

2069 383 2180 427 tum
2209 388 2306 443 per
2333 373 2645 444 impluvium
2676 374 2842 444 ipsius
2869 372 3066 444 tugurii
3097 378 3268 427 semet
3296 366 3513 437 penduli
3537 382 3636 419 ca-

2066 466 2266 536 pitibus
2326 465 2553 521 inversis
2605 465 3033 536 przccip'itabant,
3082 461 3374 518 domestica
3395 459 3638 529 quadarn

2066 555 2434 611 familiaritate
2480 556 2709 612 lectulos
2756 555 3111 626 quorumdam
3154 551 3534 610 ascenderem,
3578 557 3641 602 et

2068 645 2212 700 facto
2245 644 2507 701 foramine
2535 646 2588 700 in
2635 646 2820 702 orbem
2853 645 2991 700 intra
3030 651 3206 698 vestes
3234 656 3290 700 se
3313 640 3420 712 sibi
3453 637 3641 708 impli-

2067 743 2274 791 carent.
2326 735 2428 792 Ubi
2477 735 2522 790 si
2573 736 2786 805 quando
2848 733 3274 809 reperiebantur,
3339 743 3445 783 non
3475 727 3639 796 quasi

2067 825 2385 894 deprehensi
2431 825 2667 882 latebras
2706 826 3036 895 quaarebant,
3081 823 3174 878 sed
3215 821 3362 876 velut
3405 817 3641 874 oﬂiciosi

2067 917 2332 972 servitute
2372 926 2626 986 parentes
2671 918 2738 972 de
2769 926 2974 970 mutato
3002 914 3119 969 loco
3147 929 3213 967 ex
3245 911 3413 966 latere
3435 910 3502 963 ad
3542 912 3644 963 ιιοο

2069 1020 2183 1060 ram
2220 1005 2408 1076 majori
2460 1007 2653 1064 cedere
2699 1005 3035 1061 videbantur.
3075 1003 3445 1059 Observabant
3472 1001 3644 1055 etiam

2068 1101 2344 1156 reﬁciendi
2395 1109 2624 1170 tempus,
2658 1115 2727 1156 ne
2755 1099 2837 1154 vel
2882 1098 3162 1168 prandium
3219 1095 3303 1150 vel
3342 1108 3494 1148 cauta
3521 1094 3647 1146 sine

2070 1195 2281 1250 illorum
2333 1195 2620 1265 participio
2655 1193 2930 1256 transiret,
2957 1192 3048 1261 qui
3081 1190 3249 1258 ipsatn
3276 1200 3520 1240 mensam
3543 1185 3649 1236 ali—

2071 1285 2637 1356 quando,sicutdocti,
2663 1284 2921 1340 scandere
2941 1281 3224 1351 parabant,
3251 1277 3355 1332 nisi
3383 1275 3644 1330 violentia

2071 1389 2164 1434 aut
2192 1380 2408 1434 incusso
2431 1387 2636 1432 terrore
2659 1385 2990 1431 arcerentur.
3019 1373 3094 1427 Ita
3119 1372 3232 1427 dies
3259 1371 3325 1424 de
3348 1368 3649 1438 improvisa

2071 1483 2254 1522 eorum
2314 1466 2667 1537 ingressione,
2719 1465 2809 1520 ubi
2865 1463 3038 1518 minus
3084 1461 3272 1516 adesse
3313 1458 3651 1529 putabantur

2073 1557 2423 1623 formidolosi,
2453 1565 2638 1612 noctes
2665 1569 2794 1610 vero
2819 1553 3040 1608 onmiuo
3071 1558 3333 1622 suspecta:
3367 1549 3647 1602 dueehan-
3727 1585 3729 1587 ι

2002 1631 2043 1684 Β
2073 1660 2176 1704 tur.
2215 1649 2350 1714 Quia
2393 1649 2539 1701 enim
2583 1647 2701 1701 haec
2727 1644 2960 1715 reptilia,
2995 1651 3154 1712 prout
3181 1656 3211 1695 a
3251 1638 3642 1698 referentibus,

2067 1741 2157 1810 qui
2182 1741 2306 1794 talia
2323 1746 2611 1803 noverunt,
2639 1736 2932 1806 contigisse
2955 1735 3203 1798 innotuit,
3233 1731 3440 1802 apertis,
3456 1729 3650 1784 oribus

2071 1829 2452 1885 dormientium
2504 1826 2680 1883 solent
2727 1824 2994 1889 insidiari,
3036 1832 3093 1878 ut
3121 1823 3291 1878 sicubi
3329 1821 3473 1885 laxa,
3503 1819 3649 1874 sicut

2076 1921 2158 1987 ﬁt,
2189 1920 2378 1976 solutis
2411 1933 2602 1990 sopore
2651 1917 2910 1974 membris
2937 1914 3361 1976 observaverint,
3411 1925 3648 1978 corpora

2071 2015 2303 2069 humana
2365 2010 2752 2081 ingrediantur,
2815 2009 2902 2062 vix
2957 2007 3086 2062 satis
3127 2013 3296 2059 tutum
3350 2011 3467 2056 erat
3515 2003 3645 2055 dor—

2073 2105 2227 2168 mire,
2281 2103 2382 2157 nisi
2433 2101 2731 2156 mundioris
2775 2097 3000 2167 alicujus
3054 2094 3276 2150 brandei
3317 2093 3527 2162 glomus
3547 2105 3650 2144 ora

2073 2193 2358 2263 compilata
2383 2203 2476 2246 aut
2514 2192 2678 2246 facies
2719 2189 2984 2245 velamine
3009 2185 3354 2263 obvolvisset.
3375 2182 3432 2237 Si
3462 2196 3646 2250 quan-

2076 2286 2143 2339 do
2177 2300 2324 2347 vero,
2376 2284 2520 2352 quod
2555 2299 2619 2337 ex
2649 2290 2839 2336 natura
2877 2279 2988 2348 pati
3017 2293 3121 2332 non
3165 2282 3407 2344 possunt,
3442 2274 3648 2341 frigore

2075 2385 2169 2430 aut
2224 2377 2364 2429 aeris
2417 2374 2594 2442 aliqua
2641 2369 3076 2426 incommoditate
3114 2367 3181 2422 ad
3205 2365 3440 2420 latebras
3469 2362 3649 2416 redire

2076 2466 2556 2536 compel'ebantur,
2584 2464 2797 2518 videres
2831 2462 2966 2516 alios
2995 2460 3128 2530 palis
3151 2473 3215 2513 ac
3235 2457 3478 2519 sudibus,
3511 2455 3652 2508 alios

2075 2559 2297 2630 perticis
2343 2572 2407 2611 ac
2455 2556 2722 2626 lapidibus
2769 2563 3012 2608 armatos
3063 2550 3364 2628 exploratas
3396 2557 3652 2601 tavernas

2076 2649 2348 2714 obsidere,
2394 2657 2448 2702 et
2488 2661 2610 2702 cum
2660 2645 2890 2714 desuper
2931 2643 2998 2697 ab
3049 2641 3168 2696 aliis
3194 2639 3259 2694 de
3289 2635 3650 2704 stcrquiliniis

2077 2742 2579 2810 comprimerentur,
2599 2735 2782 2807 egredi
2801 2734 2867 2788 ab
2888 2735 3007 2788 aliis
3021 2731 3228 2800 excepti
3251 2729 3480 2784 diversis
3504 2741 3650 2780 mor-

2081 2830 2225 2884 tibus
2261 2827 2794 2900 exterminarentur.
2832 2822 2936 2878 Sed
2961 2837 3083 2876 cum
3115 2835 3211 2875 nos
3241 2818 3380 2872 Deus
3413 2817 3482 2869 ad
3505 2815 3652 2879 hanc

2081 2920 2469 2976 habitationem
2493 2918 2580 2972 lue
2611 2915 2884 2970 mortifera
2909 2915 3089 2970 forsan
3112 2911 3514 2982 extergendam,
3542 2909 3656 2965 imo

2083 3013 2149 3068 ad
2180 3027 2291 3067 sua:
2336 3009 2631 3064 niansionis
2687 3006 3022 3077 receptacula
3070 3007 3118 3058 in
3151 3003 3306 3058 nobis
3343 3000 3652 3056 mandanda

2084 3118 2316 3158 convoca
2327 3109 2454 3164 sset,
2471 3099 2776 3170 hujusmodi
2801 3107 3044 3168 portenta
3070 3097 3230 3150 etiam
3245 3093 3462 3148 claustri
3480 3090 3653 3145 nostri

2083 3193 2382 3264 pcnetralia
2442 3191 2512 3246 ita
2571 3189 2758 3261 pervio
2804 3189 2951 3258 lapsu
2980 3186 3267 3256 aliquando
3295 3183 3655 3254 permeabant

2084 3295 2141 3340 ut
2179 3285 2366 3340 sedilia
2400 3283 2625 3337 fratrum
2677 3282 2871 3351 sa‘pius
2903 3286 3249 3346 occuparent,
3281 3273 3654 3345 promptuaria

2087 3378 2469 3444 irrumperent,
2499 3375 2621 3427 vias
2679 3370 3143 3427 deambulantibus
3171 3368 3482 3438 frequenter
3505 3367 3654 3436 sepi-

2085 3475 2226 3521 rent.
3091 3503 3095 3508 ,

2158 3556 2275 3614 XX.
2300 3587 2367 3597 —-
2389 3555 2519 3611 Erat
2541 3555 2898 3626 tuncjuvenis
2928 3553 3145 3624 quidam
3171 3553 3310 3606 inter
3340 3564 3438 3604 nos
3466 3548 3652 3612 frater,

2085 3651 2484 3715 divino,credo,
2511 3651 2710 3719 impetu
2731 3647 2942 3703 caeteris
2971 3647 3243 3710 audacior,
3268 3644 3360 3713 qui
3392 3651 3653 3712 quotquot

2085 3741 2407 3805 offendebat,
2439 3741 2559 3796 aliis
2590 3756 2687 3811 pro
2716 3738 2833 3795 solo
2854 3739 2970 3793 visu
2986 3735 3342 3807 pavitantibus
3367 3733 3653 3789 immiseri-

2036 3899 2040 3903 ,
2086 3833 2322 3888 corditer
2341 3831 2619 3887 multabat.
2665 3833 2741 3886 De
2764 3845 2872 3900 quo
2890 3830 3014 3900 quia
3035 3842 3121 3882 res
3141 3828 3212 3882 ita
3233 3841 3293 3880 se
3311 3823 3489 3890 offert,
3508 3824 3655 3894 joco.

2087 3937 2204 3976 sum
2257 3922 2587 3990 triumphum
2633 3920 2795 3975 simul
2849 3935 2914 3974 ac
2944 3916 3290 3972 memorabile
3317 3929 3519 3984 ponere
3549 3928 3654 3967 non

2088 4016 2157 4070 ab
2188 4029 2245 4070 re
2279 4015 2429 4079 duxi,
2462 4022 2517 4067 ut
2548 4014 2674 4067 dum
2705 4023 2836 4067 aetas
2853 4011 3034 4080 junior
3060 4007 3365 4064 constantia
3390 4003 3654 4073 simplici-

2091 4105 2216 4159 tatis
2259 4103 2492 4174 qualiter
2523 4101 2752 4172 impulsa
2806 4101 2988 4156 nescio
3017 4099 3145 4169 quid
3172 4096 3382 4158 fecerit,
3421 4094 3656 4164 majores

2089 4194 2382 4259 audierint,
2440 4193 2562 4249 ﬁdei
2615 4192 2785 4247 tutela
2832 4191 3198 4246 indubitanter
3252 4186 3469 4249 armati,
3525 4182 3656 4253 quid

2014 4296 2067 4356 ι)
2094 4286 2194 4357 ipsi
2219 4285 2272 4340 in
2304 4300 2369 4339 eo
2417 4284 2508 4353 qui
2539 4285 2631 4338 dat
2673 4291 2995 4352 potestatem
3027 4277 3264 4342 calcandi
3313 4289 3471 4345 supra
3502 4287 3656 4326 scor-

2091 4376 2280 4445 piones
2311 4386 2366 4429 et
2395 4383 2674 4444 serpentes
2704 4387 3033 4442 praesumare
3079 4369 3310 4431 valeant,
3371 4380 3477 4420 non
3530 4378 3656 4418 cun-

2093 4471 2323 4519 ctentur.
2352 4462 2447 4517 llic
2469 4463 2614 4517 enim
2645 4462 2771 4515 dum
2800 4459 2938 4514 forte
2969 4457 3219 4527 quiddam
3251 4454 3430 4524 operis
3453 4453 3654 4506 habens

2094 4552 2145 4608 in
2169 4552 2424 4617 claustro,
2457 4551 2543 4606 die
2573 4551 2826 4620 quadam,
2881 4549 3107 4609 sederet,
3140 4560 3206 4598 ex
3252 4542 3539 4611 improviso
3568 4540 3653 4592 in-

2093 4643 2262 4697 solitae
2288 4624 2686 4714 magnitudinis,
2721 4647 2979 4709 quantum
3009 4637 3074 4691 ad
3106 4636 3289 4690 solitos
3314 4631 3503 4694 videri,
3530 4637 3655 4683 ante

2093 4733 2259 4802 pedes
2283 4732 2398 4800 ejus
2436 4745 2658 4800 serpens
2687 4730 2925 4798 allapsus
2946 4737 3046 4782 est.
3069 4725 3238 4792 Quem
3267 4739 3412 4786 eum,
3443 4723 3648 4792 pallen-

2095 4825 2236 4878 tibus
2269 4823 2408 4885 aliis,
2441 4829 2742 4892 reptantem
2775 4820 3116 4887 advertisset,
3145 4816 3328 4871 statim
3357 4815 3481 4869 licet
3506 4816 3649 4868 iner-

2094 4914 2196 4968 mis
2216 4928 2280 4968 eo
2308 4912 2530 4982 Spiritus
2559 4911 2760 4980 impetu
2812 4924 2918 4980 quo
2964 4908 3166 4964 solebat
3194 4906 3367 4960 ﬁdens
3418 4905 3652 4976 aggredi-

2097 5015 2203 5072 tur,
2234 5014 2289 5059 et
2337 5003 2571 5059 medium
2627 5004 2766 5057 nuda
2823 5015 2987 5054 manu
3033 5006 3329 5067 arreptum,
3376 4996 3648 5063 rigentem,

2094 5097 2248 5165 quasi
2277 5094 2461 5159 telum,
2486 5094 2727 5157 vibrans,
2761 5091 2992 5146 solidum
3039 5089 3316 5159 parietem,
3358 5087 3447 5156 qui
3491 5099 3554 5138 cx
3579 5083 3654 5135 la~

2098 5196 2211 5242 tere
2233 5187 2410 5240 stabat
2436 5185 2544 5238 ictu
2576 5193 2683 5238 tam
2710 5181 2853 5236 facili
2882 5177 3338 5241 transverberavit
3364 5191 3425 5230 ac
3449 5174 3499 5230 si
3529 5173 3651 5227 mis-
