4006 5282
211 323 360 382 159.5

1365 301 1761 364 cunostcou
1789 255 2234 358 damnumst.

3339 281 3476 338 I526

217 439 480 494 lationem
513 433 638 489 dum
669 445 768 499 ego
799 439 1132 497 requirerem
1161 422 1290 494 quid
1313 423 1380 476 de
1432 421 1524 475 ilio
1547 433 1645 474 suo
1677 431 1799 471 vrvo
1829 419 2156 484 Asagtttas,
2199 408 2415 462 aliunde
2445 411 2862 474 consumpturas
2911 398 3093 456 omnia
3127 397 3372 456 flammas
3413 396 3478 450 ti-

209 531 400 603 jaculu
427 521 622 582 deinde
648 523 882 586 fecisset,
941 518 1215 589 respondit
1243 515 1428 571 tandiu
1465 515 1516 568 in
1557 511 1800 582 perfosso

217 595 432 689 pariete
466 619 590 672 hinc
622 625 784 684 atque
817 613 940 666 inde
964 608 1304 680 pependisse,
1339 607 1512 660 donec
1543 595 1824 657 subsecu-'

219 724 316 766 tus
342 720 398 767 et
430 708 508 764 rei
539 705 792 762 effectum
842 704 1076 758 disceret
1101 708 1156 754 et
1185 697 1413 754 bestiam
1444 693 1799 748 interimeret.

219 805 412 860 Mirari
441 819 596 874 ergo,
647 799 1050 870 prontdignum
1081 795 1440 850 admiratione
1497 791 1802 854 videbatur,

217 897 414 966 carpi;
455 894 544 950 ille
597 901 777 946 autem
823 888 1172 943 nihilominus
1222 883 1491 938 afﬁrmare
1517 889 1662 936 etne
1689 877 1806 948 qui-

219 988 350 1041 dem
385 986 662 1040 minimam
713 993 1022 1052 apermram
1081 975 1308 1030 antehac
1359 975 1410 1028 in
1467 987 1528 1026 ea
1584 968 1806 1040 parietis

218 1087 386 1146 parte
435 1090 540 1144 qua
593 1086 817 1142 serpens
850 1069 1140 1124 transierat
1191 1065 1358 1120 fuisse
1410 1061 1806 1134 perfectissime

217 1166 507 1236 probatura
549 1165 748 1218 linteae
799 1160 1093 1215 asserebat.
1139 1157 1366 1224 Insuper
1417 1168 1520 1206 non
1567 1151 1645 1205 rei
1677 1149 1802 1212 fide,

219 1259 323 1310 sed
359 1273 424 1310 ne
446 1256 570 1324 quis
597 1253 776 1308 forsan
807 1249 996 1305 virtuti
1041 1249 1142 1302 tale
1182 1247 1312 1317 quid
1348 1246 1682 1312 incomperta
1705 1238 1810 1294 dif-

221 1345 528 1400 f..matione
575 1343 918 1406 attribueret,
959 1339 1222 1409 quosdam
1269 1335 1430 1403 hujus
1452 1349 1572 1388 esse
1599 1331 1812 1403 generis

222 1437 505 1500 colubras,
545 1451 773 1504 quorum
828 1433 966 1486 facie
1015 1439 1288 1502 praeacuta
1333 1429 1507 1497 lignea
1557 1423 1811 1496 qumlibct

221 1532 518 1597 maceries,
551 1529 594 1584 si
630 1529 754 1598 quis
785 1535 1038 1592 tentaret,
1091 1524 1294 1591 absque
1323 1518 1636 1575 difficultate
1686 1525 1812 1570 actu

225 1621 668 1692 transfigeretur.
709 1619 812 1674 Sed
845 1635 946 1690 ego
979 1615 1396 1674 inverecundius
1427 1611 1810 1668 historicorum

217 1713 622 1778 disertissimis,
645 1712 736 1782 qui
767 1711 952 1782 Libya:
983 1717 1192 1764 tantum
1247 1693 1524 1761 siticulosa
1570 1702 1812 1774 regione,

219 1815 322 1861 aut
344 1805 558 1860 Arabia:
587 1802 844 1858 divitibus
867 1803 1015 1856 arvis
1045 1799 1189 1854 hunc
1232 1813 1393 1870 quem
1444 1796 1632 1850 dicunt
1657 1793 1815 1862 jacu-

221 1895 342 1949 lum
368 1894 566 1950 morari
596 1906 902 1964 serpenzem
954 1890 1268 1959 opinantur,
1326 1885 1392 1942 ad
1422 1885 1575 1951 cuius
1610 1885 1812 1952 jactum

219 1984 359 2040 dum
421 1985 694 2048 irascitur,
747 1997 852 2036 non
898 1995 1173 2035 amorum
1241 1993 1368 2032 vasa
1402 1975 1632 2032 salutem
1679 1973 1816 2028 tueri

223 2079 470 2142 valeant,
500 2078 673 2146 magis
701 2073 1048 2130 crediderim.
1101 2071 1248 2128 Istud
1305 2079 1510 2134 autem,
1548 2066 1817 2137 quaslibet

219 2171 512 2239 opiniones
573 2169 937 2232 machinatur,
975 2181 1110 2236 quas
1173 2164 1255 2219 vel
1314 2163 1696 2220 excusationes
1749 2161 1816 2214 ad

223 2276 336 2316 non
372 2262 702 2317 credendum
733 2257 1050 2330 prmtendat,
1099 2259 1310 2312 ttonn'si
1370 2255 1565 2310 divinae
1605 2251 1818 2308 virtutis

223 2353 486 2407 iudicium
512 2358 566 2406 et
602 2349 872 2405 occultum
903 2347 1076 2420 futuri
1114 2347 1343 2415 alicujus
1389 2345 1636 2402 beneficii
1683 2360 1820 2412 prte-

223 2443 440 2514 sagium
470 2443 718 2496 dixerim.
781 2439 1042 2514 Iitec'non
1074 2455 1158 2494 me
1195 2439 1526 2509 confingere,
1556 2425 1816 2508 quemad-

225 2537 454 2590 modum
478 2534 703 2604 graphio
747 2534 1180 2598 committuntur,
1225 2536 1514 2602 qu‘squam
1557 2529 1816 2601 praejudi—

223 2633 344 2690 eet,
373 2627 500 2681 dum
531 2626 600 2680 ab
629 2640 815 2680 eorum
861 2624 1019 2678 labiis
1066 2623 1372 2692 exceperim
1402 2623 1599 2692 quibus
1651 2632 1704 2676 et
1736 2622 1816 2676 vi-

225 2718 394 2773 dendi
428 2727 592 2788 atque
625 2717 889 2772 interesse
943 2717 1175 2770 facultas
1221 2715 1534 2784 frequenter
1575 2715 1818 2786 pavitan-

227 2811 376 2862 tibus
409 2807 530 2862 fuit.
969 2871 975 2878 ι

303 2898 448 2954 XXI.
489 2929 558 2940 ———
587 2900 804 2956 Addidit
833 2901 924 2954 hic
947 2901 1112 2954 totius
1141 2901 1442 2970 iniquitatis
1465 2899 1818 2956 seminarium

227 2990 479 3046 diabolus
535 2991 866 3044 len:atiottes
921 2991 1207 3044 adversum
1263 3005 1394 3050 nos,
1445 2991 1623 3046 adhuc
1665 3007 1816 3046 arma

228 3097 496 3138 contnrov.
518 3097 576 3137 re
601 3093 654 3136 et
694 3081 931 3150 recentis
979 3085 1180 3137 nos.ris
1202 3082 1544 3153 exigentibus
1593 3085 1819 3154 permis-
1846 3114 1888 3170 Ο

229 3189 345 3228 sus.
376 3173 538 3228 Facto
566 3172 804 3226 soricum
851 3187 1010 3242 grege
1041 3187 1232 3227 omnes
1275 3171 1616 3228 ofﬁcinarum
1661 3189 1814 3228 man-

230 3261 512 3318 siuncuias
542 3275 712 3330 usque
737 3261 873 3314 adeo
921 3262 1094 3316 vehen
1119 3262 1232 3332 enli
1269 3263 1394 3316 tabe
1415 3263 1816 3318 commaculans

230 3354 445 3418 infecit,
471 3367 552 3421 ut,
601 3363 800 3423 pra-ter
826 3352 970 3422 quod
1010 3353 1168 3406 solito
1211 3368 1340 3407 (asu
1385 3362 1590 3408 naturae
1635 3351 1816 3407 mandi

231 3453 474 3514 poterat,
501 3444 764 3514 lectorum
813 3442 1042 3506 steruia,
1090 3451 1288 3506 vestes,
1333 3443 1698 3514 manutcrgia,
1741 3441 1816 3494 ai-

232 3535 375 3590 taris
431 3533 625 3604 pallas,
663 3533 832 3588 iiiros
883 3534 1094 3588 divinos
1139 3535 1342 3603 absque
1392 3533 1502 3588 ullo
1547 3531 1813 3604 reapectu,

229 3636 501 3699 pra-terea
523 3642 672 3692 vasa,
699 3627 894 3682 calices
925 3626 1152 3698 ligneos,
1203 3627 1428 3698 pyxides
1479 3641 1676 3696 panum
1731 3642 1817 3680 sa-

231 3718 656 3796 crificandnrum
687 3733 810 3771 tum
847 3717 992 3788 ipsis
1039 3718 1272 3788 panibus
1311 3717 1818 3774 immisericorditer

231 3807 584 3870 deroderent,
613 3816 668 3860 et
699 3807 808 3870 vix,
838 3815 894 3860 ut
929 3807 1242 3870 timebatur,
1291 3805 1360 3860 ab
1404 3805 1658 3860 humanis
1697 3821 1818 3860 car-

230 3897 398 3952 nibus
429 3904 820 3965 temperarent.
847 3895 952 3949 Sed
983 3895 1165 3950 forsan
1198 3897 1250 3950 in
1299 3896 1404 3950 hoc
1429 3895 1674 3964 proxime
1719 3895 1819 3948 im-

231 3986 457 4040 minens
483 3985 832 4040 adversitatis
878 3987 1236 4053 portendebat
1260 3987 1578 4052 indicuium,
1607 3995 1666 4040 ut
1693 4001 1818 4042 cum

237 4075 650 4146 immundorum
697 4075 1016 4130 animalium
1067 4075 1292 4132 lacerati
1340 4077 1593 4132 dentibus
1617 4078 1821 4134 evasis-

235 4183 447 4232 scmus,
481 4169 806 4237 mundorum
859 4169 1184 4224 attrectandi
1215 4171 1508 4236 morsibus,
1563 4173 1822 4242 quemad-

237 4264 463 4316 modum
491 4262 741 4332 _coutigit,
768 4262 1166 4330 deputaremur.

309 4351 475 4406 XXII.
527 4381 597 4391 -—
640 4351 774 4405 Nam
807 4353 932 4407 huic
967 4354 1229 4408 successit
1271 4354 1614 4409 incommodo
1658 4355 1822 4410 totius

1901 504 2199 559 aiebamus.

1977 593 2162 650 XXIII.
2183 623 2252 634 —
2276 589 2382 646 Sed
2407 587 2658 662 periculis
2683 584 2880 641 futuris
2897 582 3156 654 pratscius
3185 579 3326 634 Deus
3344 593 3504 649 pra».

1903 688 2221 746 munitionis
2255 686 2508 757 clypeum
2537 680 2756 754 objecit,
2791 694 2881 744 ne,
2910 678 2954 734 si
2990 675 3208 748 quando
3245 671 3482 743 peccatis

1903 781 2244 852 exigentibus
2272 779 2611 852 ingruerent,
2671 771 3014 828 locnsomnis
3035 769 3152 824 sine
3183 780 3278 837 spe
3325 763 3482 820 deso-

1907 875 2135 930 laretur.
2161 870 2298 928 Nam
2323 866 2544 939 egregio
2575 863 2819 933 concepit
2843 863 3022 916 animo
3069 857 3326 930 prazdicta
3373 855 3484 908 vir-

1911 967 2046 1020 tutis
2080 963 2282 1019 fetnina
2335 959 2562 1014 Romam
2605 951 2677 1011 ad
2713 955 2896 1009 limina
2945 953 3224 1007 beatorum
3272 947 3508 1016 aposto-~

1909 1057 2084 1111 lorum
2141 1053 2284 1110 Petri
2334 1060 2386 1105 et
2435 1049 2588 1103 Pauli
2619 1057 2944 1120 properare,
2987 1043 3040 1096 in
3078 1055 3185 1111 quo
3225 1035 3485 1092 comitatu

1911 1141 2624 1218 praadictum’prarpositum
2657 1137 2926 1192 nostrum
2983 1133 3083 1189 sibi
3134 1131 3370 1195 socians,
3417 1127 3486 1180 ad

1909 1241 2084 1294 beatae
2132 1235 2410 1291 memoriae
2461 1229 2780 1300 Gregorium
2829 1225 2920 1281 VII
2977 1222 3250 1296 perduxit.
3300 1221 3345 1275 Α
3380 1233 3490 1287 quo

1913 1330 2092 1386 oblata
2143 1327 2396 1382 cessione
2426 1320 2791 1380 Tarvanensis
2835 1316 3095 1387 episcopi,
3146 1311 3489 1384 privilegium

1913 1421 2085 1478 sancti
2111 1417 2258 1475 Petri
2281 1417 2346 1471 ad
2377 1413 2842 1472 confirmationem
2894 1408 3137 1464 ecclesia!
3187 1413 3382 1460 nostrae
3407 1417 3492 1456 so-

1914 1513 2162 1568 lemniter
2198 1511 2384 1564 datum
2412 1503 2670 1574 suscepit,
2695 1513 2748 1558 et
2775 1501 3006 1558 feliciter
3029 1500 3144 1554 iens
3170 1511 3234 1552 ac
3263 1493 3494 1550 feliciter

1917 1604 2148 1668 rediens,
2170 1601 2237 1654 ad
2267 1613 2366 1654 nos
2393 1611 2566 1667 usque
2589 1593 2860 1665 perduxit.

1985 1689 2372 1747 XXIV.—His
2399 1687 2659 1742 Romanis
2687 1685 2881 1756 opibus
2898 1681 3052 1738 dilati
3075 1678 3369 1751 quietiores
3397 1675 3496 1731 de-

1917 1800 2044 1854 gere
2067 1784 2413 1855 putabamus,
2443 1793 2566 1835 cum
2599 1775 2666 1832 ad
2701 1773 3055 1830 offensionem
3105 1785 3259 1826 suam
3310 1768 3495 1822 omnia

1920 1876 2036 1932 fieri
2067 1883 2404 1946 reputantes,
2427 1869 2580 1940 quasi
2615 1883 2808 1938 agmen
2841 1857 3494 1931 acuieatumexasperati,

1918 1955 2096 2025 acrius
2125 1967 2281 2022 nobis
2304 1961 2603 2020 adversarii
2643 1949 2948 2027 insurgunt.
2999 1955 3110 2010 Nec
3161 1953 3297 2008 ciam
3329 1949 3499 2006 muris

1919 2062 2054 2117 culis
2083 2075 2180 2132 per
2205 2073 2264 2114 se
2309 2054 2653 2112 conferentes
2711 2053 2886 2122 capita
2935 2049 3062 2104 cieri
3117 2057 3279 2116 atque
3323 2044 3498 2114 ipsum

1918 2131 2229 2224 episcopum
2289 2131 2606 2210 concitant,
2657 2143 3033 2198 auctoritatem
3089 2137 3287 2210 ligandi
3341 2143 3502 2203 atque

1921 2245 2164 2302 solvendi
2215 2243 2459 2298 Romano
2512 2237 2804 2294 libellatico
2851 2233 3204 2304 praepositum
3249 2233 3499 2282 nostrum

1920 2336 2229 2406 suscepisse
2261 2340 2540 2397 accusant,
2571 2325 2880 2398 hujusmodi
2915 2322 3195 2395 privilegio
3243 2319 3324 2373 sic
3374 2329 3501 2372 cor-

1921 2431 2236 2484 roboratum
2289 2425 2358 2480 sit
2395 2424 2483 2496 jus
2540 2419 2847 2492 episcopale
2892 2415 3123 2478 destrui,
3177 2411 3245 2466 de
3300 2417 3501 2464 caetero

1922 2522 2038 2578 solo
2076 2520 2296 2576 nomine
2347 2517 2659 2587 episc0pum
2707 2509 2963 2568 militare,
2997 2503 3362 2560 Guatinenses
3407 2497 3502 2552 im-

1921 2628 2135 2683 perare,
2191 2624 2400 2666 summa
2454 2607 2578 2662 imis
2622 2598 2970 2663 commutari,
3026 2597 3240 2651 inversa
3293 2589 3500 2649 omnia.

1921 2713 2084 2774 caput
2118 2703 2170 2757 in
2200 2700 2452 2763 caudam,
2499 2693 2629 2751 nihil
2664 2693 2778 2763 jam
2814 2691 3002 2744 deesse
3058 2693 3253 2753 praeter
3307 2677 3503 2734 infulas

1921 2795 2277 2868 episcopales,
2308 2800 2488 2847 actum
2515 2802 2636 2844 esse
2658 2785 2761 2840 nisi
2783 2781 3076 2838 Guatinum
3103 2775 3344 2830 funditus
3371 2785 3504 2824 con-

1923 2891 2089 2958 cidat,
2113 2865 2179 2943 et
2228 2887 2280 2942 id
2308 2899 2477 2957 genus
2503 2879 2730 2952 plurima
2760 2891 2879 2946 quae
2905 2872 3068 2929 etiam
3129 2865 3504 2924 sanctissimas

1921 2994 2134 3038 mentes
2154 2979 2381 3049 iustitiae
2402 2989 2557 3030 arma
2588 2971 2867 3040 corripere
2900 2977 3094 3036 cogere
3121 2966 3364 3034 possent,
3401 2957 3501 3009 do-

1922 3087 2022 3128 nec
2046 3078 2260 3140 sumpta
2284 3065 2596 3128 occasione,
2625 3069 2680 3115 et
2703 3059 2836 3116 cieri
2863 3063 3156 3119 conventu,
3184 3045 3502 3122 praesentari

1921 3137 2260 3233 privilegium
2319 3155 2557 3210 mandat.
2610 3150 2906 3213 Defertur,
2961 3147 3194 3216 legitur,
3252 3151 3306 3195 et
3357 3137 3505 3194 velut

1919 3231 2285 3308 adulterinum
2319 3263 2440 3302 cum
2472 3243 2726 3301 violentia
2757 3252 2919 3311 atque
2947 3238 3164 3308 injuria,
3198 3236 3314 3290 sine
3353 3231 3500 3298 jure,

1920 3346 2038 3402 sine
2065 3339 2274 3414 judicio
2325 3338 2579 3402 trahitur,
2631 3337 2866 3407 rapitur,
2925 3339 2978 3387 ei
3010 3329 3062 3386 in
3111 3324 3348 3386 annario
3387 3321 3502 3390 ε’βῖ-

1919 3437 2070 3507 sCOpi
2118 3435 2440 3492 recluditur.
2484 3431 2736 3486 Latorem
2783 3437 2964 3483 autem
3003 3423 3352 3496 praepositum
3400 3437 3500 3477 no-

1920 3540 2093 3585 strum
2122 3525 2468 3585 contumeliis
2509 3522 2782 3587 affectum,
2842 3519 2958 3574 sine
3005 3517 3212 3571 ratione
3237 3513 3502 3584 exspolia-

1922 3629 2057 3686 tnm,
2093 3636 2165 3675 ne
2211 3619 2430 3689 quidem
2479 3613 2704 3668 ulterius
2745 3610 2858 3679 jam
2911 3605 3363 3666 convincendum,
3405 3603 3500 3658 sed

1919 3724 2080 3788 prout
2100 3712 2357 3769 confusus
2385 3710 2645 3765 tumultus
2667 3705 3061 3769 acciamabant,
3092 3702 3209 3757 sine
3228 3699 3502 3756 auditione

1921 3808 2244 3862 damnatum
2275 3803 2620 3876 dimiserunt.

1995 3899 2162 3954 XXV.
2186 3929 2257 3938 —
2277 3895 2496 3966 Singula
2519 3893 2648 3965 quid
2663 3907 2798 3962 opus
2815 3899 2901 3946 est
2929 3889 3221 3946 retexere?
3252 3899 3388 3956 quos
3417 3877 3500 3938 lu-'

1922 4003 2061 4054 ctus,
2093 4005 2228 4062 quas
2277 3989 2621 4058 ignominias,
2651 4001 2794 4056 quae
2823 3983 3134 4056 cpprobria,
3165 3995 3300 4051 quas
3356 3979 3503 4032 invi:-

1923 4089 2154 4152 ctiones,
2210 4101 2348 4157 quas
2384 4081 2856 4142 comminationes,
2912 4087 3174 4144 terrores,
3201 4073 3504 4130 derisiones

1913 4178 2145 4240 interim
2199 4185 2388 4232 nostra
2443 4174 2683 4229 Ecclesia
2735 4171 2940 4237 tulerit,
2993 4171 3120 4224 dum
3173 4182 3272 4222 suo
3327 4165 3504 4234 capite

1923 4271 2123 4326 nudata
2158 4309 2172 4333 ,
2220 4267 2500 4324 viduitatis
2551 4265 2791 4322 vestibus
2852 4263 3047 4317 amicta
3077 4301 3093 4325 ,
3139 4259 3503 4315 restitutionis

1926 4371 2136 4429 tempus
2161 4358 2531 4429 exspectabat.
2555 4353 2950 4412 Consolabatur
2975 4362 3152 4406 tamen
3183 4349 3238 4406 in
3267 4349 3500 4403 filiorum

235 4439 353 4496 fere
381 4457 675 4512 provmetae
716 4453 908 4498 contra
955 4459 1072 4508 IIOS.
1101 4445 1338 4497 malime
1379 4451 1559 4498 amem
1595 4444 1820 4499 οῑθνὶεο-
1853 4455 1901 4516 ι)
1924 4453 2018 4524 qui
2047 4452 2248 4508 residui
2277 4459 2433 4506 erant
2456 4450 2786 4514 constantia,
2816 4447 2944 4517 quia
2989 4443 3217 4498 viriliter
3250 4441 3503 4496 omnibus

223 4547 389 4598 rum,
417 4532 640 4588 conﬂata
671 4533 934 4602 suspicio,
965 4533 1108 4602 quod
1157 4534 1534 4590 mandatorum
1565 4534 1820 4604 apostoli-

223 4635 430 4676 .corum
488 4621 608 4692 plus
654 4621 1000 4676 mutuiatores
1046 4636 1157 4692 pra:
1208 4623 1421 4678 caeteris
1468 4623 1816 4686 videbamur,

238 4712 490 4769 vida-licet
537 4714 603 4767 de
635 4727 740 4766 non
787 4713 1146 4782 suscipiend's
1200 4715 1266 4768 ad
1299 4714 1492 4770 missas
1543 4714 1822 4770 faciendas

243 4807 489 4862 uxoratis
526 4807 924 4872 sacerdoziims,
957 4809 1022 4864 de
1055 4808 1381 4864 incestuosis
1407 4819 1456 4864 et
1492 4809 1822 4866 Sirnoniacis

239 4898 496 4982 vitandis,
527 4909 638 4954 tum
657 4902 821 4956 etiam
851 4902 915 4954 dc
952 4903 1072 4956 aliis
1101 4900 1352 4968 capitulis
1381 4917 1500 4968 quae
1523 4904 1575 4958 in
1599 4903 1822 4958 decreto

243 4989 487 5061 Gregorii
520 5005 674 5063 papae
729 4991 810 5046 VII
862 4991 1274 5066 distinguuntur
1304 4996 1608 5058 servandis,
1655 5003 1821 5063 atque

221 5081 310 5138 ob
345 5081 448 5137 hoc
471 5082 616 5136 velut
639 5083 939 5139 iucentores
971 5087 1136 5156 hujus
1157 5082 1538 5142 commotionis
1561 5085 1820 5142 domuum

245 5172 428 5192 nlﬂ'l

1924 4557 2045 4610 qua:
2071 4540 2388 4596 acciderant
2421 4537 2755 4600 infortuniis,
2797 4536 3074 4591 canonica:
3127 4531 3250 4586 vitae
3281 4547 3308 4584 a
3357 4531 3503 4600 regia

1921 4633 2008 4686 via
2043 4648 2149 4686 non
2173 4631 2571 4692 exorbitabant,
2613 4627 2708 4684 sed
2735 4640 2834 4695 pro
2873 4624 3067 4695 seipsis
3093 4631 3149 4678 et
3175 4622 3292 4676 loco
3341 4617 3506 4690 agen-

1927 4735 2029 4790 tes,
2057 4721 2608 4794 nihiiimpossibiiius
2653 4733 2816 4788 quam
2867 4718 3114 4773 Romano
3163 4715 3385 4768 decreto
3414 4727 3506 4766 su-

1924 4813 2269 4886 perordiuari
2323 4827 2483 4883 posse
2529 4808 2862 4878 judicantes,
2913 4802 3209 4870 resumptis
3257 4804 3464 4858 viribus
3493 4837 3510 4860 .

1924 4921 2024 4977 per
2049 4905 2258 4972 seipsos
2286 4907 2600 4974 episcopum
2631 4899 2862 4964 adeunt,
2897 4901 3110 4967 rogant,
3149 4893 3517 4960 expostulant,

1927 4997 2200 5058 incusant,
2254 5008 2357 5048 cur
2392 4992 2602 5052 scilicet
2646 4987 3050 5046 Guatiuensem
3095 4979 3402 5036 Ecclesium
3445 4977 3527 5028 iu-

1929 5086 2105 5143 dibrio
2128 5083 2400 5154 habitam,
2447 5084 2567 5138 sine
2607 5082 2724 5150 iege
2768 5077 3038 5140 fecisset;
3075 5087 3173 5125 cur
3218 5071 3537 5144 iniquorum

2949 5184 2972 5192 ..
3001 5159 3139 5192 nunt‘
3165 5159 3275 5192 :uno
3303 5159 3538 5192 ronic:9‘.

2617 5187 2636 5192 -
2667 5165 2901 5192 -..ςΑΙΖ..--.
