4006 5282
507 245 643 302 I527

1515 249 1812 305 EBRARDI
1851 249 2281 308 \VATINENSIS
2319 253 2631 310 CANONICI

3617 260 3766 342 1523

503 359 670 418 bilem
713 359 988 418 discutere
1033 361 1218 428 vellet,
1271 363 1510 434 seipsum
1545 364 1598 419 in
1630 380 1794 422 causa
1845 381 1964 421 esse
1990 367 2081 436 qui
2111 371 2157 428 Α
2186 367 2583 438 impellebatur,
2633 386 2730 426 nos
2771 371 3102 442 injuriasset.
3149 373 3216 428 Et
3257 374 3474 434 quidem
3517 374 3768 427 Boiiiana

503 453 822 526 iujuriasset
850 473 956 513 non
987 458 1294 529 injuriatos,
1345 474 1404 514 se
1436 459 1681 514 invenire
1725 460 2079 531 puniendum,

503 547 727 614 punitos
754 557 932 604 autem
965 549 1384 618 impnniendos:
1419 549 1665 620 placeret
1726 551 1942 604 tandem
1989 552 2085 604 ab-

503 635 610 694 lata
638 640 884 706 reddere,
937 639 1268 710 exspoliatos
1323 643 1557 712 receptis
1585 641 2086 714 'propriisjurisdi-

505 728 686 784 ctione
711 729 762 784 in
787 745 884 786 sua
915 731 1226 798 restituere,
1273 740 1424 803 patre
1456 734 1688 804 turpiter
1731 733 1944 804 repulso
1989 749 2086 803 pu-

505 819 754 891 pillorum
777 839 956 880 causa:
979 841 1087 880 non
1114 826 1353 884 obviare.
1382 827 1527 884 Satis
1559 828 1671 898 jam
1705 840 1758 884 et
1800 829 2082 902 plusquam

502 912 637 968 satis
663 913 1024 986 malignorum
1074 919 1328 987 superbia
1368 929 1421 976 et
1465 909 1860 976 obtrectatione
1899 919 2088 978 Gnati-

501 1018 700 1059 nenses
727 1013 872 1060 terra
903 1008 1148 1077 marique
1178 1008 1345 1065 fuisse
1373 1009 1710 1076 decantatos,
1729 1009 1841 1082 jam
1873 1010 2086 1065 invidos

501 1097 570 1152 ad
610 1097 886 1152 cumulum
918 1109 1212 1172 grassatos,
1240 1100 1317 1154 nil
1347 1109 1558 1156 restare
1585 1102 1695 1172 spei
1719 1102 1774 1156 in
1803 1111 2082 1172 posterum

500 1191 954 1260 praetermiserim
981 1204 1034 1248 et
1067 1193 1385 1262 plorationis
1409 1194 1665 1266 elogium.
1691 1193 1796 1251 Sed
1814 1210 1878 1248 eo
1904 1205 2082 1249 tamen

499 1279 731 1336 miseros
749 1284 889 1352 apud
916 1281 1154 1350 judicem
1195 1283 1617 1340 miserabiliores
1643 1285 1697 1339 in
1745 1283 1891 1340 omni
1920 1299 2082 1338 causa

499 1373 698 1428 debere
727 1373 870 1439 ﬁeri,
903 1389 1009 1444 quo
1055 1375 1123 1430 ab
1169 1375 1379 1430 aaninlis
1425 1375 1849 1446 opprimuntur;
1904 1384 2085 1428 tamen

499 1479 663 1534 super
684 1467 863 1520 omnia
888 1467 1234 1536 cogitandum
1263 1467 1405 1535 quod
1430 1465 1482 1521 in
1513 1467 1725 1522 divinas
1749 1465 1894 1536 leges
1922 1465 2084 1536 impie

499 1556 720 1625 impune
743 1571 903 1627 agere
934 1557 1022 1612 diu
1044 1573 1150 1610 non
1180 1557 1423 1613 cedatur.
1453 1555 1547 1612 Sin
1574 1567 1754 1612 autem
1778 1555 2084 1612 Neroniana

497 1657 746 1718 tempora
779 1649 866 1706 bis
925 1665 1083 1720 posse
1113 1649 1387 1716 convinci,
1413 1665 1534 1720 qua:
1573 1649 1702 1704 licet
1748 1649 1966 1705 Petrum
1990 1650 2086 1704 ab-

2187 459 2383 527 pietas,
2440 459 2526 515 cui
2577 461 2630 516 in
2682 453 2871 518 eodem
2905 464 3357 528 assentiabamus,
3397 479 3519 534 qua:
3549 479 3772 534 semper

2189 551 2495 608 laborantes
2547 553 2940 611 misericordia:
2991 556 3200 626 gremio
3247 557 3528 627 suscipere
3576 549 3766 620 solet‘,

2187 642 2362 696 virum
2421 644 2583 699 habet
2631 645 2780 700 velut
2831 648 3118 701 emeritum
3173 662 3351 713 suum,
3409 647 3665 716 quamvis
3711 648 3766 702 in

2186 731 2462 802 aliquibus
2483 743 2683 790 statum
2729 734 3035 807 reipublicae
3079 735 3490 792 labefactantem
3513 745 3770 790 materne

2188 823 2508 890 sustinebat,
2533 825 2657 895 quia
2703 825 3102 896 simplicitatem
3150 841 3273 880 eum
3325 835 3610 882 senectute
3633 841 3772 896 pen-

2187 930 2332 978 sans,
2369 925 2520 970 tanto
2575 933 2673 988 pro
2713 932 2777 973 eo
2827 915 3107 972 sollicitior
3137 925 3300 988 atque
3341 918 3584 974 timidior
3611 917 3767 972 vide-

2187 994 2363 1072 batur,
2388 1015 2591 1076 quanto
2611 1005 2835 1062 scientia
2860 1020 2924 1061 ac
2951 1007 3275 1062 discretione
3303 1007 3576 1064 excedens
3605 1008 3772 1060 morti

2187 1096 2438 1157 vicinior.
2465 1097 2673 1150 dierum
2701 1095 2888 1167 plenus
2907 1095 3148 1168 quotidie
3169 1095 3521 1154 eﬂiciebatur.
3549 1097 3774 1152 Etenim

2189 1203 2293 1241 non
2339 1185 2509 1242 multo
2553 1196 2676 1256 post
2723 1187 2836 1257 ipse
2881 1186 3192 1260 defungitur
3231 1202 3374 1243 anno
3415 1187 3778 1258 episcopatus

2187 1281 2267 1336 Sui
2293 1279 2762 1350 quinquagesimo.

2260 1371 2498 1428 XXVIII.
2539 1371 2808 1425 "ubertas
2832 1371 3235 1426 archidiaconus
3283 1373 3540 1427 succedit.
3591 1403 3664 1426 —-.—
3721 1372 3778 1428 In

2187 1463 2339 1530 cujus
2370 1463 2552 1517 sedem
2582 1461 2854 1518 Ilubertus
2873 1463 3113 1533 ejusdem
3141 1463 3396 1518 Ecclesia:
3423 1464 3780 1519 archidiaco-

2189 1571 2290 1610 nus
2339 1557 2699 1627 subrogatur,
2745 1556 2828 1611 vir
2859 1555 3140 1624 elegantis
3183 1556 3422 1612 scientiae
3461 1573 3530 1612 ac
3577 1557 3782 1628 dignus

2189 1645 2446 1710 dominio,
2479 1647 2522 1702 si
2549 1647 2672 1714 sibi,
2711 1655 2770 1702 ut
2798 1647 2983 1714 aiunt,
3018 1647 3282 1702 dominari
3307 1647 3578 1718 potuisset
3607 1667 3622 1702 :
3658 1663 3784 1718 qure

502 1741 882 1808 sun'npsissent.
911 1718 1005 1796 sed
1051 1751 1226 1796 tamen
1260 1718 1600 1798 lidemillius
1639 1741 1739 1796 sub
1769 1741 2082 1796 testimonio
2113 1718 2158 1778 Β
2189 1751 2274 1792 res
2307 1738 2592 1808 plerosque
2629 1739 2942 1796 multoticns
2972 1739 3040 1794 ad
3063 1755 3232 1807 usque
3259 1740 3614 1797 interniciem
3641 1757 3780 1798 con-

497 1845 824 1887 reservasse.
853 1831 1004 1888 Nunc
1023 1847 1154 1886 vero
1176 1832 1228 1885 in
1257 1831 1356 1886 hac
1371 1831 1913 1901 rerumintemperie,
1943 1831 1984 1886 si
2007 1841 2089 1886 te-

495 1920 619 1976 nnis
649 1919 924 1988 iniustitia:
949 1921 1098 1976 frena
1121 1921 1393 1989 laxentur,
1415 1922 1538 1992 quid
1566 1921 1708 1976 aliud
1732 1923 1832 1978 nisi
1861 1922 1983 1979 Iidri
2009 1933 2090 1978 te-

496 2017 608 2068 tius
623 2011 972 2068 fundamenta
998 2012 1456 2084 collitlcre,atque
1483 2012 1596 2082 ipsa
1635 2011 1877 2069 Veritale
1909 2014 2081 2068 recla-

497 2115 683 2158 mante
709 2122 721 2157 :
757 2101 868 2176 Ego
891 2120 986 2174 pro
1007 2113 1052 2158 te
1075 2105 1270 2175 rogavi,
1304 2101 1480 2168 Petre,
1511 2115 1564 2158 ut
1593 2121 1695 2158 non
1722 2103 1929 2170 deﬁciat
1953 2105 2084 2173 ﬁdes

497 2205 609 2256 tua,
643 2209 762 2264 qua:
808 2193 1104 2249 inlidelium
1165 2195 1484 2250 intemerata
1540 2195 1761 2266 reliquit
1811 2195 2082 2264 impietas,

497 2283 742 2352 ejusdem
792 2285 947 2356 cujus
971 2301 1076 2340 non
1103 2285 1316 2342 desinet
1371 2287 1506 2344 ﬁdes
1547 2296 1739 2342 contra
1783 2285 2081 2341 Veritatem

493 2375 660 2432 etiam
684 2385 1006 2431 testamenta
1033 2377 1250 2432 delere?

573 2464 766 2521 XXVI.
789 2497 860 2509 --
883 2465 1152 2522 Intererat
1183 2467 1309 2522 huic
1337 2467 1678 2524 altercationi
1717 2469 1860 2524 Illius
1883 2477 2084 2524 sancta:

497 2556 760 2612 Romanae
814 2556 1070 2613 Ecclesiae
1111 2555 1172 2612 L.
1207 2557 1396 2612 Sancti
1444 2557 1872 2614 Audomarensis
1919 2572 2084 2612 cano~

499 2645 678 2710 nicus,
713 2661 872 2716 quem
903 2647 956 2700 in
1012 2660 1168 2702 sacro
1221 2645 1425 2717 palatio
1456 2661 1578 2702 cum
1623 2646 1946 2702 venerandae
1971 2660 2084 2701 me-

496 2737 685 2793 moria:
714 2737 980 2809 Gregorio
1008 2737 1094 2792 VII
1125 2752 1233 2793 non
1284 2753 1453 2808 parvo
1485 2749 1727 2810 tempore
1777 2753 2083 2794 commora-

497 2838 613 2884 tum
637 2839 692 2885 et
717 2831 985 2896 novimus,
1003 2840 1056 2886 et
1083 2829 1362 2902 splendide
1391 2831 1796 2902 peregrinatum
1825 2829 2078 2885 vidimus.

495 2921 598 2986 Qui
623 2919 918 2978 Romuleos
947 2923 1128 2992 apices
1155 2931 1396 2978 reserata
1429 2924 1619 2978 charta
1651 2922 1816 2977 veluti
1847 2921 2086 2977 familia-

497 3013 580 3068 ris
625 3012 935 3084 aliquandiu
989 3013 1350 3070 collectaueus
1405 3015 1654 3071 acumine
1703 3014 1920 3070 clariori
1953 3013 2081 3084 quid

2187 1829 2606 1900 fuditpotentes.
2658 1831 2759 1901 Qui
2814 1833 3174 1888 sacerdotium
3227 1833 3474 1904 adeptus,
3523 1849 3660 1890 cum
3713 1835 3782 1888 ad

2185 1923 2579 1980 continentiam
2612 1925 2867 1982 Ecclesiae
2897 1941 3009 1980 suae
3037 1925 3405 1997 possessiones
3453 1935 3510 1982 et
3549 1927 3780 1992 altaria,

2188 2015 2239 2070 in
2266 2016 2464 2085 quibus
2512 2033 2633 2072 cum
2673 2017 2892 2074 defecto
2939 2023 3340 2087 praedecessore
3373 2026 3430 2073 et
3463 2019 3586 2088 ipsa
3621 2018 3784 2072 defe-

2185 2105 2415 2173 l‘ccerat,
2451 2119 2672 2164 strenue
2719 2107 3014 2174 conferret,
3043 2117 3098 2164 et
3140 2108 3294 2179 quasi
3345 2107 3654 2164 redivivam
3693 2123 3781 2162 re-

2187 2197 2424 2254 formare
2475 2199 2809 2269 disponeret,
2865 2199 3024 2254 bonte
3066 2199 3180 2270 spei
3231 2199 3374 2269 apud
3425 2199 3616 2268 plures
3659 2213 3786 2255 esse

2183 2301 2446 2362 coeperat,
2469 2292 2612 2361 quod
2667 2291 2872 2346 utiliter
2907 2290 3301 2361 episcopalibus
3351 2289 3623 2346 reditibus
3655 2303 3786 2360 pro-

2184 2383 2393 2438 videret
2423 2400 2435 2438 :
2470 2383 2611 2436 unde
2637 2381 2680 2438 si
2711 2383 2780 2438 ab
2805 2395 2872 2436 eo
2892 2379 3086 2438 collata
3117 2389 3329 2436 servata
3351 2379 3784 2448 remansissent,

2185 2471 2372 2528 felices
2415 2485 2587 2541 usque
2615 2471 2775 2527 hodie
2818 2485 3164 2527 successores
3191 2469 3620 2540 praedicaremus
3645 2470 3774 2540 epi-

2185 2577 2397 2631 scopos,
2424 2561 2516 2632 qui
2545 2561 2688 2617 unde
2709 2561 2984 2616 alerentur
3014 2575 3116 2615 non
3158 2569 3401 2630 egerent,
3433 2573 3536 2614 nec
3571 2559 3786 2614 distra-

2185 2651 2447 2707 herentur
2472 2661 2662 2706 contra
2701 2651 2966 2720 Spiritum
2993 2659 3240 2705 sanctum
3283 2650 3494 2704 venalia
3543 2659 3780 2704 sancto-

2187 2757 2306 2797 rum
2338 2741 2582 2796 locorum
2613 2741 2941 2812 patrocinia,
2981 2755 3103 2811 quae
3151 2755 3247 2811 per
3273 2740 3578 2794 Simoniam
3609 2741 3779 2811 igno-

2185 2832 2386 2886 bilibus
2415 2831 2714 2887 commissa
2767 2829 3040 2900 personis,
3095 2829 3162 2884 ad
3195 2829 3500 2884 miseranda
3552 2829 3780 2886 vivendi

2187 2923 2510 2977 commercia
2546 2922 2660 2976 suis
2687 2919 3045 2976 mercenariis
3073 2917 3460 2986 suifragantur.

2261 3013 2453 3068 XXIX.
2497 3015 2773 3080 Quomodo
2811 3030 2866 3068 se
2891 3012 3100 3084 gesserit
3125 3011 3176 3064 in
3221 3011 3545 3080 episcopatu.
3573 3042 3649 3050 —
3673 3009 3782 3064 Ta-

499 3077 842 3160 continereut
875 3105 1120 3170 intuitus,
1160 3115 1275 3160 rata
1313 3105 1762 3175 interpretatione
1808 3105 1928 3161 sine
1971 3077 2078 3160 dil-
2111 3077 2156 3140 ε
2188 3106 2332 3161 libus
2359 3077 2540 3160 autem
2567 3105 2738 3160 initiis
2765 3106 2811 3160 si
2841 3077 3072 3175 reliqua,
3095 3102 3223 3157 dum
3250 3077 3356 3156 luit
3382 3077 3434 3155 in
3464 3101 3776 3171 episcopio,

503 3195 746 3252 ilcultate
775 3197 1013 3261 resolvit,
1048 3205 1104 3252 et
1129 3197 1370 3268 oppiIalo
1399 3195 1788 3269 refragantium
1811 3211 1902 3252 ore
1931 3193 2079 3251 Gua-

501 3289 700 3346 linensi
739 3288 991 3344 Ecclesia:
1016 3287 1219 3344 cultum
1251 3288 1588 3360 privilegium
1620 3290 1880 3361 resignari
1914 3291 2083 3346 abus-

505 3379 656 3434 danti
691 3380 899 3434 ratione
933 3379 1186 3434 convicit.
1218 3377 1310 3434 Sic
1361 3378 1524 3450 igitur
1555 3379 1790 3436 restituti
1820 3396 1884 3436 ac
1928 3389 2083 3448 grate

502 3471 892 3542 postliminium
944 3471 1169 3538 reversi,
1215 3471 1472 3542 deinceps
1501 3473 1681 3542 aliqua
1713 3473 2083 3540 inquietudine

503 3565 810 3620 libertatem
865 3575 1108 3620 nostram
1161 3581 1190 3620 a
1227 3565 1466 3621 nemine
1515 3565 1834 3621 rescivimus
1880 3581 2081 3636 caupo-

502 3657 644 3713 nari.

573 3745 785 3802 XXVII.
824 3746 1212 3802 I’I’alinensium
1241 3749 1294 3801 in
1317 3748 1544 3804 adversis
1575 3747 1880 3802 moderatio.
1911 3745 2084 3815 Drogo

497 3837 768 3908 episcopus
823 3835 1156 3891 Terranensis
1209 3840 1452 3894 moritur.
1496 3870 1566 3880 -—
1615 3837 1688 3894 Ea
1745 3847 2082 3906 tempestate,

505 3944 629 3982 cum
672 3928 723 3982 in
753 3926 941 3984 Galliis
971 3943 1066 3998 per
1093 3928 1340 3986 diversas
1386 3931 1542 3986 sedes
1590 3931 1818 4001 plurima
1855 3931 2084 3986 concilia

503 4015 930 4085 celebrarentur,
959 4029 1015 4074 et
1040 4019 1108 4075 ab
1133 4019 1356 4091 lIugoue
1397 4021 1576 4077 Diensi
1598 4031 1804 4076 sanetm
1833 4019 2086 4076 Romana":

507 4107 768 4165 Ecclesia:
811 4109 989 4180 legato
1036 4111 1205 4166 multa
1254 4113 1679 4181 corrigerentur,
1713 4113 1893 4169 clerus
1924 4113 2086 4169 Mori-

505 4201 692 4257 nensis
715 4215 810 4272 per
832 4201 1234 4271 simplicitatem
1282 4204 1520 4274 episcopi
1568 4205 1738 4269 senis,
1765 4213 1874 4257 tum
1906 4204 1958 4258 in
1989 4220 2088 4260 no-

505 4296 610 4360 bis,
642 4305 754 4350 tum
787 4299 840 4351 in
869 4296 1013 4361 aliis,
1045 4311 1142 4365 pro
1173 4297 1432 4367 qualitate
1461 4299 1722 4368 temporis
1759 4297 1836 4354 ita
1866 4300 2087 4368 impune

2185 3211 2284 3266 pro
2308 3206 2550 3265 tempore
2572 3195 2706 3250 locis
2728 3203 2782 3250 et
2801 3193 3050 3264 personis
3073 3192 3456 3248 convenienter
3483 3191 3780 3262 adaequas-

2187 3294 2292 3351 set,
2347 3285 2526 3340 minus
2554 3284 2872 3350 infortunia,
2921 3284 3039 3354 plus
3087 3282 3298 3338 decoris
3327 3281 3631 3336 habuisset.
3669 3280 3776 3337 Sed

2190 3379 2320 3430 dum
2353 3374 2407 3428 in
2435 3374 2755 3429 ordinandis
2783 3373 3128 3442 quibusdam,
3153 3371 3254 3428 sibi
3278 3379 3572 3426 contentus
3599 3373 3778 3443 magis

2187 3464 2421 3520 libertati
2453 3465 2644 3536 gratiae
2663 3479 2768 3535 qua
2791 3477 2850 3518 se
2879 3473 3187 3534 promotum
3211 3461 3430 3526 ﬁdebat,
3459 3476 3628 3531 quam
3665 3463 3778 3516 dis-

2186 3555 2414 3612 cretioni
2445 3558 2768 3621 attenderet,
2815 3558 3074 3612 damnose
3102 3554 3398 3624 magisterii
3429 3553 3652 3608 clavum
3689 3567 3778 3608 re-

2187 3665 2337 3721 gens,
2363 3649 2418 3706 in
2465 3649 2689 3706 altiores
2733 3664 2992 3720 personas
3038 3647 3280 3720 impegit.
3333 3645 3470 3700 Nam
3523 3646 3780 3718 pluribus

2187 3741 2310 3796 aliis
2344 3740 2542 3811 quibus
2597 3741 2870 3797 conﬁdere
2899 3749 3087 3810 posset
3141 3749 3269 3794 ante
3303 3739 3559 3810 abiectis,
3593 3739 3776 3810 ipsum

2187 3833 2482 3902 principem
2511 3834 2676 3889 totius
2697 3833 2966 3888 Flandrire
2989 3830 3205 3887 tandem
3252 3831 3354 3886 hac
3401 3831 3470 3886 de
3519 3845 3690 3884 causa
3723 3833 3774 3886 in

2190 3923 2487 3993 perniciem
2539 3923 2621 3980 sui
2648 3924 2959 3979 commovit.
2987 3923 3122 3978 Cum
3151 3923 3296 3978 enim
3337 3923 3389 3976 in
3419 3923 3658 3978 concilio
3685 3921 3776 3976 Pi-

2188 4015 2431 4069 ctavensi
2461 4015 2694 4084 quodam
2743 4029 2773 4068 a
2813 4013 3014 4068 domno
3042 4011 3270 4083 Hugone
3318 4010 3570 4067 Romano
3597 4013 3777 4084 legato

2191 4105 2254 4160 E.
2287 4105 2458 4162 abbas
2503 4104 2790 4176 Bcrgensis
2822 4103 3056 4160 cmuobii
3089 4103 3368 4173 depositus
3411 4103 3691 4169 rediisset,
3721 4111 3778 4158 et

2191 4197 2445 4252 monachi
2483 4197 2716 4267 benigne
2771 4196 3045 4251 licentiam
3073 4211 3104 4248 a
3135 4194 3380 4264 principe
3407 4195 3774 4264 accepissent,

2189 4303 2308 4345 orta
2341 4290 2698 4354 dissensiOne,
2755 4299 2922 4358 atque
2965 4287 3054 4342 diu
3085 4285 3268 4340 habita
3315 4286 3460 4338 inter
3493 4300 3594 4339 eos
3623 4299 3774 4354 qum-

507 4385 834 4440 tIeIirabant.
885 4385 941 4440 In
991 4387 1096 4441 hoc
1146 4395 1324 4442 tamen
1373 4401 1638 4443 conamur
1665 4403 1758 4445 eos
1801 4403 2085 4453 excusare,
2120 4421 2164 4478 Β
2192 4381 2388 4444 stione,
2419 4379 2768 4434 obinvidialn
2801 4377 3128 4432 ascendendi
3169 4377 3220 4430 in
3269 4389 3435 4428 unum
3479 4375 3776 4430 convenire

503 4475 646 4546 quod
670 4491 793 4531 cum
823 4476 993 4531 multo
1019 4477 1200 4532 minus
1249 4493 1409 4546 quam
1440 4479 1799 4549 quorumdam
1830 4479 2086 4550 poscebat

501 4567 686 4625 invida
735 4571 1009 4640 suggestio
1057 4579 1390 4640 pateremur,
1444 4572 1660 4628 animus
1699 4587 1887 4627 eorum
1935 4573 2021 4627 vix
2055 4589 2085 4628 a

505 4657 684 4724 nobis,
717 4659 864 4714 salva
897 4659 1192 4731 episc0pali
1222 4661 1554 4728 reverentia,
1582 4663 1634 4718 in
1676 4673 1863 4718 nostra
1894 4657 2081 4720 defen-

507 4751 658 4806 sione
691 4751 938 4808 recessit.
990 4751 1095 4807 Sed
1145 4753 1199 4808 in
1241 4753 1326 4808 his
1352 4754 1602 4810 omnibus
1643 4771 1764 4825 qua:
1801 4755 1952 4825 pacis
1995 4757 2084 4810 alii

505 4857 806 4908 eversores,
837 4851 1000 4912 atque
1025 4841 1114 4896 alii
1143 4844 1524 4913 suggerebant,
1551 4845 1706 4915 digna
1731 4845 1947 4916 quidem
1971 4845 2088 4899 ani-

505 4929 887 4988 madversione
913 4923 956 4987 si
995 4929 1181 4988 ulcisci
1210 4933 1275 4986 de
1315 4949 1414 4988 nos
1439 4933 1778 5004 pulsantibus
1807 4935 2083 5000 vellemus,

507 5035 786 5060 nsunt-unm
819 5034 1104 5060 urnulas-nn
1161 5024 1494 5060 ιοοηηιιοηιιιηε
1546 5041 1708 5060 ηιηιηιιι
1745 5037 1852 5056 Iam
1897 5027 2084 5060 alanna:

2191 4489 2299 4528 non
2340 4481 2655 4542 potuerunt.
2711 4471 2792 4525 Ad
2818 4470 2960 4541 quod
3012 4467 3375 4523 definiendum
3409 4467 3774 4521 Viennensem

2192 4562 2660 4632 archiepiscopum
2685 4559 2775 4616 W.
2806 4560 2896 4630 qui
2927 4559 3070 4614 forte
3094 4559 3283 4614 diebus
3313 4557 3420 4612 illis
3452 4559 3776 4620 advenerat,

2192 4655 2284 4724 qui
2320 4652 2555 4708 cmnobii
2587 4651 2969 4706 Cluniacensis
2995 4651 3139 4704 inter
3164 4649 3467 4719 praecipuos
3497 4647 3778 4717 regulares

2193 4745 2518 4808 habebatur,
2544 4743 2798 4813 princeps
2824 4741 3042 4806 accivit,
3065 4749 3124 4794 ut
3151 4739 3317 4810 ipsius
3339 4738 3574 4794 consilio
3607 4753 3770 4808 quem

2193 4839 2466 4896 destitutae
2497 4837 2740 4893 ecclesiae
2765 4843 2976 4907 patrem
3002 4835 3380 4898 constitueret,
3419 4831 3658 4902 regulari
3689 4831 3776 4884 de-

2195 4943 2348 4988 creta
2371 4931 2740 5000 investigaret.

2269 5021 2308 5060 \'
2325 5021 2413 5060 \'Y
2481 5019 2635 5060 Prim-
2658 5019 2983 5060 ἶσνηήηοηιὶς
3009 5015 3302 5060 ρΙὸηρηήιιηι
3347 5014 3582 5060 sanant-it
3609 5016 3662 5060 in
3689 5011 3778 5060 nb-

3949 361 3960 994 Ι
