4006 5282
146 257 166 316 i
179 258 278 314 329

1253 259 1646 320 CHRONlCON
1683 261 1794 318 WA
1804 263 2116 324 TINENSE.

3261 261 3284 314 i
3293 258 3398 316 5.50

151 377 270 438 rari,
309 388 338 427 a
365 375 474 429 Deo
500 371 654 442 quasi
677 371 1056 427 transmissum
1083 391 1096 428 :
1142 375 1186 430 si
1225 375 1368 430 hunc
1395 391 1714 446 promovere
1741 383 1790 440 Α
1819 380 1978 436 matis
2005 378 2228 434 invexit.
2261 377 2370 436 Nec
2413 378 2542 434 illud
2573 375 2790 450 quidem
2817 373 2982 430 semel
3031 381 3124 428 aut
3173 372 3282 436 bis,
3310 387 3400 428 ve-
3443 437 3448 442 .

145 471 396 540 placeret.
429 473 602 518 tutum
633 461 770 526 fore,
803 477 906 518 nec
947 479 1105 534 posse
1143 463 1435 536 desperare
1463 467 1530 522 de
1559 468 1712 522 bonae

143 563 262 616 vitae
298 565 553 630 provectu
596 557 696 613 sub
737 555 848 622 illo,
897 557 988 628 qui
1033 565 1140 611 tam
1166 557 1394 614 honesta
1425 573 1714 614 conversa-

143 654 284 707 tione
331 665 434 703 non
493 649 642 718 parvi
688 649 946 716 temporis
999 647 1300 719 dispendio,
1364 650 1608 706 districte
1657 651 1712 706 iu

145 741 458 798 monachico
481 739 664 795 habitu
697 739 1108 810 philosophatus
1130 751 1265 797 erat.
1299 741 1380 796 Ad
1411 743 1525 798 lucc
1549 758 1714 812 grave

145 831 437 902 periculum
477 829 782 896 imminere,
811 831 855 885 si
907 831 1216 888 nolentibus
1271 833 1594 904 regulariter
1634 833 1714 888 vi-

143 939 289 988 vere,
324 923 652 978 consentiret
683 940 696 976 :
727 925 1132 980 communicare
1163 927 1400 996 peccatis
1425 926 1640 992 alienis,
1667 925 1714 982 si

145 1017 367 1072 rebelles
394 1026 448 1071 et
471 1017 841 1072 contentiosos
879 1033 945 1073 ex
991 1020 1260 1074 sententia
1301 1035 1398 1076 sua
1424 1036 1586 1092 agere
1607 1036 1714 1076 non

145 1107 478 1178 reprimeret,
505 1107 778 1178 negotium
817 1107 927 1176 jam
959 1110 1172 1175 adesse,
1202 1111 1506 1177 devenisse,
1538 1113 1720 1184 provi-

144 1199 294 1252 deret
320 1213 385 1252 ne
417 1197 567 1253 locus
588 1198 704 1253 sine
738 1210 949 1256 rectore
978 1201 1364 1276 detrimentum
1395 1205 1716 1268 sustineret,

143 1299 196 1343 et
225 1297 282 1342 ut
307 1303 462 1343 sacer
487 1288 622 1343 ordo
649 1289 738 1360 qui
771 1291 912 1359 apud
953 1291 1070 1348 illos
1096 1294 1416 1364 deperisset,
1447 1294 1532 1350 vel
1559 1295 1718 1352 modo

143 1393 262 1432 sero
283 1392 379 1444 per
407 1377 714 1447 regularem
740 1381 964 1436 rediret.

212 1468 397 1524 XXXI.
461 1471 778 1528 Eleclioncm
827 1477 1081 1544 approbat
1125 1479 1363 1550 princeps
1423 1463 1720 1534 Flandrett-

147 1564 241 1615 sis.
265 1593 330 1601 —-
353 1561 613 1632 Princeps
645 1581 775 1618 vero
807 1567 1033 1624 rationis
1071 1571 1226 1624 valde
1256 1587 1452 1640 capax,
1485 1583 1600 1626 tum
1628 1588 1722 1626 au-

145 1653 394 1706 ctoritate
427 1655 844 1726 archiepiscopi,
875 1667 985 1712 tum
1020 1661 1182 1716 etiam
1213 1663 1507 1718 comitissa:
1531 1665 1722 1720 matris

143 1744 252 1809 ejus
285 1759 528 1811 assensu,
563 1749 635 1802 ita
683 1747 797 1804 ﬁeri
849 1751 1100 1820 praebuit,
1152 1753 1195 1806 si
1241 1754 1420 1809 divelli
1465 1771 1496 1810 a
1533 1771 1721 1810 mona-
1755 1735 1798 1792 Β

143 1837 305 1890 sterio
333 1838 412 1892 sui
447 1839 660 1894 abbatis
685 1842 932 1914 cessione
972 1845 1259 1913 potuisset.
1309 1845 1588 1904 Monacbis
1633 1864 1726 1904 au-

145 1938 246 1981 tem
273 1943 334 1982 ex
364 1929 541 2000 aliqua
572 1943 726 2000 parte
765 1934 816 1988 in
847 1935 1218 1994 obstinatione
1261 1939 1683 2010 persistentibus
1708 1981 1726 2006 ,

143 2019 446 2077 aliisaniori
481 2027 677 2081 mentis
704 2027 926 2090 intuittt,
949 2029 1180 2086 salutem
1205 2047 1358 2088 suam
1384 2048 1506 2088 cum
1534 2034 1727 2090 timore

147 2111 236 2164 Dei
266 2113 699 2182 considerantes,
719 2119 784 2172 ad
809 2119 1013 2190 justam
1042 2123 1372 2178 voluntatem
1392 2133 1443 2180 et
1467 2126 1728 2196 principis

144 2201 476 2268 petitionem,
525 2217 737 2261 remoto
793 2211 1014 2274 studio,
1063 2213 1172 2266 imo
1232 2211 1522 2278 consensu,
1567 2216 1726 2271 talem

147 2293 244 2346 sibi
277 2295 680 2365 praeﬁciendum
731 2302 1094 2370 cxpetierunt.
1131 2302 1300 2376 llujus
1329 2319 1459 2376 ergo
1487 2306 1728 2377 postula-

145 2385 305 2442 tionis
335 2389 543 2445 directa
569 2391 833 2448 relatione
859 2396 926 2448 ad
950 2405 1159 2464 patrem
1188 2402 1504 2455 monasterii
1536 2399 1594 2456 S.
1625 2402 1727 2475 Ay-

147 2478 238 2532 rici
295 2479 697 2548 Verdunensis,
764 2486 853 2555 qui
911 2487 1058 2543 missi
1118 2490 1328 2544 fuerant
1380 2506 1408 2546 a
1462 2493 1726 2564 principe,

147 2567 453 2631 redierunt,
511 2573 812 2629 cessionem
872 2577 1032 2632 nullis
1091 2579 1570 2636 intercessionibus
1625 2584 1728 2640 sibi

148 2657 277 2724 ﬁeri,
310 2662 408 2718 nisi
445 2661 614 2719 frater
640 2667 704 2720 ad
759 2661 1060 2724 claustrum
1113 2673 1374 2728 obedicns
1421 2675 1729 2734 redeatSub

147 2754 490 2809 attestatione
516 2757 781 2812 referunt.
808 2759 976 2828 Quem
1001 2777 1122 2817 cum
1156 2764 1282 2819 item
1306 2779 1371 2818 eo
1403 2781 1572 2836 usque
1603 2783 1727 2836 per-

147 2847 262 2895 acta
319 2843 590 2914 legatione
636 2849 887 2920 princeps
937 2853 1202 2909 canonice
1247 2857 1560 2928 recepisset,
1599 2859 1730 2914 Ber-

147 2935 568 3002 gensicmnobio
601 2955 803 2996 remota
847 2943 993 2998 0mm
1053 2961 1173 3016 qua:
1223 2963 1386 3002 manu
1435 2949 1571 3006 laica
1607 2953 1727 3008 ticri

147 3025 300 3091 solet,
331 3033 680 3097 prommione
713 3049 947 3101 praeesse
975 3039 1264 3093 concessit.

213 3117 426 3175 XXXII.
461 3119 700 3176 Electum
748 3142 1052 3183 consecrare
1099 3132 1269 3190 renuit
1307 3133 1577 3202 episcotms
1609 3133 1731 3188 Ter-

147 3214 1020 3272 vnnensis.—Adierautinlerim
1045 3221 1263 3290 quidam
1307 3263 1321 3275 .
1365 3262 1378 3276 .
1424 3261 1440 3276 .
1479 3225 1732 3280 monachi

149 3298 366 3358 lluberti
413 3304 781 3362 Terranensis
823 3309 1062 3380 episcOpi
1113 3313 1400 3377 notitiam,
1456 3315 1544 3384 qui
1593 3316 1736 3372 sicut

147 3390 245 3457 ipsi
273 3393 376 3465 legi
401 3393 499 3451 Dei
525 3397 750 3464 subjecti
777 3397 890 3454 ﬁeri
923 3399 1201 3468 timebant,
1223 3404 1294 3457 ita
1324 3404 1466 3460 illius
1489 3411 1730 3463 animum

149 3485 471 3552 repellentes
499 3489 568 3543 ab
597 3488 896 3547 intentione
924 3493 1204 3564 principis,
1256 3504 1314 3550 ut
1355 3503 1734 3568 quoquomodo

145 3577 288 3642 quod
339 3577 632 3634 liberatum
668 3591 786 3637 erat
832 3596 1165 3653 cassarctur,
1217 3587 1460 3644 subdolis
1503 3592 1734 3646 molitio-

147 3667 304 3724 nibns
356 3671 668 3727 obstabant.
728 3673 966 3742 Quorum
1033 3680 1477 3748 persuasionibus
1545 3698 1732 3740 aurem

149 3767 359 3828 pateas,
389 3779 496 3818 non
531 3773 708 3820 tamen
752 3783 817 3822 eo
857 3769 1000 3838 quod
1048 3780 1236 3826 contra
1287 3769 1554 3839 justitiam
1589 3791 1737 3844 qna:-

149 3852 374 3920 sierant,
427 3871 552 3911 cum
608 3858 897 3927 plurimum
948 3861 1244 3919 artiﬁciose
1290 3874 1610 3932 tentassent,
1651 3868 1734 3926 eis

151 3945 382 4013 profuit;
419 3949 678 4018 quoniam
704 3953 973 4022 praedicta:
1002 3965 1262 4012 matrona:
1303 3971 1368 4013 ac
1409 3957 1500 4013 ﬁlii
1531 3960 1739 4029 princi-

150 4039 253 4103 pis,
281 4038 325 4092 si
361 4039 445 4094 vel
477 4039 573 4094 soli
601 4041 701 4096 sibi
725 4043 1026 4114 episcOpari
1071 4046 1382 4110 didicisset,
1420 4047 1738 4105 inimicitias

149 4133 509 4196 comparavit.
553 4131 688 4186 Nam
742 4149 864 4188 cum
919 4135 1110 4206 reliqui
1155 4137 1380 4192 fratrum
1435 4141 1735 4194 secundum

151 4223 354 4275 sancita
381 4237 648 4278 canonum
679 4225 744 4279 ad
776 4226 1138 4296 pontiﬁcalem
1190 4229 1375 4284 sedem
1416 4245 1738 4286 consecran-

152 4308 275 4362 dum
329 4311 561 4367 electum
610 4330 766 4369 suum
814 4317 1162 4382 obtulissent,
1214 4319 1330 4390 ipse
1360 4321 1558 4386 renuit,
1589 4329 1642 4375 et
1671 4337 1738 4376 ne

1816 485 1935 524 rum
1961 472 2267 540 ubicunque
2297 472 2565 528 solemnes
2593 485 2754 540 agere
2800 467 3012 526 solebat
3055 465 3293 532 litanias,
3341 473 3400 519 ut

1816 565 1970 632 quasi
2023 563 2300 634 multiplici
2353 563 2610 619 scandan
2660 561 2934 618 memoria:
2967 558 3226 630 principis
3258 557 3402 628 Quod

1819 653 2474 718 teceratcommendaret,
2515 671 2676 726 quam
2729 653 2810 708 eis
2857 651 3128 708 indixerat
3173 665 3395 706 excoun-

1819 745 2200 802 municationis
2229 745 2504 802 vinculum
2555 746 2987 812 rememorando,
3021 747 3087 800 ad
3117 742 3400 798 infamiam

1816 851 2002 892 eorum
2042 839 2373 916 notiyabat.

1891 927 2128 984 XXXIV.
2173 925 2558 999 Electus'ergo
2622 947 2654 983 α
2709 928 2943 1000 principe
3007 927 3119 999 ipso
3189 921 3404 996 Πηροιή

1819 1019 2003 1074 Dieusi
2046 1021 2284 1089 episcopo
2330 1021 2534 1074 sistitur
2579 1019 2976 1074 benedicendus.
3030 1047 3102 1058 —-
3145 1015 3406 1084 Princeps

1821 1127 1951 1166 vero
1978 1111 2044 1167 ad
2077 1121 2264 1166 nutum
2317 1111 2625 1166 Salomonis
2669 1112 2887 1182 sapiens
2916 1109 3095 1165 diifert
3132 1109 3405 1179 Spiritum,

1821 1211 1876 1257 et
1929 1213 2169 1258 reservat
2231 1201 2282 1256 in
2342 1195 2639 1272 posterum.
2701 1201 2990 1272 lnjuriatns
3055 1200 3235 1253 verbis
3299 1213 3408 1250 non

1821 1294 2148 1364 obstrepuit;
2175 1293 2266 1348 sed
2284 1293 2574 1358 utdicitur,
2593 1293 2662 1346 ad
2683 1293 2822 1364 quod
2843 1293 3126 1348 intenderis
3143 1289 3406 1360 ingenium

1821 1385 1953 1441 valet
1993 1384 2225 1456 (Satn).
2261 1385 2435 1440 Etiam
2467 1385 2600 1440 nihil
2623 1386 2955 1455 propositum
2990 1381 3408 1448 diﬂ‘erens,cum

1822 1475 2166 1530 solemnitate
2224 1475 2426 1531 decreti
2472 1485 2527 1532 et
2575 1477 2815 1530 omnium
2869 1475 3252 1546 postulantium
3285 1473 3414 1526 sub-

1823 1568 2214 1636 scriptionibns
2247 1569 2582 1634 roboratum,
2631 1567 2685 1622 et
2717 1582 2813 1621 sua
2853 1565 3019 1638 ipsius
3049 1564 3240 1636 pagina
3281 1577 3412 1632 pro-

1827 1667 2105 1730 sequente,
2135 1674 2236 1716 nec
2267 1676 2372 1714 non
2402 1669 2456 1714 et
2485 1659 2893 1728 archiepiscopo
2941 1654 3235 1711 Viennensi
3282 1669 3411 1724 pro-

1829 1739 1960 1821 priis
1987 1751 2231 1822 apicibus
2260 1759 2622 1816 consonante,
2674 1751 2902 1805 electum
2933 1749 3182 1804 eumdem
3215 1747 3414 1802 domno

1829 1841 2036 1912 ilugoni
2071 1841 2252 1896 Dieusi
2296 1841 2656 1896 ordinandum
2706 1841 2824 1895 sine
2871 1839 3129 1894 dilatione
3167 1838 3416 1892 coenobio

1827 1934 2084 2006 Bergensi
2112 1933 2327 1989 direxit.
2355 1933 2452 1988 Cui
2484 1933 2693 2000 roganti
2744 1942 3011 2002 quatenus
3054 1929 3416 2000 alligatiouem
3443 1927 3446 1930 ’

1829 2027 2067 2098 episcopi
2093 2025 2455 2081 Tervanensis
2498 2025 2599 2080 sibi
2644 2025 2960 2089 resolveret,
2992 2021 3282 2079 cardinalis
3314 2019 3420 2074 tale

1831 2121 2002 2176 l‘ertnr
2028 2119 2241 2176 dedisse
2291 2134 2652 2188 responsum:
2690 2136 2707 2169 ι
2747 2117 2927 2172 Debeo
2977 2130 3205 2186 pensare
3242 2113 3421 2184 potius

1832 2211 1963 2265 illati
1993 2225 2214 2266 causam
2244 2210 2510 2274 criminis,
2539 2197 2699 2280 quam
2751 2207 3009 2263 ultionem
3060 2206 3272 2278 iniusta:
3302 2205 3446 2259 ani-'

1832 2303 2261 2368 madversionis,
2309 2317 2408 2358 nec
2459 2302 2566 2358 ullo
2621 2301 2778 2356 modo
2823 2301 2962 2370 apud
3015 2301 3189 2370 ipsum
3237 2298 3440 2378 valere.

1831 2405 2157 2450 sententiam
2189 2395 2648 2466 praecipitationis,
2685 2394 2774 2466 qui
2824 2393 2975 2448 novit
3023 2393 3208 2446 intime
3242 2406 3419 2460 quan-

1834 2497 1945 2542 tum
1974 2487 2248 2542 discernat
2278 2488 2399 2542 licta
2433 2485 2708 2541 damnatio
2753 2484 2988 2556 pastoris
3015 2501 3028 2550 ;
3081 2483 3286 2538 idcirco
3315 2497 3419 2536 non

1831 2594 1950 2635 esse
1983 2579 2201 2649 dignum
2231 2579 2588 2642 absolutione,
2615 2579 2888 2650 quodnon
2919 2577 3266 2632 commiserat
3289 2571 3446 2643 qua-'

1834 2673 1954 2726 litas
1983 2672 2171 2744 culpae.
2203 2671 2382 2726 valere
2414 2673 2466 2726 in
2497 2687 2652 2742 pace,
2691 2686 2792 2726 nec
2839 2669 3065 2725 ulterius
3111 2681 3171 2724 se
3201 2666 3426 2722 credere

1831 2765 2099 2834 privatum
2128 2764 2424 2834 apostolica
2461 2761 2856 2818 communione.
2899 2779 2918 2812 ›

1902 2851 2121 2908 XXXV.
2171 2851 2538 2908 Benedictione
2573 2861 2782 2921 accepta
2812 2849 3031 2904 Romam
3067 2847 3424 2920 proﬁciscitur

1833 2962 1865 2998 ιι
1889 2961 2095 2998 autumo
2121 2941 2366 3012 pontiﬁce
2397 2941 2813 3012 conﬁrmandus.
2851 2972 2918 2984 —
2952 2939 3008 2996 Si
3041 2953 3170 3008 ergo
3202 2946 3426 3008 accepta

1835 3034 2234 3100 benedictione,
2286 3049 2409 3088 cum
2466 3034 2532 3088 ad
2584 3033 2883 3103 principem
2937 3042 3159 3102 peracto
3207 3031 3426 3101 negotio

1835 3129 2226 3196 repertassent,
2289 3125 2562 3180 Hubertus
2625 3125 2988 3180 Tervanensis
3037 3125 3104 3178 ab
3167 3137 3232 3176 eo
3282 3121 3427 3192 quod

1835 3217 2010 3273 luerat
2036 3233 2140 3272 non
2173 3225 2412 3271 mutatus
2441 3215 2495 3270 in
2527 3231 2622 3271 sua
2672 3217 2941 3270 sententia
2993 3215 3342 3286 perdurabat,
3372 3219 3428 3268 et

1836 3323 1971 3378 quos
1998 3317 2156 3362 antea
2190 3308 2418 3361 necdum
2448 3307 2773 3361 auctoritate
2797 3315 2956 3361 cauta
2983 3305 3245 3368 ﬁrmatos,
3275 3319 3425 3358 com-

1838 3402 2096 3456 munione
2129 3401 2458 3470 privaverat,
2490 3399 2654 3454 etiam
2706 3416 2849 3454 nunc
2899 3395 3264 3452 anathematis
3291 3410 3425 3465 roga

1837 3505 2061 3565 propter
2086 3493 2168 3548 sui
2203 3493 2514 3563 despectum
2545 3491 2724 3546 aerius
2747 3490 2988 3545 nutabat.
3017 3487 3220 3543 Videns
3242 3495 3426 3542 autem

1836 3586 2092 3657 princeps
2121 3583 2186 3640 ad
2219 3583 2666 3656 ingratitudinem
2713 3599 2868 3639 suam
2917 3597 3028 3636 rem
3077 3581 3248 3652 magis
3275 3596 3423 3635 com-

1839 3678 2070 3745 moveri,
2102 3678 2378 3748 cogitabat
2423 3677 2693 3748 quomodo
2733 3675 2976 3731 ecclesia:
3022 3673 3174 3728 ﬁeret
3205 3671 3427 3728 consul-

1841 3779 1980 3836 tum,
2013 3788 2082 3828 ne
2129 3771 2196 3826 de
2227 3770 2494 3826 beneficio
2531 3769 2882 3826 ecclesiarum
2911 3784 3048 3839 quas
3075 3768 3128 3822 in
3153 3765 3426 3838 episcopio

1837 3851 2024 3934 plures
2057 3863 2294 3926 tenebat,
2327 3861 2557 3932 alicujus
2586 3862 2878 3917 amissione
2923 3876 3020 3931 pro
3057 3859 3159 3914 hac
3188 3857 3424 3912 vindicta

1839 3953 2447 4011 iucurreretdammnn.
2479 3953 2722 4008 Accitum
2771 3953 2933 4022 igitur
2977 3950 3038 4004 L.
3093 3950 3424 4004 Sithiensem

1841 4049 2186 4108 canonicum,
2218 4047 2330 4117 qui,
2355 4043 2539 4116 utjam
2567 4045 2768 4100 dictum
2799 4051 2902 4109 est,
2941 4043 2994 4096 in
3042 4057 3198 4096 sacro
3227 4040 3425 4110 palatio

1845 4140 1988 4195 inter
2010 4141 2215 4212 primos
2242 4147 2400 4193 notus
2445 4147 2582 4200 erat,
2635 4146 2797 4206 atque
2850 4135 3098 4188 nuntium
3142 4133 3242 4188 sibi
3271 4131 3428 4202 quasi

1845 4247 1941 4286 suo
1975 4229 2276 4301 responsali
2305 4227 2554 4282 eumdem
2603 4227 2853 4282 abbatem
2900 4224 3126 4278 Romam
3159 4223 3258 4278 sub
3287 4221 3430 4276 cele—

1845 4323 2005 4377 ritate
2034 4321 2217 4385 mittit,
2252 4331 2306 4377 et
2336 4337 2366 4376 a
2391 4321 2589 4375 domno
2643 4317 2906 4390 Gregorio
2942 4334 3080 4388 papa
3111 4317 3285 4372 eidem
3315 4329 3429 4369 cm-

152 4399 250 4454 sibi
280 4401 668 4476 snﬂ'ragantem
694 4405 976 4462 ecclesiam
1007 4407 1126 4462 talis
1156 4407 1360 4463 electus
1380 4409 1734 4480 opprimeret,
1771 4417 1815 4474 D
1843 4416 2003 4470 nohio
2055 4415 2423 4470 ﬁrmissimum
2474 4413 2811 4486 privilegium
2865 4421 3056 4468 contra
3103 4425 3293 4466 omnes
3332 4409 3405 4464 im

151 4493 290 4558 quod
315 4508 449 4548 suns
471 4510 574 4548 non
598 4507 762 4560 esset,
794 4497 914 4552 viva
941 4513 1072 4553 voce
1103 4499 1402 4555 interdixit.

223 4579 461 4638 XXXIII.
507 4585 570 4639 Et
601 4588 826 4657 priorem
876 4605 993 4644 cum
1046 4591 1158 4660 ipso
1188 4591 1349 4646 eiecto
1375 4594 1734 4648 excommuni-

153 4681 253 4726 cat.
283 4705 352 4714 —
378 4673 470 4729 Sic
517 4676 839 4747 imperfecto
868 4693 966 4748 pro
1025 4696 1133 4751 quo
1183 4681 1362 4736 ierant
1408 4684 1627 4754 negotio
1669 4687 1735 4740 ad

155 4765 537 4821 contumeliam
569 4769 860 4841 principis,
891 4771 1120 4842 turpiter
1150 4787 1178 4826 a
1209 4775 1454 4830 sessione
1487 4792 1584 4831 sua
1619 4777 1737 4830 vel-

154 4863 212 4910 ut
257 4873 490 4928 nngaees
519 4861 721 4931 abegit,
761 4877 825 4916 ac
873 4845 1074 4918 derisui
1115 4863 1332 4922 habitos
1381 4867 1564 4924 redire
1617 4883 1739 4939 per-

157 4947 325 5002 misit.
379 4947 491 5005 Nec
548 4953 723 5008 adlmc
764 4952 980 5024 quidem
1029 4971 1268 5028 pensans
1313 4957 1459 5030 quod
1511 4972 1740 5017 eatenus

155 5039 320 5086 animi
352 5041 432 5086 sui
460 5051 661 5086 malum
693 5056 798 5086 tam
839 5047 1236 5086 inmvncidmmta
1290 5051 1476 5086 Γιιῗωοο.
1515 5070 1711 5086 Λιοοηιιη

1843 4509 2130 4566 missiones
2155 4517 2210 4563 et
2240 4507 2490 4578 angarias
2537 4505 2868 4575 impetravit,
2925 4503 3066 4576 quod
3107 4517 3211 4556 non
3259 4500 3433 4555 multo

1845 4611 1960 4672 post
1992 4599 2243 4656 incendio
2286 4615 2410 4654 cum
2459 4601 2572 4670 ipsa
2628 4597 2856 4654 ecclesia
2908 4596 3166 4654 Simoniae
3196 4592 3432 4650 intrandi

1843 4691 2068 4746 limitem
2102 4691 2484 4746 miserabiliter
2510 4689 2792 4759 patefecit;
2844 4689 2941 4744 sed
2971 4686 3096 4757 quia
3138 4699 3246 4754 quo
3280 4685 3332 4740 id
3360 4685 3435 4738 ita

1843 4782 2084 4837 evenerit
2126 4782 2452 4850 compendio
2495 4779 2784 4850 perstringi
2840 4796 2949 4834 non
2996 4775 3211 4846 potuit,
3244 4792 3348 4832 nec
3375 4773 3449 4829 ad

1848 4887 2089 4945 prmsens
2120 4873 2398 4944 negetium
2422 4873 2676 4946 pertinet,
2703 4869 2907 4930 melius
2933 4870 3056 4925 inde
3083 4872 3432 4935 supersedeo

1848 4965 1976 5020 dum
2005 4963 2120 5018 fore
2150 4973 2324 5030 ratus,
2356 4964 2670 5036 dispositum
2703 4963 3049 5022 narrationis
3072 4959 3394 5027 aggredior.

1919 5055 2139 5086 ννγυι
2203 5054 2397 5086 Ι’.-η..ξ-
2429 5059 2562 5086 ἔκηε..
2609 5055 2688 5086 nn:

2609 5053 2918 5086 ηενῖσιρῖηη..-
2978 5049 3177 5086 ἰςἾηππΙς·
3241 5061 3294 5086 ο.
3349 5055 3486 5086 Την-
