4006 5282
555 155 684 212 1351

1563 159 1860 246 EBRAltbl
1894 123 2325 246 Mammas
2363 159 2686 218 cave-stet

3679 160 3822 220 1533

551 259 893 342 privilegium
925 269 1027 326 sibi
1071 271 1342 326 firmatum
1371 270 1609 338 videret;
1667 291 1786 330 cum
1819 275 1980 328 etiam
2014 281 2131 330 Cas-
2233 274 2407 340 aiens,
2461 275 2842 348 benignissime
2901 275 3159 332 decrevit.
3213 276 3372 334 Missa
3405 279 3572 349 igitur
3598 279 3822 349 scriptis
3851 261 3854 264 ’

550 377 724 426 satam
782 359 1192 440 obligationem'
1226 369 1632 434 anathematis,
1691 386 1852 440 quam
1914 370 2016 424 sibi
2069 385 2132 424 ac

551 459 724 530 priori
779 467 966 516 nostro
1021 447 1310 526 indixerat,
1363 461 1716 534 nihilominus
1768 459 2130 530 intelligeret,

553 550 682 620 quid
711 559 913 620 ageret,
953 566 1062 622 quo
1105 567 1164 607 se
1210 545 1472 618 verteret,
1523 551 1716 606 anxius
1745 565 1944 620 pavore
1973 551 2133 606 dissi—
2173 625 2179 630 ἠ

552 639 823 707 nudabat;
856 652 930 707 et,
963 643 1212 712 quamvis
1241 644 1454 699 sibimet
1477 651 1779 715 suspectus,
1816 657 1885 698 ne
1909 643 1974 698 ad
2003 641 2132 698 aﬂ‘e-

551 743 694 788 ctum
726 735 802 789 rei
846 735 1196 804 pertingeret,
1247 737 1413 793 semel
1443 746 1622 800 tamen
1663 733 1955 808 iactatum
1986 739 2136 792 inve-

552 825 794 881 recunda
823 827 1187 883 curuuiatione
1223 829 1468 900 urgebat.
1517 828 1624 886 Sed
1650 837 1702 885 et
1744 831 1996 900 princeps
2031 829 2134 886 bac

549 919 742 974 eadem
773 921 842 976 ab
869 920 948 976 eis
972 921 1262 976 occasione
1291 929 1561 992 suscepta,
1613 923 1703 994 qui
1738 923 1802 978 ad
1831 922 2134 980 cardinales
2167 993 2172 1004 '

548 1019 605 1062 et
633 1008 864 1064 Romam
897 1011 1092 1076 ierant,
1117 1011 1220 1066 sibi
1269 1029 1374 1066 non
1417 1016 1675 1082 prodesse
1713 1012 1980 1082 judicans,
2013 1029 2134 1084 quas

549 1097 657 1154 illis
686 1097 975 1154 interdicta
1028 1116 1136 1155 non
1187 1103 1378 1156 eberat
1408 1142 1422 1168 ,
1467 1105 1905 1158 communionem
1943 1101 2058 1170 ejus
2080 1111 2134 1157 et
2170 1087 2176 1094 ’

548 1205 647 1261 per
681 1205 740 1245 se
767 1201 824 1246 et
852 1207 948 1260 per
979 1194 1317 1263 responsales
1363 1209 1490 1250 suos
1521 1194 1851 1251 unanimiter
1886 1195 2132 1250 declina-

549 1281 661 1346 bat,
677 1295 839 1354 atque
865 1285 966 1341 hac
988 1287 1054 1342 de
1075 1303 1236 1343 causa
1259 1287 1452 1356 majori
1479 1289 1602 1344 odio
1629 1290 1864 1360 priorem
1888 1301 2131 1344 nostrum

549 1375 962 1432 insectabatur:
1001 1381 1144 1446 quod
1192 1379 1404 1433 initium
1445 1381 1612 1436 totius
1659 1382 1955 1450 absumpta:
1985 1379 2133 1450 pacis

549 1466 694 1520 inter
725 1481 783 1521 se
811 1482 876 1522 ac
905 1468 1206 1538 principem
1237 1470 1304 1524 ab
1341 1471 1459 1539 ipso
1499 1471 1737 1526 crevisse
1782 1471 1928 1526 illum
1961 1471 2134 1524 nutri-

551 1567 794 1614 mentum
838 1559 1144 1628 discordize,
1195 1562 1408 1617 obicem
1453 1563 1930 1624 reconciliationis,
1969 1573 2132 1632 atque

552 1651 955 1720 depositoribus
1005 1653 1118 1708 suis
1168 1654 1484 1722 conspirare
1519 1657 1866 1710 causabatur.
1897 1655 1939 1710 Τ
1945 1665 2131 1710 autum

551 1743 618 1797 ad
651 1743 758 1800 hoc
789 1744 1005 1800 invidiae
1033 1747 1266 1816 pondus,
1297 1747 1454 1802 nobis
1477 1749 1926 1818 superinduccns,
1961 1765 2134 1820 quatt-

551 1834 836 1906 docunque
887 1853 1125 1908 unquam
1169 1839 1550 1896 observatione
1587 1851 1833 1910 poterat,
1890 1841 2166 1916 ecclesire

551 1938 754 1984 nostrae
787 1931 1028 2000 quotidie
1078 1947 1190 1988 sua:
1239 1933 1601 2014 improbitatis
1650 1935 1976 1990 intentabat.
2025 1933 2134 1989 Nos

552 2031 734 2077 autem
757 2033 979 2079 econtra
1005 2023 1088 2080 vel
1119 2025 1369 2081 minimas
1394 2027 1710 2082 occasiones
1737 2028 1962 2083 nocendi
1985 2027 2132 2082 omni

549 2112 784 2177 cautela,
814 2129 882 2169 ne
910 2114 1106 2171 alicubi
1135 2116 1456 2180 adlucreret,
1507 2120 1942 2188 amputabanms,
1972 2129 2032 2172 ut
2069 2133 2136 2174 ne

553 2203 774 2272 quidem
801 2206 970 2276 priori
1001 2215 1210 2271 nostro,
1237 2207 1382 2278 quod
1427 2208 1494 2262 ab
1531 2201 1634 2263 illo
1673 2209 1992 2266 interdictus
2017 2219 2136 2266 erat

549 2295 668 2350 sine
693 2311 878 2362 causa,
909 2313 1032 2354 cum
1062 2306 1244 2354 tamen
1293 2301 1518 2355 honeste
1545 2300 1597 2354 id
1629 2300 1842 2368 liceret,
1895 2316 2138 2358 commu-

547 2387 666 2442 nica
677 2404 875 2444 remus.
975 2391 978 2398 ’

581 2547 586 2550 _
623 2478 882 2536 XXXVII.
915 2479 1076 2537 Prior
1101 2484 1170 2538 ad
1204 2487 1494 2559 sedandum
1521 2489 1815 2559 episcopum
1844 2491 2134 2559 prioratnm

547 2581 731 2640 sponte
757 2573 986 2628 abdicat.
1005 2606 1076 2616 —
1097 2575 1201 2632 Sed
1225 2579 1349 2632 dum
1383 2579 1670 2635 adversum
1694 2582 1934 2636 animum
1967 2582 2133 2648 illius,
2159 2577 2162 2580 ’

551 2673 660 2715 novt
673 2663 1016 2732 obsequium,
1045 2681 1150 2722 non
1163 2665 1398 2725 oﬂiciosa
1414 2668 1740 2740 frequentia,
1759 2673 1898 2726 nulla
1918 2674 2134 2728 tandem

551 2753 694 2808 ratio
717 2757 872 2811 nobis
900 2757 1128 2813 delinire
1154 2760 1387 2826 valeret;
1433 2765 1590 2818 veriti
1623 2765 1754 2818 neid
1780 2765 2135 2834 idempaucu-

552 2843 662 2896 lum
677 2847 820 2914 quod
837 2847 1040 2903 habere
1057 2849 1395 2918 videbamur,
1411 2855 1464 2907 in
1479 2855 1658 2924 aliquo
1671 2857 2131 2924 damnificaretur,

552 2933 660 3000 vel,
693 2938 835 3005 quod
867 2939 1042 3009 majus
1061 2949 1180 2995 erat
1207 2981 1222 3007 ,
1251 2942 1334 2996 bis
1353 2944 1720 3002 simultatibus
1739 2948 1888 3004 locus
1909 2949 2132 3006 omnino
2159 2978 2205 3037 ε

551 3025 906 3094 desolaretur,
950 3032 1222 3085 communi
1255 3035 1503 3092 consulto
1551 3038 1604 3093 in
1633 3040 1734 3094 hoc
1760 3041 2133 3107 convenimus,

554 3121 844 3180 quatenus,
875 3117 1172 3172 secundum
1202 3119 1487 3176 consilium
1505 3123 1685 3178 domm
1715 3123 1962 3194 Gregorii
1986 3141 2137 3196 papae

555 3201 668 3269 VII,
701 3207 850 3276 prior
871 3218 1060 3265 noster
1083 3211 1450 3280 praelationem
1477 3216 1747 3282 redderet,
1781 3233 1870 3284 ne,
1897 3219 1940 3274 si
1968 3235 2054 3275 res
2081 3221 2135 3275 in

554 3297 1000 3364 perniciosiorem
1049 3313 1259 3374 partem
1295 3305 1560 3372 tenderet,
1605 3309 1686 3364 vel
1721 3311 2046 3366 dissidentes
2071 3313 2137 3367 ad

553 3390 785 3448 invicem
826 3394 1058 3466 majores
1101 3413 1346 3468 personae
1376 3401 1835 3472 confredcrarent,
1890 3421 1990 3460 nos
2021 3405 2136 3462 dis-

553 3483 788 3541 simulati
825 3489 1203 3558 piecteremur,
1231 3494 1373 3564 quod
1405 3504 1631 3551 eatenus
1676 3497 1818 3552 inter
1856 3513 1914 3554 se
1945 3499 2164 3554 divites

552 3578 798 3648 improbe
827 3581 1166 3638 delirasseut.
1218 3585 1494 3641 Iudixerat
1539 3589 1685 3642 enim
1735 3589 2030 3658 jamdictus
2057 3592 2140 3646 vir

554 3670 944 3734 memorabilis,
983 3681 1094 3725 tum
1125 3674 1312 3729 audito
1339 3675 1560 3730 introitu
1610 3678 1754 3734 illius
1796 3689 1959 3750 atque
1986 3681 2136 3736 ordi-

557 3775 646 3822 ne,
678 3761 744 3814 ad
785 3776 884 3816 nos
925 3765 1204 3820 nuntiandi
1244 3767 1570 3836 scriptorum
1617 3785 1835 3826 suorum
1886 3774 2136 3842 paginam

555 3853 850 3922 apostolica
888 3854 1140 3914 libertate
1173 3859 1485 3915 roboratam
1521 3863 1767 3919 ecclesiae
1813 3875 2015 3921 nostrae
2046 3869 2139 3923 de-

553 3943 782 4015 legaret,
811 3958 1080 4016 quatenus
1129 3950 1460 4024 suil‘ragante
1518 3971 1576 4010 se
1629 3957 1770 4028 apud
1820 3961 2138 4015 memoriam

555 4039 945 4108 apostolorum,
977 4043 1044 4096 ad
1098 4051 1308 4116 tempus
1355 4047 1644 4103 ecclesiam
1697 4061 1934 4119 regeret,
1973 4063 2140 4123 utque

553 4133 827 4212 rationem
855 4135 969 4191 dati
1016 4147 1071 4193 et
1101 4141 1310 4210 accepti
1357 4157 1456 4211 pro
1502 4159 1563 4198 ea
1613 4147 1835 4200 omnino
1878 4162 2141 4204 excusare

557 4239 666 4280 nou
701 4235 936 4295 poterat,
965 4229 1091 4284 dum
1129 4231 1376 4288 idoneam
1405 4250 1690 4304 personam
1739 4237 1880 4293 Deus
1915 4239 2032 4294 loco
2060 4249 2141 4294 at-

2231 365 2595 437 postulatione
2648 368 2716 423 ad
2765 369 3011 424 eumdem
3067 367 3500 436 Tervanensem,
3557 379 3618 425 et
3665 371 3824 442 juxta

2233 457 2391 512 datas
2413 458 2659 516 inducias
2685 475 2717 526 a
2743 460 2942 515 domno
2964 460 3225 534 Gregorio
3258 477 3420 532 papa,
3455 477 3523 516 eo
3554 463 3824 533 regimine

2234 557 2540 616 recusante,
2585 549 2710 604 dum
2761 551 2882 606 loco
2933 551 3074 606 illius
3124 551 3286 606 alium
3318 552 3634 622 eligendum
3669 553 3826 608 nobis

2233 640 2512 708 praeﬁcere
2541 651 2872 711 peteremus,
2901 657 2998 712 pro
3027 643 3302 698 voluntate
3355 659 3452 698 sua
3493 644 3741 708 distulit,
3771 655 3828 698 et

2235 729 2300 784 ad
2345 731 2531 786 horam
2577 731 2822 788 ecclesia:
2889 733 3218 788 renuntianti
3277 735 3570 789 consulere
3623 733 3826 788 noluit.

2234 815 2472 874 Cavcbat
2498 820 2642 874 enim
2683 821 2738 875 in
2774 821 2892 884 hoc,
2946 838 3014 877 ne
3043 823 3196 894 quasi
3235 833 3421 878 contra
3468 823 3826 884 fornicarios.

2233 913 2482 965 eumdem
2511 910 2707 981 quibus
2747 915 2858 984 ipse
2894 915 3338 984 patrocinabatur
3393 915 3746 970 infestiorem
3775 925 3830 968 et

2235 1003 2576 1058 audaciorem
2605 1005 2870 1070 redderet,
2898 1006 2940 1060 si
2971 1007 3274 1062 absolutum
3321 1007 3666 1074 subjectione
3705 1024 3737 1060 a
3775 1024 3830 1063 se

2235 1081 2559 1159 removeret,
2591 1109 2726 1164 quos
2773 1095 3047 1152 multoties
3085 1097 3428 1153 continentia:
3465 1099 3590 1154 zelo
3637 1113 3828 1154 severa

2235 1186 2569 1253 correptione
2596 1187 2932 1242 confuderat.

2307 1275 2564 1346 XXXIX,
2601 1277 2833 1352 Eligitur
2877 1297 3038 1334 novus
3096 1281 3259 1348 prior.
3289 1311 3360 1321 —-
3387 1281 3504 1348 Qua
3547 1281 3834 1336 dilationis

2234 1384 2396 1424 causa
2429 1370 2668 1440 cognita,
2699 1371 2774 1424 nil
2801 1371 2939 1426 ultra
2965 1375 3252 1436 remorati,
3283 1373 3522 1428 electum
3572 1385 3832 1430 nostrum

2235 1461 2491 1524 fecimus;
2522 1473 2578 1518 et
2605 1479 2728 1518 cum
2761 1466 2873 1522 sedi
2919 1470 3206 1538 pontiﬁcali
3245 1471 3420 1541 ipsum
3450 1471 3610 1541 prior
3645 1481 3834 1527 noster

2235 1553 2539 1620 obtulisset,
2571 1557 2936 1626 praelationem
2975 1561 3228 1624 reddidit,
3261 1571 3316 1617 et
3355 1561 3594 1618 electam
3643 1579 3836 1630 perso-

2237 1661 2362 1701 nam
2389 1639 2608 1704 sibimet
2659 1649 2914 1706 incolumi
2959 1662 3019 1708 ut
3067 1655 3382 1709 succederet
3425 1655 3578 1710 omni
3635 1655 3836 1724 digna-

2237 1739 2381 1794 tione
2409 1740 2774 1809 praaordinare
2807 1741 2936 1798 fecit
2962 1785 2976 1808 ,
3021 1760 3138 1800 sese
3189 1743 3241 1798 in
3282 1745 3483 1799 Clu-isti
3527 1746 3838 1816 discipula-

2237 1839 2348 1884 tum
2379 1832 2426 1886 ei
2457 1835 2604 1886 omni
2661 1833 2964 1890 obedientia
3019 1835 3267 1904 subjecit.
3299 1835 3406 1892 Nos
3439 1852 3570 1892 vero
3621 1848 3836 1892 tantam

2235 1923 2556 1978 humilitatis
2580 1913 2806 1994 gratiam
2841 1927 2892 1980 in
2927 1941 2992 1982 eo
3017 1927 3253 1982 venerati
3281 1969 3296 1994 ,
3327 1927 3500 1982 Deum
3549 1929 3842 1998 gloriﬁca-

2237 2016 2452 2078 bamus,
2497 2017 2622 2085 quia
2671 2018 2813 2072 sicut
2856 2019 2906 2073 in
2953 2019 3274 2076 allevatione
3323 2023 3651 2076 monasterii
3715 2023 3840 2076 sine

2237 2107 2371 2162 falsa
2409 2107 2580 2178 gloria
2637 2109 2924 2164 subnixum
2971 2125 3067 2180 per
3103 2111 3282 2180 plures
3329 2126 3502 2166 annos
3555 2111 3838 2174 vidimus;

2236 2197 2308 2254 ita
2337 2199 2454 2254 sine
2477 2213 2712 2255 mmrore
2743 2201 2967 2271 depositi
3005 2202 3254 2257 culminis
3295 2205 3494 2257 mentis
3543 2203 3844 2260 rectitudi-

2237 2307 2362 2348 ncm
2419 2297 2804 2364 aequanimiter
2853 2298 3147 2354 retinuisse
3207 2299 3580 2370 cognovimus.
3647 2299 3837 2360 Nam.

2237 2387 2380 2442 sicut
2399 2397 2560 2444 antea
2584 2405 2871 2446 commune
2899 2391 3167 2462 legumen,
3189 2389 3390 2445 fercula
3415 2407 3523 2446 non
3549 2392 3838 2462 digniora.

2239 2496 2344 2534 non
2377 2481 2727 2550 archipisces,
2755 2497 2858 2537 non
2891 2481 3276 2553 archigallinze,
3309 2497 3416 2536 non
3473 2483 3840 2538 ambitiosior

2237 2573 2428 2637 vestis,
2460 2587 2566 2628 non
2592 2581 2798 2627 stratus
2822 2573 3058 2638 mollior,
3105 2572 3275 2628 fulcra
3315 2589 3420 2626 non
3455 2572 3622 2628 altius
3655 2585 3838 2630 strata

2239 2667 2480 2720 animum
2537 2667 2874 2732 extulerant;
2921 2669 2994 2721 ita
3053 2683 3160 2722 non
3207 2667 3535 2722 amissorum
3589 2668 3838 2736 suspiria

2239 2759 2669 2823 commovebant,
2721 2761 2845 2829 quia
2885 2761 3064 2814 omnia
3109 2758 3299 2828 :cquali
3347 2759 3640 2814 nobiscum
3687 2777 3840 2814 men-

2239 2864 2362 2904 sura
2383 2891 2398 2914 ,
2426 2858 2484 2904 ut
2512 2849 2663 2920 prior
2699 2851 2778 2906 sic
2809 2859 2864 2907 et
2891 2850 3132 2922 privatus
3155 2851 3396 2922 quandiu
3435 2851 3604 2916 vixit,
3641 2861 3838 2923 postea

2237 2941 2460 3012 recepit.

2311 3032 2426 3088 XL.
2478 3065 2545 3074 —
2601 3033 2843 3106 Reliquit
2897 3035 3040 3091 hanc
3094 3032 3503 3088 memorabilem
3565 3033 3837 3088 hactenus

2241 3129 2383 3200 apud
2415 3143 2514 3183 nos
2543 3127 2934 3182 moderationis
2961 3125 3212 3188 formam,
3262 3123 3462 3193 duplici
3495 3125 3722 3178 scilicet
3749 3141 3836 3177 or-

2241 3219 2384 3276 dinis
2410 3219 2694 3275 dulcedine
2719 3219 3016 3284 conditam,
3044 3217 3209 3273 utine
3238 3218 3291 3272 in
3321 3215 3632 3286 magisterii
3667 3217 3834 3287 gradu

2240 3313 2310 3368 ab
2335 3313 2488 3367 initio
2515 3325 2840 3382 quemquam
2865 3311 3038 3366 elevet
3066 3309 3318 3382 dignitas,
3349 3307 3432 3362 vel
3466 3306 3834 3376 subjectionis

2241 3405 2295 3461 in
2327 3413 2468 3460 statu
2501 3405 2736 3474 positum
2768 3444 2782 3468 ,
2821 3403 3148 3460 ascendendi
3197 3401 3496 3471 cupiditate
3543 3400 3834 3454 humilitas

2239 3507 2450 3568 gravet.
2493 3497 2674 3552 Voluit
2713 3497 2858 3552 enim
2905 3496 2984 3552 sic
3033 3487 3262 3566 praeesse
3313 3493 3438 3546 dum
3491 3491 3744 3561 pncfuit,
3783 3505 3838 3544 ut

2241 3593 2502 3653 quantum
2531 3584 2698 3653 gradu
2750 3583 2998 3651 superior
3029 3579 3322 3651 apparebat
3367 3579 3420 3632 in
3463 3580 3698 3642 ordine,
3723 3589 3835 3632 tan-

2242 3686 2356 3732 tum
2408 3676 2490 3731 sui
2543 3675 2855 3745 despectum
2911 3682 3122 3745 gereret
3166 3673 3218 3726 in
3268 3671 3604 3726 humilitate.
3661 3673 3836 3740 Atque

2243 3767 2363 3824 ideo
2418 3767 2622 3837 absque
2672 3767 3040 3838 indignatione
3111 3767 3328 3819 subesse
3383 3765 3608 3832 potuit,
3674 3781 3830 3833 quem

2239 3856 2401 3932 paulo
2448 3868 2574 3915 ante
2623 3859 2676 3913 in
2727 3860 2932 3914 honore
2990 3857 3220 3927 positum
3271 3861 3470 3910 mentis
3507 3855 3686 3908 elatio
3733 3873 3834 3910 non

2243 3953 2450 4017 evexit,
2481 3952 2607 4023 quia
2644 3951 2788 4006 unde
2815 3949 2990 4020 major
3037 3949 3090 4004 in
3137 3948 3398 4018 dignitate
3423 3961 3482 4002 se
3515 3946 3722 4003 efferre
3751 3964 3836 4002 no-

2243 4045 2364 4110 luit,
2406 4045 2530 4100 inde
2576 4043 2878 4098 minoratus
2917 4041 2970 4096 in
3016 4041 3297 4096 moderata
3327 4039 3736 4094 consuetudine
3763 4055 3838 4093 re-

2241 4153 2492 4202 manens,
2529 4135 2824 4206 discipulus
2849 4149 2969 4189 esse
2998 4149 3104 4187 non
3134 4131 3479 4201 contempsit.

2312 4227 2710 4284 XLI.-—Rexit
2752 4235 2933 4280 autem
2991 4223 3274 4278 ecclesiam
3331 4221 3400 4273 ab
3435 4235 3502 4274 eo
3551 4237 3672 4290 quo
3721 4238 3836 4274 eam

559 4316 838 4382 tribueret,
871 4336 991 4390 qua:
1020 4333 1202 4392 posset
1232 4340 1419 4380 curam
1446 4343 1661 4384 omnem
1688 4347 1870 4402 agere,
1901 4333 2142 4403 depasito
2174 4321 2218 4375 D
2245 4319 2492 4374 fundavit
2529 4332 2673 4372 anno
2701 4315 2792 4384 qui
2825 4322 2908 4368 est
2948 4313 3015 4368 ab
3045 4310 3422 4403 lucarnatione
3457 4309 3672 4403 Christi
3707 4309 3840 4403 tit-17?.

558 4409 822 4478 regimine
858 4411 997 4466 hanc
1029 4413 1080 4467 in
1115 4430 1213 4470 suo
1239 4415 1357 4470 loco
1397 4419 1690 4492 subrogare
1721 4438 1824 4478 non
1853 4423 2136 4480 diii'erret:

557 4500 672 4569 ipse
703 4511 884 4557 autem
911 4519 1114 4561 vacans
1153 4523 1182 4562 a
1233 4511 1565 4578 prmlationis
1615 4514 1844 4581 honore,
1877 4517 1926 4572 ei
1978 4533 2139 4586 quem

557 4609 654 4648 sua
693 4604 749 4650 et
798 4595 1028 4653 fratrum
1077 4601 1340 4658 electione
1390 4604 1710 4674 praeficeret,
1745 4623 1842 4676 pro
1891 4611 2140 4681 omnipo-

559 4687 725 4741 tentis
757 4690 848 4744 Dci
881 4691 1076 4746 timore
1105 4695 1418 4764 suppositus
1464 4705 1518 4751 et
1564 4698 1820 4756 obedieus
1861 4702 1914 4756 in
1952 4703 2142 4758 eodem

557 4778 750 4833 ordine
781 4795 1147 4849 permaneret.
1331 4783 1334 4788 ’

632 4867 918 4926 XXXVIII.
955 4873 1090 4944 Ejus
1140 4878 1424 4930 cessionem
1473 4878 1747 4933 admittere
1799 4881 1979 4950 di/fe‘rt
2036 4899 2145 4950 ept-

560 4977 770 5030 sc0pus.
805 4993 876 5003 —
903 4963 1004 5032 Qui
1041 4965 1286 5021 videlicet
1318 4968 1512 5022 timore
1563 4971 1766 5040 cordis,
1814 4972 1880 5026 de
1931 4974 2146 5027 nomine

559 5057 787 5134 honoris
817 5058 1000 5114 afferri
1036 5075 1142 5114 non
1174 5070 1466 5132 appetens,
1512 5063 1784 5133 privatum
1822 5065 2142 5119 vocabulum

561 5163 772 5205 summa
799 5166 921 5205 cum
947 5151 1231 5207 devotione
1253 5169 1313 5208 se
1363 5153 1500 5208 velle
1532 5155 1713 5209 subire
1742 5157 1952 5220 annuit,
1983 5163 2148 5224 atque

563 5255 786 5282 raucam
837 5241 1068 5282 norith
1127 5241 1458 5282 imminonlic
1511 5247 1749 5282 alianvnri
1851 5247 1917 5282 .ln
1971 5249 2148 5282 coinen

2243 4423 2448 4480 septem
2483 4409 2663 4472 annis,
2693 4405 2970 4462 mensibus
2990 4412 3146 4469 octo,
3175 4401 3368 4456 diebus
3405 4415 3520 4455 sex.
3559 4400 3614 4454 in
3643 4401 3838 4470 quibus

2243 4513 2478 4577 quantas
2503 4499 2810 4556 invidorum
2841 4495 3192 4567 pervasiones
3220 4491 3568 4554 sustinuerit,
3591 4506 3662 4546 ex
3689 4501 3840 4560 parte

2245 4595 2592 4667 digessimus,
2621 4591 2748 4662 quia
2775 4591 2971 4660 quibus
3019 4589 3070 4642 in
3121 4585 3441 4656 quotidiano
3469 4600 3610 4654 pene
3639 4586 3834 4640 discri-

2247 4691 2392 4744 mine
2427 4683 2930 4758 perturbationibus
2969 4688 3188 4750 propter
3230 4677 3404 4731 divini
3433 4679 3586 4731 verbi
3619 4677 3840 4747 dispen-

2245 4781 2515 4837 sationem
2547 4778 2618 4831 sit
2645 4775 2848 4836 allisus,
2893 4773 3158 4844 prolixum
3217 4778 3412 4824 notare
3455 4769 3740 4824 duximus.
3781 4769 3836 4822 in

2247 4887 2352 4942 quo
2383 4869 2550 4940 ipsius
2584 4875 2824 4938 tempore
2853 4879 2974 4934 quae
3003 4861 3120 4917 loco
3143 4869 3331 4915 nostro
3359 4875 3458 4930 per
3487 4859 3838 4930 largitionem

2247 4967 2356 5020 sint
2391 4963 2624 5020 donatae,
2655 4974 2752 5028 per
2777 4955 3158 5024 compendium
3191 4961 3370 5006 terras
3392 4961 3646 5022 repetere
3671 4950 3838 5012 nolui,

2250 5067 2307 5110 ut
2335 5052 2629 5108 lastidiosis
2661 5051 2866 5117 absque
2895 5045 3206 5118 gravamine
3245 5043 3317 5098 sit
3365 5043 3676 5112 cognitum,
3699 5043 3838 5112 quod

2251 5149 2315 5202 de
2347 5143 2616 5212 superiori
2647 5145 2882 5194 tractatu
2931 5134 3157 5208 singulis
3187 5134 3614 5204 exceptionibus
3663 5135 3842 5204 requi-

2251 5253 2372 5282 ram
2403 5237 2558 5282 ﬂeret
2576 5247 2862 5282 onerosum
2897 5229 3030 5282 (ω.
