4006 5282
51 143 206 198 isaa
239 117 244 126 ’
779 159 790 178 ~
1271 133 1666 200 cnnomcon
1713 139 2144 198 “armasse.
2369 157 2376 166 ·
3219 139 3356 226 last

999 277 3350 310 Μ

1372 381 2064 580 PBEFATIO

419 649 493 711 1η
528 642 904 708 miraculum
941 640 1012 701 de
1041 639 1304 720 quodam
1336 639 1639 700 canonico
1677 639 2053 700 Guatinmsi
2083 657 2196 718 per
2228 639 2294 700 S.
2336 639 2756 701 Do-naticmum
2787 651 3031 706 curato.

128 929 280 996 Cum
307 938 370 992 in
405 935 629 1006 antiqua
653 923 1144 1012 Morinorum‘uroe
1175 939 1302 985 ante
1341 929 1441 985 hos
1468 943 1675 1000 paucos
1707 909 1752 969 Α
1781 929 1994 1000 publica
2045 933 2186 1004 apud
2242 941 2295 990 te
2342 935 2651 992 emersione
2699 939 2917 1008 prodire
2973 941 3356 1009 cognoverint,

53 1031 294 1101 elapsos
351 1028 476 1084 dies
532 1040 632 1082 nro
683 1023 874 1106 causis.
915 1021 1208 1092 pastoralis
1253 1019 1672 1085 sollicitudinis,
1779 1037 1914 1092 quas
1939 1033 2096 1093 putas
2124 1019 2442 1091 calumnias,
2465 1043 2610 1097 quas
2639 1029 2867 1084 nocendi
2895 1032 3210 1088 occasiones
3249 1049 3358 1087 non

56 1122 274 1192 praesul
325 1121 666 1180 venerande,
721 1116 1056 1179 devenisses,
1111 1123 1188 1180 et,
1237 1130 1266 1168 a
1291 1111 1507 1184 publico
1543 1110 1674 1166 cleri
1777 1115 2142 1170 connectent?
2179 1114 2376 1172 Nocuit
2403 1117 2530 1174 olim
2564 1121 2704 1190 apud
2737 1121 2948 1190 aliquos
2977 1123 3106 1177 mihi
3135 1131 3220 1178 tua
3250 1139 3358 1194 qua
3387 1139 3390 1146 '

57 1213 376 1286 p0pulique
411 1219 682 1266 conventu
720 1211 984 1262 adventus
1015 1205 1087 1260 tui
1118 1203 1386 1259 celebrata
1419 1202 1675 1258 solemni-
1777 1213 1992 1275 compte
2021 1204 2239 1260 fruebar
2265 1207 2453 1263 notitia
2473 1251 2486 1272 ,
2518 1224 2748 1280 quorum
2781 1210 2920 1266 fieda
2957 1214 3252 1284 cupiditate
3296 1231 3361 1270 ac

59 1306 194 1360 tatis
251 1302 654 1372 susceptione,
707 1299 848 1354 inter
897 1297 1033 1352 alios
1083 1310 1171 1350 me
1222 1295 1674 1366 recognovisses,
1779 1295 2008 1350 dolenda
2055 1312 2266 1352 morum
2295 1301 2642 1368 corruptione
2671 1301 2798 1356 dum
2829 1303 3100 1358 moliebar
3147 1313 3206 1358 ut
3231 1293 3374 1375 pur?

62 1394 344 1448 anteriori
399 1391 796 1454 familiaritate,
847 1402 955 1458 qua
1001 1401 1168 1456 penes
1203 1393 1256 1440 te
1297 1384 1490 1440 solitus
1523 1399 1672 1438 eram
1777 1393 2000 1454 garetur
2039 1386 2304 1452 Ecclesia,
2339 1388 2572 1444 Zenonis
2615 1401 2903 1456 tormento,
2949 1392 3192 1450 Platonis
3211 1396 3360 1449 invi-

61 1484 262 1540 haberi
321 1491 510 1544 notus,
559 1480 790 1550 benigne
844 1477 1112 1541 invitasti,
1161 1484 1362 1531 statum
1395 1489 1575 1530 meum
1620 1484 1678 1530 et
1777 1473 1906 1538 dia,
1961 1475 2206 1530 Socratis
2259 1491 2468 1534 veneno
2521 1493 2660 1547 pene
2711 1479 3044 1537 interieram.
3117 1484 3358 1539 Necdum

62 1575 196 1646 quid
240 1573 324 1630 ibi
381 1587 604 1643 agerem
651 1569 962 1639 diligentius
991 1566 1290 1638 requisisti.
1351 1566 1520 1632 Quem
1550 1579 1674 1619 cum
1777 1568 1942 1625 etiam
1981 1571 2304 1626 exhaustum
2351 1571 2406 1626 in
2453 1583 2608 1644 parte
2641 1590 2854 1641 vereor,
2886 1578 3152 1646 siquidem
3181 1581 3362 1634 eradi-

63 1669 162 1722 tibi
215 1666 626 1736 exposuissem,
665 1662 914 1718 videlicet
935 1661 1047 1730 iam
1073 1649 1424 1716 saecularibus
1451 1658 1677 1728 impedi-
1735 1659 1890 1714 'cari
1939 1669 2179 1730 cceperat
2227 1661 2470 1716 absentia
2553 1679 2712 1727 mea,
2773 1666 3049 1721 aconitum
3119 1653 3360 1722 rediviro

63 1757 278 1812 mentis
307 1764 568 1818 exulum,
591 1753 658 1807 ad
685 1751 988 1824 regularem
1017 1759 1072 1806 et
1099 1748 1450 1819 apostolicam
1481 1749 1672 1814 vitam,
1777 1749 2043 1820 genuine,
2075 1751 2120 1806 si
2153 1767 2476 1821 apparuero,
2515 1763 2753 1808 resumat
2797 1755 3214 1814 incrementum.
3242 1757 3358 1815 Non

65 1849 155 1902 cui
187 1845 532 1901 suﬂicientia
583 1843 726 1898 Deus
781 1851 893 1908 est,
945 1842 1001 1896 in
1059 1839 1312 1896 coenobio
1355 1838 1674 1894 Guatinensi
1777 1843 2043 1908 mentior;
2093 1859 2232 1914 nego
2271 1845 2416 1900 enim
2445 1845 2610 1900 ullum
2643 1861 2762 1903 esse
2795 1847 3020 1916 bonum,
3051 1859 3111 1905 ut
3135 1852 3210 1906 ait
3241 1853 3362 1922 qui-

67 1931 372 2001 transisse,
419 1944 633 2004 gratum
664 1947 728 1988 ac
755 1941 982 2002 paterne
1011 1927 1298 2002 accepisti,
1327 1944 1392 1984 ac
1425 1928 1674 2000 proposi-
1777 1932 1900 1988 dam
1925 1933 2168 2004 sapiens,
2193 1935 2336 2004 quod
2365 1943 2556 1990 noceat
2586 1937 2826 2012 habenti.
2852 1939 3030 2006 Quare
3057 1942 3359 2008 satietates,

65 2040 183 2104 tum
213 2027 568 2090 collaudatis,
593 2024 990 2079 exhortationis
1023 2025 1270 2086 fomento.
1299 2039 1386 2080 me
1416 2021 1678 2076 vacillan-
1775 2023 2034 2092 honores,
2062 2026 2278 2080 divitias
2299 2026 2502 2091 varias,
2547 2026 2779 2082 fortunae
2807 2027 3199 2097 jucunditates,
3224 2049 3361 2102 quas

65 2129 176 2176 tem
236 2117 514 2175 refecisti.
566 2116 704 2172 Tum
746 2116 800 2169 in
849 2130 1102 2170 sermone
1127 2114 1424 2180 communi,
1469 2112 1562 2182 qui
1607 2111 1676 2166 de
1777 2113 2036 2170 mortales
2076 2115 2344 2170 mirantur
2371 2115 2426 2170 in
2463 2117 2686 2181 mundo,
2713 2120 2900 2186 paucis
2945 2135 3007 2176 ac
3037 2122 3362 2178 modificatis

66 2209 317 2268 ecclesiae
373 2220 581 2264 nostrae
627 2206 1008 2264 ceuferebatur
1047 2206 1442 2262 Consolatione
1461 2246 1476 2270 ,
1533 2203 1672 2258 iuci-
1689 2239 1748 2272 -,,
1775 2191 1980 2262 ωηιξιώ
2003 2205 2258 2262 Ecclesia:
2282 2205 2616 2262 sufﬁcientiis
2642 2209 2897 2272 inferiora
2921 2225 3042 2267 esse
3065 2215 3358 2269 contendo.

67 2305 198 2362 disti
261 2305 318 2359 in
381 2299 654 2358 miracula
706 2301 964 2370 quaedam
1007 2301 1060 2354 in
1118 2314 1182 2354 ea
1235 2299 1496 2354 relatione
1553 2313 1676 2368 qua:
1707 2295 1927 2362 "Sicut
1951 2297 2096 2352 enim
2121 2312 2336 2354 omnem
2367 2299 2603 2368 possidet
2627 2300 2942 2356 divitiarum
2972 2303 3360 2360 abundantiam

71 2412 245 2467 nuper
271 2398 326 2452 in
357 2411 424 2451 ea
457 2396 599 2450 Dens
642 2393 758 2449 ﬁeri
793 2393 964 2448 voluit
1005 2393 1298 2448 multorum
1329 2391 1688 2462 congratula-s
1776 2391 1862 2444 cui
1891 2389 2088 2446 sullicit
2129 2390 2380 2446 Christus
2424 2401 2480 2447 et
2525 2392 2798 2458 Ecclesia,
2850 2395 2922 2448 ita
2955 2397 3117 2450 credo
3147 2412 3364 2468 seraper

71 2487 258 2552 tione;
294 2501 421 2555 quae
455 2486 641 2544 etiam,
675 2494 734 2536 ut
775 2497 892 2538 mos
923 2491 1008 2536 est
1037 2481 1298 2551 sapientis
1324 2482 1462 2535 bona
1505 2478 1674 2534 semel
1773 2491 2042 2552 egentem,
2081 2499 2241 2552 quem
2273 2484 2483 2540 extollit
2513 2484 2758 2542 diabolus
2787 2497 2841 2542 et
2871 2488 3125 2557 pecunia.
3159 2487 3360 2544 Harum

73 2577 260 2630 audita
317 2575 510 2630 verius
561 2569 863 2644 inquirere,
913 2588 942 2626 a
991 2571 1152 2626 Patre
1203 2571 1520 2627 monasterii
1567 2571 1670 2625 mei

71 2667 160 2738 qui
192 2681 446 2738 praesens
494 2675 616 2720 erat
661 2665 848 2720 eodem
880 2680 988 2734 quo
1021 2671 1180 2718 erant
1217 2663 1410 2726 ordine
1435 2671 1557 2718 acta
1581 2679 1688 2740 cos.

72 2749 330 2830 gnovisti.
357 2760 405 2814 Α
431 2774 524 2814 me
545 2767 606 2812 ut
631 2773 693 2813 ea
720 2756 1006 2811 scribendo
1029 2755 1350 2826 digererem,
1377 2754 1668 2810 admodum

72 2849 262 2906 devota
293 2849 670 2920 postulatione
707 2841 930 2916 exegisti
951 2885 967 2912 ,
1009 2855 1068 2900 ut
1094 2846 1238 2916 quod
1266 2861 1363 2916 per
1391 2844 1672 2902 sanctissi—

73 2956 216 2994 mum
272 2940 650 2996 confessorem
712 2937 912 2992 Christi
965 2937 1328 2992 Donatianum
1382 2945 1668 3005 patronum

71 3041 316 3088 nostrum
355 3031 506 3086 facta
555 3027 950 3085 summotenus
979 3031 1264 3098 attigeras,
1313 3030 1542 3082 haberes
1579 3027 1668 3082 ubi

71 3125 204 3178 tanti
255 3125 688 3194 praadecessoris
735 3123 810 3176 tui
855 3122 1008 3191 signa
1057 3121 1322 3190 relegens,
1363 3121 1552 3176 merita
1585 3136 1670 3172 re-

73 3227 362 3286 tractares,
397 3226 636 3288 quantus
671 3217 810 3287 apud
844 3216 1014 3270 Deum
1059 3215 1130 3270 sit
1159 3213 1452 3276 recoleres,
1478 3221 1668 3282 quate-

73 3326 168 3365 nus
201 3311 252 3365 in
301 3327 403 3365 sua
453 3309 737 3378 metropoli
773 3323 838 3363 ac
871 3309 998 3362 sede
1045 3315 1096 3362 te
1143 3320 1514 3361 successorem
1543 3305 1668 3360 diri-

71 3412 250 3472 geret,
303 3413 358 3458 te
412 3411 690 3472 pastorem
745 3415 868 3456 cum
912 3409 1004 3455 tuo
1045 3413 1238 3470 grege,
1289 3398 1398 3452 imo
1457 3405 1513 3452 et
1568 3413 1666 3450 suo

71 3509 284 3550 summo
310 3495 523 3566 pastori
555 3491 952 3549 reconciliaret.

1773 2588 1876 2644 ego
1913 2582 1990 2640 te,
2033 2575 2160 2645 quia
2207 2590 2331 2631 vere
2371 2576 2684 2632 divitiarum
2711 2577 3024 2634 diiectorem
3055 2571 3360 2646 considero,

1773 2665 1898 2720 dum
1940 2666 2098 2736 lmjus
2137 2669 2316 2723 sancti
2345 2667 2606 2722 virtutum
2639 2668 2879 2724 thesauri
2913 2671 3154 2726 conchas
3184 2679 3360 2726 tecum

1772 2757 2224 2832 communicando
2249 2773 2534 2828 compono,
2571 2772 2670 2813 nec
2713 2760 2989 2815 discernas
3033 2778 3062 2814 a
3103 2776 3212 2831 quo
3245 2779 3352 2817 uno

1772 2847 2218 2924 administratore
2247 2851 2533 2920 suscipias,
2561 2851 2736 2906 solum
2783 2853 2833 2906 id
2853 2841 3008 2923 quod
3040 2855 3268 2926 porrigit
3300 2856 3356 2910 iu

1771 2945 1824 2991 te
1851 2939 2074 3004 habeas,
2117 2941 2258 3009 quod
2289 2942 2479 3010 rapido
2508 2951 2666 3011 gustu
2711 2944 2907 2998 mentis
2935 2945 3196 3000 interiora
3228 2962 3360 3002 con-

1771 3029 1972 3099 tingat;
2029 3031 2082 3084 in
2132 3047 2259 3100 quo,
2305 3033 2432 3086 dum
2487 3033 2622 3088 sinis
2661 3035 2916 3103 parvulos
2953 3037 3020 3089 ad
3065 3047 3116 3092 te
3153 3039 3360 3103 venire,

1769 3121 2036 3174 mandatae
2073 3136 2168 3189 per
2197 3121 2546 3193 Evangelium
2585 3124 2908 3178 humilitatis
2950 3125 3176 3181 formam
3214 3128 3362 3183 exhi-

1767 3212 1904 3278 bes,
1944 3221 1998 3266 et
2049 3212 2368 3283 locupletem
2433 3215 2486 3268 in
2546 3227 2642 3285 spe
2691 3215 3007 3282 scientiam,
3051 3217 3208 3286 quasi
3276 3219 3362 3272 vir

1767 3304 2202 3371 desideriorum,
2253 3307 2486 3363 diversis
2538 3308 2798 3364 mercium
2845 3309 3258 3365 oblectamentis
3295 3327 3360 3367 eo

1767 3395 2048 3452 fecundius
2111 3397 2260 3456 intus
2319 3398 2564 3454 cunmlas
2644 3414 2754 3468 quo
2812 3399 2932 3454 sine
2995 3414 3356 3471 personarum

1765 3487 2080 3555 acceptione
2119 3488 2250 3556 quid
2281 3487 2511 3558 quisque
2543 3488 2667 3543 boni
2697 3487 2928 3555 deferat,
2962 3489 3359 3548 indill‘erentius

139 3585 252 3641 Hoc
279 3601 386 3657 ego
419 3595 531 3640 tam
561 3583 912 3654 praecor-diale
948 3581 1276 3638 desiderium
1317 3578 1664 3642 exosculans,
1694 3601 1740 3664 ο
1773 3593 1990 3647 pensas.
2021 3577 2152 3645 Quae
2191 3594 2314 3634 cum
2355 3580 2426 3634 ita
2473 3580 2601 3644 sint,
2641 3581 2829 3636 eadem
2859 3583 3020 3636 etiam
3050 3584 3356 3638 constantia

71 3691 172 3728 non
201 3677 370 3732 habui
404 3676 694 3732 consilium
727 3675 993 3731 renitendi
1013 3713 1030 3738 ,
1069 3689 1136 3728 ne
1165 3673 1306 3744 apici
1339 3681 1488 3725 tanto
1517 3671 1662 3724 vide-

73 3775 218 3822 retur
249 3767 452 3836 injuria
497 3767 645 3835 ﬁeri;
689 3767 782 3822 sed
812 3767 947 3833 levi,
981 3777 1040 3822 ut
1068 3767 1162 3830 fit,
1202 3779 1496 3836 puerorum
1536 3760 1666 3816 alie-

75 3867 184 3924 ctu,
213 3861 308 3930 qui
353 3861 484 3915 dum
524 3859 840 3929 parentibus
867 3859 1028 3914 liceat
1053 3871 1380 3919 commeare,
1420 3854 1662 3924 longiora

75 3947 283 4005 itineris
315 3951 499 4020 spatia
533 3949 776 4004 faciliora
807 3947 1169 4018 promittunt,
1199 3945 1366 4000 annui
1398 3944 1662 4000 voluntati

77 4047 194 4092 ture.
242 4039 302 4094 lu
349 4055 463 4109 quo
508 4040 636 4094 dum
675 4037 945 4094 eﬁicacem
991 4037 1256 4100 mandati,
1286 4036 1414 4092 licet
1455 4035 1662 4090 inculto

76 4145 326 4188 sermone
351 4133 686 4203 susceperis,
721 4147 828 4187 non
859 4145 924 4186 ea
955 4139 1136 4186 tamen
1165 4129 1321 4200 quasi
1351 4127 1662 4182 alleviatum

76 4217 176 4274 hoc
219 4221 366 4276 fasce
413 4234 468 4276 te
514 4223 832 4286 subtrahas;
875 4222 1024 4290 quia,
1071 4220 1114 4274 si
1163 4235 1302 4289 qua,
1354 4219 1479 4272 dum
1521 4217 1662 4286 lege-

73 4309 178 4372 rit,
224 4325 356 4365 aura
423 4313 830 4366 contrarietatis
879 4310 1174 4373 elllaverit,
1223 4309 1352 4364 illud
1401 4309 1660 4384 {nimirum

78 4401 471 4473 apologeticum
515 4404 646 4458 mihi
689 4403 996 4472 prtetcndas
1043 4401 1226 4457 donmi
1261 4399 1662 4470 archiepiscopi

79 4489 360 4550 Remensis
391 4496 618 4566 remigio
654 4511 742 4550 me
783 4495 1058 4564 navigare,
1089 4508 1196 4548 non
1225 4509 1364 4548 meo.
1398 4491 1490 4547 Sic
1513 4493 1660 4548 enim

81 4579 132 4632 in
159 4597 318 4639 causa
361 4601 576 4641 mecum
609 4585 750 4651 eris,
791 4586 918 4640 dum
947 4593 1046 4656 ego
1077 4584 1294 4658 infirma
1323 4585 1506 4653 operis
1535 4599 1660 4654 per-

82 4673 357 4739 ventione,
387 4684 442 4731 tu
471 4688 651 4732 autem
675 4677 920 4746 iussione
947 4674 1365 4746 periclitaberis.

145 4761 278 4830 Quia
339 4779 472 4838 ergo
535 4769 854 4826 delitescere
905 4770 1212 4840 cupientem
1262 4767 1330 4822 ad
1384 4766 1658 4835 publicum

85 4857 256 4922 egredi
289 4860 615 4928 praecepisti,
657 4861 818 4928 hujus
841 4862 1084 4930 opusculi
1117 4858 1462 4914 recitatorem
1500 4876 1564 4917 ea
1603 4870 1657 4916 tu

1770 3668 1826 3723 in
1857 3670 1964 3724 tuis
1993 3669 2220 3742 agendis
2248 3679 2300 3726 te
2327 3685 2391 3726 ac
2421 3679 2509 3724 tua
2539 3671 2798 3742 disponis,
2825 3672 2972 3734 dum,
3001 3683 3052 3727 ut
3088 3673 3192 3728 alia
3223 3688 3358 3742 pra:-

1769 3762 2064 3816 termittam
2090 3801 2106 3824 ,
2157 3770 2284 3816 ante
2319 3777 2458 3831 quos
2497 3761 2590 3817 tibi
2655 3763 3047 3818 collimitancos
3081 3764 3358 3828 novimus,

1765 3855 2028 3928 adversus
2075 3855 2268 3910 matris
2311 3854 2567 3910 Ecclesia:
2617 3853 2896 3921 inimicos,
2942 3856 3008 3908 ad
3035 3857 3361 3912 destructio-

1765 3961 1888 4000 nem
1939 3945 2297 4000 munitionum
2333 3945 2562 4000 validior
2589 3945 2731 3998 aries
2761 3945 3000 4014 assurgis
3026 3983 3042 4010 ,
3076 3955 3360 4014 surgentes

1769 4046 2118 4108 tempestates
2148 4036 2282 4092 alias
2320 4035 2470 4091 verbi
2513 4035 2751 4089 tonitrua
2787 4035 3037 4104 dissipas,
3076 4035 3209 4089 alias
3235 4050 3357 4103 pro-

1764 4128 1928 4182 cellas
1961 4127 2236 4182 turbinum
2283 4127 2440 4182 sedas
2466 4165 2481 4190 ,
2519 4133 2572 4178 et
2601 4139 2717 4194 quae
2750 4123 3062 4180 obnubilala
3093 4123 3174 4178 vel
3207 4124 3359 4196 igno-

1765 4218 1942 4272 rantia
1975 4234 2068 4272 seu
2111 4217 2314 4272 erroris
2345 4217 2582 4271 tenebris
2615 4215 2810 4270 alicubi
2851 4214 3110 4280 oﬂ‘cndis,
3145 4219 3356 4270 detersa

1765 4308 1994 4379 caligine
2043 4307 2112 4361 ad
2161 4305 2400 4376 regulam
2458 4305 2828 4373 intelligentia:
2875 4305 3134 4358 doctrinae
3194 4319 3355 4358 manu

1767 4399 2000 4455 reducis.
2041 4397 2166 4453 inde
2198 4398 2286 4452 illa
2332 4399 2400 4451 ab
2435 4397 2658 4451 ineunte
2701 4395 2822 4450 fidei
2855 4395 3095 4466 germine
3142 4408 3357 4464 semper

1763 4491 2023 4562 gloriosa,
2073 4490 2248 4545 adhuc
2289 4489 2452 4543 etiam
2489 4503 2634 4542 nunc
2658 4527 2674 4553 ,
2723 4496 2774 4541 te
2815 4485 3046 4556 praesule
3069 4527 3082 4552 ,
3134 4493 3188 4540 et
3220 4501 3276 4539 re
3306 4503 3360 4551 eg

1763 4584 1944 4655 specie
2001 4583 2186 4648 clara,
2249 4581 2542 4636 Remorum
2595 4579 2913 4648 metropolis
2961 4580 3038 4635 sic
3096 4577 3360 4647 excellit,

1765 4677 2030 4750 magistra
2078 4674 2292 4730 urbium
2365 4671 2642 4746 rcgiminis
2695 4671 3014 4735 altitudine,
3060 4670 3133 4724 ita
3183 4677 3238 4723 et
3282 4687 3357 4728 re-

1771 4770 1940 4824 ctoris
1981 4775 2034 4823 et
2084 4765 2450 4820 decentissimi
2501 4761 2632 4818 cleri
2681 4777 2892 4816 summa
2927 4762 3208 4834 religione,
3242 4777 3376 4832 quire

1769 4869 2040 4936 quotquot
2086 4859 2230 4913 circa
2282 4855 2444 4912 Iidem
2487 4853 2875 4925 naufragantes
2915 4853 3144 4926 reperit,
3179 4861 3238 4905 ut
3275 4869 3380 4916 ex.

87 4943 195 5015 lege
219 4963 614 5021 cognoscas,ut
635 4954 774 5025 apud
800 4952 1074 5021 improbos
1099 4966 1306 5018 mores,
1337 4953 1460 5007 dum
1493 4951 1663 5010 laces-
1691 4956 1742 5016 D
1773 4965 1984 5028 pertum
2017 4953 2070 5008 in
2114 4949 2296 5006 audtis
2336 4951 2588 5011 habetur,
2615 4955 2708 5000 aut
2753 4959 2784 4998 a
2816 4959 2876 5000 se
2911 4946 3056 5019 fugat
3079 4987 3092 5008 ,
3121 4953 3212 4998 aut
3241 4959 3396 5006 com

87 5035 211 5093 situs
241 5040 429 5106 fuerit,
463 5047 624 5101 eti-am
668 5050 782 5119 ipse
817 5045 1095 5104 defendas.
1135 5044 1267 5098 Nam
1299 5053 1424 5100 sunt
1449 5046 1651 5116 plures,

90 5138 302 5191 quorum
329 5133 656 5194 Donatianus
685 5147 738 5193 et
767 5135 906 5189 Deus
933 5138 1030 5195 ﬁat
1057 5133 1228 5193 sortis
1249 5145 1564 5196 sanctorum
1597 5141 1650 5195 in

87 5213 300 5282 lumine.
344 5227 433 5282 aui
463 5243 584 5282 mox
637 5239 694 5282 ut
731 5243 763 5282 e
821 5226 1076 5282 latebris.
1129 5239 1268 5282 uuas
1315 5228 1494 5282 elegi.
1541 5243 1648 5282 tam

1771 5052 1952 5108 vertit.
1983 5048 2120 5104 Cum
2149 5059 2276 5114 ergo
2326 5051 2436 5099 tam
2479 5041 2636 5111 rigidi
2674 5040 2892 5095 honesti
2923 5043 3030 5097 sint
3061 5047 3399 5100 servator-os

1767 5143 2064 5200 Remorum
2113 5137 2338 5200 indoles,
2389 5147 2596 5192 tremor
2635 5129 2844 5187 invadit
2891 5142 3180 5204 pauperem
3214 5129 3392 5190 cala-

1767 5254 1913 5282 mum
1954 5231 2250 5282 nuiduuatn
2282 5227 2631 5282 conscribere
2659 5221 2802 5282 uuotl
2835 5229 3022 5282 veniat
3058 5223 3200 5278 inter
3246 5217 3404 5282 'l‘ul.
