4006 5282
665 286 690 341 l
701 285 805 343 555

1678 279 1976 337 EBRARDI
2015 279 2449 336 WATINENSIS
2476 281 2794 339 CANONICI

3803 285 3930 343 {536

659 395 802 450 liana
872 392 1121 449 facundia
1171 392 1444 450 ﬂorentes.
1521 390 1630 448 Sed
1673 393 1802 464 quia
1853 408 1960 448 non
2009 392 2312 455 ditliteorA
2345 394 2565 466 Insuper
2598 405 2655 452 et
2697 406 2910 468 gratum
2957 396 3118 452 debet
3157 397 3326 468 accipi
3372 398 3440 453 de
3495 406 3655 455 tanto
3706 408 3927 470 patrono

655 500 871 554 aequum
925 498 1045 539 esse
1087 483 1294 538 servire
1347 481 1681 554 majoribus,
1746 485 1812 539 ad
1857 493 2042 538 nutum
2084 492 2234 538 tuum

655 577 1028 648 qualecunque
1072 576 1256 632 defero
1303 578 1600 647 scriptum,
1654 576 1868 632 illorum
1914 578 2235 632 tradendum

656 668 905 723 inanibus
976 668 1066 738 qui
1132 675 1338 738 quanto
1393 677 1519 723 sunt
1576 668 1790 739 ingenio
1852 667 2230 734 sublimiores,

655 771 804 815 tanto
830 762 1158 832 quibuslibet
1179 762 1232 816 in
1258 761 1474 817 casibus
1501 777 1695 817 vereor
1717 761 1922 832 judicio
1947 761 2229 818 certiores.

652 853 830 920 Quare
859 870 1017 924 quem
1045 855 1309 923 sapientia
1338 855 1511 920 verbi,
1544 862 1826 910 venustate
1856 854 2087 917 dicendi,
2123 869 2229 909 non

649 944 850 1009 colare,
905 945 989 1000 vel
1038 961 1220 1011 causa,
1271 945 1355 1000 vel
1395 946 1622 1000 materia
1664 945 1946 1001 scribenda
1993 956 2082 1000 tua
2123 961 2232 1001 me-

648 1034 832 1089 diante
879 1035 1159 1106 praesentia
1205 1037 1576 1101 commendet,
1623 1045 1681 1090 ut
1717 1037 1858 1106 quod
1895 1037 1970 1092 rei
2005 1037 2231 1094 veritate

649 1124 846 1180 almum
879 1136 983 1192 est,
1014 1143 1044 1181 a
1080 1129 1233 1198 culpa
1266 1127 1349 1182 sui
1382 1128 1727 1197 necessitate,
1757 1128 1882 1196 quia
1912 1129 2078 1183 taceri
2119 1145 2224 1183 non

647 1216 852 1282 debuit,
901 1220 1041 1287 quod
1073 1227 1350 1289 peccatum
1400 1227 1625 1274 estnon
1674 1219 1922 1274 excludat
1965 1235 1994 1274 ει
2049 1219 2226 1274 venia.

657 1393 780 1408 μαι-

2343 504 2478 544 nova
2518 489 2667 558 signa
2699 491 2764 544 ad
2796 488 3268 544 rememorandum
3297 489 3525 557 referre,
3555 490 3721 558 cujus
3750 493 3795 546 si
3823 507 3928 560 qua:

2339 581 2491 639 fuere
2535 582 2717 638 forsan
2760 590 3028 637 vetustate
3055 581 3334 651 temporis,
3364 596 3490 636 cum
3521 581 3767 652 penuria
3794 590 3928 636 now

2337 674 2573 739 riorum,
2631 683 2741 727 tum
2801 672 2998 737 etiam,
3045 672 3188 742 quod
3237 670 3452 726 facilius
3509 670 3716 734 credo.
3775 673 3929 741 ipsius

2335 763 2555 818 armarii
2605 763 2844 818 ecclesire
2887 763 2972 818 cui
3004 763 3261 832 presides
3295 762 3686 818 devastatione
3716 764 3928 830 antiqua

2335 854 2568 925 periere.
2615 853 2817 908 Deinde
2862 869 2984 908 cum
3014 851 3156 908 servi
3187 853 3441 918 dominis,
3472 861 3570 907 aut
3610 853 3711 924 ﬁlii
3741 868 3926 922 paren-

2337 946 2480 1000 tibus
2505 944 2894 1009 thesaurizant,
2911 943 2991 998 sic
3013 943 3130 999 licet
3157 943 3430 1014 exiguum,
3457 943 3600 998 libet
3620 943 3796 1006 exile,
3817 943 3928 998 licet

2335 1036 2596 1090 rusticum
2633 1033 2774 1104 quod
2805 1033 3056 1100 aﬂ'erunt,
3087 1034 3240 1104 quasi
3271 1034 3544 1104 primitias
3576 1034 3800 1104 proprii
3828 1033 3925 1087 fru—

2335 1137 2455 1183 etus
2487 1128 2757 1198 accipiunt
2781 1167 2795 1192 ,
2823 1129 2947 1181 dum
2980 1127 3032 1181 hi
3060 1126 3254 1196 quibus
3283 1125 3652 1180 contulerunt
3694 1135 3925 1180 mutum

2334 1217 2508 1275 vicem
2539 1217 2815 1274 beneﬁciis
2846 1215 3180 1290 impendunt.

1909 1532 2748 1650 MIRACULUM

713 1758 800 1814 DE
843 1757 1130 1828 QUODAM
1161 1756 1578 1814 GUATIM‘ZNSI
1618 1756 1978 1814 RELIGlOSO
2010 1756 2144 1811 PER
2184 1755 2212 1810 ε

2318 1753 2733 1812 ιΟΝᾹΤΙΑΝυΜ
2759 1756 2847 1810 ΑΒ
2881 1754 3332 1813 ιΕϐῐὶΙΤυῢΙΝΕ
3365 1756 3505 1813 SUA
3547 1753 3863 1811 SANATO.

711 2083 843 2140 liii-sa
866 2085 968 2140 -ula
994 2095 1321 2149 sanctorum,
1353 2086 1548 2157 quibus
1575 2087 1658 2142 vel
1685 2087 1951 2157 corporali
1983 2101 2218 2158 praeseu-
2248 2069 2293 2129 Β
2323 2084 2550 2139 fidentes
2588 2084 2657 2139 ab
2696 2084 2790 2138 illo
2827 2085 3014 2140 donari
3049 2101 3274 2142 munera
3311 2086 3510 2156 lingua:
3553 2088 3656 2158 qui
3721 2085 3924 2158 linguas

637 2177 709 2235 tia
752 2179 802 2231 in
839 2179 1038 2233 mundo
1081 2179 1398 2243 claruerint,
1438 2178 1518 2233 vel
1553 2179 1636 2234 his
1661 2179 1919 2234 azrumnis
1948 2179 2218 2246 absumpti

635 2267 774 2335 apud
800 2281 922 2322 ossa
952 2282 1049 2324 sua
1086 2274 1140 2322 et
1168 2269 1460 2323 memorias
1484 2268 1726 2341 quotidie
1757 2269 2006 2333 redeunt,
2032 2267 2219 2337 quales

629 2371 686 2415 et.
711 2360 806 2429 ipsi
829 2360 956 2414 vitae
978 2361 1172 2416 merito
1195 2359 1412 2414 fuerunt
1435 2361 1588 2415 nobis
1615 2360 1872 2428 indicant,
1895 2369 1949 2414 et
1971 2373 2220 2430 superna:

633 2452 823 2520 putria:
885 2451 938 2506 in
997 2466 1160 2522 quam
1225 2453 1559 2508 transierunt
1605 2453 1672 2507 ad
1725 2468 1956 2522 superna
2021 2453 2216 2524 gaudia

630 2543 890 2613 capienda
924 2559 1024 2600 nos
1053 2545 1301 2600 invitant.
1338 2543 1538 2600 Vivunt
1573 2545 1716 2600 enim
1756 2545 1858 2612 ibi,
1886 2547 2010 2614 quia
2049 2547 2220 2603 felici-

632 2645 715 2692 ter
765 2638 994 2703 vivunt,
1049 2640 1196 2708 quia,
1251 2654 1520 2695 mansura:
1552 2637 1854 2695 Jerusalem
1903 2639 2016 2708 jam
2069 2641 2216 2695 cives

629 2726 829 2795 eﬂ‘eeti,
860 2746 938 2783 sue
974 2731 1131 2800 hujus
1161 2731 1512 2786 habitationis
1536 2747 1656 2801 qua:
1685 2731 2010 2787 dissolvetur
2038 2731 2214 2788 adhuc

626 2823 867 2893 hospites
899 2823 1211 2889 visitant,ut
1234 2824 1301 2877 ab
1324 2823 1412 2878 illa
1441 2823 1494 2878 in
1518 2841 1623 2895 qua
1647 2840 1772 2880 vere
1796 2825 2045 2880 innititur
2069 2841 2215 2879 man-

628 2914 820 2982 sinue,
885 2931 1160 2985 nunquam
1224 2915 1502 2970 voluntate
1565 2916 1845 2972 recedant.
1909 2915 2215 2972 Ostendnnt

627 3008 771 3060 enim
800 3016 853 3060 et
886 3021 1042 3077 posse.
1072 3007 1362 3076 impetrare
1386 3007 1530 3076 quod
1561 3015 1841 3077 rogantur,
1870 3008 1994 3061 dum
2029 3017 2213 3076 postu-

627 3099 733 3153 lata
762 3099 1064 3165 conferunt,
1084 3115 1228 3170 quae,
1258 3098 1361 3153 nisi
1391 3098 1622 3154 feliciter
1648 3099 1718 3153 ibi
1741 3100 2089 3166 viverent,ad
2119 3116 2212 3157 eos

626 3206 670 3245 Si
695 3191 1026 3260 spirantibus
1052 3191 1254 3246 donare
1279 3205 1384 3245 non
1412 3191 1671 3247 valerent.
1700 3190 1774 3245 Ex
1801 3205 1905 3261 qua
1935 3191 2207 3246 communi

626 3283 938 3353 angelorum
966 3295 1022 3340 et
1047 3286 1326 3340 hominum
1357 3285 1528 3350 curia,
1559 3302 1679 3357 quae.
1708 3302 1812 3342 una
1844 3301 1939 3356 per
1964 3287 2210 3358 adoptio—

624 3390 746 3428 nem
769 3373 880 3440 jam
931 3384 1017 3430 est
1051 3374 1188 3430 facta
1238 3376 1562 3446 respublica,
1599 3394 1692 3433 rex
1726 3377 1994 3444 Christus,
2021 3379 2209 3450 praesi-

2323 2178 2416 2233 dat
2447 2176 2498 2230 in
2533 2191 2776 2240 munere.

2390 2268 2487 2324 Est
2518 2283 2649 2341 ergo
2679 2285 2846 2340 pagus
2876 2271 3015 2326 inter
3046 2269 3266 2340 Legiam
3302 2270 3528 2324 fluvium
3567 2280 3632 2327 et
3682 2271 3924 2326 Flaudri-

2318 2376 2515 2418 nenses
2568 2363 2906 2430 maritimos,
2960 2362 3206 2434 Menapia
3260 2363 3732 2436 cognominatus,
3778 2366 3922 2430 cuius

2320 2454 2508 2510 incolae
2548 2456 2785 2527 generali
2831 2456 3094 2511 vocabulo
3123 2457 3192 2510 ab
3218 2456 3687 2527 bistoriograpbis
3717 2457 3919 2525 Menapi

2317 2546 2778 2613 denominantur;
2825 2560 2959 2618 gens
2989 2546 3212 2615 antiqua
3241 2556 3297 2601 et
3328 2561 3552 2616 aspera,
3583 2562 3718 2617 qua:
3756 2564 3787 2602 a
3823 2549 3921 2602 ιιο-

2318 2639 2493 2692 manis
2535 2639 2725 2701 etiam,
2770 2649 2829 2691 ut
2857 2648 3102 2694 veterum
3140 2637 3364 2692 historia
3401 2640 3686 2704 meminit,
3717 2639 3918 2692 domari

2319 2744 2426 2782 non
2480 2729 2674 2798 potuit.
2720 2727 2844 2784 Haec
2892 2744 2998 2783 non
3053 2728 3320 2798 reperitur
3353 2727 3538 2782 alieno
3579 2728 3777 2798 aliquo
3801 2745 3914 2784 sar.-

2315 2821 2479 2892 guine
2527 2820 2769 2886 inducta,
2817 2820 2912 2875 sed
2952 2835 3073 2890 quze
3127 2818 3232 2873 illis
3284 2819 3446 2875 sedes
3497 2819 3707 2874 eadem
3759 2829 3844 2875 est
3873 2831 3917 2873 et

2313 2913 2486 2984 origo.
2542 2911 2628 2977 lli,
2677 2912 2985 2968 fortissimis
3030 2925 3095 2966 ac
3138 2910 3366 2964 muratis
3413 2910 3640 2980 oppidis
3689 2911 3833 2965 inter
3865 2923 3916 2963 se

2313 3007 2441 3062 olim
2479 3005 2660 3071 divisi,
2694 3017 2982 3060 commune
3011 3002 3402 3057 dominativum
3451 3000 3581 3072 pagi
3625 3002 3864 3071 propriis
3887 3015 3912 3053 δ

2313 3097 2580 3167 principio
2618 3097 2672 3150 in
2707 3095 2923 3150 Caletos
2947 3099 3004 3148 et
3037 3091 3272 3146 Batavos
3302 3091 3662 3146 subdivisere
3693 3092 3914 3146 vocabu-

2315 3188 2400 3243 lis.
2447 3188 2572 3258 Pagi
2607 3195 2786 3242 autem
2833 3186 3001 3256 ipsius
3044 3184 3320 3256 longitudo
3349 3185 3418 3240 ab
3463 3185 3697 3240 oriente
3733 3194 3908 3240 exten-

2310 3279 2479 3345 ditur,
2554 3290 2718 3349 etque
2759 3279 2828 3334 ab
2868 3278 3149 3334 occidente
3194 3276 3363 3331 Enula
3421 3276 3699 3334 videlicet
3742 3277 3910 3340 ﬂuvio,

2314 3371 2476 3426 finem
2511 3370 2838 3440 excipiente,
2871 3369 3196 3424 terminatur
3219 3384 3234 3434 ;
3261 3383 3290 3421 a
3320 3368 3482 3438 cujus
3505 3365 3769 3442 margine.
3793 3384 3906 3439 pau-

624 3465 758 3519 tlens
791 3465 1016 3537 singulis
1044 3467 1401 3537 quibusquam
1433 3469 1704 3538 gentibus,
1753 3486 1848 3525 sua
1889 3471 1979 3526 Dei
2019 3446 2210 3525 gun'm-
2236 3446 2280 3508 Ο
2312 3461 2462 3517 latim
2489 3473 2867 3519 succrescente
2890 3462 3092 3520 tumulo
3119 3461 3372 3518 elementi
3398 3463 3754 3531 proceritate
3775 3476 3907 3517 mons

623 3558 727 3628 gia,
765 3568 823 3612 ut
854 3575 1048 3628 corpus
1082 3559 1224 3629 ejus,
1263 3561 1406 3630 quod
1446 3569 1529 3615 est
1570 3561 1833 3628 Ecclesia,
1881 3563 2064 3633 utique
2091 3580 2210 3635 per-

621 3647 811 3718 vigiles
864 3649 1060 3703 habeat
1116 3664 1225 3704 suae
1283 3651 1739 3720 peregrinationis
1783 3653 2080 3719 excubias,
2142 3669 2209 3708 ne

621 3737 914 3792 invidentis
962 3739 1166 3794 inimici
1203 3756 1300 3811 per
1330 3742 1651 3796 incautelam
1693 3741 1934 3797 incurrat
1960 3743 2206 3811 insidias,

622 3843 720 3897 per
757 3829 856 3883 hos
903 3840 1162 3896 rectores,
1217 3833 1512 3887 secundum
1559 3835 1836 3904 praphetm
1867 3837 2203 3906 vaticinium,

623 3906 852 3987 requirit
882 3935 1012 3975 oves
1037 3937 1186 3986 suas,
1218 3933 1278 3976 ut
1301 3924 1442 3992 quod
1467 3923 1734 3993 abiectum
1766 3927 1928 3982 fuerit
1958 3931 2202 3997 reducat,

619 4008 762 4076 quod
801 4009 1136 4068 confractum
1166 4010 1330 4068 fuerit
1371 4013 1572 4085 alliget,
1605 4016 1747 4084 quod
1779 4017 2050 4074 infirmum
2086 4020 2202 4076 fue-

618 4103 694 4160 rit
744 4104 1006 4172 reducat,
1063 4107 1206 4176 quod
1254 4108 1450 4179 pingue
1504 4117 1560 4164 et
1614 4108 1753 4166 forte
1790 4112 2078 4167 custodiat.
2126 4114 2201 4170 Ex

617 4197 815 4266 quibus
855 4215 1019 4254 unum
1049 4202 1115 4255 de
1144 4201 1326 4257 multis
1353 4218 1490 4272 quos
1519 4203 1748 4260 diversis
1782 4206 1988 4263 artibus
2012 4209 2203 4264 miriti-

620 4291 786 4355 cavit,
838 4293 1123 4347 emeritmn
1170 4309 1280 4349 sua:
1325 4295 1518 4351 domus
1569 4299 1993 4353 mansionarium
2049 4301 2204 4355 nobis

618 4385 845 4440 marinis
889 4385 1168 4456 plebibus,
1220 4389 1624 4443 sanctissimum
1663 4390 2031 4446 confessorem
2060 4392 2197 4449 dele~

619 4475 765 4543 gavit
817 4475 1202 4541 Donatianum,
1273 4476 1483 4531 fidelem
1527 4478 1716 4548 gregis
1772 4481 2200 4550 przeambulum,

619 4566 880 4636 frugalem
922 4566 1230 4630 nulritinm,
1259 4578 1506 4622 votorum
1551 4580 1945 4641 susceptorem,
1975 4573 2200 4630 hilarem

618 4655 674 4710 in
721 4656 971 4712 omnibus
1025 4657 1300 4721 datorem,
1359 4656 1584 4713 medela:
1642 4659 1850 4731 largum
1903 4664 2202 4720 curationis

616 4756 888 4813 sanetum,
946 4749 1135 4802 salutis
1181 4748 1448 4803 diuturna:
1492 4758 1727 4805 tutorem
1771 4753 2194 4810 sanctissimum.

615 4838 721 4904 Qui
775 4854 880 4892 non
923 4841 1080 4894 modo
1128 4839 1216 4895 ubi
1261 4841 1584 4896 venerabilis
1611 4845 1857 4914 corporis
1888 4845 2055 4915 ipsius
2087 4846 2202 4902 the-

612 4943 811 4984 sanrus
847 4929 1144 4985 honoratur
1184 4931 1475 4988 virtutibus
1510 4945 1779 5000 coruscat,
1820 4951 2007 4992 verum
2037 4937 2198 4992 etiam

614 5029 774 5074 extra
845 5021 1101 5076 territorii
1160 5023 1242 5076 sui
1307 5022 1506 5079 limites
1577 5025 1854 5082 multoties
1913 5028 2196 5083 miraculo-

614 5125 738 5158 rum
799 5111 969 5158 siqnis
1027 5113 1290 5160 inmunia:
1362 5131 1482 5162 num
1540 5131 1646 5162 nnn
1709 5127 1816 5164 tam
1873 5119 2196 5166 serintnrnm

2313 3555 2569 3625 gignitur,
2597 3565 2650 3610 et
2680 3556 2842 3626 plano
2871 3555 3104 3611 deductu
3134 3553 3202 3608 ad
3224 3553 3588 3609 subsolanum
3620 3566 3855 3625 egestus,
3878 3567 3901 3603 a

2310 3648 2680 3716 septentrione
2741 3663 2807 3702 ac
2875 3647 3102 3703 meridie
3153 3644 3528 3702 residentibus
3583 3649 3810 3708 cumbis
3860 3647 3902 3698 in

2310 3739 2648 3794 altitudinem
2680 3740 3007 3796 cumulatur.
3036 3738 3360 3795 Nemoribns
3390 3747 3677 3804 consitus,
3705 3741 3899 3810 pascuis

2310 3832 2465 3898 uber,
2495 3833 2701 3888 olerum
2733 3835 2926 3890 diversi
2951 3834 3166 3905 generis
3191 3833 3326 3886 adeo
3348 3831 3532 3898 ferax,
3573 3843 3670 3899 ut,
3705 3837 3752 3888 si
3786 3833 3902 3888 nolis

2308 3940 2602 3994 procurare
2643 3927 2818 3993 utilia,
2867 3927 2999 3980 velis
3041 3925 3214 3990 nolis,
3245 3925 3404 3994 quasi
3446 3924 3730 3980 desidiam
3771 3927 3898 3978 labu-

2309 4017 2508 4070 ratoris
2553 4031 2808 4086 arguens,
2834 4017 2971 4071 miro
2997 4017 3333 4070 incremento
3362 4017 3650 4084 germinet
3682 4017 3895 4071 intllilia.

2305 4105 2578 4162 Przeterea
2630 4118 2738 4162 tam
2770 4107 3061 4162 salubriter
3105 4107 3324 4162 flatibus
3365 4116 3671 4162 ventorum
3703 4109 3898 4176 exposl-

2307 4208 2394 4254 tus
2417 4207 2474 4252 ut
2501 4198 2642 4252 aeris
2669 4197 2851 4252 infecti
2882 4213 2978 4252 seu
3002 4196 3318 4251 nebularum
3343 4211 3622 4264 aquarum
3649 4198 3895 4251 conﬂare-

2309 4293 2440 4347 tium
2473 4293 2642 4347 isdem
2673 4291 2856 4346 alveus
2896 4291 3132 4351 exhalat,
3162 4291 3213 4343 in
3244 4305 3303 4343 se
3331 4290 3774 4344 crassitudinem
3796 4304 3894 4343 coa-

2306 4382 2477 4454 gulari
2537 4397 2642 4436 non
2701 4381 2998 4451 permittat.
3056 4380 3297 4450 Apparet
3368 4394 3597 4448 quoque
3648 4395 3719 4434 ex
3770 4378 3888 4432 facili

2305 4481 2506 4542 quanta
2560 4470 2741 4542 populi
2794 4469 3096 4540 frequentia
3151 4469 3268 4523 suis
3309 4466 3505 4523 diebus
3555 4468 3728 4522 fuerit
3761 4469 3888 4520 locus

2305 4564 2539 4631 celeber,
2572 4565 2637 4619 ad
2675 4578 2835 4635 quem
2873 4563 3099 4634 publica:
3127 4571 3292 4631 atque
3324 4559 3543 4631 regales
3573 4560 3679 4616 via
3710 4573 3888 4613 coarc-

2307 4656 2515 4712 nientes
2553 4657 2731 4712 adhuc
2761 4663 3280 4726 prmmonstrantur;
3317 4668 3554 4724 quarum
3591 4652 3684 4706 illa
3722 4666 3832 4720 qu:
3856 4663 3886 4699 ι

2307 4747 2497 4806 diffusa
2527 4751 2738 4807 oriente
2762 4765 2932 4820 usque
2961 4749 3026 4803 ad
3064 4763 3161 4802 nos
3186 4748 3464 4818 dirigitur,
3498 4747 3661 4801 alveo
3686 4746 3887 4800 subter-

2307 4839 2488 4895 luente
2512 4841 2803 4904 clauditur,
2832 4839 3002 4894 altera
3024 4853 3152 4892 vero
3174 4837 3518 4890 Britanniam
3543 4845 3886 4906 prospectans
3963 4889 3965 4896 ,

2308 4932 2376 4986 ab
2405 4933 2686 4987 occidente
2727 4932 2779 4985 in
2831 4939 3047 5001 portum
3079 4928 3283 4984 Oceani
3322 4928 3680 4982 terminatur.
3719 4927 3772 4980 ln
3798 4927 3888 4978 hoc
3961 4929 3965 5001 ξ

2305 5038 2438 5094 ergo
2470 5033 2652 5078 monte
2695 5023 3040 5078 historiarum
3081 5019 3398 5074 testimonio
3430 5020 3710 5088 quondam
3743 5017 3886 5071 Bala-
3959 5017 3963 5086 ι

2305 5131 2491 5166 verum
2541 5115 2772 5166 colonia.
2823 5115 2980 5166 modo
3009 5126 3133 5166 vere
3163 5110 3523 5166 Guatinensis
3563 5122 3752 5165 nostra
3791 5110 3882 5163 sit:
