4006 5282
117 278 145 332 Ι
164 276 287 333 ὕῦἸ

1251 268 1645 326 CIIRONlCON
1688 270 2123 327 WATINENSE.

3274 276 3409 331 1358

113 402 185 448 et
240 388 587 447 ecclesiolam
653 401 816 457 quam
872 385 1017 440 inter
1086 397 1276 454 vepres
1325 400 1390 438 ac
1448 389 1800 453 serpentesA
1832 385 1897 439 ad
1928 386 2184 440 verticem
2236 386 2492 442 dimidius
2538 388 2822 444 emarcuit.
2896 386 3025 442 Erat
3102 387 3411 445 miseranda

112 483 343 536 vilibus
377 478 629 534 tabulatis
660 480 919 531 intextam
953 476 1176 539 invenit,
1217 490 1322 530 non
1351 484 1472 544 post
1500 476 1727 529 multum

116 571 541 643 episcopalibus
567 570 733 640 gestis
760 570 1015 638 suscepit,
1043 567 1363 623 clericorum
1391 566 1726 621 habitatione

118 662 404 726 instituit,
439 670 496 716 et
537 661 835 716 secundum
863 658 1104 727 regulam
1138 657 1240 711 sub
1271 657 1479 711 sanctis
1507 665 1727 726 aposto-

118 757 202 811 lis
260 754 844 813 constitutamvivere
890 751 1075 820 coepit.
1127 750 1209 804 Ad
1258 764 1416 819 quem
1467 763 1589 803 cum
1636 746 1727 800 alii

119 848 293 902 vocis
320 846 561 899 novitate
588 843 836 913 permoti,
861 842 949 895 alii
974 856 1103 896 vero
1127 840 1412 895 devotione
1439 848 1493 893 et
1516 839 1728 893 occulte

122 938 335 1008 gratia:
386 936 645 991 beneﬁcio
697 935 944 1005 ittspirali
1002 932 1373 997 confluerent,
1428 948 1494 987 ex
1562 947 1729 1001 parvo

123 1027 413 1097 principio
439 1042 497 1081 re
528 1027 579 1079 in
613 1026 730 1079 dies
772 1032 1069 1086 crescente,
1116 1024 1431 1091 ampliorem
1463 1022 1725 1086 fundavit,

124 1128 306 1187 atque
335 1120 402 1171 ad
435 1118 571 1172 bene
604 1116 815 1170 vivendi
854 1116 1185 1185 propositum
1223 1114 1575 1183 plurimorum
1606 1115 1726 1170 ani-

126 1222 259 1260 mos
283 1207 556 1273 incitavit,
581 1216 708 1261 utet
730 1206 1001 1260 communi
1032 1207 1156 1259 vita:
1179 1220 1237 1260 se
1259 1205 1487 1261 libentes
1508 1215 1730 1261 contra-

125 1296 357 1360 derent,
387 1306 549 1366 atque
578 1296 817 1352 omnium
844 1311 966 1365 qua:
997 1295 1047 1349 in
1088 1295 1287 1350 saeculo
1338 1295 1538 1351 habere
1581 1293 1728 1351 'vide-

127 1386 341 1440 bantur
383 1386 788 1452 renuntiantes,
827 1386 1106 1442 Christum
1156 1386 1421 1442 haeredem
1465 1386 1723 1443 facerent.

126 1472 288 1529 Inter
333 1492 468 1545 quos
523 1478 889 1532 convicaneus
939 1477 1194 1545 quidam,
1252 1476 1316 1530 H.
1362 1478 1612 1542 neruine,
1646 1479 1729 1532 vir

131 1564 338 1631 ﬁdelis,
372 1577 496 1623 tunc
523 1569 686 1624 etiam
718 1568 852 1622 duos
884 1568 1022 1622 ﬁlios
1046 1569 1297 1637 parvulos
1322 1569 1536 1632 obtulit,
1563 1578 1727 1637 atque

130 1660 242 1711 sub
274 1659 471 1729 regula:
493 1661 624 1731 ju'go
654 1661 911 1730 prazdicto
933 1661 1205 1715 sacerdoti
1244 1662 1570 1716 erudiendos
1613 1671 1721 1715 tra-

132 1746 295 1803 didit.
334 1751 480 1817 Quos
520 1752 608 1805 ille
649 1752 953 1820 suscipiens
1010 1762 1238 1821 paterne
1278 1754 1527 1820 nutrivit,
1563 1764 1725 1825 atque

131 1844 266 1898 vita:
306 1845 501 1903 merito
548 1845 649 1901 sub
694 1855 881 1900 sancta
925 1847 1189 1902 societate
1236 1848 1511 1919 degentes,
1565 1859 1727 1919 prout

131 1933 390 1990 tetasilla
419 1935 651 2000 sinebat,
710 1934 811 1989 sub
860 1937 1034 1991 sacris
1088 1938 1370 1993 ordinibus
1427 1941 1727 1996 servituros

132 2026 433 2096 promovit.
465 2026 539 2080 De
564 2042 795 2096 quorutn
820 2042 944 2091 uno,
994 2027 1265 2083 Tamardo
1306 2030 1543 2095 nomine,
1588 2031 1727 2085 rela-

136 2121 290 2177 tione
314 2122 570 2191 prznclara
602 2139 698 2192 per
753 2122 811 2178 S.
872 2126 1232 2180 Donatianum
1288 2126 1433 2182 Deus
1485 2131 1725 2184 ostendit

134 2210 402 2265 miracula
436 2212 637 2266 virtute
669 2212 892 2283 fulgida,
942 2217 1191 2271 claritate
1222 2220 1529 2289 perspicua,
1564 2222 1617 2275 in
1668 2237 1725 2275 se

132 2301 463 2371 probabilia,
514 2302 676 2357 alieni
730 2306 1021 2359 testimonii
1054 2323 1159 2361 non
1202 2311 1437 2379 egentia.
1490 2310 1555 2363 Et
1594 2312 1723 2379 quia

134 2402 527 2447 conversantes
570 2408 597 2445 a
625 2396 887 2464 principio
914 2397 1155 2465 quotidie
1185 2398 1268 2451 illa
1297 2399 1556 2465 videmus,
1589 2415 1725 2467 quo-

139 2480 273 2537 tidie
298 2480 470 2536 oculis
511 2482 823 2551 aspicimus,
872 2485 1113 2553 quotidie
1141 2487 1393 2541 manibus
1421 2500 1725 2545 rontrecta-

137 2585 285 2633 mus,
313 2570 563 2626 volumus
594 2573 756 2626 etiam
806 2588 1048 2643 quosque
1092 2575 1277 2630 ﬁdeles
1329 2592 1392 2630 ea
1443 2579 1723 2632 nobiscum

137 2659 427 2725 admirari,
462 2664 742 2717 nobiscum
777 2667 1047 2727 venerari.
1080 2674 1157 2730 et,
1188 2665 1316 2720 licet
1343 2683 1449 2721 non
1482 2685 1721 2737 praisew-

140 2757 246 2813 tes,
275 2750 356 2806 vel
384 2752 435 2805 in
465 2752 567 2807 hoc
590 2754 797 2822 scripto
819 2754 1100 2808 nobiscum
1124 2758 1389 2811 contueri.
1422 2758 1518 2813 llic
1537 2761 1721 2830 igitur,

139 2856 267 2897 cum
301 2846 564 2898 novennis
604 2843 928 2913 juvenculus
978 2860 1008 2899 a
1063 2848 1378 2915 parentibus
1431 2850 1484 2902 in
1533 2852 1720 2906 eodem

138 2933 475 2987 monasterio
504 2944 647 2988 esset
695 2934 929 3000 oblatus,
981 2935 1036 2989 in
1087 2936 1176 2989 illa
1223 2948 1410 2993 sancta
1466 2942 1724 2996 societate

138 3037 245 3092 pro
274 3023 492 3077 modulo
516 3038 617 3079 suo
645 3024 745 3079 sub
773 3024 1059 3094 disciplina
1091 3027 1347 3095 pastorali
1402 3030 1726 3099 regulariter
1756 3086 1797 3108 η

138 3125 229 3170 est
287 3131 667 3182 conversatus,
717 3130 999 3189 promptus
1065 3122 1381 3177 obedienter
1428 3094 1775 3180 domestica"

141 3205 399 3275 implebat
446 3208 643 3272 ollicia,
671 3218 724 3262 et
770 3210 836 3263 ad
884 3217 1071 3263 nutum
1101 3212 1373 3265 monentis
1401 3211 1574 3268 farilis
1596 3231 1724 3285 opt:-

146 3296 367 3349 rabatur
395 3295 651 3364 iniuncta.
686 3298 751 3352 Et
777 3300 843 3353 ad
875 3300 1017 3367 quod
1052 3302 1365 3368 provectior
1390 3313 1524 3357 :rtas
1571 3321 1721 3360 com-

138 3391 331 3453 petens
367 3402 525 3456 agere
557 3403 662 3441 non
708 3397 944 3457 poterat,
1004 3397 1059 3441 ut
1109 3392 1444 3445 consuetudo
1503 3406 1601 3455 εει,
1667 3394 1723 3448 in

140 3476 301 3529 domo
340 3476 430 3531 Dei
462 3479 701 3534 minores
732 3481 1000 3533 instruere
1029 3480 1081 3533 in
1116 3490 1265 3535 sorte
1307 3497 1403 3535 sua
1435 3497 1559 3537 cum
1584 3499 1723 3538 coge-

141 3564 317 3619 taneis
361 3567 627 3621 veniebat.
688 3569 899 3638 Agebat
946 3569 1027 3623 sic
1062 3570 1163 3623 sub
1206 3571 1550 3627 seliolaribus
1596 3573 1721 3628 altis

139 3665 350 3725 tempus
382 3659 665 3727 prolixius,
697 3670 752 3713 et
789 3661 856 3713 ad
902 3662 1046 3729 quod
1105 3662 1492 3718 instituebatur
1537 3665 1719 3733 provi-

138 3750 322 3805 dentia
372 3749 466 3805 Dei
512 3752 566 3806 in
619 3752 734 3806 dies
773 3753 1089 3822 proﬁciebat
1118 3754 1169 3807 in
1221 3755 1433 3819 melius,
1473 3766 1527 3809 et
1558 3756 1721 3825 pube-

139 3849 381 3895 scentem
410 3850 622 3895 aetatem
651 3843 753 3897 sub
788 3843 1051 3899 custodiis
1087 3847 1425 3915 transigebat
1458 3847 1721 3915 regulari-

137 3935 265 3989 bus.
319 3933 659 4006 lntelligebat
682 3936 796 4006 jam
848 3948 974 3993 tunc
1034 3946 1202 3993 tutam
1261 3940 1402 3994 viam
1453 3955 1572 3995 esse
1621 3940 1721 3994 sub

138 4024 469 4089 ductoribus,
521 4036 691 4081 tutam
722 4030 860 4082 viam
905 4030 1089 4083 vivere
1118 4030 1219 4084 sub
1266 4030 1589 4095 rectoribus,
1638 4039 1721 4083 tu-

138 4132 255 4174 tum
306 4118 552 4177 laborare
600 4138 722 4176 cum
772 4120 1078 4189 huiusmodi
1131 4122 1566 4191 laboratoribus.
1612 4121 1718 4177 Sed

140 4212 243 4268 sub
267 4213 457 4267 intuitu
485 4217 759 4269 cernentis
784 4214 1217 4283 cunctajudicis,
1252 4215 1381 4284 quid
1414 4224 1592 4268 tutum
1623 4224 1719 4269 aut

140 4307 248 4364 sibi
273 4308 552 4363 conﬁdens
586 4324 705 4364 esse
730 4308 1083 4379 queat?quid
1128 4306 1377 4377 opiﬁcem
1407 4308 1491 4361 sui
1537 4308 1720 4377 operis

1834 478 1999 533 facies
2028 477 2366 547 prmferenlis
2404 482 2581 535 vivum
2631 497 2753 535 cum
2788 491 3023 545 mortuo,
3055 496 3176 536 cum
3234 485 3412 541 adhuc

1834 578 1941 624 tota
1975 571 2217 641 corporis
2240 572 2379 626 mole
2404 573 2713 643 superstite,
2738 572 3025 627 sinistrum
3073 572 3213 628 latus
3250 588 3411 629 omne

1836 660 2047 714 tulisset
2067 661 2271 731 passio,
2297 677 2360 717 ac
2389 662 2540 717 vivos
2564 672 2714 717 artus
2749 678 2874 733 pars
2926 672 3138 718 mortua
3172 663 3275 718 sibi
3324 666 3414 718 de-

1832 761 2075 821 putasset
2106 752 2306 807 ollicio.
2353 754 2421 808 Et
2468 754 2594 823 quia
2649 754 2827 823 seipse
2868 768 3057 809 carere
3110 754 3254 809 salus
3305 771 3410 809 non

1832 852 1972 908 erat,
2005 846 2213 913 pondus
2247 846 2526 900 tmdiosum
2556 844 2727 901 oculis
2765 846 3006 901 omnium
3064 844 3410 914 praeferebat,

1829 935 1973 1002 quod
2021 934 2073 988 in
2098 950 2164 991 eo
2195 950 2261 989 ne
2290 937 2510 992 omnino
2542 938 2862 1008 deperisset,
2898 938 3120 992 morbus
3150 938 3263 1007 ipse
3290 937 3413 991 soli-

1830 1025 2002 1079 daret.
2022 1024 2283 1081 Jacebant
2304 1042 2334 1081 a
2358 1028 2660 1084 ministerio
2683 1045 2849 1084 vacua
2873 1029 3124 1099 languida
3147 1030 3411 1093 membra,

1830 1124 1885 1171 et
1934 1114 2276 1185 superﬁciem
2327 1117 2498 1174 solam
2530 1118 2751 1173 humani
2784 1118 3027 1188 corporis
3062 1119 3412 1182 exhibebazt,

1829 1205 1978 1261 nullo
2002 1207 2120 1262 usui
2154 1222 2414 1278 congrua.
2451 1208 2762 1279 Siquando
2794 1220 2998 1269 autem,
3029 1209 3096 1263 ad
3140 1210 3411 1264 modicum

1830 1296 2057 1351 remissa
2091 1298 2367 1367 passione,
2399 1299 2467 1356 ad
2503 1301 2789 1358 ecclesiam
2820 1312 2913 1356 aut
2954 1301 3149 1357 alicubi
3177 1303 3414 1357 eundum

1828 1396 1964 1450 erat,
1995 1386 2188 1442 hacqu
2214 1392 2552 1457 sustollente,
2585 1393 2767 1447 vivum
2799 1395 3031 1448 cadaver
3076 1394 3315 1463 segniter
3349 1406 3417 1448 ac

1826 1475 2182 1545 fatigabiliter
2212 1481 2541 1549 tripodabat,
2570 1492 2664 1538 aut
2693 1483 2918 1537 ahsenle
2944 1481 3168 1537 custode
3212 1494 3272 1538 se
3319 1480 3417 1536 ali-

1828 1570 2045 1638 quando
2094 1574 2277 1627 minus
2307 1588 2440 1627 sane
2488 1575 2554 1629 ad
2605 1575 2779 1629 aliena
2834 1576 3105 1638 movebat,
3158 1576 3412 1629 misermu

1829 1660 2102 1714 hominem
2134 1662 2407 1717 multoties
2436 1664 2488 1717 in
2530 1664 2719 1734 reptile
2742 1665 3010 1735 quoddam
3058 1666 3417 1719 transforma-

1758 1738 1800 1794 Β
1826 1749 1936 1804 bat.
1970 1750 2173 1819 Lingua
2202 1754 2319 1807 sine
2358 1752 2536 1808 ofﬁcio
2557 1764 2694 1819 erat,
2729 1755 2810 1808 vel
2837 1755 2880 1810 si
2910 1756 3036 1822 quid
3070 1754 3417 1810 balbutiendo

1828 1840 2139 1906 dilatrabat,
2166 1841 2338 1898 aliena
2382 1845 2452 1900 ab
2488 1845 2805 1911 intellectu,
2835 1860 2898 1899 ac
2926 1846 3044 1900 sine
3083 1860 3246 1900 sensu
3294 1861 3418 1915 por-

1828 1932 2077 1987 sonahat.
2112 1931 2351 2005 Longum
2398 1944 2484 1989 est
2510 1950 2817 1990 memorare
2844 1950 2940 2005 per
2981 1934 3222 2005 singulas
3250 1937 3418 1990 mise-

1828 2024 1958 2088 rias,
1974 2034 2028 2079 et
2048 2040 2187 2094 quas
2214 2034 2323 2080 tam
2344 2026 2461 2081 dira
2482 2027 2662 2095 passio
2683 2027 2820 2082 solet
2844 2027 3082 2081 excitare
3110 2026 3412 2081 molestias.

1826 2111 1961 2167 Nam
1993 2114 2110 2168 dies
2138 2115 2258 2170 sine
2294 2115 2497 2185 quiete,
2532 2126 2718 2171 noctes
2752 2117 3047 2181 insomnes,
3077 2115 3205 2170 dum
3251 2132 3278 2169 a
3306 2114 3420 2170 fra-

1829 2202 1999 2257 tribus
2048 2203 2422 2267 continnatas;
2481 2220 2547 2260 ac
2597 2203 2798 2271 majora
2851 2206 3033 2259 recolo
3091 2206 3403 2273 specialius,

1827 2301 2052 2340 narrare
2081 2287 2284 2341 minora
2309 2297 2589 2356 praetereo.
2619 2288 2721 2342 Sed
2750 2303 2912 2343 unu'n
2944 2288 3077 2342 satis
3110 2290 3416 2343 mirandum

1823 2389 1966 2447 pono
1993 2378 2135 2447 quod
2156 2388 2365 2447 partem
2388 2381 2565 2434 vivam
2584 2379 2826 2448 corporis
2848 2395 3009 2449 quam
3036 2391 3417 2449 przcmortuam

1828 2469 2080 2525 trahebat
2113 2488 2125 2523 :
2162 2480 2310 2524 tanta
2341 2471 2608 2539 passionis
2643 2470 2954 2540 adiumento
2999 2471 3191 2526 collata
3245 2473 3416 2527 virtus

1824 2560 2118 2616 roborabat
2143 2571 2203 2616 ut
2232 2579 2338 2616 non
2365 2563 2540 2618 solum
2570 2579 2676 2617 non
2710 2562 2987 2626 deﬁceret.
3018 2564 3110 2618 sed
3134 2565 3276 2633 quod
3300 2564 3418 2620 lan-

1825 2653 2114 2722 guentibus
2157 2654 2405 2710 accidere
2446 2670 2552 2709 non
2582 2654 2739 2719 solet,
2780 2655 2990 2710 duobus
3011 2665 3105 2709 aut
3131 2654 3299 2709 tribus
3325 2670 3415 2710 re-

1829 2744 2126 2800 tinentibus
2166 2744 2456 2815 al‘quando
2482 2746 2750 2800 valentior
2787 2746 3092 2801 obsisteret.
3149 2746 3250 2813 Qui
3306 2758 3415 2802 tam

1826 2834 2214 2889 indomitabilis
2239 2839 2389 2905 vigor
2413 2850 2512 2891 nec
2538 2847 2665 2891 ante
2696 2836 3004 2905 passionem
3032 2851 3271 2906 unquam
3321 2851 3417 2893 ex-

1826 2928 1986 2993 Stitit,
2015 2944 2112 2983 nec
2138 2929 2373 2983 sanitate
2402 2937 2616 2998 recepta
2646 2928 2873 2982 ulterius
2894 2928 2946 2982 in
2980 2944 3045 2982 eo
3078 2931 3356 2985 remansit.

1899 3018 2144 3090 Cumque
2170 3018 2284 3075 fere
2335 3034 2432 3088 per
2479 3019 2771 3074 triennium
2805 3019 3108 3087 hijusmodi
3155 3020 3417 3090 martyria

1829 3109 2018 3167 dilatio
2069 3113 2453 3179 protenderet,
2487 3126 2585 3167 nec
2605 3110 2721 3181 jam
2752 3126 2899 3179 spem
2944 3112 3293 3180 recuperandi
3333 3111 3417 3165 ul-

1825 3204 1934 3259 lam
1961 3206 2259 3261 inveterata
2314 3206 2486 3260 morbi
2517 3205 2729 3261 affectio
2754 3205 3111 3278 promitzeret,
3137 3206 3189 3259 in
3220 3221 3274 3259 re
3302 3224 3416 3259 mr-

1826 3303 1943 3348 rata
1981 3310 2195 3362 semper
2215 3280 2339 3349 cum
2364 3295 2467 3348 ﬁde
2498 3294 2897 3363 postulantibus
2915 3293 3095 3349 divina
3135 3296 3416 3349 miseratio

1826 3383 2016 3450 adfuit,
2048 3392 2111 3440 et
2132 3384 2491 3439 diuturnitate
2514 3383 2767 3439 afllictum
2799 3401 2828 3437 a
2864 3385 3207 3454 beneplarito
3235 3398 3415 3441 tamen

1824 3488 1924 3527 suo
1952 3489 2058 3527 non
2091 3472 2405 3529 derelictum
2445 3474 2614 3530 fuisse
2669 3475 3077 3529 demonstravit.
3129 3474 3258 3530 Natu
3288 3491 3413 3529 cum

1826 3564 1883 3619 S.
1918 3563 2122 3619 Nieolai
2154 3562 2331 3619 Patris
2358 3565 2530 3620 nostri
2562 3565 2969 3619 anniversarios
3014 3564 3210 3620 natalis
3251 3565 3416 3620 adve-

1824 3655 2015 3719 nisset,
2048 3671 2111 3710 ac
2155 3655 2490 3723 frequentior
2510 3657 2578 3709 oh
2601 3654 2717 3721 ejus
2743 3656 3059 3709 memoriam
3098 3658 3163 3710 ad
3196 3672 3292 3711 nos
3318 3672 3415 3726 po-

1824 3748 1981 3816 pulus
2006 3746 2330 3815 conflueret,
2358 3748 2497 3802 idem
2527 3747 2718 3812 frater,
2746 3746 2981 3816 quadam
3027 3748 3079 3801 in
3115 3762 3173 3802 se
3216 3748 3413 3803 mentis

1824 3838 2106 3893 alacritate
2155 3839 2297 3893 inter
2348 3840 2462 3908 ipsa
2518 3838 2727 3907 flagella
2780 3847 3006 3902 tractus,
3052 3840 3413 3894 commonitus

1823 3933 1978 4003 petiit
1999 3942 2266 4001 quatenus
2292 3932 2565 3986 communi
2591 3932 2807 3997 ltetitiae,
2849 3948 3011 4001 quam
3034 3932 3411 3986 celebrandam

1823 4030 2077 4083 noverat,
2112 4036 2235 4075 cum
2261 4023 2471 4078 czrteris
2503 4021 2768 4076 fratribus
2805 4022 3112 4075 interesset.
3144 4022 3413 4076 Deductus

1822 4124 2005 4170 autem
2037 4116 2104 4169 ad
2137 4115 2353 4184 vigilias
2374 4119 2569 4181 noctis,
2594 4114 2827 4168 oflieium
2858 4113 3107 4170 lectionis
3138 4120 3281 4183 quod
3308 4115 3411 4169 sibi

1822 4208 1986 4263 licere
2014 4207 2396 4277 postulaverat,
2427 4207 2651 4261 devotus
2688 4205 2957 4275 explevit;
3016 4206 3113 4259 sed
3145 4205 3412 4261 invaletu-

1821 4297 2000 4353 dinem
2017 4311 2121 4351 non
2145 4296 2345 4359 ferens,
2371 4305 2497 4350 ante
2518 4295 2675 4359 alios,
2695 4296 2861 4350 finitis
2892 4294 3241 4359 laudibus,ad
3270 4304 3412 4350 stra-

140 4396 482 4466 aliquatenus
518 4396 722 4451 lateat?
756 4396 885 4477 quid
912 4394 1074 4449 divini
1125 4394 1345 4449 luminis
1383 4410 1612 4450 acumen
1638 4395 1716 4450 ef—
1744 4430 1793 4487 D
1824 4398 1935 4445 tum
1968 4389 2147 4445 rediit.
2179 4388 2281 4443 Vix
2311 4388 2437 4442 dum
2470 4387 2788 4442 tenuissimo
2820 4402 3015 4457 sopore
3041 4386 3288 4450 solvitur,
3328 4396 3406 4451 ut,

143 4485 344 4556 fugiat?
382 4484 533 4540 Nulla
560 4469 858 4550 transeunt,
886 4485 1030 4539 nulla
1052 4486 1371 4547 succedunt,
1400 4485 1581 4539 omnia
1636 4487 1713 4538 vi-
1744 4469 1791 4487 ν
1817 4481 2274 4553 quemadmodum
2315 4479 2432 4537 ﬁeri
2468 4480 2629 4545 solet,
2660 4478 2818 4533 facile
2848 4480 3122 4534 dormiens
3154 4480 3334 4547 potius
3356 4488 3411 4534 te

143 4580 255 4644 det,
278 4579 456 4632 omnia
487 4587 754 4649 penetrat,
790 4586 1064 4632 scrutatur
1109 4578 1313 4642 omnia,
1354 4574 1562 4645 judicat
1590 4592 1710 4631 om-
1812 4576 2041 4648 vigilare
2073 4575 2288 4638 credas,
2313 4588 2437 4627 cum
2473 4586 2604 4626 ecce
2633 4569 2811 4625 subita
2859 4570 2979 4626 luce
3008 4570 3185 4626 cubile
3219 4570 3274 4624 in
3298 4584 3411 4639 quo

143 4669 253 4732 nia,
278 4683 451 4739 neque
478 4684 614 4739 epus
669 4669 835 4724 habet
878 4677 939 4721 ut
975 4668 1075 4723 sibi
1124 4668 1248 4737 quis
1297 4667 1442 4722 dicat
1473 4670 1713 4724 testimo-
1808 4667 2026 4737 jar-ebat
2052 4680 2215 4721 omne
2240 4662 2599 4733 perfunditur,
2642 4661 2696 4716 in
2746 4676 2854 4729 qua
2911 4660 3224 4729 magnificos
3267 4660 3407 4717 duos

144 4760 289 4813 nium
314 4760 379 4815 de
404 4762 643 4824 homine,
674 4760 787 4828 ipse
808 4759 958 4813 novit
984 4760 1114 4833 quid
1143 4759 1215 4812 sit
1245 4759 1298 4813 in
1326 4760 1567 4825 homine,
1599 4761 1712 4831 ipse
1814 4759 1961 4814 viros
1990 4757 2058 4812 ad
2104 4770 2164 4811 sc
2190 4755 2379 4809 venire
2424 4754 2490 4809 de
2520 4751 2815 4822 improviso
2855 4752 3220 4822 conspicatur,
3273 4767 3416 4821 quos

142 4850 298 4905 etiam
329 4852 382 4906 in
412 4852 516 4906 hoc
540 4850 744 4905 famqu
780 4865 880 4903 suo
935 4848 1187 4904 invisibili
1234 4850 1442 4919 judicio
1498 4850 1707 4915 forsan,
1812 4845 2052 4903 ofﬁciosa
2083 4844 2373 4900 sedulitate
2403 4842 2588 4900 senior
2627 4840 2851 4911 quidam
2900 4839 3212 4912 pratcedens
3253 4841 3417 4910 quasi

142 4945 335 5001 Sciebat
364 4944 637 5001 occultum
665 4943 807 5014 quod
837 4941 1263 4997 misericorditer
1298 4942 1474 5011 puniri
1516 4943 1706 5007 voluit,
1813 4938 2167 5013 obsequentis
2194 4937 2369 4991 vicem
2407 4945 2534 4990 ante
2584 4940 2790 4989 tantam
2854 4934 3174 5006 dignitatem
3231 4947 3423 5001 gerere

514 5035 739 5060 2....Ιιιισκ
774 5044 860 5060 Α...
892 5035 939 5062 οἶ
976 5033 1195 5062 ηιιληιιῖη
1222 5042 1374 5062 ..Λασι-
1397 5036 1576 5064 “II-1:05:
1602 5050 1706 5064 n1\l\

1827 5033 2099 5066 υζ.ιιιιιι.ιιιιι
2169 5029 2271 5066 lnci
2338 5041 2517 5066 alliam
2556 5023 2854 5066 mimmltltn
2915 5022 3121 5066 δουρηιί
3179 5026 3428 5066 oravimus

164 5054 173 5057 μ
189 5050 212 5058 ιι
239 5043 455 5060 .-.ι-..ιῖ-Α
