4006 5282
644 218 665 272 Ι
677 217 781 276 539

1658 215 1956 272 ΕιιιιΑιιῡι
1995 213 2429 274 WATINENSIS
2465 215 2778 275 CANONICI

3764 227 3885 282 ιδιο

639 347 779 387 t-uus
808 302 1176 386 habitudinem
1220 328 1453 398 jacentis
1497 329 1818 399 eXploravit.
1863 328 2033 395 Quem
2085 344 2206 382 eum
2240 334 2283 387 Α
2311 329 2399 393 de,
2428 330 2662 399 inquam.
2687 340 2740 384 et
2768 330 3379 388 sanctumDonatianum
3394 333 3738 406 Brugensem
3761 338 3888 394 hunc

641 423 950 494 diligentius
986 421 1212 491 desuper
1255 422 1550 476 intuentem
1605 421 1925 485 intueretur,
1971 421 2206 490 priorem

636 521 796 580 atque
822 509 1062 564 ecclesite
1112 518 1311 564 nostra:
1343 508 1683 564 fundatorem
1731 509 1986 563 domuum
2020 508 2208 563 OJfri-

636 602 781 666 dum,
808 601 897 669 qui
929 611 1052 654 ante
1081 599 1355 654 biennium
1383 600 1490 654 vita
1521 600 1851 661 decesserat,
1880 605 2001 667 toga
2055 613 2212 668 regu-

636 690 732 744 lari
765 688 1131 759 Splendificum
1167 691 1307 743 hunc
1335 701 1456 744 esse
1484 687 2208 758 recognovit.Gratulatioue

635 781 814 835 statim
839 780 1120 842 attollitur,
1149 779 1343 850 gaudio
1365 779 1607 835 interiori
1637 777 1905 831 relevatur
1929 793 1944 832 :
1967 778 2210 848 inopina-

635 877 748 922 tum
789 869 931 923 enim
962 869 1189 923 reditum
1221 868 1310 922 diu
1333 868 1512 922 amissi
1545 867 1722 922 Patris
1747 867 2108 932 exosculatur,
2156 876 2211 922 et

633 972 742 1026 quo
772 957 935 1012 valuit
967 968 1097 1012 nutu
1142 957 1392 1012 cmlicum
1423 957 1570 1010 illum
1613 964 1934 1010 conventum
1964 970 2029 1010 ac
2057 969 2209 1010 reve-

634 1049 809 1100 rentia
862 1056 1169 1101 veneratur.
1226 1045 1475 1116 Nunquid
1524 1059 1690 1114 ergo,
1747 1043 1929 1109 Pater,
1987 1045 2062 1098 tui
2101 1059 2205 1098 non

635 1139 784 1193 vides
811 1137 1059 1193 affectum
1109 1139 1239 1192 lilii?
1289 1137 1527 1207 nunquid
1557 1152 1682 1206 erga
1735 1147 1786 1190 te
1835 1136 2204 1191 habitudinem

634 1231 832 1285 mentis
881 1225 1028 1285 illius
1064 1231 1332 1285 attendis?
1383 1229 1439 1284 Si
1486 1229 1708 1292 valeret,
1750 1227 1864 1296 jam
1916 1231 2206 1282 adventum

635 1329 781 1375 tuum
810 1321 1218 1376 salutationibus
1249 1327 1670 1391 pmoe'cupasset
1690 1336 1705 1386 ;
1729 1319 1774 1374 si
1790 1318 2039 1373 debilitas
2059 1319 2205 1373 sine-

631 1421 733 1479 ret,
756 1412 1031 1482 0bsequiis
1059 1412 1193 1466 lictis
1216 1414 1508 1483 paruisset;
1537 1412 1581 1466 si
1619 1411 1857 1466 membra
1901 1409 2068 1465 libera
2100 1427 2148 1462 ιι‹
2171 1425 2204 1462 ιι

631 1503 1092 1572 rigerent,obvius
1121 1505 1280 1559 tentis
1307 1503 1542 1557 brachiis
1569 1503 1621 1556 in
1650 1500 1927 1570 amplexus
1947 1501 2201 1555 venisset.

630 1593 781 1649 Nunc
812 1603 1010 1660 autem,
1043 1596 1184 1664 quod
1234 1595 1424 1665 potuit,
1473 1593 1860 1663 gratulabunda
1897 1591 2203 1661 cognitione

2317 433 2438 473 esse
2486 435 2550 473 ac
2587 420 2660 473 ιιιί
2710 419 3043 475 visitatorem
3087 422 3298 478 venisse
3343 437 3688 494 cognoscas,
3740 428 3886 481 isto

2310 505 2705 562 Blandiniensis
2729 508 2961 563 ctenobii
3012 520 3450 567 conservatorem
3483 527 3553 568 ac
3585 517 3868 570 mansion:

2313 597 2452 652 rium
2483 599 2702 653 beatum
2735 597 3052 654 Cudvvalum
3079 603 3335 659 assistere
3365 620 3464 660 nec
3511 606 3706 660 minus
3733 609 3891 661 ambi-

2311 703 2403 757 gas
2437 705 2450 742 :
2479 703 2706 758 quorum
2741 690 2879 743 ultra
2913 691 3203 746 humanum
3245 695 3463 751 modum
3511 696 3583 749 ad
3637 713 3889 754 coruscos

2311 777 2491 833 vultus
2513 786 2567 833 et
2596 777 2790 832 infulas
2823 779 3150 849 episcopales
3196 782 3322 836 dum
3367 785 3678 840 studiosius
3725 789 3885 841 aciem

2309 868 2586 923 oculorum
2619 869 2868 934 intendit,
2893 869 3163 926 formaset
3185 887 3472 942 corporum
3503 875 3814 943 qualitates
3842 881 3884 932 in

2311 957 2626 1011 memoriam
2657 959 2758 1013 sibi
2803 959 3074 1028 depinxit,
3109 970 3167 1016 et
3211 963 3354 1017 velut
3403 965 3647 1032 alicujus
3708 969 3886 1021 vitales

2310 1047 2488 1103 adhuc
2518 1041 2791 1118 carpentis
2841 1065 2999 1106 auras
3053 1062 3250 1107 statum
3305 1063 3359 1108 et
3410 1057 3792 1126 proprietates
3832 1061 3887 1111 ita

2309 1138 2464 1192 nobis
2491 1140 2762 1208 exposuit.
2795 1140 2924 1195 Erat
2949 1152 3127 1198 autem
3158 1155 3376 1199 sanctus
3414 1146 3775 1204 Donatiauus
3801 1163 3889 1204 sta-

2309 1235 2427 1280 tura
2443 1229 2685 1297 aequalis,
2710 1244 2829 1298 qua:
2859 1247 2954 1286 nec
2978 1231 3364 1303 longitudinem
3394 1237 3565 1292 nimis
3585 1240 3891 1308 excederet,

2307 1323 2400 1370 aut
2427 1317 2508 1370 sui
2564 1314 3126 1389 parvitate‘personae
3170 1324 3484 1393 dignitatem
3529 1327 3887 1398 deprimeret.

2311 1404 2556 1476 Scapulis
2578 1408 2719 1472 latis,
2759 1420 2974 1480 pectore
3007 1412 3144 1466 virili
3168 1422 3224 1468 et
3254 1414 3645 1483 inextenuato,
3695 1423 3890 1475 cervice

2309 1503 2514 1561 torosa,
2543 1497 2680 1553 facie
2726 1501 2952 1554 rotunda
2983 1510 3038 1556 et
3064 1501 3241 1568 hilari,
3281 1506 3450 1562 oculis
3494 1510 3816 1578 grandibus
3850 1523 3889 1565 et

2306 1586 2550 1642 claritate
2574 1589 2920 1657 micantibus,
2937 1607 3068 1647 uaso
3089 1595 3312 1662 directo,
3329 1595 3486 1653 labiis
3503 1613 3742 1654 summo
3760 1612 3890 1655 tenus

630 1684 922 1754 dignanter
940 1687 1175 1738 occurrit
1205 1700 1217 1735 :
1251 1683 1559 1752 recognovit
1595 1681 1740 1737 enim
1789 1682 1933 1736 titius
1970 1690 2200 1748 patrem,
2234 1666 2280 1724 Β
2309 1677 2608 1744 expressis.
2639 1679 2802 1733 obesa
2833 1678 3033 1746 fronte.
3060 1682 3279 1753 auribus
3306 1687 3529 1754 patulis.
3582 1698 3647 1743 et
3676 1692 3891 1744 arrectis

605 1775 948 1844 'recognovit
1001 1773 1295 1843 discipulus
1329 1775 1674 1843 magistrum,
1727 1774 1978 1842 cognovit
2025 1783 2206 1842 pater-

633 1862 867 1918 familias
889 1863 1235 1932 mancipium,
1264 1863 1434 1918 fidelis
1462 1863 1637 1917 haeres
1669 1861 1958 1932 longinqua
1984 1863 2202 1930 regione

629 1951 696 2005 ad
725 1953 936 2022 propria
959 1954 1270 2010 redeuntem
1295 1953 1683 2007 dissimulando
1714 1968 1817 2006 non
1845 1953 2064 2018 avertit;
2098 1952 2204 2006 imo

604 2035 958 2111 superiorem
1007 2044 1245 2100 omnium
1259 2035 1643 2113 possessorem
1661 2058 1725 2097 ac
1751 2046 1982 2113 priorem
1999 2037 2200 2111 recog-

628 2132 797 2185 novit.
828 2131 963 2199 Quia
983 2147 1112 2202 ergo
1139 2133 1299 2188 Pater
1321 2135 1387 2188 ad
1437 2149 1560 2188 eum
1601 2132 1935 2187 ‘visitandum
1975 2133 2200 2196 venisti,

627 2221 902 2291 compella‘
939 2237 1098 2291 quem
1148 2223 1276 2278 olim
1329 2223 1426 2278 tibi
1475 2222 1826 2278 commissum
1886 2223 2198 2276 meministi.

626 2315 766 2380 Quid
784 2315 849 2370 de
878 2315 964 2368 illa
995 2315 1132 2371 felici
1162 2317 1492 2371 habitatione
1522 2317 1624 2369 tua
1649 2315 1908 2385 prodisti?
1938 2314 2200 2385 compella

621 2406 875 2476 juvenem
903 2420 1061 2475 quem
1090 2405 1158 2462 ab
1195 2407 1413 2461 ineunte
1461 2414 1620 2461 aetate
1671 2406 1772 2460 sub
1815 2415 1905 2458 tua
1957 2406 2198 2459 custodia

602 2495 900 2550 ‘cnutristi.
935 2495 1095 2563 Quia,
1123 2496 1368 2565 inquam,”
1415 2497 1595 2551 divina
1627 2487 1986 2566 providentia
2013 2495 2079 2549 ad
2110 2497 2202 2549 ha-

625 2581 925 2638 bitaculum
954 2593 1056 2639 tute
1085 2584 1415 2640 fundatiouis
1443 2585 1732 2655 repedasti,
1757 2584 2020 2654 compclla
2038 2595 2199 2654 quem

627 2687 800 2730 sacra:
829 2675 1121 2746 discipliute
1177 2677 1495 2732 rudimentis
1539 2668 1822 2748 diligenter
1878 2670 2198 2732 instructum

628 2765 913 2835 reliquisti.
946 2767 1166 2822 Certum
1197 2782 1428 2838 namque
1461 2783 1582 2824 esse
1611 2784 1709 2838 pro
1735 2782 1842 2838 quo
1869 2768 2062 2822 venisti
2085 2770 2190 2822 sci.

628 2871 769 2920 mus,
825 2869 1000 2911 ratum
1051 2874 1170 2912 esse
1228 2859 1294 2912 ad
1349 2859 1490 2929 quod
1546 2859 1728 2913 redisti
1765 2860 1986 2924 scimus,
2047 2861 2198 2914 firma

629 2946 881 3000 cautione
904 2949 1045 3016 apud
1072 2963 1294 3017 superos
1321 2949 1740 3018 constipulatum
1764 2964 1883 3003 esse
1912 2951 2054 3019 quod
2083 2967 2200 3004 ma-

627 3037 868 3091 cbinaris
888 3037 1107 3102 scimus,
1127 3048 1181 3093 et
1202 3038 1380 3092 forsan
1404 3055 1500 3108 pro
1523 3038 1865 3095 reformanda
1890 3041 2198 3111 integritate

605 3126 789 3196 hujus
813 3128 1011 3183 infirmi
1056 3130 1181 3196 quia
1232 3131 1425 3184 venisti
1473 3131 1694 3186 scimus.
1741 3133 1846 3187 Sed
1878 3133 2002 3202 quia
2036 3132 2198 3203 ligata

628 3217 792 3271 verba
821 3215 990 3271 frater
1024 3217 1204 3281 habet,
1255 3219 1385 3274 libet
1415 3220 1628 3274 interim
1667 3231 1861 3286 tecum,
1915 3237 1947 3276 o
1995 3223 2195 3288 senior,

627 3303 800 3360 vicem
827 3305 1282 3362 confabulationis
1331 3309 1600 3379 accipere,
1625 3309 1754 3364 libet
1775 3326 1964 3366 causas
2009 3312 2082 3365 ιιιί
2115 3329 2199 3366 re-

627 3395 772 3450 ditus
798 3404 849 3452 te
871 3407 1005 3452 teste
1032 3406 1284 3454 tractare.
1319 3399 1429 3455 Nec
1459 3403 1602 3455 enim
1627 3403 1730 3456 erit
1761 3401 1950 3457 etelica
1970 3401 2196 3458 offensio

601 3487 685 3540 -in
717 3487 820 3543 hac
847 3504 1016 3554 mora,
1041 3506 1161 3559 quae
1209 3506 1313 3546 non
1341 3501 1448 3546 tam
1477 3493 1580 3547 erit
1627 3509 1826 3562 nugax,
1873 3509 2034 3564 quam
2087 3495 2198 3549 fru-

628 3585 836 3632 ctuosa.
867 3577 1168 3644 Profectus,
1196 3580 1389 3650 inquit,
1421 3598 1449 3635 a
1479 3583 1581 3640 fide
1607 3583 1660 3638 iit
1712 3584 1890 3649 fidem,
1922 3584 2197 3653 profectus

629 3683 659 3718 a
687 3669 868 3736 specie
891 3669 943 3722 itt
971 3670 1226 3738 speciem,
1276 3672 1549 3740 profectus
1577 3689 1606 3727 a
1633 3675 2002 3742 speculatione
2031 3676 2083 3730 in
2121 3677 2198 3730 vi-

630 3758 860 3824 sionem,
885 3761 1026 3828 quod
1059 3761 1354 3831 perfectum
1383 3775 1466 3818 est
1503 3766 1697 3820 festina
1734 3766 1787 3820 itt
1819 3766 1907 3820 illo
1934 3767 2196 3836 supplere

629 3849 773 3919 quod
803 3863 870 3903 ex
899 3858 1051 3918 parte
1077 3861 1179 3906 est.
1221 3853 1486 3922 Appareat
1530 3855 1582 3909 in
1607 3871 1672 3910 eo
1703 3855 2048 3926 perfeCtionis
2069 3858 2197 3911 effe-

604 3977 606 3980 μ
630 3950 752 3994 ctus
780 3941 906 3994 dum
934 3952 1284 4012 recuperetur
1313 3945 1402 4013 qui
1431 3944 1659 4016 deperiit
1687 3947 2072 4003 incolumitatis
2103 3951 2197 4004 tle-

607 4031 824 4088 Ifectus.
859 4033 964 4087 Sed
991 4036 1113 4103 quia
1159 4043 1208 4089 te
1240 4036 1502 4089 medicum
1563 4053 1666 4091 non
1717 4039 2010 4108 proﬁteris,
2068 4043 2193 4109 quia

605 4123 876 4178 obeundo
902 4124 1126 4178 salutem
1154 4125 1308 4194 hujus
1337 4127 1641 4196 opitularis,
1665 4145 1784 4198 quae
1803 4131 1920 4185 ista:
1951 4141 2058 4197 tam
2083 4133 2196 4186 ido-

607 4232 745 4271 nea:
771 4232 1012 4286 persona:
1042 4220 1147 4273 sitit
1181 4220 1401 4273 enuntia
1429 4236 1564 4290 quas
1589 4223 1864 4284 conducis,
1891 4239 2008 4293 qua:
2040 4225 2089 4277 in
2117 4223 2198 4278 fu-

631 4323 783 4362 moso
813 4310 1023 4379 tugurio
1049 4312 1222 4365 noctis
1249 4311 1496 4368 tenebras
1521 4313 1723 4384 fugant,
1762 4313 1978 4369 schema
2009 4315 2195 4385 caligi-
2231 4341 2274 4394 ο

633 4414 821 4453 nosum
853 4402 969 4455 sine
998 4400 1291 4466 fulgoribus
1340 4403 1622 4471 illustrant,
1667 4407 1748 4460 'ne
1777 4405 1914 4461 forte
1941 4408 2197 4476 quemad-

607 4515 612 4529 ι
633 4489 849 4542 modum
873 4490 1008 4544 lucis
1038 4491 1285 4546 videntur
1308 4493 1718 4560 ministratores,
1734 4496 2197 4550 adveniautetiant

634 4577 791 4649 hujus
820 4581 1198 4651 aegritudinum
1227 4595 1524 4639 curatores.
1559 4586 1714 4650 lluic,
1753 4588 1994 4655 inquam,
2045 4588 2195 4655 operi

634 4673 700 4726 ad
727 4673 1319 4741 saltttetu’suspiranti,
1362 4692 1522 4744 quem
1553 4678 1687 4731 adeo
1741 4678 1991 4731 diuturna
2039 4693 2201 4731 Vexa-

635 4763 780 4817 tione
827 4763 1108 4835 fatigatum
1157 4767 1381 4830 novisti,
1437 4777 1492 4821 et
1539 4767 1850 4822 commenda
1901 4770 2199 4823 sanandum

633 4851 856 4907 cuilibet
880 4854 1130 4918 istorum,
1181 4871 1337 4922 quem
1374 4857 1530 4910 toties
1585 4858 1746 4911 veluti
1793 4859 1974 4912 nutrix
2031 4858 2198 4912 filium

612 4941 894 4995 -refovisti.
925 4943 1042 4997 Jam
1074 4958 1203 5012 ergo
1232 4945 1510 5000 sciscitare
1539 4947 1807 5015 quomodo
1829 4962 1886 5000 se
1911 4959 2053 5015 agat,
2078 4947 2201 5016 quia

634 5049 771 5088 nova
805 5048 980 5097 rerum
1005 5033 1142 5087 facie
1172 5036 1344 5105 magis
1367 5052 1526 5103 quam
1556 5052 1748 5104 sopore
1797 5038 2083 5105 depressus
2123 5037 2201 5089 lo-

631 5125 723 5195 qui
755 5122 1089 5177 reformidat.
1121 5125 1270 5179 Tuttc
1301 5128 1480 5180 senior
1511 5145 1525 5182 :
1555 5127 1714 5194 Nunt,
1757 5129 1948 5199 inquit,
1979 5129 2198 5191 dormis,

634 5218 747 5271 ﬁli?
773 5216 836 5270 Et
867 5213 986 5268 ille:
1023 5211 1293 5282 Nunquid,
1325 5215 1500 5282 Pater,
1531 5234 1686 5282 posse
1712 5234 1795 5273 nte
1821 5219 2054 5274 dormire
2080 5233 2198 5272 cre-

2308 1764 2454 1836 circa
2483 1777 2723 1837 tempora
2750 1783 2846 1837 per
2872 1769 3131 1824 ambitum
3161 1771 3356 1829 frontis
3380 1777 3636 1832 circinos
3687 1781 3892 1834 densio-

2318 1853 2466 1907 ribus
2486 1857 2635 1910 canis
2660 1871 2958 1926 respersus,
2994 1870 3140 1916 retro
3181 1875 3358 1920 autem
3381 1867 3720 1935 capillatum
3751 1870 3889 1938 plana

2306 1945 2612 2001 naturalem
2652 1948 2886 2004 colorem
2915 1952 3023 2004 vix‘
3051 1967 3171 2008 rara
3213 1956 3456 2012 albediue
3505 1959 3886 2015 interlucete.

2303 2031 2500 2088 Beatus
2541 2046 2718 2091 autent
2747 2037 3071 2096 Gudwaldus
3091 2042 3368 2099 altitudine
3388 2062 3622 2116 procera
3646 2052 3891 2104 omnisu-

2303 2126 2518 2195 perficie
2551 2128 2911 2206 membrorum
2943 2133 3259 2188 eminentior
3279 2133 3445 2189 forttta
3472 2136 3730 2208 elegans,
3749 2141 3888 2192 multi

2306 2218 2559 2285 temporis
2588 2233 2752 2273 senex
2777 2232 2829 2274 et
2849 2221 3028 2276 aetatis
3049 2233 3272 2277 matura:
3302 2224 3516 2279 nivibus
3545 2229 3887 2281 candidatos.

2377 2307 2470 2362 llis
2516 2310 2694 2376 dictis,
2745 2312 2812 2365 ad
2864 2313 3079 2366 beatum
3126 2313 3483 2369 Donatianum
3545 2332 3884 2371 conversus:

2302 2397 2405 2464 Eu,
2439 2399 2631 2468 inquit,
2667 2401 2748 2455 vir
2768 2411 2972 2468 sancte,
3002 2403 3142 2459 Deus
3163 2406 3406 2474 praecipit
3433 2417 3492 2461 ut
3529 2408 3685 2463 hunc
3729 2424 3886 2463 cano-

2303 2489 2482 2543 nicum
2504 2505 2686 2554 sanes,
2716 2493 2806 2560 qui
2834 2493 2995 2547 etiam
3028 2495 3080 2548 in
3113 2496 3213 2549 hac
3239 2497 3484 2564 proxima
3525 2497 3749 2554 Christi
3787 2499 3874 2554 Na

2303 2578 2511 2632 tivitate
2537 2578 2730 2651 Brugis
2760 2581 2826 2635 ad
2856 2590 2996 2636 tuam
3025 2583 3230 2637 curiam
3266 2585 3467 2650 veniet,
3491 2602 3561 2642 ac
3592 2603 3714 2642 suae
3739 2604 3881 2644 tmo-

2301 2683 2440 2722 surae
2467 2668 2612 2723 filum
2634 2681 2956 2741 argenteum
2979 2673 3113 2729 duos
3151 2675 3388 2744 auglicos
3409 2679 3740 2746 appendens
3797 2695 3876 2745 ιιι(

2300 2776 2524 2816 munere
2557 2763 2651 2818 tibi
2675 2763 2897 2830 deferet,
2923 2780 3030 2835 quo
3050 2768 3213 2822 etiam
3261 2768 3402 2822 dono
3451 2770 3698 2839 singulis
3736 2774 3879 2825 annis

2300 2856 2424 2910 dutn
2455 2857 2649 2911 vixerit
2673 2857 2912 2914 revoluto
2957 2860 3184 2914 termino
3220 2860 3457 2924 rediens,
3499 2863 3688 2918 altare
3739 2873 3879 2916 tuum

2298 2946 2606 3002 honorabit.
2634 2949 2729 3004 Cui
2755 2959 2974 3004 sanctus
2996 2951 3269 3021 respondit
3301 2969 3314 3004 :
3351 2952 3560 3008 Laudo.
3594 2953 3881 3024 Nunquid,

2304 3045 2491 3091 sancte
2519 3037 2630 3100 Dei,
2656 3039 2878 3093 verbum
2909 3054 3013 3094 non
3045 3040 3273 3108 amplius
3297 3042 3485 3095 addis?
3526 3043 3784 3099 medicus
3805 3046 3882 3098 de-

2300 3125 2546 3194 signaris,
2570 3135 2625 3180 et
2653 3128 2976 3196 promissum
3004 3127 3286 3183 medicinae
3314 3145 3421 3184 uno
3445 3132 3621 3187 verbo
3671 3135 3882 3187 condu-

2299 3218 2415 3271 dis?
2453 3233 2649 3272 munus
2687 3217 3018 3288 propositum
3040 3219 3216 3284 audis,
3245 3229 3298 3274 et
3323 3234 3417 3289 spe
3437 3223 3685 3292 augendi
3708 3239 3881 3276 mune-

2300 3308 2376 3361 ris
2427 3323 2530 3362 nou
2592 3307 2900 3373 altercaris;
2959 3309 3299 3364 securitatem
3356 3310 3556 3366 flendae
3632 3314 3880 3367 sanitatis

2301 3398 2526 3468 accipis,
2554 3408 2608 3453 et
2652 3399 2830 3455 oblata
2881 3399 2988 3454 duo
3037 3415 3258 3455 munera
3311 3416 3418 3455 non
3472 3404 3732 3472 spernis;
3787 3415 3880 3456 tam

2299 3487 2459 3560 longa
2490 3491 2574 3544 via
2601 3491 2771 3557 venis,
2801 3501 2854 3546 et
2881 3505 2978 3560 pro
3010 3490 3202 3548 itinere
3227 3493 3497 3547 mercedis
3524 3493 3671 3548 nihil
3712 3495 3877 3563 requi-

2299 3583 2394 3638 ris.
2429 3582 2542 3638 tv'on
2585 3582 2782 3648 Arabs,
2811 3599 2914 3637 non
2947 3583 3125 3647 ludus,
3159 3599 3263 3640 non
3291 3585 3444 3639 dives
3492 3585 3657 3653 virga
3685 3589 3883 3656 species

2297 3675 2465 3729 mittit
2501 3674 2686 3744 quales
2716 3685 2897 3745 portas
2925 3716 2939 3742 ,
2973 3685 3024 3730 et
3073 3691 3193 3745 qua:
3243 3677 3384 3732 dono
3444 3681 3767 3747 possedisti,
3805 3679 3884 3732 vili

2297 3763 2470 3832 pretio
2516 3778 2727 3833 pensas.
2781 3763 3018 3820 Diversis
3059 3773 3233 3820 tamen
3259 3767 3566 3835 quaestibus
3587 3768 3884 3824 colluctati-

2299 3864 2386 3907 tur
2436 3855 2670 3920 medici,
2719 3854 2946 3909 diversis
3011 3855 3546 3924 imposturationibus
3597 3858 3884 3928 acquirunt

2298 3944 2520 4009 medici,
2586 3944 2812 3999 diversis
2868 3945 3041 4000 modis
3085 3945 3289 4014 seipsos
3343 3948 3648 4001 extrudunt
3667 3948 3884 4005 medici.

2298 4031 2486 4088 multis
2541 4033 2930 4087 assertionibus
2979 4034 3317 4101 promittunt,
3349 4035 3541 4090 multis
3566 4038 3886 4106 promissio-

2303 4123 2698 4178 nibusfallunt:
2725 4134 2778 4178 tu
2807 4135 2984 4179 autem
3008 4125 3153 4178 omni
3183 4125 3540 4194 ambiguitate
3563 4132 3883 4199 postposita,

2299 4216 2643 4285 multiloquio
2674 4231 2778 4270 non
2814 4215 3004 4280 uteris,
3036 4215 3293 4269 aviditate
3315 4217 3475 4285 pretii
3512 4233 3623 4272 tton
3653 4221 3882 4288 caperis.

2301 4309 2393 4362 sed
2423 4308 2605 4372 laudo,
2633 4307 2871 4376 quinque
2893 4306 3090 4361 litteris
3113 4315 3168 4360 et
3187 4307 3398 4362 duabus
3437 4309 3671 4378 syllabis
3717 4319 3880 4366 tutum

2304 4401 2572 4454 hominem
2599 4414 2795 4453 sanare
2821 4397 3068 4454 confidis.
3111 4396 3269 4453 Dives
3313 4398 3520 4463 littera,
3555 4401 3715 4456 dives
3768 4417 3883 4456 seu-

2302 4507 2422 4556 sus,
2455 4493 2606 4545 dives
2635 4489 2935 4560 reSponsio.
2965 4488 3154 4558 Magna
3179 4489 3449 4543 medicina
3490 4490 3545 4543 in
3599 4506 3771 4559 parva
3811 4491 3879 4542 di-

2301 4584 2709 4651 ctione,magna
2738 4581 2882 4635 salus
2909 4581 2961 4634 in
2992 4581 3140 4635 brevi
3171 4581 3593 4650 conscriptione.
3626 4582 3878 4635 Donatia-

2301 4687 2406 4727 nus
2457 4673 2688 4737 vocaris,
2715 4688 2745 4725 a
2780 4672 3084 4735 donatione
3112 4686 3302 4726 nomen
3354 4673 3653 4736 accepisti;
3710 4673 3876 4732 dona,

2304 4763 2375 4817 uti
2409 4763 2662 4827 Domine,
2695 4763 3084 4824 convenienter
3113 4762 3355 4816 edissere
3378 4764 3510 4830 quid
3534 4764 3876 4833 respondisti,

2303 4853 2543 4920 imoipse
2572 4851 2837 4916 resolvas;
2869 4852 3028 4905 laudo
3059 4851 3201 4920 quod
3245 4850 3459 4906 dixisti.
3503 4853 3588 4906 An
3634 4869 3740 4907 non
3786 4855 3875 4914 ita;

2302 4952 2511 5007 sancte,
2537 4943 2696 4997 aisti?
2723 4959 2852 5011 ergo
2880 4943 3060 4997 senior
3091 4957 3121 4994 a
3153 4942 3261 4994 Deo
3289 4951 3341 4995 te
3379 4945 3610 4998 missum
3659 4945 3873 5005 asseris,

2302 5033 2556 5089 curialem
2585 5034 2724 5088 illius
2751 5041 2800 5088 te
2825 5033 3128 5102 profiteris?
3156 5031 3361 5085 Laudo.
3381 5032 3742 5089 \‘eredarium
3771 5051 3874 5089 cte~

2303 5121 2434 5178 leste
2482 5132 2535 5176 te
2587 5123 2790 5186 fateris,
2849 5123 2994 5176 inter
3045 5135 3251 5175 summa
3319 5131 3377 5176 et
3431 5123 3541 5175 itna
3596 5125 3872 5178 discurris.

2301 5215 2510 5270 Laudo.
2536 5214 2798 5270 Medicum
2841 5213 2957 5267 ﬁeri
2986 5229 3070 5268 me
3117 5213 3390 5282 praecipis,
3433 5214 3598 5282 hujus
3637 5214 3874 5270 curatio-
