4006 5282
233 236 371 294 l3“

1313 231 1706 292 CIIRONICON
1749 228 2186 287 WATINENSE.

3371 231 3510 288 15H

225 371 386 425 ergo,
415 364 598 410 sancte
621 353 736 417 Dei,
761 361 818 406 ιιι
843 367 1062 406 manum
1095 352 1148 406 in
1181 361 1270 404 tua
1309 351 1419 418 jam
1460 348 1708 420 recipias,
1757 356 1808 402 et
1839 355 1884 410 Α
1913 355 2084 400 torem
2117 343 2326 398 felicem
2359 359 2462 400 non
2491 345 2614 402 licet
2644 343 2992 408 arbitremur,
3023 343 3238 412 fratres,
3273 347 3496 400 oraculo

225 455 507 510 sanatum,
541 455 824 516 postquam
877 441 945 496 ad
983 453 1034 496 te
1081 441 1324 506 venerit,
1375 441 1442 494 ad
1486 455 1586 494 sua
1631 439 1816 494 remit-

225 547 336 594 tas.
369 538 562 592 Restat
612 549 670 592 ut
727 537 940 590 vivifica
989 551 1152 589 manu
1201 544 1542 606 contractum
1601 543 1813 602 tangas,

225 641 288 686 et
333 631 400 684 ad
447 630 772 700 portandum
829 629 910 682 sui
967 636 1302 698 portatorem
1349 626 1536 692 facias.
1589 624 1814 692 Suscipe

223 740 360 796 ergo
422 726 648 795 grabato
711 723 1122 780 decutnbentem
1151 762 1166 786 ,
1234 730 1290 776 et
1367 721 1582 790 resigna
1657 718 1815 772 nobis

225 835 337 874 non
363 829 420 872 ut
443 819 580 873 solet
604 817 986 872 miserabiliter
1019 817 1400 884 tripodantem.
1425 815 1490 869 Et
1509 813 1813 885 apprehen-

223 924 344 964 sum
361 909 594 978 jacentis
625 924 842 964 manum
867 907 1170 964 morbidum
1197 910 1380 962 senior
1409 907 1614 976 dextra;
1636 905 1810 962 sancti

225 1001 484 1064 inseruit,
532 1016 766 1069 euntque
810 1000 910 1056 sub
961 1001 1266 1070 hujusmodi
1315 1000 1496 1056 verbis
1553 997 1814 1054 attentius

223 1093 650 1148 commendavit.
681 1093 902 1162 Accipe,
955 1093 1152 1164 inquit,
1183 1107 1216 1146 ο
1269 1103 1456 1148 sancte
1503 1093 1618 1156 Dei,
1667 1093 1812 1149 hunc

223 1185 550 1240 canonicum
579 1201 676 1253 pro
715 1185 806 1240 illo
835 1201 942 1242 uno
969 1186 1036 1240 de
1065 1185 1188 1248 tuis,
1223 1199 1382 1254 quem
1431 1185 1526 1238 tibi
1567 1185 1810 1251 nomine,

222 1277 318 1344 qui
357 1275 460 1330 nisi
490 1276 752 1331 velociter
776 1277 938 1331 vitam
967 1277 1287 1340 correxerit,
1319 1275 1428 1348 jam
1461 1277 1514 1330 itt
1553 1275 1642 1330 Dei
1670 1293 1813 1346 pra:-

222 1365 400 1420 sentia
452 1366 818 1420 damnandum
845 1367 1100 1437 praedico.
1129 1367 1174 1423 0
1221 1367 1450 1422 altitudo
1495 1367 1808 1422 divitiarum

221 1457 614 1514 misericordia
637 1457 762 1514 Dei!
807 1460 1000 1530 dignus
1049 1470 1224 1515 morte
1281 1475 1386 1516 non
1425 1463 1678 1525 moritur,
1711 1477 1811 1528 pu-

221 1549 474 1608 niendus.
503 1550 732 1619 puttitati
767 1551 1138 1618 subtrahitur;
1163 1563 1417 1622 peccator
1447 1571 1552 1610 non
1578 1555 1806 1624 judicio,

219 1640 318 1694 sed
371 1648 578 1694 terrore
615 1641 905 1707 multatur;
952 1657 1208 1712 premens
1255 1645 1628 1700 misericordia
1663 1646 1807 1714 judi-

220 1733 366 1786 cium
397 1741 724 1798 remoratur,
749 1733 1004 1802 panditur
1035 1735 1121 1790 via
1153 1737 1428 1806 peccatori
1459 1745 1518 1792 ut
1551 1753 1580 1792 a
1621 1739 1806 1808 pravis
1841 1707 1880 1766 Β

217 1823 432 1878 aetihus
477 1833 846 1888 convertatur,
887 1825 1076 1879 dilatio
1110 1827 1405 1896 paenitendi
1443 1827 1802 1896 promittitur,

219 1921 278 1966 et
309 1913 356 1967 ei
385 1913 704 1982 preponitur
729 1915 820 1984 qui
850 1931 954 1969 non
977 1919 1239 1982 meretur,
1271 1932 1422 1986 spem
1445 1919 1806 1987 recuperandi

217 2005 484 2074 patientia
515 2007 750 2069 nitotiat,
781 2017 837 2064 et
865 2001 940 2062 illi
971 2007 1199 2064 offertur
1234 2011 1324 2079 qui
1355 2026 1460 2065 non
1496 2022 1802 2082 exspectat.

221 2096 370 2151 licus
397 2113 464 2150 ex
495 2097 718 2152 nomine
745 2097 798 2152 in
821 2109 1130 2154 sanctorum
1155 2103 1536 2160 conventiculo
1575 2107 1802 2162 denota-

223 2195 328 2252 tur,
381 2201 541 2256 quem
591 2188 764 2244 fidelis
813 2191 1030 2246 auditor
1077 2192 1357 2261 publicare
1407 2193 1684 2262 formidat,
1735 2213 1802 2253 ne

219 2283 504 2337 malorum
530 2285 792 2340 concione
819 2286 1203 2342 confundatur.
1252 2289 1426 2356 Quam
1469 2305 1602 2359 pura
1653 2307 1803 2347 reve-

219 2375 351 2430 latio
379 2376 496 2430 siue
545 2379 820 2434 convicio’!
855 2395 1018 2449 quam
1063 2381 1358 2436 aﬂ'ectuosa
1399 2381 1637 2438 visitatio
1684 2385 1802 2440 sine

221 2467 543 2536 opprobrio!
599 2485 762 2538 quam
809 2471 1329 2528 dulcisadtnonitio
1374 2474 1494 2528 sine
1539 2475 1798 2546 imperio!

217 2569 370 2610 reum
426 2560 779 2614 comminatio
828 2561 1080 2632 castigat,
1115 2578 1220 2616 non
1273 2557 1454 2632 pinna.
1505 2565 1804 2622 Conversio

218 2644 537 2713 proponitur
572 2645 624 2700 in
659 2645 1006 2711 vindicta,.et
1033 2647 1136 2702 nisi
1153 2648 1522 2708 conditionem
1549 2649 1803 2706 dissimu-

219 2734 412 2788 laverit
458 2736 784 2807 corrigendi,
831 2753 958 2792 vera
1002 2739 1272 2795 certitudo
1312 2739 1538 2795 docetur
1584 2751 1801 2798 senten-

221 2825 348 2878 tiam
375 2827 658 2880 evadendi.
691 2826 830 2894 Quin
859 2829 1022 2883 etiam
1052 2836 1106 2884 et
1137 2829 1300 2884 fidum
1323 2837 1509 2900 pectus
1539 2831 1802 2886 auditoris

217 2915 656 2992 audilum‘celat,
689 2934 756 2972 ne
789 2919 956 2974 divini
983 2921 1178 2976 secreti
1214 2921 1458 2990 proditor
1475 2921 1802 2990 iudicandus

225 3005 446 3060 cxistat.
485 3006 726 3077 Simplex
755 3009 1352 3068 affectioconscientia:
1384 3015 1615 3084 trepidat
1639 3017 1802 3070 denu-

219 3098 348 3152 dare
367 3097 572 3152 crimen
604 3100 796 3168 culpae.
827 3099 932 3154 Sed
959 3103 1220 3171 nunquid,
1255 3102 1442 3169 frater,
1471 3104 1544 3158 ita
1585 3105 1798 3160 sincere

213 3189 514 3244 discernis?
543 3193 783 3262 nunquid
837 3195 1180 3248 conscientia:
1228 3196 1432 3250 bonum
1471 3197 1700 3261 amittis,
1749 3198 1796 3251 si

213 3281 358 3334 hunc
373 3282 464 3350 qui
494 3283 668 3350 perire
693 3282 986 3346 desiderat,
1015 3278 1044 3337 ti
1071 3283 1264 3353 laqueo
1285 3284 1612 3352 proditionis
1635 3299 1794 3340 aver-

215 3376 318 3428 tis?
347 3386 440 3430 aut
469 3375 512 3429 si
543 3375 742 3428 nemini
773 3375 897 3428 licet
927 3375 1068 3444 loqui
1096 3389 1354 3430 arcanum
1385 3375 1530 3445 quod
1573 3375 1794 3443 novisti,

211 3463 297 3519 vel
319 3463 392 3518 illi
419 3475 564 3519 certe
594 3463 714 3518 licet
753 3465 818 3519 de
849 3479 958 3534 quo
986 3465 1260 3519 audivisti.
1296 3463 1404 3519 Nec
1435 3464 1577 3519 enim
1611 3466 1797 3519 beato-

213 3569 334 3608 rum
363 3555 650 3624 spirituum
679 3555 813 3610 iides
859 3558 1130 3626 arguitur,
1169 3556 1222 3610 in
1245 3569 1354 3624 quo
1379 3557 1656 3624 prophetae
1685 3557 1794 3626 spi-

211 3647 350 3702 ritus
373 3648 778 3716 comprobatur.
816 3648 910 3702 Ait
934 3648 1119 3702 enim:
1163 3647 1223 3704 Si
1263 3665 1365 3702 non
1401 3649 1794 3704 annuntiarerit

210 3737 390 3808 iniquo
422 3737 744 3808 iniquitatem
780 3755 954 3804 suam,
997 3741 1302 3810 sanguinem
1337 3740 1504 3808 ipsius
1543 3741 1608 3794 de
1635 3757 1796 3794 manu

211 3842 304 3884 tua
339 3832 616 3900 rrquiram.
649 3831 712 3884 Et
751 3842 958 3885 eertum
1011 3831 1404 3902 obiurgationis
1446 3833 1660 3888 modum
1703 3832 1795 3888 dat

213 3924 581 3993 Evangeliutn,
605 3923 696 3977 ubi
735 3932 1048 3992 peccantem
1077 3923 1352 3992 corripere
1381 3923 1796 3993 praecipit'inter

211 4025 266 4070 te
293 4027 349 4070 et
371 4016 543 4084 ipsum
573 4015 766 4070 solum.
804 4015 868 4070 Et
905 4015 1195 4085 Apostolus
1227 4033 1239 4068 :
1271 4013 1490 4080 Pcribit,
1517 4016 1710 4084 inquit,
1739 4017 1792 4068 in

207 4119 302 4162 tua
333 4108 654 4161 conscientia
696 4106 862 4174 frater
890 4123 986 4176 pro
1013 4125 1115 4177 quo
1154 4107 1393 4161 Christus
1422 4117 1659 4161 "iuratus
1693 4119 1789 4161 est.

207 4196 368 4252 Certe
397 4197 688 4252 crudelitas
733 4211 841 4252 non
883 4205 986 4261 est,
1043 4197 1087 4251 si
1134 4197 1306 4252 solum
1344 4196 1442 4250 soli
1491 4198 1791 4260 confiteris,

209 4287 319 4343 imo
347 4289 513 4358 magis
541 4289 802 4343 innocens
833 4303 938 4342 non
971 4289 1101 4349 eris,
1134 4289 1178 4343 si
1212 4287 1436 4342 fratrem
1481 4303 1640 4358 quem
1673 4305 1795 4343 cor-

209 4379 456 4447 ripiendo
483 4379 680 4434 lucrari
719 4379 943 4450 poteris,
995 4381 1224 4434 tacendo
1273 4381 1452 4448 perire
1501 4379 1789 4449 permittis.
1829 4405 1869 4458 ι)

209 4471 475 4525 (laterum
519 4473 715 4542 replica
758 4483 1154 4540 consequenter
1197 4487 1318 4541 quae
1365 4471 1460 4526 tibi
1517 4471 1662 4525 dicta
1711 4479 1793 4524 est

211 4561 595 4626 conditionem,
647 4573 701 4615 ct
731 4563 918 4631 utique
964 4561 1206 4616 invenies
1235 4561 1630 4616 emendationis
1671 4561 1794 4616 vitae

207 4652 715 4717 commonitionem;
759 4651 997 4721 alioquin
1031 4667 1342 4707 eversorem
1379 4651 1622 4704 mandati
1665 4651 1796 4718 teip-

208 4759 326 4797 sum
357 4745 664 4808 constituis,
711 4747 754 4798 si
797 4741 998 4798 ferrum
1043 4761 1148 4813 quo
1179 4745 1454 4814 putridum
1489 4745 1682 4798 vulnus
1707 4759 1795 4798 se-

209 4833 319 4888 cari
371 4843 568 4904 potest,
605 4836 971 4890 subtrahettdn
1025 4835 1332 4890 abscondis.
1385 4834 1605 4890 Festina
1660 4850 1793 4904 ergo

209 4923 405 4978 lucrari
433 4926 671 4977 animam
702 4924 910 4988 fratris,
939 4927 980 4979 si
1010 4927 1250 4981 converti
1276 4925 1490 4990 feceris,
1527 4937 1792 5004 pro'certo

209 5025 334 5064 reus
376 5023 484 5063 non
514 5011 638 5075 erit,
679 5011 803 5078 quia
845 5012 1105 5081 scriptum
1144 5019 1267 5064 est:
1305 5011 1455 5065 Muta
1493 5015 1789 5084 imperium,

207 5113 250 5152 et
275 5117 375 5154 non
406 5102 523 5154 erit.
543 5099 738 5154 Frater
764 5111 946 5156 autem
977 5105 1043 5158 ad
1075 5103 1264 5156 horam
1303 5103 1448 5157 hunc
1493 5109 1661 5160 taceri
1693 5120 1792 5160 vo-

209 5191 326 5252 luit,
358 5191 484 5260 quia
541 5190 605 5243 de
659 5192 838 5260 seipse
876 5192 1002 5258 quid
1043 5191 1393 5248 revelationis
1424 5198 1794 5268 compleretur

1920 436 2102 490 divino
2151 438 2529 506 prmtnonitum
2599 437 2812 494 felicem
2872 447 3328 510 transgressoretn
3389 447 3500 494 tam

1903 527 2126 594 idoneis
2175 529 2406 584 testibus
2432 529 2889 595 convincendum,
2917 531 3018 600 qui
3051 539 3178 585 ante
3225 531 3393 585 Deum
3443 531 3495 586 in

1918 632 2078 672 causa
2115 619 2343 688 positus,
2377 629 2585 676 reatum
2621 631 2744 690 post
2775 617 3195 676 admonitionem
3227 619 3502 676 occultare

1920 708 2148 774 timebit,
2200 725 2359 779 quem
2411 712 2672 766 hactenus
2719 711 2786 764 de
2837 726 2897 765 se
2941 709 3190 764 confiteri
3240 709 3324 764 \el
3378 725 3506 764 eru-

1916 800 2034 854 huit
2089 800 2174 856 vel
2212 802 2574 872 contempsit?
2617 800 2850 857 Felicem
2893 801 3079 871 plane,
3141 817 3241 854 nec
3273 799 3504 854 inliciari

1917 895 2137 965 pulerit,
2193 896 2320 964 quin
2355 877 2521 950 etiam
2569 894 2743 966 ipsum
2794 894 2986 948 simils
3023 893 3345 963 negligentia
3375 907 3499 945 cum

1915 989 2082 1043 David
2113 998 2302 1044 sancto
2353 989 2611 1060 ptopheta
2657 987 2948 1058 componit.
2991 985 3082 1041 llle
3117 1000 3346 1055 Itan.th
3386 985 3501 1038 Deo

1914 1078 2230 1134 satisfacere
2254 1081 2319 1136 de
2344 1095 2564 1154 pet-vasa
2601 1080 2742 1134 Uria:
2772 1095 2940 1136 uxme
2981 1079 3168 1142 voluit,
3207 1080 3306 1134 isze
3331 1093 3498 1149 spon-e

1903 1187 2032 1240 sam
2060 1173 2264 1228 Christi
2309 1188 2472 1242 quam
2517 1173 2570 1227 itt
2599 1171 2938 1248 sepfmdavlt,
2969 1172 3308 1226 confessione
3338 1187 3499 1226 mun-

1913 1265 2042 1320 dare
2077 1265 2398 1335 contempsit
2439 1284 2451 1318 ε
2508 1264 2598 1320 ille
2645 1266 2996 1320 commissura
3049 1263 3306 1340 flagitium
3352 1263 3501 1334 justo

1911 1355 2128 1412 silentio
2158 1357 2372 1411 cautius
2397 1357 2650 1412 occulere
2679 1356 2912 1424 curavit,
2943 1357 3042 1410 iste
3073 1371 3140 1412 ne
3165 1355 3354 1410 animzc
3383 1355 3500 1409 vul-

1913 1457 2375 1525 nusapparcret,
2421 1447 2766 1525 conscientiae
2801 1448 3038 1506 tenebris
3079 1447 3394 1510 ol,volutus,
3445 1447 3498 1500 in

1911 1539 2086 1594 lucem
2110 1523 2302 1596 venire
2319 1540 2533 1604 vitavit;
2569 1523 2658 1596 ille
2685 1538 2988 1610 innocentis
3012 1539 3358 1616 homicidium
3382 1539 3496 1594 cal-

1913 1633 2021 1688 lida
2053 1632 2456 1688 machinatione
2478 1635 2796 1704 composuit,
2833 1634 2934 1690 iste
2976 1633 3296 1716 inilcsincnti
3339 1635 3496 1704 p'a,_a

1909 1727 2145 1796 seipsum
2173 1735 2362 1796 petens
2402 1727 2688 1800 conamine
2731 1741 2837 1795 quo
2871 1725 3040 1788 valuit
3069 1726 3310 1795 quotidie
3356 1725 3498 1794 muri

1909 1818 2208 1887 disposuit;
2242 1817 2330 1873 ille
2355 1818 2422 1874 de
2443 1817 2789 1873 manifestato
2809 1816 3010 1872 scelere
3039 1801 3315 1888 prophetat
3341 1831 3500 1887 para-

1907 1909 2030 1964 bola
2081 1910 2444 1974 convincitur,
2493 1909 2594 1964 iste
2629 1919 2940 1964 sanctorum
2993 1910 3047 1982 in
3085 1922 3132 1962 a.
3159 1907 3361 1964 dieutia
3391 1907 3496 1964 nisi

1909 2000 2108 2056 reverti
2140 2000 2390 2065 voluerit,
2431 2001 2706 2056 auditione
2743 1999 2878 2054 mala
2909 1999 3248 2054 damnandus
3284 1991 3490 2054 addici-

1911 2099 2016 2144 tur.
2045 2089 2222 2145 Amho
2259 2105 2388 2160 ergo
2427 2100 2727 2160 patratores
2755 2090 2956 2154 illiciti;
2989 2091 3084 2146 sed
3123 2090 3210 2144 ille
3259 2089 3492 2146 convicti

1908 2182 2176 2246 criminis,
2201 2182 2302 2238 iste
2331 2183 2560 2247 occulti;
2601 2182 2761 2238 ambo
2796 2182 3168 2238 misericordia
3205 2182 3298 2236 Dei
3330 2182 3496 2254 indigi

1905 2285 1962 2328 et
1985 2273 2172 2344 gratia:
2192 2287 2331 2342 aqua
2359 2274 2694 2337 ceciderunt,
2731 2283 2954 2340 egentes
2987 2272 3348 2328 reconciliari.
3377 2271 3492 2327 Non

1905 2378 2036 2434 ergo
2065 2364 2236 2434 magis
2261 2363 2657 2419 abominandus
2680 2372 2930 2432 peccator
2952 2363 3214 2432 iste,quia
3233 2361 3495 2432 dignitate

1908 2452 2104 2517 minor,
2157 2453 2266 2508 imo
2303 2453 2688 2509 venerabiliter
2741 2454 2795 2508 in
2845 2453 3014 2508 forma
3073 2453 3285 2522 cuique.
3321 2452 3493 2521 magis

1907 2544 2336 2613 anteponendus,
2365 2544 2494 2613 quia
2531 2559 2654 2598 cum
2685 2543 2848 2613 regali
2879 2542 3160 2612 majestate
3193 2543 3274 2598 sui
3321 2541 3492 2598 voluit

1903 2647 2026 2689 esse
2065 2643 2358 2702 corrector.
2403 2633 2608 2688 Retulit
2637 2648 2874 2704 namque
2903 2633 3042 2688 idem
3073 2632 3244 2688 frater
3277 2632 3433 2702 nobis
3455 2647 3490 2686 a

1905 2739 1964 2780 se
1995 2733 2184 2794 postea
2209 2723 2600 2779 communitum
2631 2735 2758 2778 ante
2791 2731 3016 2780 mortem
3045 2711 3198 2778 suam
3233 2725 3491 2778 attentius

1905 2815 1973 2868 ad
2001 2813 2234 2870 lamenta
2255 2812 2422 2882 fuisse
2447 2829 2788 2870 conversum.
2925 2877 2928 2879 ἓ
3135 2871 3138 2874 .
3326 2873 3334 2882 ,

1979 2905 2184 2962 Interea
2227 2907 2448 2962 ctelicus
2476 2907 2564 2962 ille
2585 2917 2882 2962 conventus
2921 2907 3163 2972 solvitur,
3201 2917 3254 2962 et
3305 2907 3493 2964 relicto

1905 2999 1998 3069 qui
2037 3014 2160 3054 cum
2195 3013 2260 3054 eo
2285 3000 2770 3074 venerat‘seniore.
2808 3010 3030 3076 sanctus
3056 3009 3284 3071 uterque
3309 3002 3492 3055 diver-

1906 3091 2055 3143 titur.
2071 3087 2266 3143 Seuior
2285 3097 2464 3144 autem
2493 3089 2872 3146 sollicitudinis
2898 3091 3152 3146 instantia
3176 3092 3354 3146 adhuc
3379 3091 3485 3144 alia

1900 3183 2146 3252 qntedam
2179 3183 2478 3237 domestica
2504 3183 2864 3256 dispositurus
2902 3185 2958 3238 in
2986 3185 3104 3254 ipso
3127 3185 3330 3240 lumine
3359 3185 3490 3238 Sllit-

1899 3273 2058 3336 stitit,
2091 3282 2256 3344 atque
2295 3272 2619 3342 discipulum
2655 3274 2783 3344 quid
2821 3275 3074 3343 deinceps
3121 3285 3326 3346 ageret,
3357 3275 3487 3330 dili-

1899 3364 2044 3434 genti
2076 3363 2379 3419 eruditione
2425 3363 2656 3432 amplius
2695 3363 3024 3418 informavit.
3068 3362 3236 3430 \’ade,
3289 3366 3486 3436 iuqu't,

1899 3456 1995 3523 fili,
2025 3455 2094 3511 ad
2129 3457 2328 3511 fratres
2369 3463 2604 3520 nostros,
2653 3465 2709 3512 ct
2759 3456 3092 3510 camiarium
3141 3469 3330 3512 eorum
3360 3466 3488 3511 ante

1899 3549 2002 3606 hoc
2026 3550 2244 3620 aliquod
2270 3559 2484 3620 tempus
2513 3551 2674 3606 rebus
2715 3550 2968 3604 humanis
2997 3559 3306 3620 exemptum
3347 3551 3488 3606 into-

1897 3643 2198 3698 lerabiliter
2239 3644 2473 3698 cruciari
2521 3645 2733 3704 nuntia.
2765 3644 2858 3699 sed
2889 3657 3076 3698 eorum
3113 3645 3381 3714 precibus,
3435 3645 3482 3698 si

1897 3735 2229 3791 unanimiter
2257 3749 2356 3804 pro
2386 3735 2476 3791 ilio
2505 3737 2732 3806 egerint.
2765 3751 2796 3790 a
2844 3735 2954 3791 Deo
3007 3739 3060 3790 in
3101 3736 3248 3791 brevi
3291 3749 3488 3792 concc-

1897 3827 2130 3882 dendum
2169 3826 2399 3882 fideliter
2422 3827 2624 3882 indica.
2651 3827 2720 3882 Et
2763 3843 2851 3892 ne,
2883 3828 3115 3897 inquies,
3149 3826 3390 3882 difﬁlant
3416 3826 3486 3882 de

1895 3923 2078 3986 venia,
2111 3919 2236 3989 quia
2287 3935 2383 3988 per
2424 3935 2518 3976 eos
2545 3920 2842 3974 redimetur
2885 3935 2985 3990 pro
3030 3930 3180 3975 certe
3221 3935 3249 3974 a
3301 3933 3482 3990 pinna.

1895 4013 2080 4068 Addas
2117 4013 2281 4068 etiam
2333 4013 2440 4069 tuis
2487 4013 2882 4070 assertionibus
2932 4028 3000 4066 ne
3029 4013 3482 4078 {atniiversarintn

1895 4103 2136 4176 Gregorii
2169 4120 2318 4176 papae
2357 4106 2572 4174 septimi
2601 4107 2666 4160 de
2693 4114 2891 4160 caetero
2935 4103 3260 4174 negligentia
3309 4113 3482 4158 trans-

1895 4207 2044 4261 eant,
2104 4197 2198 4251 sed
2243 4196 2405 4251 annis
2447 4195 2677 4264 singulis
2703 4195 2902 4250 celebri
2949 4194 3207 4263 obsequio
3229 4193 3486 4248 solemni-

1897 4293 1978 4338 ter
2017 4284 2282 4347 ambiant,
2323 4284 2448 4352 quia
2486 4282 3047 4345 ecclesiamnostram
3075 4283 3230 4352 signo
3259 4291 3314 4335 ct
3349 4297 3484 4350 apo-

1895 4373 2086 4428 stolico
2113 4373 2334 4428 decreto
2365 4373 2622 4438 firmavit,
2653 4382 2709 4428 et
2741 4384 2886 4427 recte
2918 4373 3130 4428 vivendi
3161 4374 3304 4426 viam
3339 4373 3392 4426 in
3417 4387 3486 4426 ea

1896 4463 2052 4518 nobis
2073 4473 2297 4532 paterna
2327 4463 2616 4520 traditione
2645 4463 3021 4532 promulgavit.
3046 4463 3196 4528 Quod
3220 4463 3262 4517 si
3290 4463 3484 4518 devote

1897 4553 2169 4623 complere
2189 4553 2477 4616 voluerint,
2505 4569 2608 4609 non
2633 4553 2888 4609 frustrari
2914 4555 3350 4609 remuneratione
3367 4553 3487 4607 sine

1897 4645 2062 4699 dubio
2093 4644 2350 4709 affirmes,
2383 4646 2506 4715 quia
2533 4647 2616 4700 vir
2644 4653 2866 4700 sanctus
2887 4654 2970 4699 est
2994 4654 3050 4698 et
3070 4643 3250 4712 magni
3281 4643 3486 4709 meriti,

1897 4743 1952 4790 et
1977 4735 2028 4790 in
2063 4734 2232 4789 multa
2264 4737 2566 4804 gratiarum
2606 4737 2820 4791 actione
2851 4736 2996 4791 Deus
3035 4733 3296 4802 suscipiet.
3341 4733 3486 4802 quod

1893 4830 2095 4885 mando
2125 4844 2223 4897 pro
2249 4843 2314 4882 eo
2345 4829 2482 4884 fieri.
2518 4829 2594 4882 Ita
2631 4835 3007 4884 consummata
3035 4826 3246 4881 visione
3276 4833 3494 4880 sancto-

1897 4937 2017 4976 rum
2053 4920 2342 4974 comitatus
2387 4920 2613 4988 vestigia
2661 4920 2845 4974 senior
2897 4911 3114 4991 quoque
3151 4915 3408 4977 abcessit,
3439 4923 3496 4966 et.

1893 5011 2124 5067 fratrem
2173 5025 2284 5078 pra:
2327 5011 2576 5081 angustia
2604 5011 2860 5080 spiritus
2889 5014 3062 5068 multo
3117 5007 3315 5061 sudore
3359 5005 3504 5060 velut

1895 5121 2036 5178 aqua
2073 5101 2350 5172 perfusum
2395 5102 2707 5172 dereliquit.
2739 5101 2846 5156 Vix
2903 5107 3050 5161 enim
3107 5093 3246 5152 unus
3284 5094 3508 5153 visionis

1893 5185 2126 5266 propter.
2143 5192 2222 5246 sui
2251 5185 2622 5250 difficultatem
2651 5193 2940 5263 sustinuit,
2973 5193 3070 5254 sed
3093 5203 3200 5244 non
3233 5197 3342 5242 tam
3365 5182 3507 5255 quod
