4006 5282
580 293 718 348 13ίὸ

1611 287 1910 345 EBRARDI
1948 284 2382 342 WATINENSIS
2420 284 2735 344 CANONICI

3697 288 3825 340 {3H

575 405 721 476 quod
757 410 937 457 meme
970 400 1156 466 babes,
1187 398 1298 470 ipse
1323 369 1477 472 prout
1509 401 1652 454 vales
1675 414 1771 470 pro
1799 407 1848 452 te
1878 396 2154 467 loquaris;
2185 400 2230 458 Α
2261 393 2500 449 liberalis
2526 395 2744 465 quidam
2771 395 2836 450 de
2873 395 3131 451 fratribus
3171 395 3405 466 hospitio
3445 395 3713 465 suscepit,
3744 400 3827 449 sed

574 497 690 565 ipse
735 501 788 550 te
830 501 885 546 et
913 490 1039 561 quid
1080 489 1260 544 vidisti
1297 504 1572 558 exponas;
1619 488 1750 558 ipse,
1795 500 1952 541 nemo
2003 485 2144 540 enim

559 585 753 640 verius
779 589 952 653 potest
978 595 1139 650 quam
1166 587 1242 644 tu,
1267 578 1385 634 veni
1417 578 1467 632 in
1501 577 1753 640 medium,
1786 575 1938 645 prodi
1969 574 2020 629 in
2046 589 2146 643 pu-

573 675 791 729 blicum.
823 671 937 726 Non
967 685 1100 740 opus
1137 678 1220 724 est
1256 669 1457 735 multis,
1501 666 1746 723 benevoli
1789 673 1916 720 sunt
1941 664 2150 718 audito-

576 782 705 821 res:
739 764 934 820 fratres
981 761 1125 816 enim
1182 770 1328 824 sunt,
1379 759 1574 830 smpius
1627 756 1932 812 miserando
1978 755 2044 809 de
2096 763 2148 809 te

571 854 912 926 planxerunt,
936 850 1110 920 elogio
1136 850 1329 920 sacpius
1355 857 1457 902 tua:
1501 847 1830 902 infirmitatis
1857 845 2148 899 affectuose

572 941 836 1013 compassi
870 951 997 995 sunt
1029 938 1267 1002 vinculo,
1295 939 1492 993 habent
1531 945 1707 991 tecum
1750 935 1901 999 ﬂere,
1947 934 2147 989 habent

570 1041 749 1087 tecum
783 1031 1048 1102 gaudere,
1073 1044 1171 1098 pro
1209 1027 1405 1097 placito
1439 1025 1711 1081 silentium
1759 1024 2012 1088 iudicent,
2053 1037 2148 1077 au-

569 1122 686 1177 dire
713 1131 765 1176 te
794 1129 1032 1186 current,
1062 1122 1268 1175 discere
1288 1135 1317 1172 a
1346 1127 1398 1173 te
1422 1117 1824 1180 desiilerabunt,
1849 1114 2147 1182 intentique

568 1227 666 1268 ora
693 1212 970 1266 tenebunt.
1002 1211 1317 1279 ltnpedilatn
1353 1209 1587 1278 linguam
1619 1211 1810 1271 habes,
1835 1215 1908 1261 ’tte
1934 1211 2144 1268 timeas,

568 1304 670 1359 sub
715 1302 928 1372 dialogo
975 1301 1107 1354 nihil
1149 1315 1293 1368 ages,
1341 1297 1731 1368 quaestionibus
1786 1314 1890 1352 non
1943 1311 2147 1366 expun-

567 1393 728 1463 geris,
747 1393 976 1461 spatium
997 1389 1245 1459 loquendi
1270 1403 1391 1442 eum
1425 1388 1504 1442 eis
1534 1403 1638 1441 non
1664 1385 2018 1456 perntntabis,
2053 1400 2146 1440 so-

567 1483 676 1539 lam
711 1483 911 1538 habeas
961 1495 1148 1536 vocem
1179 1478 1455 1543 narrandi,
1507 1494 1612 1533 non
1643 1475 2021 1547 respondendi.
2057 1474 2144 1530 ln-

567 1575 835 1644 gredere,
887 1571 1105 1641 inquam
1137 1611 1153 1637 ,
1211 1584 1516 1624 sermonem
1565 1569 1751 1632 edoce,
1808 1567 2144 1621 miseriarum

568 1673 783 1718 tuarum
824 1660 986 1716 finem
1012 1661 1198 1724 edoce,
1225 1659 1498 1728 sospitatis
1530 1655 1954 1724 rediutegrandae
1985 1655 2143 1708 tidem

505 1815 508 1818 ,
566 1751 798 1816 denuda,
826 1751 968 1821 quod
999 1751 1179 1805 vidisti
1201 1749 1468 1805 somnium
1499 1762 1594 1817 per
1613 1746 1756 1816 quod
1785 1744 2143 1801 denodabitur
2175 1730 2216 1790 Β

485 1859 488 1862 ’
569 1849 673 1894 tuae
718 1839 1101 1896 invaletudinis
1147 1839 1420 1894 vinculum
1465 1837 1700 1898 denuda,
1749 1833 2006 1888 mirandae
2059 1831 2144 1886 di-

567 1930 929 2000 spensationis
1000 1930 1360 1998 promissum,
1429 1923 1795 1982 indubitandae
1851 1921 2145 1978 curationis

568 2019 1024 2083 emolumentum,
1085 2026 1135 2073 et
1194 2017 1529 2072 aflirmavere
1579 2014 1923 2071 revelationis
1973 2013 2026 2068 in
2095 2023 2144 2068 te

555 2119 907 2180 proventum.
939 2107 1138 2163 Tecum
1170 2117 1498 2180 cognoscant
1527 2106 1824 2160 certionem
1870 2102 2146 2158 ministro-

568 2218 688 2258 rum
711 2201 1034 2265 eaalestium,
1061 2199 1278 2254 audiant
1305 2198 1428 2268 quis
1455 2207 1508 2253 te
1545 2196 1805 2264 suscepit,
1851 2195 2141 2258 medicum,

567 2292 792 2346 audiant
828 2289 1123 2345 efIicacium
1162 2290 1524 2342 antidotorum
1581 2285 1999 2356 pigmentarium
2050 2284 2142 2339 ubi

569 2382 866 2437 mansionis
920 2381 1082 2438 habet
1127 2380 1323 2443 locum,
1376 2377 1569 2447 Brugis
1623 2376 1840 2430 nozifica
1880 2383 2140 2439 castrum,

570 2489 677 2541 quo
711 2489 834 2529 cum
864 2472 1196 2543 perveneris,
1228 2482 1472 2540 paratum
1499 2469 1740 2523 invenias
1763 2466 2139 2522 diversorium.

569 2566 870 2636 Specialius
902 2567 1050 2636 aperi
1081 2567 1222 2621 diem
1252 2563 1686 2626 determinatum,
1721 2571 1911 2632 parent
1940 2574 2139 2629 expen-

567 2677 676 2727 sas,
705 2663 833 2732 quia
859 2661 999 2732 apud
1026 2670 1271 2715 sanctum
1313 2658 1674 2714 Donatianum
1720 2665 1814 2711 tua
1849 2655 1920 2710 sit
1955 2664 2143 2724 parata

566 2754 790 2819 sanizas,
821 2753 1061 2823 profecto
1094 2760 1152 2807 ut
1177 2762 1228 2807 te
1260 2753 1425 2806 velint
1445 2749 1743 2806 sanandum
1768 2746 2142 2802 deducendu-

568 2846 636 2898 ad
697 2844 840 2897 hunc
893 2843 1261 2913 evangelicum
1321 2841 1694 2905 stabularium,
1751 2853 1850 2892 nec
1910 2836 2143 2906 amplius

566 2934 844 3004 patiantur
876 2933 1126 2998 debilem,
1159 2933 1282 3002 quia
1329 2932 1444 2987 sine
1475 2931 1638 2985 dubio
1678 2929 1850 2999 ipsum
1882 2928 1957 2983 sis
1997 2927 2146 2982 habi-

569 3035 723 3079 turus
745 3035 1073 3080 curatorem.
1107 3023 1346 3094 Adjunge
1383 3036 1595 3092 quoque
1629 3022 1694 3074 ad
1727 3021 1883 3086 hujus
1910 3021 2141 3073 sanctis-

566 3115 690 3170 simi
719 3114 1050 3170 confessoris
1075 3116 1427 3184 przeconium,
1474 3113 1617 3180 quod
1648 3112 1701 3166 in
1731 3110 1884 3166 calce
1929 3109 2139 3163 revela-
2170 3105 2214 3128 ““⁴

568 3207 733 3262 tionis
776 3215 858 3261 est
903 3221 1196 3271 annexum,
1241 3206 1368 3275 quia
1408 3204 1481 3258 illi
1519 3201 1644 3271 jure
1681 3201 1949 3256 videbitur
1993 3201 2141 3254 attri-

568 3297 840 3352 bnendum
866 3299 1013 3378 quod
1054 3313 1084 3352 a
1125 3313 1185 3353 se
1233 3298 1524 3353 comitante
1561 3294 1849 3350 salubriter
1895 3295 2010 3348 fieri
2060 3302 2143 3347 est

565 3390 961 3459 praemonitum.
999 3382 1004 3391 ’

661 3479 689 3528 εἰ
696 3492 772 3528 am
795 3479 868 3530 sol
892 3481 1158 3541 astrigeras
1190 3491 1337 3528 cursu
1363 3478 1660 3542 properabat
1686 3476 1748 3525 ad
1780 3486 1942 3535 arces,

654 3557 718 3607 Et
752 3570 896 3607 rosea
927 3559 1101 3608 stellas
1123 3558 1336 3607 cacabat
1359 3557 1474 3608 luna
1509 3559 1743 3606 minores.

568 3672 695 3713 cum
710 3657 920 3714 alienus
940 3655 1108 3711 frater
1125 3657 1305 3728 quiete
1331 3655 1661 3726 percellitur,
1685 3663 1739 3710 et
1758 3669 1816 3708 se
1831 3653 2000 3721 magis
2031 3667 2144 3707 cer-

569 3760 682 3803 tum
699 3748 897 3804 vidisse
909 3747 1181 3802 cwliColas
1201 3762 1358 3818 quam
1371 3747 1632 3800 dormisse
1659 3746 1899 3799 miratur.
1919 3742 2018 3809 Qui
2037 3755 2143 3796 Sta-

567 3846 666 3900 tim
693 3845 1282 3913 ordinerecomputato,
1309 3843 1373 3896 ad
1397 3842 1786 3896 confessionem
1814 3855 2000 3894 eorum
2023 3852 2142 3907 qua!

567 3936 776 3991 viderat
792 3936 842 3988 in
866 3949 1119 3989 consessu
1149 3932 1376 3987 fratrum
1403 3949 1564 4002 quam
1589 3933 1748 3987 citius
1770 3930 2038 4000 pervenit,
2061 3938 2143 3983 at-

571 4037 679 4092 que
704 4023 963 4078 mirantes
988 4039 1099 4093 pra:
1111 4024 1368 4094 gaudioet
1383 4023 1449 4076 de
1465 4023 1726 4091 promissa
1741 4021 1912 4076 salute
1923 4020 2147 4074 alacrio—

553 4126 664 4168 res
690 4113 944 4177 reddidit,
986 4123 1041 4169 et
1079 4114 1146 4168 de
1167 4111 1691 4168 coelestivisitatione
1714 4109 2142 4180 lociinmaguatl

563 4219 718 4275 spem
748 4205 1117 4260 unanimiores
1142 4204 1418 4260 excitavit.
1449 4203 1536 4258 Fit
1565 4203 1781 4258 interim
1827 4201 2140 4272 praeteriens

566 4297 828 4349 decursus
858 4294 1118 4364 temporis
1139 4293 1370 4364 longior,
1397 4300 1556 4361 atque
1577 4291 1830 4346 salutaris
1853 4289 2135 4352 terminus,

2249 485 2365 554 ejus
2391 501 2609 541 causam
2641 502 2764 540 cum
2796 487 3113 556 praepositus
3137 488 3507 558 cognovisset,
3547 487 3739 542 statim
3781 489 3828 541 in

2249 576 2408 630 domo
2437 592 2532 631 sua
2563 577 2917 632 diversorium
2951 579 3151 634 habere
3178 579 3467 635 concessit.
3506 578 3689 645 Unde,
3711 580 3832 650 quia

2249 666 2474 722 ecclesia
2505 667 2754 737 contigua
2793 677 2957 732 esset,
2979 679 3101 723 ante
3131 678 3376 725 sanctum
3399 670 3601 739 deponi
3631 672 3835 738 potuis-

2250 768 2350 822 set,
2379 768 2430 812 et
2458 758 2723 814 ordinatis
2750 761 2812 812 ad
2843 761 2960 829 ejus
3000 762 3300 815 custodiam
3335 759 3555 824 ofﬁciis,
3609 761 3832 816 idoneas

2247 859 2508 916 personas
2536 863 2660 903 cum
2691 863 2756 904 eo
2785 849 2851 904 de
2876 849 3134 904 fratribus
3158 852 3247 920 qui
3272 851 3419 905 omni
3447 851 3833 905 benevolentia

2251 939 2474 995 aderant
2498 940 2599 1003 eis,
2627 949 2683 994 et
2716 942 3150 996 commendatum
3181 942 3492 1012 dereliquit.
3526 943 3653 1013 Ipse
3698 945 3835 996 solli-

2247 1030 2387 1085 citus
2415 1031 2482 1084 ad
2517 1031 2619 1085 alia
2668 1031 2944 1086 tractanda
2993 1029 3203 1102 longius
3246 1033 3398 1087 abiit.
3442 1034 3548 1097 En,
3607 1043 3836 1102 patro::e

2248 1127 2454 1185 sancte,
2489 1130 2610 1176 tuus
2650 1122 2892 1176 infirmus
2916 1121 3171 1178 collectus
3220 1133 3334 1188 est,
3385 1138 3514 1178 cura
3551 1123 3836 1190 hospitalis

2249 1210 2428 1265 habita
2458 1212 2638 1265 omnis
2661 1220 2848 1266 auctor
2871 1213 3134 1281 quiescat.
3171 1212 3276 1268 Sed
3313 1215 3447 1283 jam,
3480 1213 3687 1276 fr..ter,
3715 1213 3836 1280 quid

2247 1300 2576 1356 remoraris?
2603 1300 2729 1371 quid
2755 1302 2820 1355 ad
2845 1304 3131 1358 stationem
3162 1305 3415 1358 indictam
3435 1305 3682 1358 venisti?
3705 1304 3836 1370 Quia

2247 1391 2532 1446 Donatiaui
2565 1394 2830 1462 magnatis
2857 1394 3093 1449 caelestis
3121 1396 3188 1449 ad
3217 1397 3419 1449 curiam
3452 1395 3708 1460 intrasti,
3749 1394 3837 1448 ob-

2248 1483 2454 1538 tutibus
2475 1481 2592 1550 ejus
2613 1493 2663 1537 te
2687 1493 2950 1552 praeseuta
2974 1499 3129 1554 quem
3163 1486 3463 1556 requisisti,
3493 1486 3630 1554 quia
3676 1486 3836 1540 terri-

2249 1574 2370 1629 torii
2402 1574 2536 1630 fines
2573 1575 2742 1644 ipsius
2769 1576 3017 1646 attigisti,
3045 1577 3112 1631 ad
3153 1579 3226 1632 tui
3273 1578 3719 1649 recognitionem
3745 1595 3834 1633 ex.

2245 1665 2352 1718 cita
2384 1679 2541 1734 quem
2593 1665 2781 1720 adisti.
2817 1665 2960 1722 Vade
2983 1669 3161 1737 igitur.
3194 1670 3322 1738 quia
3350 1670 3576 1725 venisse
3631 1679 3690 1725 te
3735 1688 3835 1724 non

2247 1757 2476 1826 ignorat,
2507 1757 2600 1812 sed
2646 1758 2712 1811 ad
2742 1771 2800 1812 se
2839 1767 2898 1810 ut
2929 1758 3116 1812 venias
3137 1759 3250 1829 jam
3280 1768 3589 1828 exspectat,
3638 1761 3835 1814 faciem

2247 1855 2392 1900 tuam
2416 1846 2526 1914 jam
2573 1849 2890 1917 prmnoscit;
2946 1849 3040 1903 sed
3079 1849 3432 1918 requirendus
3475 1859 3562 1903 est
3613 1860 3837 1904 sanctus

2247 1940 2338 1994 ubi
2388 1939 2700 2009 requiescit.
2731 1938 2897 2002 Vade,
2931 1939 3170 2009 inquam,
3227 1949 3282 1995 et
3327 1950 3621 2009 prosterno
3649 1957 3835 1995 coram

2245 2041 2310 2082 eo
2335 2027 2719 2081 misericordia:
2747 2027 3198 2097 clamorem,quia
3221 2037 3433 2093 gratum
3449 2029 3649 2098 procul
3674 2031 3837 2083 dubio

2241 2115 2446 2171 senties
2482 2117 2906 2185 propitiatorem.
2958 2116 3192 2172 Dulcedo
3236 2133 3472 2186 namque
3520 2133 3836 2188 pauperum

2242 2221 2329 2268 est
2367 2212 2468 2266 iste
2507 2221 2742 2275 sanctus,
2785 2214 2946 2268 crede
2973 2213 3095 2281 quia
3125 2214 3257 2267 bene
3286 2213 3521 2277 venisti;
3550 2215 3683 2284 pius
3711 2230 3838 2269 con-

2243 2301 2446 2358 solator
2470 2302 2788 2358 miserorum
2834 2311 2936 2368 est,
2981 2307 3190 2361 confide
3233 2307 3358 2376 quia
3401 2307 3541 2362 bene
3583 2308 3832 2370 venisti;

2243 2389 2500 2447 fortitudo
2525 2393 2778 2447 debilium
2806 2402 2911 2458 est,
2942 2393 3249 2449 confortare
3274 2395 3400 2464 quia
3426 2396 3562 2451 bene
3588 2398 3834 2460 venisti;

2243 2493 2525 2553 susceptor
2573 2492 2691 2538 tuus
2735 2483 2906 2540 ﬁdelis
2931 2492 3046 2548 est,
3087 2500 3215 2555 ergo
3257 2486 3392 2539 bene
3445 2487 3673 2539 venisti.
3727 2485 3836 2541 Per

2245 2573 2418 2643 ipsum
2467 2574 2610 2627 enim
2657 2573 2708 2628 in
2754 2582 2805 2626 te
2853 2574 3161 2642 implebitur
3215 2574 3341 2628 illud
3394 2577 3832 2644 propheticum:

2247 2661 2390 2717 Tunc
2409 2664 2600 2719 scilicet
2624 2663 2842 2719 claudus
2863 2665 3013 2736 quasi
3038 2682 3238 2732 cerrus,
3269 2675 3316 2718 et
3346 2665 3491 2718 clara
3515 2667 3618 2720 erit
3641 2667 3833 2737 lingu

2241 2765 2526 2808 κιαεονωη.

2312 2844 2701 2915 Cumquejam,
2724 2853 3092 2900 consummata
3109 2845 3446 2916 vespertiuali
3469 2846 3694 2915 synaxi,
3718 2861 3830 2899 nox

2242 2935 2525 2991 imminere
2555 2937 2808 3006 cmpisset
2834 2940 2972 3006 (erat
3015 2939 3156 2991 enim
3203 2953 3324 3007 quae
3357 2936 3603 3006 proxima
3641 2937 3833 2990 Domi-

2245 3026 2396 3080 nicas
2428 3025 2637 3094 vigilias
2663 3027 3055 3094 antecedebat),
3101 3027 3388 3082 ecclesiam
3432 3028 3593 3089 adiit,
3638 3027 3830 3094 ibique

2243 3117 2554 3188 aliquandiu
2581 3129 2838 3181 moratus.
2871 3119 2995 3173 dum
3024 3120 3330 3175 orationum
3372 3129 3496 3174 vcta
3535 3119 3828 3189 persolvit.

2244 3215 2352 3261 tam
2375 3205 2550 3260 subita
2572 3207 2926 3262 concussione
2947 3207 3148 3262 viribus
3173 3207 3373 3272 deficit,
3391 3207 3619 3271 ut,dum
3647 3208 3828 3261 redire

2244 3306 2478 3366 pararet,
2509 3311 2604 3365 per
2633 3311 2692 3351 se
2713 3297 2861 3352 nullo
2892 3297 3050 3352 modo
3078 3297 3413 3367 praevaleret.
3446 3302 3525 3351 EX
3579 3297 3819 3366 quodam

2243 3387 2387 3442 enim
2418 3387 2642 3442 horrore
2671 3386 3012 3457 soperinfuso
3059 3397 3115 3444 ut
3143 3397 3268 3445 ante
3294 3398 3544 3444 sanctum
3577 3391 3815 3458 hic"...

2242 3489 2407 3534 aestus
2436 3479 2608 3534 latens
2651 3493 2748 3547 per
2794 3479 2898 3534 ima
2937 3480 3203 3536 viscerum
3236 3481 3419 3535 statim
3461 3479 3731 3542 cucurrit,
3758 3495 3821 3532 ac

2243 3571 2439 3627 deinde
2491 3571 2559 3626 ad
2609 3572 2878 3626 exteriora
2927 3582 3273 3642 pervagatus,
3317 3570 3528 3641 singula
3575 3570 3821 3625 membla

2243 3661 2443 3717 Sensim
2485 3676 2708 3730 carpere
2737 3661 2930 3732 coepit;
2985 3663 3125 3716 unde
3186 3671 3354 3718 totum
3409 3676 3612 3730 corpus
3662 3661 3820 3714 simul

2241 3753 2612 3823 copiosissima
2641 3751 2853 3806 sudoris
2895 3751 3204 3806 inundantia
3247 3750 3634 3820 permanavit:
3681 3749 3820 3818 quod

2244 3845 2403 3898 etiam
2435 3850 2556 3912 post.
2587 3841 2869 3896 sanitatem
2897 3851 3163 3912 receptam
3195 3840 3380 3895 multis
3423 3841 3618 3895 diebus
3650 3839 3706 3892 in
3744 3857 3822 3894 re—

2244 3943 2498 4003 cupcrato
2531 3933 2698 3988 latere
2725 3932 2916 3986 siccari
2963 3947 3068 3987 non
3098 3931 3353 4001 potuerit.
3402 3930 3604 3983 Tortus
3640 3942 3817 3984 autem

2245 4021 2575 4092 aliquandiu,
2607 4022 2731 4074 dum
2757 4029 3154 4076 accrescentem
3177 4018 3536 4075 defectionem
3569 4037 3684 4076 non
3713 4021 3820 4075 sui.

2245 4111 2806 4176 ferret,miuistrorurn
2836 4111 3080 4165 manibus
3109 4109 3173 4163 ad
3202 4108 3458 4163 lectulum
3487 4109 3557 4163 ab
3588 4111 3816 4164 ecclesia

2244 4211 2550 4273 reportatus
2597 4212 2699 4257 est.
2734 4199 2959 4255 Videres
3005 4208 3131 4254 tunc
3187 4199 3461 4254 hominem
3506 4199 3746 4253 diversis
3789 4213 3816 4250 a

2239 4292 2499 4347 fratribus
2544 4290 2877 4359 angustiari,
2929 4289 3155 4345 occultis
3197 4288 3521 4358 quibusdam
3567 4288 3818 4360 fatigabi-

565 4383 784 4452 quando
828 4397 887 4437 se
933 4383 1103 4437 nostri
1131 4381 1426 4438 Salvatoris
1471 4381 1722 4436 nativitas
1749 4379 2010 4436 acceleret
2044 4395 2137 4432 cu-
2173 4403 2217 4462 D
2244 4383 2369 4437 liter
2397 4381 2826 4453 suggestionibus
2856 4382 2960 4435 huc
2991 4379 3220 4448 illucque
3246 4380 3475 4440 versari,
3523 4379 3665 4434 nihil
3712 4387 3816 4431 sta-

564 4471 736 4542 pienti
775 4471 956 4526 animo
988 4479 1339 4540 praeoptatur.
1371 4469 1581 4524 Salutat
1609 4469 1848 4538 quotidie
1879 4471 2140 4524 adventus

565 4562 730 4627 diem,
782 4560 979 4616 salutat
1020 4560 1214 4615 futurae
1256 4559 1502 4615 sanitatis
1546 4559 1913 4627 sponsionem,
1963 4559 2138 4614 solum

565 4662 753 4706 saneta
789 4651 954 4706 statio
980 4650 1182 4714 veniat,
1223 4648 1336 4718 jam
1376 4664 1600 4703 securus
1627 4648 1886 4718 loquitur.
1931 4648 1988 4702 ln
2017 4665 2142 4704 coa-

566 4743 790 4798 scientia
821 4743 887 4798 de
936 4758 1032 4798 sua
1079 4743 1309 4798 statione
1356 4756 1416 4797 se
1449 4741 1640 4812 jactat,
1670 4741 1980 4796 dilationem
2011 4757 2140 4810 pas-

565 4833 737 4888 sionis
781 4834 1048 4888 diuturna
1097 4847 1202 4887 non
1256 4841 1492 4902 reputat,
1541 4831 1781 4888 lucescat
1815 4832 1931 4886 dies
1976 4849 2138 4901 quasi

564 4922 803 4992 Virginis
850 4922 1029 4991 proles
1077 4931 1133 4977 et
1171 4923 1312 4978 idem
1361 4923 1533 4978 Filius
1584 4923 1678 4977 Dei
1724 4933 1925 4978 sacrat.
1972 4923 2138 4978 Nihili

565 5015 754 5084 pendit
798 5016 1037 5070 membra
1093 5030 1287 5086 corpus
1336 5025 1541 5072 tortura
1592 5027 1954 5083 contractum,
2012 5020 2137 5074 dum

549 5105 862 5162 sustinetur
888 5105 1002 5158 dies
1037 5106 1275 5174 pollicita
1318 5123 1438 5177 quae
1475 5108 1724 5163 restituet
1751 5118 2016 5171 erectum,
2046 5109 2138 5163 sed

568 5194 718 5242 venit
744 5192 812 5242 ad
840 5201 1022 5242 votum
1048 5193 1267 5242 tardior.
1291 5204 1347 5242 et
1373 5196 1462 5242 niti
1496 5196 1809 5242 alimentum
1840 5197 2141 5242 ministerio

2243 4474 2370 4539 bile,
2401 4473 2531 4528 nihil
2564 4483 2770 4527 certum
2797 4485 2977 4541 agere,
3007 4485 3150 4525 nunc
3195 4470 3372 4539 aptius
3414 4470 3624 4536 jacere.
3681 4487 3818 4526 nunc

2241 4563 2430 4617 sedere
2458 4560 2814 4624 commodius;
2863 4560 2956 4615 sed
2981 4575 3081 4615 nec
3122 4559 3268 4614 locus
3297 4559 3363 4612 ad
3402 4561 3671 4629 quitem,
3724 4576 3818 4616 nec

2242 4654 2414 4708 lectus
2437 4652 2501 4706 ad
2529 4651 2768 4721 requiem
2794 4650 3182 4705 tentationibus
3212 4657 3289 4704 tot
3314 4648 3540 4719 fatigata
3575 4653 3814 4706 membra

2242 4741 2641 4806 commodabat,
2669 4741 2742 4800 ita
2783 4750 2838 4794 ut
2869 4754 2969 4796 nec
3007 4743 3374 4795 excruciatum
3420 4741 3719 4804 doloribus,
3753 4756 3816 4794 ne

2241 4835 2441 4889 furiose
2467 4841 2668 4904 ageret,
2693 4833 2943 4888 custodes
2971 4831 3279 4902 aliquandiu
3310 4829 3694 4887 formidarent.
3714 4832 3815 4887 Nec

2243 4933 2421 4977 tamen
2452 4925 2517 4976 ad
2563 4934 2670 4978 tam
2715 4923 2895 4978 varios
2931 4933 3106 4977 motus
3146 4921 3342 4992 quibus
3390 4921 3633 4977 humana
3669 4939 3814 4978 com-

2240 5029 2405 5084 pages
2452 5013 2506 5066 in
2549 5028 2616 5068 se
2662 5015 3054 5070 refm'mabatur
3089 5013 3211 5068 victi
3242 5013 3460 5078 cedere,
3514 5015 3628 5069 imo
3679 5030 3814 5068 nttnc

2241 5102 2479 5157 fomenta
2505 5101 2774 5156 caloribus
2799 5103 3079 5166 adhibere,
3107 5116 3250 5155 nunc
3291 5101 3361 5154 ad
3407 5101 3814 5156 i'efocillandum

2243 5195 2328 5240 vix
2360 5196 2485 5240 dum
2513 5193 2788 5240 ai’.l‘.:.!:.:‘.:i
2821 5193 3021 5238 frium'a
3069 5193 3399 5238 ministrare-
3443 5192 3715 5236 interdum
3749 5194 3814 5236 ,Δ
