  <div class='ocr_page' id='page_1' title='image "/cluster/home/n/w/nwhite01/storage/ocr_20150623/149/hvd.32044015473770/776.png"; bbox 0 0 4006 5282; ppageno 0'>
   <div class='ocr_carea' id='block_1_1' title="bbox 208 4396 216 4499">
    <p class='ocr_par' dir='ltr' id='par_1_1' title="bbox 208 4396 216 4499">
     <span class='ocr_line' id='line_1_1' title="bbox 208 4396 216 4499; baseline 0 0"><span class='ocrx_word' id='word_1_1' title='bbox 208 4396 216 4499; x_wconf 72' lang='grc' dir='ltr'>ἰ</span> 
     </span>
    </p>
   </div>
   <div class='ocr_carea' id='block_1_2' title="bbox 252 342 386 399">
    <p class='ocr_par' dir='ltr' id='par_1_2' title="bbox 252 342 386 399">
     <span class='ocr_line' id='line_1_2' title="bbox 252 342 386 399; baseline -0.015 0"><span class='ocrx_word' id='word_1_2' title='bbox 252 342 386 399; x_wconf 72' lang='grc'><strong>1545</strong></span> 
     </span>
    </p>
   </div>
   <div class='ocr_carea' id='block_1_3' title="bbox 1003 327 2723 402">
    <p class='ocr_par' dir='ltr' id='par_1_3' title="bbox 1003 327 2723 402">
     <span class='ocr_line' id='line_1_3' title="bbox 1003 327 2723 402; baseline -0.005 -12"><span class='ocrx_word' id='word_1_3' title='bbox 1003 333 1189 392; x_wconf 66' lang='grc' dir='ltr'><strong>ί)Ιῖῡο</strong></span> <span class='ocrx_word' id='word_1_4' title='bbox 1229 333 1469 390; x_wconf 76' lang='lat' dir='ltr'><strong>RERUM</strong></span> <span class='ocrx_word' id='word_1_5' title='bbox 1511 332 1676 402; x_wconf 63' lang='lat' dir='ltr'><strong>QUIE</strong></span> <span class='ocrx_word' id='word_1_6' title='bbox 1715 330 1779 386; x_wconf 81' lang='lat' dir='ltr'><strong>IN</strong></span> <span class='ocrx_word' id='word_1_7' title='bbox 1818 329 1955 388; x_wconf 84' lang='lat' dir='ltr'><strong>IIOC</strong></span> <span class='ocrx_word' id='word_1_8' title='bbox 1994 328 2184 386; x_wconf 80' lang='grc' dir='ltr'><strong>ΤΟΜΟ</strong></span> <span class='ocrx_word' id='word_1_9' title='bbox 2218 327 2723 385; x_wconf 63' lang='lat' dir='ltr'><strong>CONTINENTUIL</strong></span> 
     </span>
    </p>
   </div>
   <div class='ocr_carea' id='block_1_4' title="bbox 3376 328 3511 391">
    <p class='ocr_par' dir='ltr' id='par_1_4' title="bbox 3376 328 3511 391">
     <span class='ocr_line' id='line_1_4' title="bbox 3376 328 3511 391; baseline 0 -8"><span class='ocrx_word' id='word_1_10' title='bbox 3376 328 3511 391; x_wconf 61' lang='grc'><strong>1536</strong></span> 
     </span>
    </p>
   </div>
   <div class='ocr_carea' id='block_1_5' title="bbox 245 441 3512 520">
    <p class='ocr_par' dir='ltr' id='par_1_5' title="bbox 245 441 3512 520">
     <span class='ocr_line' id='line_1_5' title="bbox 245 441 3512 520; baseline -0.004 -9"><span class='ocrx_word' id='word_1_11' title='bbox 245 453 413 511; x_wconf 87' lang='lat' dir='ltr'><strong>stlnos</strong></span> <span class='ocrx_word' id='word_1_12' title='bbox 440 447 701 520; x_wconf 77' lang='lat' dir='ltr'><strong>reparari,</strong></span> <span class='ocrx_word' id='word_1_13' title='bbox 724 488 727 491; x_wconf 91' lang='grc'><strong>-</strong></span> <span class='ocrx_word' id='word_1_14' title='bbox 750 463 942 503; x_wconf 82' lang='lat' dir='ltr'><strong>manus</strong></span> <span class='ocrx_word' id='word_1_15' title='bbox 975 463 1099 504; x_wconf 90' lang='lat' dir='ltr'><strong>cum</strong></span> <span class='ocrx_word' id='word_1_16' title='bbox 1131 442 1336 504; x_wconf 86' lang='lat' dir='ltr'><strong>lacerto</strong></span> <span class='ocrx_word' id='word_1_17' title='bbox 1377 462 1498 502; x_wconf 90' lang='lat' dir='ltr'><strong>cum</strong></span> <span class='ocrx_word' id='word_1_18' title='bbox 1547 448 1686 517; x_wconf 82' lang='lat' dir='ltr'><strong>pede</strong></span> <span class='ocrx_word' id='word_1_19' title='bbox 1725 459 1825 502; x_wconf 66' lang='lat' dir='ltr'><strong>sre-</strong></span> <span class='ocrx_word' id='word_1_20' title='bbox 1852 453 1898 509; x_wconf 84' lang='grc' dir='ltr'>Α</span> <span class='ocrx_word' id='word_1_21' title='bbox 1927 444 2105 499; x_wconf 89' lang='lat' dir='ltr'><strong>adhuc</strong></span> <span class='ocrx_word' id='word_1_22' title='bbox 2136 441 2310 511; x_wconf 88' lang='lat' dir='ltr'><strong>major</strong></span> <span class='ocrx_word' id='word_1_23' title='bbox 2331 442 2450 497; x_wconf 97' lang='lat' dir='ltr'><strong>ﬁdei</strong></span> <span class='ocrx_word' id='word_1_24' title='bbox 2481 442 2710 498; x_wconf 90' lang='lat' dir='ltr'><strong>ﬁrmitas</strong></span> <span class='ocrx_word' id='word_1_25' title='bbox 2725 451 3033 513; x_wconf 78' lang='lat' dir='ltr'><strong>appareret,</strong></span> <span class='ocrx_word' id='word_1_26' title='bbox 3062 442 3174 513; x_wconf 89' lang='lat' dir='ltr'><strong>ipse</strong></span> <span class='ocrx_word' id='word_1_27' title='bbox 3200 444 3512 511; x_wconf 77' lang='lat' dir='ltr'><strong>asnperiori</strong></span> 
     </span>
    </p>
   </div>
   <div class='ocr_carea' id='block_1_6' title="bbox 245 538 1819 616">
    <p class='ocr_par' dir='ltr' id='par_1_6' title="bbox 245 538 1819 616">
     <span class='ocr_line' id='line_1_6' title="bbox 245 538 1819 616; baseline -0.004 -17"><span class='ocrx_word' id='word_1_28' title='bbox 245 545 362 616; x_wconf 86' lang='lat' dir='ltr'><strong>pius</strong></span> <span class='ocrx_word' id='word_1_29' title='bbox 390 541 611 597; x_wconf 87' lang='lat' dir='ltr'><strong>tentatis</strong></span> <span class='ocrx_word' id='word_1_30' title='bbox 642 538 1025 596; x_wconf 76' lang='lat' dir='ltr'><strong>rctlexionibus</strong></span> <span class='ocrx_word' id='word_1_31' title='bbox 1076 554 1203 596; x_wconf 90' lang='lat' dir='ltr'><strong>crus</strong></span> <span class='ocrx_word' id='word_1_32' title='bbox 1245 540 1316 596; x_wconf 84' lang='lat' dir='ltr'><strong>ab</strong></span> <span class='ocrx_word' id='word_1_33' title='bbox 1362 538 1582 612; x_wconf 82' lang='lat' dir='ltr'><strong>inguine</strong></span> <span class='ocrx_word' id='word_1_34' title='bbox 1621 538 1819 603; x_wconf 91' lang='lat' dir='ltr'><strong>redire,</strong></span> 
     </span>
    </p>
   </div>
   <div class='ocr_carea' id='block_1_7' title="bbox 245 629 1824 701">
    <p class='ocr_par' dir='ltr' id='par_1_7' title="bbox 245 629 1824 701">
     <span class='ocr_line' id='line_1_7' title="bbox 245 629 1824 701; baseline -0.005 -10"><span class='ocrx_word' id='word_1_35' title='bbox 245 637 414 691; x_wconf 87' lang='lat' dir='ltr'><strong>donec</strong></span> <span class='ocrx_word' id='word_1_36' title='bbox 458 631 660 687; x_wconf 87' lang='lat' dir='ltr'><strong>sensim</strong></span> <span class='ocrx_word' id='word_1_37' title='bbox 689 644 908 701; x_wconf 90' lang='lat' dir='ltr'><strong>repens,</strong></span> <span class='ocrx_word' id='word_1_38' title='bbox 949 630 1186 701; x_wconf 83' lang='lat' dir='ltr'><strong>undique</strong></span> <span class='ocrx_word' id='word_1_39' title='bbox 1234 630 1443 687; x_wconf 88' lang='lat' dir='ltr'><strong>sanitas</strong></span> <span class='ocrx_word' id='word_1_40' title='bbox 1489 629 1647 699; x_wconf 88' lang='lat' dir='ltr'><strong>quasi</strong></span> <span class='ocrx_word' id='word_1_41' title='bbox 1699 637 1824 700; x_wconf 86' lang='lat' dir='ltr'><strong>post</strong></span> 
     </span>
    </p>
   </div>
   <div class='ocr_carea' id='block_1_8' title="bbox 240 721 1824 794">
    <p class='ocr_par' dir='ltr' id='par_1_8' title="bbox 240 721 1824 794">
     <span class='ocr_line' id='line_1_8' title="bbox 240 721 1824 794; baseline -0.005 -10"><span class='ocrx_word' id='word_1_42' title='bbox 240 725 557 784; x_wconf 84' lang='lat' dir='ltr'><strong>medicantis</strong></span> <span class='ocrx_word' id='word_1_43' title='bbox 603 732 805 780; x_wconf 86' lang='lat' dir='ltr'><strong>tactum</strong></span> <span class='ocrx_word' id='word_1_44' title='bbox 853 740 883 779; x_wconf 89' lang='lat' dir='ltr'><strong>a</strong></span> <span class='ocrx_word' id='word_1_45' title='bbox 928 736 1140 779; x_wconf 90' lang='lat' dir='ltr'><strong>summo</strong></span> <span class='ocrx_word' id='word_1_46' title='bbox 1168 738 1341 794; x_wconf 88' lang='lat' dir='ltr'><strong>usque</strong></span> <span class='ocrx_word' id='word_1_47' title='bbox 1372 724 1624 778; x_wconf 87' lang='lat' dir='ltr'><strong>deorsum</strong></span> <span class='ocrx_word' id='word_1_48' title='bbox 1650 721 1824 777; x_wconf 87' lang='lat' dir='ltr'><strong>homi-</strong></span> 
     </span>
    </p>
   </div>
   <div class='ocr_carea' id='block_1_9' title="bbox 240 812 1821 886">
    <p class='ocr_par' dir='ltr' id='par_1_9' title="bbox 240 812 1821 886">
     <span class='ocr_line' id='line_1_9' title="bbox 240 812 1821 886; baseline -0.006 -12"><span class='ocrx_word' id='word_1_49' title='bbox 240 833 361 874; x_wconf 86' lang='lat' dir='ltr'><strong>nem</strong></span> <span class='ocrx_word' id='word_1_50' title='bbox 398 814 808 885; x_wconf 86' lang='lat' dir='ltr'><strong>rcdintegravit,</strong></span> <span class='ocrx_word' id='word_1_51' title='bbox 843 822 1007 886; x_wconf 86' lang='lat' dir='ltr'><strong>atque</strong></span> <span class='ocrx_word' id='word_1_52' title='bbox 1050 814 1194 870; x_wconf 87' lang='lat' dir='ltr'><strong>inter</strong></span> <span class='ocrx_word' id='word_1_53' title='bbox 1220 812 1320 869; x_wconf 83' lang='lat' dir='ltr'><strong>sibi</strong></span> <span class='ocrx_word' id='word_1_54' title='bbox 1356 813 1701 868; x_wconf 85' lang='lat' dir='ltr'><strong>considentes</strong></span> <span class='ocrx_word' id='word_1_55' title='bbox 1728 826 1821 866; x_wconf 76' lang='lat' dir='ltr'><strong>re-</strong></span> 
     </span>
    </p>
   </div>
   <div class='ocr_carea' id='block_1_10' title="bbox 238 901 1824 976">
    <p class='ocr_par' dir='ltr' id='par_1_10' title="bbox 238 901 1824 976">
     <span class='ocr_line' id='line_1_10' title="bbox 238 901 1824 976; baseline -0.006 -12"><span class='ocrx_word' id='word_1_56' title='bbox 238 909 338 966; x_wconf 91' lang='lat' dir='ltr'><strong>loci</strong></span> <span class='ocrx_word' id='word_1_57' title='bbox 360 906 499 964; x_wconf 90' lang='lat' dir='ltr'><strong>saltu</strong></span> <span class='ocrx_word' id='word_1_58' title='bbox 532 906 585 962; x_wconf 92' lang='lat' dir='ltr'><strong>in</strong></span> <span class='ocrx_word' id='word_1_59' title='bbox 610 905 775 976; x_wconf 83' lang='lat' dir='ltr'><strong>pedes</strong></span> <span class='ocrx_word' id='word_1_60' title='bbox 795 906 991 962; x_wconf 78' lang='lat' dir='ltr'><strong>erexit.</strong></span> <span class='ocrx_word' id='word_1_61' title='bbox 1025 903 1230 960; x_wconf 77' lang='lat' dir='ltr'><strong>Mteror</strong></span> <span class='ocrx_word' id='word_1_62' title='bbox 1256 904 1311 959; x_wconf 91' lang='lat' dir='ltr'><strong>in</strong></span> <span class='ocrx_word' id='word_1_63' title='bbox 1333 904 1621 974; x_wconf 87' lang='lat' dir='ltr'><strong>gaudium,</strong></span> <span class='ocrx_word' id='word_1_64' title='bbox 1649 901 1824 956; x_wconf 88' lang='lat' dir='ltr'><strong>luctus</strong></span> 
     </span>
    </p>
   </div>
   <div class='ocr_carea' id='block_1_11' title="bbox 239 995 1823 1069">
    <p class='ocr_par' dir='ltr' id='par_1_11' title="bbox 239 995 1823 1069">
     <span class='ocr_line' id='line_1_11' title="bbox 239 995 1823 1069; baseline -0.004 -12"><span class='ocrx_word' id='word_1_65' title='bbox 239 1004 294 1058; x_wconf 90' lang='lat' dir='ltr'><strong>in</strong></span> <span class='ocrx_word' id='word_1_66' title='bbox 325 999 747 1056; x_wconf 76' lang='lat' dir='ltr'><strong>exsultationem</strong></span> <span class='ocrx_word' id='word_1_67' title='bbox 784 999 1043 1055; x_wconf 89' lang='lat' dir='ltr'><strong>continuo</strong></span> <span class='ocrx_word' id='word_1_68' title='bbox 1065 1006 1431 1069; x_wconf 87' lang='lat' dir='ltr'><strong>permutatur,</strong></span> <span class='ocrx_word' id='word_1_69' title='bbox 1455 1006 1509 1052; x_wconf 93' lang='lat' dir='ltr'><strong>et</strong></span> <span class='ocrx_word' id='word_1_70' title='bbox 1536 996 1627 1066; x_wconf 91' lang='lat' dir='ltr'><strong>qui</strong></span> <span class='ocrx_word' id='word_1_71' title='bbox 1660 995 1823 1066; x_wconf 89' lang='lat' dir='ltr'><strong>paulo</strong></span> 
     </span>
    </p>
   </div>
   <div class='ocr_carea' id='block_1_12' title="bbox 237 1078 1825 1163">
    <p class='ocr_par' dir='ltr' id='par_1_12' title="bbox 237 1078 1825 1163">
     <span class='ocr_line' id='line_1_12' title="bbox 237 1078 1825 1163; baseline -0.005 -14"><span class='ocrx_word' id='word_1_72' title='bbox 237 1094 360 1149; x_wconf 84' lang='lat' dir='ltr'><strong>ante</strong></span> <span class='ocrx_word' id='word_1_73' title='bbox 380 1092 761 1163; x_wconf 87' lang='lat' dir='ltr'><strong>compatiendo</strong></span> <span class='ocrx_word' id='word_1_74' title='bbox 784 1091 967 1147; x_wconf 83' lang='lat' dir='ltr'><strong>tristes</strong></span> <span class='ocrx_word' id='word_1_75' title='bbox 989 1092 1369 1155; x_wconf 78' lang='lat' dir='ltr'><strong>constiterant,</strong></span> <span class='ocrx_word' id='word_1_76' title='bbox 1397 1078 1509 1158; x_wconf 82' lang='lat' dir='ltr'><strong>jam</strong></span> <span class='ocrx_word' id='word_1_77' title='bbox 1534 1099 1825 1158; x_wconf 84' lang='lat' dir='ltr'><strong>congratu-</strong></span> 
     </span>
    </p>
   </div>
   <div class='ocr_carea' id='block_1_13' title="bbox 235 1178 1823 1255">
    <p class='ocr_par' dir='ltr' id='par_1_13' title="bbox 235 1178 1823 1255">
     <span class='ocr_line' id='line_1_13' title="bbox 235 1178 1823 1255; baseline -0.004 -16"><span class='ocrx_word' id='word_1_78' title='bbox 235 1184 391 1241; x_wconf 87' lang='lat' dir='ltr'><strong>Iando</strong></span> <span class='ocrx_word' id='word_1_79' title='bbox 419 1185 655 1255; x_wconf 87' lang='lat' dir='ltr'><strong>undique</strong></span> <span class='ocrx_word' id='word_1_80' title='bbox 681 1178 1038 1239; x_wconf 82' lang='lat' dir='ltr'><strong>conﬂuebant.</strong></span> <span class='ocrx_word' id='word_1_81' title='bbox 1072 1183 1328 1247; x_wconf 87' lang='lat' dir='ltr'><strong>Tentant,</strong></span> <span class='ocrx_word' id='word_1_82' title='bbox 1380 1181 1724 1251; x_wconf 83' lang='lat' dir='ltr'><strong>contingunt,</strong></span> <span class='ocrx_word' id='word_1_83' title='bbox 1766 1188 1823 1235; x_wconf 85' lang='lat' dir='ltr'><strong>et</strong></span> 
     </span>
    </p>
   </div>
   <div class='ocr_carea' id='block_1_14' title="bbox 235 1274 1822 1345">
    <p class='ocr_par' dir='ltr' id='par_1_14' title="bbox 235 1274 1822 1345">
     <span class='ocr_line' id='line_1_14' title="bbox 235 1274 1822 1345; baseline -0.003 -13"><span class='ocrx_word' id='word_1_84' title='bbox 235 1293 301 1333; x_wconf 83' lang='lat' dir='ltr'><strong>an</strong></span> <span class='ocrx_word' id='word_1_85' title='bbox 340 1279 411 1332; x_wconf 85' lang='lat' dir='ltr'><strong>ita</strong></span> <span class='ocrx_word' id='word_1_86' title='bbox 458 1293 518 1332; x_wconf 89' lang='lat' dir='ltr'><strong>se</strong></span> <span class='ocrx_word' id='word_1_87' title='bbox 564 1278 781 1344; x_wconf 85' lang='lat' dir='ltr'><strong>habeat,</strong></span> <span class='ocrx_word' id='word_1_88' title='bbox 830 1287 889 1331; x_wconf 93' lang='lat' dir='ltr'><strong>ut</strong></span> <span class='ocrx_word' id='word_1_89' title='bbox 941 1278 1140 1332; x_wconf 82' lang='lat' dir='ltr'><strong>factum</strong></span> <span class='ocrx_word' id='word_1_90' title='bbox 1179 1285 1284 1338; x_wconf 89' lang='lat' dir='ltr'><strong>est,</strong></span> <span class='ocrx_word' id='word_1_91' title='bbox 1320 1288 1432 1345; x_wconf 70' lang='lat' dir='ltr'><strong>pra:</strong></span> <span class='ocrx_word' id='word_1_92' title='bbox 1469 1276 1633 1328; x_wconf 84' lang='lat' dir='ltr'><strong>nimia</strong></span> <span class='ocrx_word' id='word_1_93' title='bbox 1685 1274 1822 1344; x_wconf 84' lang='lat' dir='ltr'><strong>signi</strong></span> 
     </span>
    </p>
   </div>
   <div class='ocr_carea' id='block_1_15' title="bbox 233 1366 1824 1438">
    <p class='ocr_par' dir='ltr' id='par_1_15' title="bbox 233 1366 1824 1438">
     <span class='ocr_line' id='line_1_15' title="bbox 233 1366 1824 1438; baseline 0 -18"><span class='ocrx_word' id='word_1_94' title='bbox 233 1367 592 1423; x_wconf 83' lang='lat' dir='ltr'><strong>admiratione</strong></span> <span class='ocrx_word' id='word_1_95' title='bbox 616 1367 781 1438; x_wconf 85' lang='lat' dir='ltr'><strong>aliqui</strong></span> <span class='ocrx_word' id='word_1_96' title='bbox 809 1367 985 1424; x_wconf 91' lang='lat' dir='ltr'><strong>adhuc</strong></span> <span class='ocrx_word' id='word_1_97' title='bbox 1008 1368 1344 1438; x_wconf 77' lang='lat' dir='ltr'><strong>ambigentes</strong></span> <span class='ocrx_word' id='word_1_98' title='bbox 1370 1366 1650 1435; x_wconf 81' lang='lat' dir='ltr'><strong>multiplici</strong></span> <span class='ocrx_word' id='word_1_99' title='bbox 1668 1381 1824 1435; x_wconf 67' lang='lat' dir='ltr'><strong>eripe-</strong></span> 
     </span>
    </p>
   </div>
   <div class='ocr_carea' id='block_1_16' title="bbox 234 1459 1843 1529">
    <p class='ocr_par' dir='ltr' id='par_1_16' title="bbox 234 1459 1843 1529">
     <span class='ocr_line' id='line_1_16' title="bbox 234 1459 1843 1529; baseline -0.001 -12"><span class='ocrx_word' id='word_1_100' title='bbox 234 1462 493 1529; x_wconf 88' lang='lat' dir='ltr'><strong>rimento,</strong></span> <span class='ocrx_word' id='word_1_101' title='bbox 523 1463 612 1518; x_wconf 88' lang='lat' dir='ltr'><strong>alii</strong></span> <span class='ocrx_word' id='word_1_102' title='bbox 648 1463 835 1519; x_wconf 89' lang='lat' dir='ltr'><strong>videre</strong></span> <span class='ocrx_word' id='word_1_103' title='bbox 874 1462 1081 1527; x_wconf 86' lang='lat' dir='ltr'><strong>audita,</strong></span> <span class='ocrx_word' id='word_1_104' title='bbox 1126 1461 1217 1516; x_wconf 84' lang='lat' dir='ltr'><strong>alii</strong></span> <span class='ocrx_word' id='word_1_105' title='bbox 1272 1474 1380 1516; x_wconf 90' lang='lat' dir='ltr'><strong>non</strong></span> <span class='ocrx_word' id='word_1_106' title='bbox 1416 1461 1582 1515; x_wconf 88' lang='lat' dir='ltr'><strong>semel</strong></span> <span class='ocrx_word' id='word_1_107' title='bbox 1637 1459 1843 1515; x_wconf 76' lang='lat' dir='ltr'><strong>audire&#39;</strong></span> 
     </span>
    </p>
   </div>
   <div class='ocr_carea' id='block_1_17' title="bbox 232 1551 1822 1625">
    <p class='ocr_par' dir='ltr' id='par_1_17' title="bbox 232 1551 1822 1625">
     <span class='ocr_line' id='line_1_17' title="bbox 232 1551 1822 1625; baseline -0.003 -16"><span class='ocrx_word' id='word_1_108' title='bbox 232 1553 369 1619; x_wconf 74' lang='lat' dir='ltr'><strong>visa,</strong></span> <span class='ocrx_word' id='word_1_109' title='bbox 410 1555 570 1624; x_wconf 87' lang='lat' dir='ltr'><strong>quasi</strong></span> <span class='ocrx_word' id='word_1_110' title='bbox 599 1570 796 1610; x_wconf 85' lang='lat' dir='ltr'><strong>novum</strong></span> <span class='ocrx_word' id='word_1_111' title='bbox 841 1569 1057 1625; x_wconf 82' lang='lat' dir='ltr'><strong>semper</strong></span> <span class='ocrx_word' id='word_1_112' title='bbox 1107 1554 1286 1608; x_wconf 88' lang='lat' dir='ltr'><strong>amica</strong></span> <span class='ocrx_word' id='word_1_113' title='bbox 1334 1561 1613 1621; x_wconf 70' lang='lat' dir='ltr'><strong>stulientes</strong></span> <span class='ocrx_word' id='word_1_114' title='bbox 1647 1551 1822 1605; x_wconf 87' lang='lat' dir='ltr'><strong>curio-</strong></span> 
     </span>
    </p>
   </div>
   <div class='ocr_carea' id='block_1_18' title="bbox 232 1645 1823 1718">
    <p class='ocr_par' dir='ltr' id='par_1_18' title="bbox 232 1645 1823 1718">
     <span class='ocr_line' id='line_1_18' title="bbox 232 1645 1823 1718; baseline 0 -18"><span class='ocrx_word' id='word_1_115' title='bbox 232 1646 393 1701; x_wconf 89' lang='lat' dir='ltr'><strong>sitate</strong></span> <span class='ocrx_word' id='word_1_116' title='bbox 432 1655 770 1702; x_wconf 87' lang='lat' dir='ltr'><strong>concertant.</strong></span> <span class='ocrx_word' id='word_1_117' title='bbox 818 1645 941 1703; x_wconf 83' lang='lat' dir='ltr'><strong>Stat</strong></span> <span class='ocrx_word' id='word_1_118' title='bbox 970 1647 1203 1715; x_wconf 89' lang='lat' dir='ltr'><strong>medius,</strong></span> <span class='ocrx_word' id='word_1_119' title='bbox 1241 1656 1298 1702; x_wconf 90' lang='lat' dir='ltr'><strong>ct</strong></span> <span class='ocrx_word' id='word_1_120' title='bbox 1350 1656 1669 1718; x_wconf 86' lang='lat' dir='ltr'><strong>argumenta</strong></span> <span class='ocrx_word' id='word_1_121' title='bbox 1700 1645 1823 1700; x_wconf 89' lang='lat' dir='ltr'><strong>ﬁdei</strong></span> 
     </span>
    </p>
   </div>
   <div class='ocr_carea' id='block_1_19' title="bbox 232 1737 1823 1809">
    <p class='ocr_par' dir='ltr' id='par_1_19' title="bbox 232 1737 1823 1809">
     <span class='ocr_line' id='line_1_19' title="bbox 232 1737 1823 1809; baseline 0 -16"><span class='ocrx_word' id='word_1_122' title='bbox 232 1737 648 1805; x_wconf 81' lang='lat' dir='ltr'><strong>circumferens,</strong></span> <span class='ocrx_word' id='word_1_123' title='bbox 690 1741 994 1809; x_wconf 75' lang='lat' dir='ltr'><strong>quibusque</strong></span> <span class='ocrx_word' id='word_1_124' title='bbox 1021 1740 1369 1794; x_wconf 87' lang='lat' dir='ltr'><strong>obviantibus</strong></span> <span class='ocrx_word' id='word_1_125' title='bbox 1400 1741 1698 1809; x_wconf 89' lang='lat' dir='ltr'><strong>gaudenter</strong></span> <span class='ocrx_word' id='word_1_126' title='bbox 1730 1754 1823 1793; x_wconf 73' lang='lat' dir='ltr'><strong>cs.-</strong></span> 
     </span>
    </p>
   </div>
   <div class='ocr_carea' id='block_1_20' title="bbox 230 1831 1823 1902">
    <p class='ocr_par' dir='ltr' id='par_1_20' title="bbox 230 1831 1823 1902">
     <span class='ocr_line' id='line_1_20' title="bbox 230 1831 1823 1902; baseline 0.003 -18"><span class='ocrx_word' id='word_1_127' title='bbox 230 1831 402 1899; x_wconf 70' lang='lat' dir='ltr'><strong>ponit,</strong></span> <span class='ocrx_word' id='word_1_128' title='bbox 429 1840 594 1901; x_wconf 89' lang='lat' dir='ltr'><strong>atque</strong></span> <span class='ocrx_word' id='word_1_129' title='bbox 630 1833 685 1887; x_wconf 91' lang='lat' dir='ltr'><strong>in</strong></span> <span class='ocrx_word' id='word_1_130' title='bbox 720 1832 807 1887; x_wconf 89' lang='lat' dir='ltr'><strong>his</strong></span> <span class='ocrx_word' id='word_1_131' title='bbox 835 1847 955 1902; x_wconf 72' lang='lat' dir='ltr'><strong>qua:</strong></span> <span class='ocrx_word' id='word_1_132' title='bbox 979 1833 1233 1887; x_wconf 74' lang='lat' dir='ltr'><strong>videbant</strong></span> <span class='ocrx_word' id='word_1_133' title='bbox 1266 1836 1581 1887; x_wconf 80' lang='lat' dir='ltr'><strong>monstratis</strong></span> <span class='ocrx_word' id='word_1_134' title='bbox 1610 1832 1823 1888; x_wconf 88' lang='lat' dir='ltr'><strong>indiciis</strong></span> 
     </span>
    </p>
   </div>
   <div class='ocr_carea' id='block_1_21' title="bbox 231 1922 1823 1995">
    <p class='ocr_par' dir='ltr' id='par_1_21' title="bbox 231 1922 1823 1995">
     <span class='ocr_line' id='line_1_21' title="bbox 231 1922 1823 1995; baseline 0.002 -20"><span class='ocrx_word' id='word_1_135' title='bbox 231 1924 493 1977; x_wconf 89' lang='lat' dir='ltr'><strong>certiores</strong></span> <span class='ocrx_word' id='word_1_136' title='bbox 522 1923 717 1979; x_wconf 88' lang='lat' dir='ltr'><strong>reddit.</strong></span> <span class='ocrx_word' id='word_1_137' title='bbox 752 1922 905 1978; x_wconf 87' lang='lat' dir='ltr'><strong>Tunc</strong></span> <span class='ocrx_word' id='word_1_138' title='bbox 948 1938 1138 1978; x_wconf 89' lang='lat' dir='ltr'><strong>omnes</strong></span> <span class='ocrx_word' id='word_1_139' title='bbox 1168 1926 1540 1995; x_wconf 89' lang='lat' dir='ltr'><strong>unusquisque</strong></span> <span class='ocrx_word' id='word_1_140' title='bbox 1571 1924 1823 1979; x_wconf 81' lang='lat' dir='ltr'><strong>videlicet</strong></span> 
     </span>
    </p>
   </div>
   <div class='ocr_carea' id='block_1_22' title="bbox 231 2014 1823 2087">
    <p class='ocr_par' dir='ltr' id='par_1_22' title="bbox 231 2014 1823 2087">
     <span class='ocr_line' id='line_1_22' title="bbox 231 2014 1823 2087; baseline 0.003 -20"><span class='ocrx_word' id='word_1_141' title='bbox 231 2014 464 2083; x_wconf 90' lang='lat' dir='ltr'><strong>impensi</strong></span> <span class='ocrx_word' id='word_1_142' title='bbox 509 2016 802 2071; x_wconf 76' lang='lat' dir='ltr'><strong>famulatus</strong></span> <span class='ocrx_word' id='word_1_143' title='bbox 851 2016 1085 2071; x_wconf 79' lang='lat' dir='ltr'><strong>fructum</strong></span> <span class='ocrx_word' id='word_1_144' title='bbox 1117 2032 1215 2087; x_wconf 86' lang='lat' dir='ltr'><strong>per</strong></span> <span class='ocrx_word' id='word_1_145' title='bbox 1256 2017 1432 2087; x_wconf 88' lang='lat' dir='ltr'><strong>ipsum</strong></span> <span class='ocrx_word' id='word_1_146' title='bbox 1473 2015 1669 2072; x_wconf 83' lang='lat' dir='ltr'><strong>otl&#39;erre</strong></span> <span class='ocrx_word' id='word_1_147' title='bbox 1712 2017 1823 2072; x_wconf 87' lang='lat' dir='ltr'><strong>Deo</strong></span> 
     </span>
    </p>
   </div>
   <div class='ocr_carea' id='block_1_23' title="bbox 232 2098 1820 2176">
    <p class='ocr_par' dir='ltr' id='par_1_23' title="bbox 232 2098 1820 2176">
     <span class='ocr_line' id='line_1_23' title="bbox 232 2098 1820 2176; baseline 0.001 -16"><span class='ocrx_word' id='word_1_148' title='bbox 232 2106 538 2176; x_wconf 85' lang='lat' dir='ltr'><strong>cupientes,</strong></span> <span class='ocrx_word' id='word_1_149' title='bbox 600 2107 707 2162; x_wconf 86' lang='lat' dir='ltr'><strong>iter</strong></span> <span class='ocrx_word' id='word_1_150' title='bbox 748 2108 815 2162; x_wconf 91' lang='lat' dir='ltr'><strong>ad</strong></span> <span class='ocrx_word' id='word_1_151' title='bbox 871 2107 1159 2163; x_wconf 87' lang='lat' dir='ltr'><strong>ecclesiam</strong></span> <span class='ocrx_word' id='word_1_152' title='bbox 1211 2098 1336 2165; x_wconf 84' lang='lat' dir='ltr'><strong>cum</strong></span> <span class='ocrx_word' id='word_1_153' title='bbox 1387 2124 1453 2164; x_wconf 90' lang='lat' dir='ltr'><strong>eo</strong></span> <span class='ocrx_word' id='word_1_154' title='bbox 1492 2108 1820 2164; x_wconf 72' lang='lat' dir='ltr'><strong>accelerant.</strong></span> 
     </span>
    </p>
   </div>
   <div class='ocr_carea' id='block_1_24' title="bbox 233 2192 1819 2269">
    <p class='ocr_par' dir='ltr' id='par_1_24' title="bbox 233 2192 1819 2269">
     <span class='ocr_line' id='line_1_24' title="bbox 233 2192 1819 2269; baseline 0.001 -19"><span class='ocrx_word' id='word_1_155' title='bbox 233 2192 339 2250; x_wconf 82' lang='lat' dir='ltr'><strong>Sed</strong></span> <span class='ocrx_word' id='word_1_156' title='bbox 369 2195 521 2251; x_wconf 90' lang='lat' dir='ltr'><strong>velut</strong></span> <span class='ocrx_word' id='word_1_157' title='bbox 550 2196 879 2265; x_wconf 82' lang='lat' dir='ltr'><strong>apostolicus</strong></span> <span class='ocrx_word' id='word_1_158' title='bbox 900 2195 1105 2253; x_wconf 67' lang='lat' dir='ltr'><strong>Aineas</strong></span> <span class='ocrx_word' id='word_1_159' title='bbox 1126 2212 1299 2252; x_wconf 80' lang='lat' dir='ltr'><strong>novus</strong></span> <span class='ocrx_word' id='word_1_160' title='bbox 1326 2198 1604 2269; x_wconf 87' lang='lat' dir='ltr'><strong>gressibus</strong></span> <span class='ocrx_word' id='word_1_161' title='bbox 1633 2198 1819 2263; x_wconf 86' lang='lat' dir='ltr'><strong>ﬁdens,</strong></span> 
     </span>
    </p>
   </div>
   <div class='ocr_carea' id='block_1_25' title="bbox 233 2287 1826 2360">
    <p class='ocr_par' dir='ltr' id='par_1_25' title="bbox 233 2287 1826 2360">
     <span class='ocr_line' id='line_1_25' title="bbox 233 2287 1826 2360; baseline 0.003 -21"><span class='ocrx_word' id='word_1_162' title='bbox 233 2301 338 2340; x_wconf 90' lang='lat' dir='ltr'><strong>non</strong></span> <span class='ocrx_word' id='word_1_163' title='bbox 367 2287 459 2341; x_wconf 90' lang='lat' dir='ltr'><strong>ille</strong></span> <span class='ocrx_word' id='word_1_164' title='bbox 487 2288 767 2353; x_wconf 84' lang='lat' dir='ltr'><strong>auxilium,</strong></span> <span class='ocrx_word' id='word_1_165' title='bbox 799 2304 905 2345; x_wconf 89' lang='lat' dir='ltr'><strong>non</strong></span> <span class='ocrx_word' id='word_1_166' title='bbox 938 2289 1027 2343; x_wconf 91' lang='lat' dir='ltr'><strong>ille</strong></span> <span class='ocrx_word' id='word_1_167' title='bbox 1051 2288 1229 2345; x_wconf 89' lang='lat' dir='ltr'><strong>lumen</strong></span> <span class='ocrx_word' id='word_1_168' title='bbox 1260 2291 1509 2360; x_wconf 78' lang='lat' dir='ltr'><strong>quaesivit</strong></span> <span class='ocrx_word' id='word_1_169' title='bbox 1538 2309 1551 2344; x_wconf 93' lang='lat'>:</span> <span class='ocrx_word' id='word_1_170' title='bbox 1592 2291 1701 2345; x_wconf 93' lang='lat' dir='ltr'><strong>imo</strong></span> <span class='ocrx_word' id='word_1_171' title='bbox 1729 2306 1826 2359; x_wconf 89' lang='lat' dir='ltr'><strong>per</strong></span> 
     </span>
    </p>
   </div>
   <div class='ocr_carea' id='block_1_26' title="bbox 236 2378 1825 2453">
    <p class='ocr_par' dir='ltr' id='par_1_26' title="bbox 236 2378 1825 2453">
     <span class='ocr_line' id='line_1_26' title="bbox 236 2378 1825 2453; baseline 0.003 -21"><span class='ocrx_word' id='word_1_172' title='bbox 236 2378 470 2435; x_wconf 81' lang='lat' dir='ltr'><strong>difﬁcilia</strong></span> <span class='ocrx_word' id='word_1_173' title='bbox 498 2389 554 2436; x_wconf 92' lang='lat' dir='ltr'><strong>et</strong></span> <span class='ocrx_word' id='word_1_174' title='bbox 595 2381 854 2453; x_wconf 89' lang='lat' dir='ltr'><strong>angulosa</strong></span> <span class='ocrx_word' id='word_1_175' title='bbox 900 2381 1018 2437; x_wconf 88' lang='lat' dir='ltr'><strong>loca</strong></span> <span class='ocrx_word' id='word_1_176' title='bbox 1048 2381 1196 2437; x_wconf 86' lang='lat' dir='ltr'><strong>solus</strong></span> <span class='ocrx_word' id='word_1_177' title='bbox 1223 2397 1412 2438; x_wconf 90' lang='lat' dir='ltr'><strong>omnes</strong></span> <span class='ocrx_word' id='word_1_178' title='bbox 1441 2382 1575 2438; x_wconf 92' lang='lat' dir='ltr'><strong>alios</strong></span> <span class='ocrx_word' id='word_1_179' title='bbox 1604 2390 1825 2437; x_wconf 81' lang='lat' dir='ltr'><strong>anteve-</strong></span> 
     </span>
    </p>
   </div>
   <div class='ocr_carea' id='block_1_27' title="bbox 234 2470 1830 2544">
    <p class='ocr_par' dir='ltr' id='par_1_27' title="bbox 234 2470 1830 2544">
     <span class='ocr_line' id='line_1_27' title="bbox 234 2470 1830 2544; baseline 0.003 -21"><span class='ocrx_word' id='word_1_180' title='bbox 234 2470 333 2534; x_wconf 88' lang='lat' dir='ltr'><strong>nit,</strong></span> <span class='ocrx_word' id='word_1_181' title='bbox 350 2478 761 2542; x_wconf 88' lang='lat' dir='ltr'><strong>subsequuntur</strong></span> <span class='ocrx_word' id='word_1_182' title='bbox 785 2474 1009 2539; x_wconf 86' lang='lat' dir='ltr'><strong>curiosi,</strong></span> <span class='ocrx_word' id='word_1_183' title='bbox 1032 2475 1123 2544; x_wconf 85' lang='lat' dir='ltr'><strong>qui</strong></span> <span class='ocrx_word' id='word_1_184' title='bbox 1155 2474 1222 2528; x_wconf 91' lang='lat' dir='ltr'><strong>ad</strong></span> <span class='ocrx_word' id='word_1_185' title='bbox 1243 2474 1599 2530; x_wconf 87' lang='lat' dir='ltr'><strong>ministerium</strong></span> <span class='ocrx_word' id='word_1_186' title='bbox 1626 2488 1830 2543; x_wconf 66' lang='lat' dir='ltr'><strong>praeco--</strong></span> 
     </span>
    </p>
   </div>
   <div class='ocr_carea' id='block_1_28' title="bbox 236 2561 1827 2635">
    <p class='ocr_par' dir='ltr' id='par_1_28' title="bbox 236 2561 1827 2635">
     <span class='ocr_line' id='line_1_28' title="bbox 236 2561 1827 2635; baseline 0.002 -21"><span class='ocrx_word' id='word_1_187' title='bbox 236 2561 365 2617; x_wconf 90' lang='lat' dir='ltr'><strong>dere</strong></span> <span class='ocrx_word' id='word_1_188' title='bbox 393 2564 729 2632; x_wconf 76' lang='lat' dir='ltr'><strong>debuissent,</strong></span> <span class='ocrx_word' id='word_1_189' title='bbox 755 2571 810 2620; x_wconf 92' lang='lat' dir='ltr'><strong>et</strong></span> <span class='ocrx_word' id='word_1_190' title='bbox 837 2565 980 2635; x_wconf 92' lang='lat' dir='ltr'><strong>quod</strong></span> <span class='ocrx_word' id='word_1_191' title='bbox 1012 2564 1159 2620; x_wconf 90' lang='lat' dir='ltr'><strong>nulla</strong></span> <span class='ocrx_word' id='word_1_192' title='bbox 1192 2565 1520 2635; x_wconf 85' lang='lat' dir='ltr'><strong>impaetioue</strong></span> <span class='ocrx_word' id='word_1_193' title='bbox 1543 2580 1602 2620; x_wconf 91' lang='lat' dir='ltr'><strong>se</strong></span> <span class='ocrx_word' id='word_1_194' title='bbox 1626 2564 1827 2619; x_wconf 67' lang='lat' dir='ltr'><strong>Imserit</strong></span> 
     </span>
    </p>
   </div>
   <div class='ocr_carea' id='block_1_29' title="bbox 233 2652 1823 2723">
    <p class='ocr_par' dir='ltr' id='par_1_29' title="bbox 233 2652 1823 2723">
     <span class='ocr_line' id='line_1_29' title="bbox 233 2652 1823 2723; baseline 0.001 -17"><span class='ocrx_word' id='word_1_195' title='bbox 233 2659 392 2707; x_wconf 85' lang='lat' dir='ltr'><strong>nocte</strong></span> <span class='ocrx_word' id='word_1_196' title='bbox 419 2666 486 2709; x_wconf 85' lang='lat' dir='ltr'><strong>ac</strong></span> <span class='ocrx_word' id='word_1_197' title='bbox 514 2654 817 2722; x_wconf 84' lang='lat' dir='ltr'><strong>perieuloso</strong></span> <span class='ocrx_word' id='word_1_198' title='bbox 844 2654 899 2710; x_wconf 91' lang='lat' dir='ltr'><strong>in</strong></span> <span class='ocrx_word' id='word_1_199' title='bbox 927 2654 1185 2723; x_wconf 80' lang='lat' dir='ltr'><strong>transito,</strong></span> <span class='ocrx_word' id='word_1_200' title='bbox 1215 2670 1339 2711; x_wconf 91' lang='lat' dir='ltr'><strong>cum</strong></span> <span class='ocrx_word' id='word_1_201' title='bbox 1368 2652 1632 2710; x_wconf 87' lang='lat' dir='ltr'><strong>intactum</strong></span> <span class='ocrx_word' id='word_1_202' title='bbox 1664 2668 1823 2723; x_wconf 83' lang='lat' dir='ltr'><strong>repe-</strong></span> 
     </span>
    </p>
   </div>
   <div class='ocr_carea' id='block_1_30' title="bbox 234 2740 1822 2816">
    <p class='ocr_par' dir='ltr' id='par_1_30' title="bbox 234 2740 1822 2816">
     <span class='ocr_line' id='line_1_30' title="bbox 234 2740 1822 2816; baseline 0.002 -22"><span class='ocrx_word' id='word_1_203' title='bbox 234 2740 457 2810; x_wconf 59' lang='lat' dir='ltr'><strong>vissent,</strong></span> <span class='ocrx_word' id='word_1_204' title='bbox 489 2745 653 2799; x_wconf 88' lang='lat' dir='ltr'><strong>Deum</strong></span> <span class='ocrx_word' id='word_1_205' title='bbox 680 2744 1045 2815; x_wconf 87' lang='lat' dir='ltr'><strong>gloriﬁcantes</strong></span> <span class='ocrx_word' id='word_1_206' title='bbox 1070 2746 1189 2816; x_wconf 84' lang='lat' dir='ltr'><strong>plus</strong></span> <span class='ocrx_word' id='word_1_207' title='bbox 1217 2744 1505 2801; x_wconf 88' lang='lat' dir='ltr'><strong>mirantur.</strong></span> <span class='ocrx_word' id='word_1_208' title='bbox 1541 2743 1613 2801; x_wconf 88' lang='lat' dir='ltr'><strong>Ut</strong></span> <span class='ocrx_word' id='word_1_209' title='bbox 1642 2752 1822 2799; x_wconf 88' lang='lat' dir='ltr'><strong>autem</strong></span> 
     </span>
    </p>
   </div>
   <div class='ocr_carea' id='block_1_31' title="bbox 252 2919 1125 2951">
    <p class='ocr_par' dir='ltr' id='par_1_31' title="bbox 252 2919 1125 2951">
     <span class='ocr_line' id='line_1_31' title="bbox 252 2919 1125 2951; baseline 0.003 -3"><span class='ocrx_word' id='word_1_210' title='bbox 252 2919 1125 2951; x_wconf 45' lang='grc' dir='ltr'><strong>ωῌή--α--υ--ια--ο</strong></span> 
     </span>
    </p>
   </div>
   <div class='ocr_carea' id='block_1_32' title="bbox 1924 533 3511 605">
    <p class='ocr_par' dir='ltr' id='par_1_32' title="bbox 1924 533 3511 605">
     <span class='ocr_line' id='line_1_32' title="bbox 1924 533 3511 605; baseline 0.001 -16"><span class='ocrx_word' id='word_1_211' title='bbox 1924 533 2163 590; x_wconf 63' lang='lat' dir='ltr'><strong>basilicae</strong></span> <span class='ocrx_word' id='word_1_212' title='bbox 2209 533 2411 588; x_wconf 76' lang='lat' dir='ltr'><strong>solatio</strong></span> <span class='ocrx_word' id='word_1_213' title='bbox 2458 533 2545 587; x_wconf 89' lang='lat' dir='ltr'><strong>ubi</strong></span> <span class='ocrx_word' id='word_1_214' title='bbox 2599 533 2942 599; x_wconf 72' lang='lat' dir='ltr'><strong>intraverat,</strong></span> <span class='ocrx_word' id='word_1_215' title='bbox 2998 534 3213 589; x_wconf 88' lang='lat' dir='ltr'><strong>nemine</strong></span> <span class='ocrx_word' id='word_1_216' title='bbox 3269 543 3511 605; x_wconf 84' lang='lat' dir='ltr'><strong>regente,</strong></span> 
     </span>
    </p>
   </div>
   <div class='ocr_carea' id='block_1_33' title="bbox 1925 627 3515 699">
    <p class='ocr_par' dir='ltr' id='par_1_33' title="bbox 1925 627 3515 699">
     <span class='ocr_line' id='line_1_33' title="bbox 1925 627 3515 699; baseline 0.001 -15"><span class='ocrx_word' id='word_1_217' title='bbox 1925 638 2051 684; x_wconf 71' lang='lat' dir='ltr'><strong>ante</strong></span> <span class='ocrx_word' id='word_1_218' title='bbox 2106 628 2296 694; x_wconf 89' lang='lat' dir='ltr'><strong>altare,</strong></span> <span class='ocrx_word' id='word_1_219' title='bbox 2358 628 2505 699; x_wconf 90' lang='lat' dir='ltr'><strong>quod</strong></span> <span class='ocrx_word' id='word_1_220' title='bbox 2565 627 2739 696; x_wconf 83' lang='lat' dir='ltr'><strong>majus</strong></span> <span class='ocrx_word' id='word_1_221' title='bbox 2785 628 3081 699; x_wconf 76' lang='lat' dir='ltr'><strong>appellant,</strong></span> <span class='ocrx_word' id='word_1_222' title='bbox 3135 644 3231 699; x_wconf 89' lang='lat' dir='ltr'><strong>per</strong></span> <span class='ocrx_word' id='word_1_223' title='bbox 3275 630 3515 686; x_wconf 71' lang='lat' dir='ltr'><strong>cocleam</strong></span> 
     </span>
    </p>
   </div>
   <div class='ocr_carea' id='block_1_34' title="bbox 1926 723 3491 796">
    <p class='ocr_par' dir='ltr' id='par_1_34' title="bbox 1926 723 3491 796">
     <span class='ocr_line' id='line_1_34' title="bbox 1926 723 3491 796; baseline -0.001 -15"><span class='ocrx_word' id='word_1_224' title='bbox 1926 725 2212 781; x_wconf 85' lang='lat' dir='ltr'><strong>celerrime</strong></span> <span class='ocrx_word' id='word_1_225' title='bbox 2250 723 2552 790; x_wconf 82' lang='lat' dir='ltr'><strong>descendit,</strong></span> <span class='ocrx_word' id='word_1_226' title='bbox 2604 724 2752 778; x_wconf 86' lang='lat' dir='ltr'><strong>ﬁlum</strong></span> <span class='ocrx_word' id='word_1_227' title='bbox 2782 732 3120 795; x_wconf 87' lang='lat' dir='ltr'><strong>argenteum,</strong></span> <span class='ocrx_word' id='word_1_228' title='bbox 3154 725 3294 780; x_wconf 80' lang='lat' dir='ltr'><strong>sicut</strong></span> <span class='ocrx_word' id='word_1_229' title='bbox 3338 724 3491 796; x_wconf 88' lang='lat' dir='ltr'><strong>injun</strong></span> 
     </span>
    </p>
   </div>
   <div class='ocr_carea' id='block_1_35' title="bbox 1925 814 3512 887">
    <p class='ocr_par' dir='ltr' id='par_1_35' title="bbox 1925 814 3512 887">
     <span class='ocr_line' id='line_1_35' title="bbox 1925 814 3512 887; baseline -0.003 -14"><span class='ocrx_word' id='word_1_230' title='bbox 1925 826 2073 873; x_wconf 92' lang='lat' dir='ltr'><strong>ctum</strong></span> <span class='ocrx_word' id='word_1_231' title='bbox 2099 824 2241 884; x_wconf 88' lang='lat' dir='ltr'><strong>erat,</strong></span> <span class='ocrx_word' id='word_1_232' title='bbox 2266 817 2321 871; x_wconf 92' lang='lat' dir='ltr'><strong>in</strong></span> <span class='ocrx_word' id='word_1_233' title='bbox 2354 817 2470 887; x_wconf 91' lang='lat' dir='ltr'><strong>ipso</strong></span> <span class='ocrx_word' id='word_1_234' title='bbox 2498 816 2564 871; x_wconf 92' lang='lat' dir='ltr'><strong>ad</strong></span> <span class='ocrx_word' id='word_1_235' title='bbox 2589 814 2763 871; x_wconf 88' lang='lat' dir='ltr'><strong>sancti</strong></span> <span class='ocrx_word' id='word_1_236' title='bbox 2795 830 2995 885; x_wconf 90' lang='lat' dir='ltr'><strong>corpus</strong></span> <span class='ocrx_word' id='word_1_237' title='bbox 3020 814 3234 880; x_wconf 82' lang='lat' dir='ltr'><strong>obtulit,</strong></span> <span class='ocrx_word' id='word_1_238' title='bbox 3265 825 3428 885; x_wconf 89' lang='lat' dir='ltr'><strong>atque</strong></span> <span class='ocrx_word' id='word_1_239' title='bbox 3460 815 3512 870; x_wconf 76' lang='lat' dir='ltr'><strong>ia</strong></span> 
     </span>
    </p>
   </div>
   <div class='ocr_carea' id='block_1_36' title="bbox 1924 903 3511 975">
    <p class='ocr_par' dir='ltr' id='par_1_36' title="bbox 1924 903 3511 975">
     <span class='ocr_line' id='line_1_36' title="bbox 1924 903 3511 975; baseline -0.004 -12"><span class='ocrx_word' id='word_1_240' title='bbox 1924 908 2112 963; x_wconf 74' lang='lat' dir='ltr'><strong>eodem</strong></span> <span class='ocrx_word' id='word_1_241' title='bbox 2141 905 2259 961; x_wconf 90' lang='lat' dir='ltr'><strong>loco</strong></span> <span class='ocrx_word' id='word_1_242' title='bbox 2287 906 2472 961; x_wconf 88' lang='lat' dir='ltr'><strong>multis</strong></span> <span class='ocrx_word' id='word_1_243' title='bbox 2502 905 2675 961; x_wconf 73' lang='lat' dir='ltr'><strong>reniis</strong></span> <span class='ocrx_word' id='word_1_244' title='bbox 2699 919 2836 975; x_wconf 90' lang='lat' dir='ltr'><strong>quas</strong></span> <span class='ocrx_word' id='word_1_245' title='bbox 2862 904 2966 959; x_wconf 87' lang='lat' dir='ltr'><strong>nisi</strong></span> <span class='ocrx_word' id='word_1_246' title='bbox 2997 918 3163 960; x_wconf 84' lang='lat' dir='ltr'><strong>sanus</strong></span> <span class='ocrx_word' id='word_1_247' title='bbox 3189 903 3370 961; x_wconf 85' lang='lat' dir='ltr'><strong>Iacere</strong></span> <span class='ocrx_word' id='word_1_248' title='bbox 3403 919 3511 960; x_wconf 91' lang='lat' dir='ltr'><strong>non</strong></span> 
     </span>
    </p>
   </div>
   <div class='ocr_carea' id='block_1_37' title="bbox 1924 1002 3515 1076">
    <p class='ocr_par' dir='ltr' id='par_1_37' title="bbox 1924 1002 3515 1076">
     <span class='ocr_line' id='line_1_37' title="bbox 1924 1002 3515 1076; baseline -0.001 -17"><span class='ocrx_word' id='word_1_249' title='bbox 1924 1003 2213 1076; x_wconf 67' lang='lat' dir='ltr'><strong>patuisset,</strong></span> <span class='ocrx_word' id='word_1_250' title='bbox 2241 1004 2389 1061; x_wconf 73' lang='lat' dir='ltr'><strong>brevi</strong></span> <span class='ocrx_word' id='word_1_251' title='bbox 2423 1003 2597 1073; x_wconf 82' lang='lat' dir='ltr'><strong>spatio</strong></span> <span class='ocrx_word' id='word_1_252' title='bbox 2629 1020 2690 1059; x_wconf 85' lang='lat' dir='ltr'><strong>se</strong></span> <span class='ocrx_word' id='word_1_253' title='bbox 2722 1004 2776 1057; x_wconf 83' lang='lat' dir='ltr'><strong>in</strong></span> <span class='ocrx_word' id='word_1_254' title='bbox 2802 1005 3049 1059; x_wconf 88' lang='lat' dir='ltr'><strong>oratione</strong></span> <span class='ocrx_word' id='word_1_255' title='bbox 3077 1002 3286 1058; x_wconf 78' lang='lat' dir='ltr'><strong>aIIIixit.</strong></span> <span class='ocrx_word' id='word_1_256' title='bbox 3312 1002 3515 1072; x_wconf 62' lang='lat' dir='ltr'><strong>Ilnjuso</strong></span> 
     </span>
    </p>
   </div>
   <div class='ocr_carea' id='block_1_38' title="bbox 1926 1093 3512 1165">
    <p class='ocr_par' dir='ltr' id='par_1_38' title="bbox 1926 1093 3512 1165">
     <span class='ocr_line' id='line_1_38' title="bbox 1926 1093 3512 1165; baseline -0.002 -15"><span class='ocrx_word' id='word_1_257' title='bbox 1926 1095 2069 1150; x_wconf 90' lang='lat' dir='ltr'><strong>modi</strong></span> <span class='ocrx_word' id='word_1_258' title='bbox 2116 1096 2531 1164; x_wconf 87' lang='lat' dir='ltr'><strong>probationibus</strong></span> <span class='ocrx_word' id='word_1_259' title='bbox 2559 1111 2626 1150; x_wconf 88' lang='lat' dir='ltr'><strong>ne</strong></span> <span class='ocrx_word' id='word_1_260' title='bbox 2667 1100 3106 1150; x_wconf 86' lang='lat' dir='ltr'><strong>momenlaiicum</strong></span> <span class='ocrx_word' id='word_1_261' title='bbox 3145 1093 3378 1165; x_wconf 91' lang='lat' dir='ltr'><strong>impulsu</strong></span> <span class='ocrx_word' id='word_1_262' title='bbox 3407 1094 3512 1149; x_wconf 87' lang='lat' dir='ltr'><strong>ali-</strong></span> 
     </span>
    </p>
   </div>
   <div class='ocr_carea' id='block_1_39' title="bbox 1925 1188 3518 1259">
    <p class='ocr_par' dir='ltr' id='par_1_39' title="bbox 1925 1188 3518 1259">
     <span class='ocr_line' id='line_1_39' title="bbox 1925 1188 3518 1259; baseline 0.002 -18"><span class='ocrx_word' id='word_1_263' title='bbox 1925 1203 2032 1259; x_wconf 90' lang='lat' dir='ltr'><strong>quo</strong></span> <span class='ocrx_word' id='word_1_264' title='bbox 2058 1188 2350 1259; x_wconf 85' lang='lat' dir='ltr'><strong>contigisse</strong></span> <span class='ocrx_word' id='word_1_265' title='bbox 2387 1190 2695 1255; x_wconf 82' lang='lat' dir='ltr'><strong>crederent,</strong></span> <span class='ocrx_word' id='word_1_266' title='bbox 2723 1188 3093 1259; x_wconf 83' lang='lat' dir='ltr'><strong>spectantibus</strong></span> <span class='ocrx_word' id='word_1_267' title='bbox 3139 1189 3232 1258; x_wconf 91' lang='lat' dir='ltr'><strong>qui</strong></span> <span class='ocrx_word' id='word_1_268' title='bbox 3285 1195 3518 1244; x_wconf 86' lang='lat' dir='ltr'><strong>aderant</strong></span> 
     </span>
    </p>
   </div>
   <div class='ocr_carea' id='block_1_40' title="bbox 1927 1281 3517 1347">
    <p class='ocr_par' dir='ltr' id='par_1_40' title="bbox 1927 1281 3517 1347">
     <span class='ocr_line' id='line_1_40' title="bbox 1927 1281 3517 1347; baseline -0.003 -7"><span class='ocrx_word' id='word_1_269' title='bbox 1927 1286 2212 1341; x_wconf 81' lang='lat' dir='ltr'><strong>satisfecit.</strong></span> <span class='ocrx_word' id='word_1_270' title='bbox 2245 1286 2341 1339; x_wconf 87' lang='lat' dir='ltr'><strong>Die</strong></span> <span class='ocrx_word' id='word_1_271' title='bbox 2388 1283 2553 1347; x_wconf 81' lang='lat' dir='ltr'><strong>facta,</strong></span> <span class='ocrx_word' id='word_1_272' title='bbox 2604 1281 2956 1336; x_wconf 88' lang='lat' dir='ltr'><strong>nihilominus</strong></span> <span class='ocrx_word' id='word_1_273' title='bbox 2982 1282 3036 1335; x_wconf 88' lang='lat' dir='ltr'><strong>in</strong></span> <span class='ocrx_word' id='word_1_274' title='bbox 3070 1281 3238 1336; x_wconf 87' lang='lat' dir='ltr'><strong>choro</strong></span> <span class='ocrx_word' id='word_1_275' title='bbox 3263 1282 3517 1336; x_wconf 88' lang='lat' dir='ltr'><strong>continue</strong></span> 
     </span>
    </p>
   </div>
   <div class='ocr_carea' id='block_1_41' title="bbox 1926 1372 3517 1449">
    <p class='ocr_par' dir='ltr' id='par_1_41' title="bbox 1926 1372 3517 1449">
     <span class='ocr_line' id='line_1_41' title="bbox 1926 1372 3517 1449; baseline -0.004 -16"><span class='ocrx_word' id='word_1_276' title='bbox 1926 1394 2095 1434; x_wconf 88' lang='lat' dir='ltr'><strong>sanus</strong></span> <span class='ocrx_word' id='word_1_277' title='bbox 2121 1377 2393 1449; x_wconf 88' lang='lat' dir='ltr'><strong>apparuit,</strong></span> <span class='ocrx_word' id='word_1_278' title='bbox 2420 1374 2787 1445; x_wconf 82' lang='lat' dir='ltr'><strong>portatoribus</strong></span> <span class='ocrx_word' id='word_1_279' title='bbox 2813 1374 2926 1428; x_wconf 85' lang='lat' dir='ltr'><strong>suis</strong></span> <span class='ocrx_word' id='word_1_280' title='bbox 2946 1372 3061 1444; x_wconf 87' lang='lat' dir='ltr'><strong>ipse</strong></span> <span class='ocrx_word' id='word_1_281' title='bbox 3082 1372 3283 1429; x_wconf 88' lang='lat' dir='ltr'><strong>saliens</strong></span> <span class='ocrx_word' id='word_1_282' title='bbox 3307 1372 3517 1443; x_wconf 84' lang='lat' dir='ltr'><strong>dapii‘er</strong></span> 
     </span>
    </p>
   </div>
   <div class='ocr_carea' id='block_1_42' title="bbox 1925 1465 3521 1536">
    <p class='ocr_par' dir='ltr' id='par_1_42' title="bbox 1925 1465 3521 1536">
     <span class='ocr_line' id='line_1_42' title="bbox 1925 1465 3521 1536; baseline -0.003 -10"><span class='ocrx_word' id='word_1_283' title='bbox 1925 1470 2114 1527; x_wconf 88' lang='lat' dir='ltr'><strong>eadem</strong></span> <span class='ocrx_word' id='word_1_284' title='bbox 2146 1470 2233 1525; x_wconf 87' lang='lat' dir='ltr'><strong>die</strong></span> <span class='ocrx_word' id='word_1_285' title='bbox 2262 1468 2329 1523; x_wconf 91' lang='lat' dir='ltr'><strong>ad</strong></span> <span class='ocrx_word' id='word_1_286' title='bbox 2355 1482 2593 1523; x_wconf 85' lang='lat' dir='ltr'><strong>mensam</strong></span> <span class='ocrx_word' id='word_1_287' title='bbox 2621 1466 2971 1533; x_wconf 84' lang='lat' dir='ltr'><strong>ministravit,</strong></span> <span class='ocrx_word' id='word_1_288' title='bbox 3000 1475 3055 1521; x_wconf 88' lang='lat' dir='ltr'><strong>et</strong></span> <span class='ocrx_word' id='word_1_289' title='bbox 3079 1465 3227 1521; x_wconf 91' lang='lat' dir='ltr'><strong>omni</strong></span> <span class='ocrx_word' id='word_1_290' title='bbox 3250 1466 3521 1536; x_wconf 37' lang='lat' dir='ltr'><strong>ambigui-ﬁ</strong></span> 
     </span>
    </p>
   </div>
   <div class='ocr_carea' id='block_1_43' title="bbox 1928 1557 3520 1629">
    <p class='ocr_par' dir='ltr' id='par_1_43' title="bbox 1928 1557 3520 1629">
     <span class='ocr_line' id='line_1_43' title="bbox 1928 1557 3520 1629; baseline -0.003 -12"><span class='ocrx_word' id='word_1_291' title='bbox 1928 1571 2042 1618; x_wconf 90' lang='lat' dir='ltr'><strong>tate</strong></span> <span class='ocrx_word' id='word_1_292' title='bbox 2073 1562 2290 1618; x_wconf 89' lang='lat' dir='ltr'><strong>detersa</strong></span> <span class='ocrx_word' id='word_1_293' title='bbox 2323 1560 2561 1614; x_wconf 90' lang='lat' dir='ltr'><strong>secunda</strong></span> <span class='ocrx_word' id='word_1_294' title='bbox 2607 1568 2765 1614; x_wconf 91' lang='lat' dir='ltr'><strong>nocte</strong></span> <span class='ocrx_word' id='word_1_295' title='bbox 2795 1558 3105 1614; x_wconf 89' lang='lat' dir='ltr'><strong>Dominicas</strong></span> <span class='ocrx_word' id='word_1_296' title='bbox 3135 1557 3350 1629; x_wconf 85' lang='lat' dir='ltr'><strong>vigilias</strong></span> <span class='ocrx_word' id='word_1_297' title='bbox 3390 1574 3520 1613; x_wconf 84' lang='lat' dir='ltr'><strong>cum</strong></span> 
     </span>
    </p>
   </div>
   <div class='ocr_carea' id='block_1_44' title="bbox 1925 1647 3519 1723">
    <p class='ocr_par' dir='ltr' id='par_1_44' title="bbox 1925 1647 3519 1723">
     <span class='ocr_line' id='line_1_44' title="bbox 1925 1647 3519 1723; baseline -0.001 -18"><span class='ocrx_word' id='word_1_298' title='bbox 1925 1652 2084 1723; x_wconf 89' lang='lat' dir='ltr'><strong>pleno</strong></span> <span class='ocrx_word' id='word_1_299' title='bbox 2111 1660 2381 1707; x_wconf 86' lang='lat' dir='ltr'><strong>conventu</strong></span> <span class='ocrx_word' id='word_1_300' title='bbox 2416 1649 2730 1704; x_wconf 65' lang='lat' dir='ltr'><strong>celebravit.</strong></span> <span class='ocrx_word' id='word_1_301' title='bbox 2788 1648 2881 1703; x_wconf 86' lang='lat' dir='ltr'><strong>Dic</strong></span> <span class='ocrx_word' id='word_1_302' title='bbox 2930 1657 3113 1703; x_wconf 87' lang='lat' dir='ltr'><strong>autem</strong></span> <span class='ocrx_word' id='word_1_303' title='bbox 3162 1649 3278 1718; x_wconf 86' lang='lat' dir='ltr'><strong>ipsa</strong></span> <span class='ocrx_word' id='word_1_304' title='bbox 3310 1647 3519 1703; x_wconf 79' lang='lat' dir='ltr'><strong>Natalis</strong></span> 
     </span>
    </p>
   </div>
   <div class='ocr_carea' id='block_1_45' title="bbox 1926 1737 3519 1811">
    <p class='ocr_par' dir='ltr' id='par_1_45' title="bbox 1926 1737 3519 1811">
     <span class='ocr_line' id='line_1_45' title="bbox 1926 1737 3519 1811; baseline -0.003 -14"><span class='ocrx_word' id='word_1_305' title='bbox 1926 1742 2138 1798; x_wconf 79' lang='lat' dir='ltr'><strong>Domini</strong></span> <span class='ocrx_word' id='word_1_306' title='bbox 2181 1740 2440 1811; x_wconf 60' lang='lat' dir='ltr'><strong>praelatus</strong></span> <span class='ocrx_word' id='word_1_307' title='bbox 2480 1739 2725 1795; x_wconf 75' lang='lat' dir='ltr'><strong>ecclesia:</strong></span> <span class='ocrx_word' id='word_1_308' title='bbox 2771 1737 2987 1810; x_wconf 86' lang='lat' dir='ltr'><strong>publica</strong></span> <span class='ocrx_word' id='word_1_309' title='bbox 3026 1738 3285 1805; x_wconf 84' lang='lat' dir='ltr'><strong>statione,</strong></span> <span class='ocrx_word' id='word_1_310' title='bbox 3322 1740 3519 1795; x_wconf 85' lang='lat' dir='ltr'><strong>eodem</strong></span> 
     </span>
    </p>
   </div>
   <div class='ocr_carea' id='block_1_46' title="bbox 1857 1809 3517 1901">
    <p class='ocr_par' dir='ltr' id='par_1_46' title="bbox 1857 1809 3517 1901">
     <span class='ocr_line' id='line_1_46' title="bbox 1857 1809 3517 1901; baseline -0.004 -10"><span class='ocrx_word' id='word_1_311' title='bbox 1857 1809 2097 1891; x_wconf 73' lang='lat' dir='ltr'><strong>Bfratre</strong></span> <span class='ocrx_word' id='word_1_312' title='bbox 2158 1809 2471 1898; x_wconf 81' lang='lat' dir='ltr'><strong>attestante,</strong></span> <span class='ocrx_word' id='word_1_313' title='bbox 2524 1833 2592 1888; x_wconf 91' lang='lat' dir='ltr'><strong>de</strong></span> <span class='ocrx_word' id='word_1_314' title='bbox 2644 1809 2897 1887; x_wconf 91' lang='lat' dir='ltr'><strong>omnibus</strong></span> <span class='ocrx_word' id='word_1_315' title='bbox 2942 1846 3061 1901; x_wconf 65' lang='lat' dir='ltr'><strong>qtae</strong></span> <span class='ocrx_word' id='word_1_316' title='bbox 3108 1831 3419 1886; x_wconf 86' lang='lat' dir='ltr'><strong>acciderant</strong></span> <span class='ocrx_word' id='word_1_317' title='bbox 3463 1831 3517 1885; x_wconf 72' lang='lat' dir='ltr'><strong>in</strong></span> 
     </span>
    </p>
   </div>
   <div class='ocr_carea' id='block_1_47' title="bbox 1930 1923 3522 1997">
    <p class='ocr_par' dir='ltr' id='par_1_47' title="bbox 1930 1923 3522 1997">
     <span class='ocr_line' id='line_1_47' title="bbox 1930 1923 3522 1997; baseline -0.006 -12"><span class='ocrx_word' id='word_1_318' title='bbox 1930 1942 2179 1985; x_wconf 84' lang='lat' dir='ltr'><strong>sermone</strong></span> <span class='ocrx_word' id='word_1_319' title='bbox 2227 1927 2293 1979; x_wconf 87' lang='lat' dir='ltr'><strong>ad</strong></span> <span class='ocrx_word' id='word_1_320' title='bbox 2345 1925 2603 1997; x_wconf 85' lang='lat' dir='ltr'><strong>pOpqum</strong></span> <span class='ocrx_word' id='word_1_321' title='bbox 2647 1923 2978 1979; x_wconf 85' lang='lat' dir='ltr'><strong>credibiliter</strong></span> <span class='ocrx_word' id='word_1_322' title='bbox 3027 1924 3327 1993; x_wconf 72' lang='lat' dir='ltr'><strong>peroravit.</strong></span> <span class='ocrx_word' id='word_1_323' title='bbox 3388 1924 3522 1979; x_wconf 83' lang='lat' dir='ltr'><strong>Erat</strong></span> 
     </span>
    </p>
   </div>
   <div class='ocr_carea' id='block_1_48' title="bbox 1930 2015 3522 2087">
    <p class='ocr_par' dir='ltr' id='par_1_48' title="bbox 1930 2015 3522 2087">
     <span class='ocr_line' id='line_1_48' title="bbox 1930 2015 3522 2087; baseline -0.003 -12"><span class='ocrx_word' id='word_1_324' title='bbox 1930 2036 2105 2075; x_wconf 81' lang='lat' dir='ltr'><strong>minus</strong></span> <span class='ocrx_word' id='word_1_325' title='bbox 2132 2018 2530 2075; x_wconf 88' lang='lat' dir='ltr'><strong>lncarnationis</strong></span> <span class='ocrx_word' id='word_1_326' title='bbox 2561 2016 2773 2071; x_wconf 88' lang='lat' dir='ltr'><strong>Domini</strong></span> <span class='ocrx_word' id='word_1_327' title='bbox 2800 2016 2957 2082; x_wconf 72' lang='lat'><strong>1088,</strong></span> <span class='ocrx_word' id='word_1_328' title='bbox 3009 2016 3235 2087; x_wconf 83' lang='lat' dir='ltr'><strong>indictio</strong></span> <span class='ocrx_word' id='word_1_329' title='bbox 3266 2032 3342 2071; x_wconf 79' lang='lat' dir='ltr'><strong>x1.</strong></span> <span class='ocrx_word' id='word_1_330' title='bbox 3383 2015 3522 2072; x_wconf 84' lang='lat' dir='ltr'><strong>Cum</strong></span> 
     </span>
    </p>
   </div>
   <div class='ocr_carea' id='block_1_49' title="bbox 1930 2110 3523 2180">
    <p class='ocr_par' dir='ltr' id='par_1_49' title="bbox 1930 2110 3523 2180">
     <span class='ocr_line' id='line_1_49' title="bbox 1930 2110 3523 2180; baseline -0.003 -13"><span class='ocrx_word' id='word_1_331' title='bbox 1930 2113 1984 2167; x_wconf 96' lang='lat' dir='ltr'><strong>in</strong></span> <span class='ocrx_word' id='word_1_332' title='bbox 2005 2112 2239 2168; x_wconf 84' lang='lat' dir='ltr'><strong>ecclesia</strong></span> <span class='ocrx_word' id='word_1_333' title='bbox 2265 2111 2324 2167; x_wconf 92' lang='lat' dir='ltr'><strong>S.</strong></span> <span class='ocrx_word' id='word_1_334' title='bbox 2348 2111 2637 2168; x_wconf 88' lang='lat' dir='ltr'><strong>Donatiani</strong></span> <span class='ocrx_word' id='word_1_335' title='bbox 2663 2112 2845 2168; x_wconf 89' lang='lat' dir='ltr'><strong>Patris</strong></span> <span class='ocrx_word' id='word_1_336' title='bbox 2874 2111 3046 2166; x_wconf 88' lang='lat' dir='ltr'><strong>nostri</strong></span> <span class='ocrx_word' id='word_1_337' title='bbox 3066 2110 3172 2167; x_wconf 90' lang='lat' dir='ltr'><strong>hoc</strong></span> <span class='ocrx_word' id='word_1_338' title='bbox 3200 2110 3523 2180; x_wconf 65' lang='lat' dir='ltr'><strong>prtcclarum</strong></span> 
     </span>
    </p>
   </div>
   <div class='ocr_carea' id='block_1_50' title="bbox 1932 2202 3523 2270">
    <p class='ocr_par' dir='ltr' id='par_1_50' title="bbox 1932 2202 3523 2270">
     <span class='ocr_line' id='line_1_50' title="bbox 1932 2202 3523 2270; baseline -0.003 -13"><span class='ocrx_word' id='word_1_339' title='bbox 1932 2202 2255 2257; x_wconf 84' lang='lat' dir='ltr'><strong>miraculum</strong></span> <span class='ocrx_word' id='word_1_340' title='bbox 2288 2211 2741 2256; x_wconf 87' lang='lat' dir='ltr'><strong>consummatum.</strong></span> <span class='ocrx_word' id='word_1_341' title='bbox 2775 2208 2876 2263; x_wconf 89' lang='lat' dir='ltr'><strong>est,</strong></span> <span class='ocrx_word' id='word_1_342' title='bbox 2932 2208 3097 2270; x_wconf 88' lang='lat' dir='ltr'><strong>atque</strong></span> <span class='ocrx_word' id='word_1_343' title='bbox 3148 2207 3275 2253; x_wconf 87' lang='lat' dir='ltr'><strong>ante</strong></span> <span class='ocrx_word' id='word_1_344' title='bbox 3321 2212 3523 2268; x_wconf 85' lang='lat' dir='ltr'><strong>corpus</strong></span> 
     </span>
    </p>
   </div>
   <div class='ocr_carea' id='block_1_51' title="bbox 1925 2276 3527 2364">
    <p class='ocr_par' dir='ltr' id='par_1_51' title="bbox 1925 2276 3527 2364">
     <span class='ocr_line' id='line_1_51' title="bbox 1925 2276 3527 2364; baseline -0.004 -16"><span class='ocrx_word' id='word_1_345' title='bbox 1925 2294 2167 2364; x_wconf 88' lang='lat' dir='ltr'><strong>ejusdem</strong></span> <span class='ocrx_word' id='word_1_346' title='bbox 2198 2276 2374 2349; x_wconf 85' lang='lat' dir='ltr'><strong>sancti</strong></span> <span class='ocrx_word' id='word_1_347' title='bbox 2407 2307 2605 2364; x_wconf 85' lang='lat' dir='ltr'><strong>magno</strong></span> <span class='ocrx_word' id='word_1_348' title='bbox 2632 2292 2762 2347; x_wconf 90' lang='lat' dir='ltr'><strong>cleri</strong></span> <span class='ocrx_word' id='word_1_349' title='bbox 2800 2291 3081 2362; x_wconf 88' lang='lat' dir='ltr'><strong>plebisque</strong></span> <span class='ocrx_word' id='word_1_350' title='bbox 3108 2287 3346 2359; x_wconf 82' lang='lat' dir='ltr'><strong>tripudio</strong></span> <span class='ocrx_word' id='word_1_351' title='bbox 3390 2287 3527 2343; x_wconf 55' lang='lat' dir='ltr'><strong>Iide«t</strong></span> 
     </span>
    </p>
   </div>
   <div class='ocr_carea' id='block_1_52' title="bbox 1927 2381 3525 2455">
    <p class='ocr_par' dir='ltr' id='par_1_52' title="bbox 1927 2381 3525 2455">
     <span class='ocr_line' id='line_1_52' title="bbox 1927 2381 3525 2455; baseline -0.002 -17"><span class='ocrx_word' id='word_1_352' title='bbox 1927 2385 2051 2442; x_wconf 85' lang='lat' dir='ltr'><strong>liter</strong></span> <span class='ocrx_word' id='word_1_353' title='bbox 2083 2386 2391 2451; x_wconf 88' lang='lat' dir='ltr'><strong>recitatum,</strong></span> <span class='ocrx_word' id='word_1_354' title='bbox 2424 2385 2493 2440; x_wconf 92' lang='lat' dir='ltr'><strong>ad</strong></span> <span class='ocrx_word' id='word_1_355' title='bbox 2524 2384 2739 2441; x_wconf 90' lang='lat' dir='ltr'><strong>laudem</strong></span> <span class='ocrx_word' id='word_1_356' title='bbox 2768 2393 2823 2440; x_wconf 89' lang='lat' dir='ltr'><strong>et</strong></span> <span class='ocrx_word' id='word_1_357' title='bbox 2871 2383 3097 2455; x_wconf 80' lang='lat' dir='ltr'><strong>gloriari.</strong></span> <span class='ocrx_word' id='word_1_358' title='bbox 3132 2382 3228 2437; x_wconf 86' lang='lat' dir='ltr'><strong>Dei</strong></span> <span class='ocrx_word' id='word_1_359' title='bbox 3256 2381 3438 2437; x_wconf 86' lang='lat' dir='ltr'><strong>Patris</strong></span> <span class='ocrx_word' id='word_1_360' title='bbox 3467 2388 3525 2435; x_wconf 89' lang='lat' dir='ltr'><strong>ct</strong></span> 
     </span>
    </p>
   </div>
   <div class='ocr_carea' id='block_1_53' title="bbox 1929 2474 3524 2546">
    <p class='ocr_par' dir='ltr' id='par_1_53' title="bbox 1929 2474 3524 2546">
     <span class='ocr_line' id='line_1_53' title="bbox 1929 2474 3524 2546; baseline -0.003 -16"><span class='ocrx_word' id='word_1_361' title='bbox 1929 2476 2051 2531; x_wconf 86' lang='lat' dir='ltr'><strong>Filii</strong></span> <span class='ocrx_word' id='word_1_362' title='bbox 2075 2476 2193 2546; x_wconf 90' lang='lat' dir='ltr'><strong>ejus</strong></span> <span class='ocrx_word' id='word_1_363' title='bbox 2222 2475 2351 2533; x_wconf 83' lang='lat' dir='ltr'><strong>Jesu</strong></span> <span class='ocrx_word' id='word_1_364' title='bbox 2376 2475 2584 2532; x_wconf 86' lang='lat' dir='ltr'><strong>Christi</strong></span> <span class='ocrx_word' id='word_1_365' title='bbox 2624 2475 2838 2530; x_wconf 85' lang='lat' dir='ltr'><strong>Domini</strong></span> <span class='ocrx_word' id='word_1_366' title='bbox 2865 2474 3059 2540; x_wconf 91' lang='lat' dir='ltr'><strong>nostri,</strong></span> <span class='ocrx_word' id='word_1_367' title='bbox 3091 2475 3182 2544; x_wconf 88' lang='lat' dir='ltr'><strong>qui</strong></span> <span class='ocrx_word' id='word_1_368' title='bbox 3213 2489 3335 2528; x_wconf 89' lang='lat' dir='ltr'><strong>cum</strong></span> <span class='ocrx_word' id='word_1_369' title='bbox 3368 2488 3434 2528; x_wconf 90' lang='lat' dir='ltr'><strong>eo</strong></span> <span class='ocrx_word' id='word_1_370' title='bbox 3464 2476 3524 2526; x_wconf 83' lang='lat' dir='ltr'><strong>et</strong></span> 
     </span>
    </p>
   </div>
   <div class='ocr_carea' id='block_1_54' title="bbox 1931 2564 3522 2638">
    <p class='ocr_par' dir='ltr' id='par_1_54' title="bbox 1931 2564 3522 2638">
     <span class='ocr_line' id='line_1_54' title="bbox 1931 2564 3522 2638; baseline -0.001 -16"><span class='ocrx_word' id='word_1_371' title='bbox 1931 2566 2137 2637; x_wconf 86' lang='lat' dir='ltr'><strong>Spiritu</strong></span> <span class='ocrx_word' id='word_1_372' title='bbox 2168 2576 2357 2623; x_wconf 90' lang='lat' dir='ltr'><strong>sancto</strong></span> <span class='ocrx_word' id='word_1_373' title='bbox 2383 2566 2516 2622; x_wconf 90' lang='lat' dir='ltr'><strong>vivit</strong></span> <span class='ocrx_word' id='word_1_374' title='bbox 2549 2575 2605 2622; x_wconf 89' lang='lat' dir='ltr'><strong>et</strong></span> <span class='ocrx_word' id='word_1_375' title='bbox 2644 2576 2835 2638; x_wconf 82' lang='lat' dir='ltr'><strong>regnat</strong></span> <span class='ocrx_word' id='word_1_376' title='bbox 2860 2565 2916 2620; x_wconf 92' lang='lat' dir='ltr'><strong>in</strong></span> <span class='ocrx_word' id='word_1_377' title='bbox 2948 2564 3143 2621; x_wconf 81' lang='lat' dir='ltr'><strong>saecula</strong></span> <span class='ocrx_word' id='word_1_378' title='bbox 3174 2564 3522 2621; x_wconf 63' lang='lat' dir='ltr'><strong>saeculorum.</strong></span> 
     </span>
    </p>
   </div>
   <div class='ocr_carea' id='block_1_55' title="bbox 1930 2657 2125 2716">
    <p class='ocr_par' dir='ltr' id='par_1_55' title="bbox 1930 2657 2125 2716">
     <span class='ocr_line' id='line_1_55' title="bbox 1930 2657 2125 2716; baseline 0.015 -5"><span class='ocrx_word' id='word_1_379' title='bbox 1930 2657 2125 2716; x_wconf 79' lang='lat' dir='ltr'><strong>Amen.</strong></span> 
     </span>
    </p>
   </div>
   <div class='ocr_carea' id='block_1_56' title="bbox 1128 2909 3522 2952">
    <p class='ocr_par' dir='ltr' id='par_1_56' title="bbox 1128 2909 3522 2952">
     <span class='ocr_line' id='line_1_56' title="bbox 1128 2909 3522 2952; baseline -0.003 -1"><span class='ocrx_word' id='word_1_380' title='bbox 1128 2909 3522 2952; x_wconf 51' lang='grc' dir='ltr'><strong>Μ--Δ</strong></span> 
     </span>
    </p>
   </div>
   <div class='ocr_carea' id='block_1_57' title="bbox 1267 3058 2488 3176">
    <p class='ocr_par' dir='ltr' id='par_1_57' title="bbox 1267 3058 2488 3176">
     <span class='ocr_line' id='line_1_57' title="bbox 1267 3058 2488 3176; baseline -0.003 0"><span class='ocrx_word' id='word_1_381' title='bbox 1267 3058 1755 3176; x_wconf 77' lang='grc' dir='ltr'><strong>θιωο</strong></span> <span class='ocrx_word' id='word_1_382' title='bbox 1827 3061 2488 3174; x_wconf 74' lang='lat' dir='ltr'><strong>REBUM</strong></span> 
     </span>
    </p>
   </div>
   <div class='ocr_carea' id='block_1_58' title="bbox 798 3305 2955 3421">
    <p class='ocr_par' dir='ltr' id='par_1_58' title="bbox 798 3305 2955 3421">
     <span class='ocr_line' id='line_1_58' title="bbox 798 3305 2955 3421; baseline -0.004 -16"><span class='ocrx_word' id='word_1_383' title='bbox 798 3313 1075 3421; x_wconf 68' lang='lat' dir='ltr'><strong>QUIE</strong></span> <span class='ocrx_word' id='word_1_384' title='bbox 1157 3315 1283 3403; x_wconf 89' lang='lat' dir='ltr'><strong>IN</strong></span> <span class='ocrx_word' id='word_1_385' title='bbox 1359 3310 1598 3403; x_wconf 87' lang='lat' dir='ltr'><strong>HOC</strong></span> <span class='ocrx_word' id='word_1_386' title='bbox 1668 3306 2008 3400; x_wconf 88' lang='lat' dir='ltr'><strong>TOMO</strong></span> <span class='ocrx_word' id='word_1_387' title='bbox 2082 3305 2955 3400; x_wconf 86' lang='lat' dir='ltr'><strong>CONTINENTUR</strong></span> 
     </span>
    </p>
   </div>
   <div class='ocr_carea' id='block_1_59' title="bbox 1741 3484 2129 3501">
    <p class='ocr_par' dir='ltr' id='par_1_59' title="bbox 1741 3484 2129 3501">
     <span class='ocr_line' id='line_1_59' title="bbox 1741 3484 2129 3501; baseline 0.003 -4"><span class='ocrx_word' id='word_1_388' title='bbox 1741 3484 2129 3501; x_wconf 41' lang='grc' dir='ltr'><strong>ψ</strong></span> 
     </span>
    </p>
   </div>
   <div class='ocr_carea' id='block_1_60' title="bbox 450 3649 1640 3713">
    <p class='ocr_par' dir='ltr' id='par_1_60' title="bbox 450 3649 1640 3713">
     <span class='ocr_line' id='line_1_60' title="bbox 450 3649 1640 3713; baseline -0.007 0"><span class='ocrx_word' id='word_1_389' title='bbox 450 3658 653 3713; x_wconf 77' lang='lat' dir='ltr'><strong>GESTA</strong></span> <span class='ocrx_word' id='word_1_390' title='bbox 678 3656 1064 3711; x_wconf 69' lang='lat' dir='ltr'><strong>PONTIFICUI</strong></span> <span class='ocrx_word' id='word_1_391' title='bbox 1091 3649 1640 3709; x_wconf 68' lang='lat' dir='ltr'><strong>CAMERACENSIUM.</strong></span> 
     </span>
    </p>
   </div>
   <div class='ocr_carea' id='block_1_61' title="bbox 300 3755 1834 3830">
    <p class='ocr_par' dir='ltr' id='par_1_61' title="bbox 300 3755 1834 3830">
     <span class='ocr_line' id='line_1_61' title="bbox 300 3755 1834 3830; baseline 0.01 -17"><span class='ocrx_word' id='word_1_392' title='bbox 300 3755 681 3830; x_wconf 65' lang='lat' dir='ltr'><strong>Observationes</strong></span> <span class='ocrx_word' id='word_1_393' title='bbox 706 3766 919 3829; x_wconf 65' lang='lat' dir='ltr'><strong>praevias.</strong></span> <span class='ocrx_word' id='word_1_394' title='bbox 1066 3824 1084 3830; x_wconf 81' lang='lat'><strong>_</strong></span> <span class='ocrx_word' id='word_1_395' title='bbox 1714 3819 1743 3830; x_wconf 90' lang='lat'><strong>..</strong></span> <span class='ocrx_word' id='word_1_396' title='bbox 1764 3819 1776 3830; x_wconf 91' lang='lat'><strong>.</strong></span> 
     </span>
    </p>
   </div>
   <div class='ocr_carea' id='block_1_62' title="bbox 301 3821 1829 3881">
    <p class='ocr_par' dir='ltr' id='par_1_62' title="bbox 301 3821 1829 3881">
     <span class='ocr_line' id='line_1_62' title="bbox 301 3821 1829 3881; baseline -0.009 0"><span class='ocrx_word' id='word_1_397' title='bbox 301 3827 329 3881; x_wconf 52' lang='grc' dir='ltr'><em>ἃ</em></span> <span class='ocrx_word' id='word_1_398' title='bbox 368 3829 403 3877; x_wconf 93' lang='grc' dir='ltr'><strong>Ι.</strong></span> <span class='ocrx_word' id='word_1_399' title='bbox 432 3853 494 3867; x_wconf 81' lang='lat'><strong>-—</strong></span> <span class='ocrx_word' id='word_1_400' title='bbox 514 3821 771 3877; x_wconf 72' lang='lat' dir='ltr'><strong>Gestorum</strong></span> <span class='ocrx_word' id='word_1_401' title='bbox 795 3836 963 3876; x_wconf 71' lang='lat' dir='ltr'><strong>aut-tor</strong></span> <span class='ocrx_word' id='word_1_402' title='bbox 989 3834 1039 3875; x_wconf 90' lang='lat' dir='ltr'><strong>et</strong></span> <span class='ocrx_word' id='word_1_403' title='bbox 1063 3824 1239 3874; x_wconf 80' lang='lat' dir='ltr'><strong>fontes.</strong></span> <span class='ocrx_word' id='word_1_404' title='bbox 1707 3821 1829 3871; x_wconf 74' lang='lat' dir='ltr'><strong>ibid.</strong></span> 
     </span>
    </p>
   </div>
   <div class='ocr_carea' id='block_1_63' title="bbox 298 3876 1834 3949">
    <p class='ocr_par' dir='ltr' id='par_1_63' title="bbox 298 3876 1834 3949">
     <span class='ocr_line' id='line_1_63' title="bbox 298 3876 1834 3949; baseline 0.001 -12"><span class='ocrx_word' id='word_1_405' title='bbox 298 3876 329 3949; x_wconf 67' lang='grc' dir='ltr'><strong><em>ξ</em></strong></span> <span class='ocrx_word' id='word_1_406' title='bbox 364 3876 427 3940; x_wconf 91' lang='lat' dir='ltr'><strong>II.</strong></span> <span class='ocrx_word' id='word_1_407' title='bbox 445 3916 505 3928; x_wconf 90' lang='lat'><strong>--</strong></span> <span class='ocrx_word' id='word_1_408' title='bbox 527 3876 598 3940; x_wconf 80' lang='lat' dir='ltr'><strong>An</strong></span> <span class='ocrx_word' id='word_1_409' title='bbox 624 3876 707 3939; x_wconf 80' lang='lat' dir='ltr'><strong>Bal</strong></span> <span class='ocrx_word' id='word_1_410' title='bbox 726 3891 907 3939; x_wconf 79' lang='lat' dir='ltr'><strong>tericus</strong></span> <span class='ocrx_word' id='word_1_411' title='bbox 930 3889 1187 3939; x_wconf 74' lang='lat' dir='ltr'><strong>Gestorum</strong></span> <span class='ocrx_word' id='word_1_412' title='bbox 1206 3884 1407 3938; x_wconf 82' lang='lat' dir='ltr'><strong>auctor?</strong></span> <span class='ocrx_word' id='word_1_413' title='bbox 1746 3919 1755 3925; x_wconf 59' lang='grc' dir='ltr'><strong>η</strong></span> <span class='ocrx_word' id='word_1_414' title='bbox 1777 3882 1834 3949; x_wconf 57' lang='grc'><strong>12</strong></span> 
     </span>
    </p>
   </div>
   <div class='ocr_carea' id='block_1_64' title="bbox 303 3944 1832 4010">
    <p class='ocr_par' dir='ltr' id='par_1_64' title="bbox 303 3944 1832 4010">
     <span class='ocr_line' id='line_1_64' title="bbox 303 3944 1832 4010; baseline -0.003 -12"><span class='ocrx_word' id='word_1_415' title='bbox 303 3944 331 4010; x_wconf 65' lang='grc' dir='ltr'>ξ</span> <span class='ocrx_word' id='word_1_416' title='bbox 367 3951 450 4000; x_wconf 95' lang='lat' dir='ltr'><strong>III.</strong></span> <span class='ocrx_word' id='word_1_417' title='bbox 479 3978 536 3988; x_wconf 92' lang='lat'><strong>-—-</strong></span> <span class='ocrx_word' id='word_1_418' title='bbox 558 3953 704 4000; x_wconf 81' lang='lat' dir='ltr'><strong>Gesta</strong></span> <span class='ocrx_word' id='word_1_419' title='bbox 733 3952 990 4000; x_wconf 65' lang='lat' dir='ltr'><strong>Lietherti.</strong></span> <span class='ocrx_word' id='word_1_420' title='bbox 1772 3944 1832 4010; x_wconf 58' lang='grc' dir='ltr'><strong><em>μ</em></strong></span> 
     </span>
    </p>
   </div>
   <div class='ocr_carea' id='block_1_65' title="bbox 301 4006 1834 4069">
    <p class='ocr_par' dir='ltr' id='par_1_65' title="bbox 301 4006 1834 4069">
     <span class='ocr_line' id='line_1_65' title="bbox 301 4006 1834 4069; baseline -0.004 -8"><span class='ocrx_word' id='word_1_421' title='bbox 301 4006 329 4069; x_wconf 64' lang='grc' dir='ltr'><strong>ξ</strong></span> <span class='ocrx_word' id='word_1_422' title='bbox 366 4012 447 4060; x_wconf 83' lang='lat' dir='ltr'><strong>IV.</strong></span> <span class='ocrx_word' id='word_1_423' title='bbox 472 4040 532 4049; x_wconf 89' lang='lat'><strong><em>—</em></strong></span> <span class='ocrx_word' id='word_1_424' title='bbox 552 4012 699 4062; x_wconf 79' lang='lat' dir='ltr'><strong>Gesta</strong></span> <span class='ocrx_word' id='word_1_425' title='bbox 723 4014 926 4061; x_wconf 82' lang='lat' dir='ltr'><strong>Gerardi</strong></span> <span class='ocrx_word' id='word_1_426' title='bbox 955 4010 1015 4060; x_wconf 91' lang='lat' dir='ltr'><strong>Il.</strong></span> <span class='ocrx_word' id='word_1_427' title='bbox 1506 4068 1513 4069; x_wconf 17' lang='grc' dir='ltr'><em>γ</em></span> <span class='ocrx_word' id='word_1_428' title='bbox 1777 4006 1834 4056; x_wconf 81' lang='grc'><strong>15</strong></span> 
     </span>
    </p>
   </div>
   <div class='ocr_carea' id='block_1_66' title="bbox 299 4068 1830 4135">
    <p class='ocr_par' dir='ltr' id='par_1_66' title="bbox 299 4068 1830 4135">
     <span class='ocr_line' id='line_1_66' title="bbox 299 4068 1830 4135; baseline -0.003 -14"><span class='ocrx_word' id='word_1_429' title='bbox 299 4074 323 4135; x_wconf 88' lang='lat'><strong>§</strong></span> <span class='ocrx_word' id='word_1_430' title='bbox 359 4074 419 4123; x_wconf 88' lang='lat' dir='ltr'><strong>V.</strong></span> <span class='ocrx_word' id='word_1_431' title='bbox 443 4100 497 4110; x_wconf 90' lang='lat'><strong>-—</strong></span> <span class='ocrx_word' id='word_1_432' title='bbox 528 4074 676 4123; x_wconf 82' lang='lat' dir='ltr'><strong>Gesta</strong></span> <span class='ocrx_word' id='word_1_433' title='bbox 706 4075 932 4121; x_wconf 72' lang='lat' dir='ltr'><strong>Manassis</strong></span> <span class='ocrx_word' id='word_1_434' title='bbox 965 4082 1017 4121; x_wconf 87' lang='lat' dir='ltr'><strong>et</strong></span> <span class='ocrx_word' id='word_1_435' title='bbox 1052 4073 1384 4132; x_wconf 86' lang='lat' dir='ltr'><strong>sequentium.</strong></span> <span class='ocrx_word' id='word_1_436' title='bbox 1416 4097 1473 4106; x_wconf 97' lang='lat'><strong>—</strong></span> <span class='ocrx_word' id='word_1_437' title='bbox 1502 4068 1741 4135; x_wconf 61' lang='lat' dir='ltr'><strong>Excerpta</strong></span> 
     </span>
    </p>
   </div>
   <div class='ocr_carea' id='block_1_67' title="bbox 234 4130 1833 4245">
    <p class='ocr_par' dir='ltr' id='par_1_67' title="bbox 234 4130 1833 4245">
     <span class='ocr_line' id='line_1_67' title="bbox 234 4130 1833 4245; baseline -0.003 -60"><span class='ocrx_word' id='word_1_438' title='bbox 234 4130 528 4245; x_wconf 38' lang='grc' dir='ltr'><strong>ᾖδεν-ἰοὶ.</strong></span> <span class='ocrx_word' id='word_1_439' title='bbox 553 4136 951 4184; x_wconf 80' lang='lat' dir='ltr'><strong>—Abbreviatio</strong></span> <span class='ocrx_word' id='word_1_440' title='bbox 988 4130 1367 4185; x_wconf 78' lang='lat' dir='ltr'><strong>Cameracensis.</strong></span> <span class='ocrx_word' id='word_1_441' title='bbox 1412 4158 1462 4169; x_wconf 90' lang='lat'><strong><em>—</em></strong></span> <span class='ocrx_word' id='word_1_442' title='bbox 1518 4132 1688 4181; x_wconf 73' lang='lat' dir='ltr'><strong>Verslo</strong></span> 
     </span>
    </p>
   </div>
   <div class='ocr_carea' id='block_1_68' title="bbox 335 4203 1831 4246">
    <p class='ocr_par' dir='ltr' id='par_1_68' title="bbox 335 4203 1831 4246">
     <span class='ocr_line' id='line_1_68' title="bbox 335 4203 1831 4246; baseline -0.002 0"><span class='ocrx_word' id='word_1_443' title='bbox 335 4229 352 4246; x_wconf 65' lang='grc' dir='ltr'><strong>υ</strong></span> <span class='ocrx_word' id='word_1_444' title='bbox 1710 4203 1831 4243; x_wconf 82' lang='lat' dir='ltr'><strong>wta.</strong></span> 
     </span>
    </p>
   </div>
   <div class='ocr_carea' id='block_1_69' title="bbox 301 4253 1836 4319">
    <p class='ocr_par' dir='ltr' id='par_1_69' title="bbox 301 4253 1836 4319">
     <span class='ocr_line' id='line_1_69' title="bbox 301 4253 1836 4319; baseline -0.006 -9"><span class='ocrx_word' id='word_1_445' title='bbox 301 4259 329 4319; x_wconf 90' lang='lat'><strong>§</strong></span> <span class='ocrx_word' id='word_1_446' title='bbox 365 4259 448 4309; x_wconf 74' lang='lat' dir='ltr'><strong>VI.</strong></span> <span class='ocrx_word' id='word_1_447' title='bbox 466 4257 847 4309; x_wconf 86' lang='lat' dir='ltr'><strong>—C0nlinuali0</strong></span> <span class='ocrx_word' id='word_1_448' title='bbox 871 4256 919 4308; x_wconf 89' lang='lat' dir='ltr'><strong>S.</strong></span> <span class='ocrx_word' id='word_1_449' title='bbox 948 4255 1159 4307; x_wconf 55' lang='lat' dir='ltr'><strong>Andreas</strong></span> <span class='ocrx_word' id='word_1_450' title='bbox 1182 4256 1330 4308; x_wconf 87' lang='lat' dir='ltr'><strong>Castri</strong></span> <span class='ocrx_word' id='word_1_451' title='bbox 1355 4254 1699 4307; x_wconf 86' lang='lat' dir='ltr'><strong>Cameracesii.</strong></span> <span class='ocrx_word' id='word_1_452' title='bbox 1777 4253 1836 4319; x_wconf 67' lang='lat' dir='ltr'><strong>ig</strong></span> 
     </span>
    </p>
   </div>
   <div class='ocr_carea' id='block_1_70' title="bbox 202 4313 1832 4380">
    <p class='ocr_par' dir='ltr' id='par_1_70' title="bbox 202 4313 1832 4380">
     <span class='ocr_line' id='line_1_70' title="bbox 202 4313 1832 4380; baseline -0.001 -14"><span class='ocrx_word' id='word_1_453' title='bbox 202 4331 218 4357; x_wconf 65' lang='grc' dir='ltr'>ι</span> <span class='ocrx_word' id='word_1_454' title='bbox 299 4313 325 4380; x_wconf 65' lang='grc' dir='ltr'><strong>ξ</strong></span> <span class='ocrx_word' id='word_1_455' title='bbox 363 4319 785 4373; x_wconf 83' lang='lat' dir='ltr'><strong>VlI.—-Codices.</strong></span> <span class='ocrx_word' id='word_1_456' title='bbox 1775 4313 1832 4380; x_wconf 55' lang='grc' dir='ltr'>εἴ</span> 
     </span>
    </p>
   </div>
   <div class='ocr_carea' id='block_1_71' title="bbox 214 4375 1829 4432">
    <p class='ocr_par' dir='ltr' id='par_1_71' title="bbox 214 4375 1829 4432">
     <span class='ocr_line' id='line_1_71' title="bbox 214 4375 1829 4432; baseline -0.004 0"><span class='ocrx_word' id='word_1_457' title='bbox 214 4382 217 4432; x_wconf 76' lang='grc' dir='ltr'><strong>ἱ</strong></span> <span class='ocrx_word' id='word_1_458' title='bbox 301 4375 449 4431; x_wconf 62' lang='lat' dir='ltr'><strong>[tam</strong></span> <span class='ocrx_word' id='word_1_459' title='bbox 479 4394 669 4432; x_wconf 70' lang='lat' dir='ltr'><strong>paruus.</strong></span> <span class='ocrx_word' id='word_1_460' title='bbox 1774 4375 1829 4425; x_wconf 77' lang='lat'><strong>2|</strong></span> 
     </span>
    </p>
   </div>
   <div class='ocr_carea' id='block_1_72' title="bbox 300 4434 1833 4502">
    <p class='ocr_par' dir='ltr' id='par_1_72' title="bbox 300 4434 1833 4502">
     <span class='ocr_line' id='line_1_72' title="bbox 300 4434 1833 4502; baseline -0.002 -12"><span class='ocrx_word' id='word_1_461' title='bbox 300 4441 343 4490; x_wconf 89' lang='lat' dir='ltr'><strong>l.</strong></span> <span class='ocrx_word' id='word_1_462' title='bbox 379 4469 441 4480; x_wconf 91' lang='lat'><strong>—-</strong></span> <span class='ocrx_word' id='word_1_463' title='bbox 465 4446 614 4496; x_wconf 87' lang='lat' dir='ltr'><strong>Causa</strong></span> <span class='ocrx_word' id='word_1_464' title='bbox 649 4443 951 4494; x_wconf 83' lang='lat' dir='ltr'><strong>conditarum</strong></span> <span class='ocrx_word' id='word_1_465' title='bbox 976 4441 1164 4489; x_wconf 86' lang='lat' dir='ltr'><strong>urbium</strong></span> <span class='ocrx_word' id='word_1_466' title='bbox 1193 4442 1507 4502; x_wconf 60' lang='lat' dir='ltr'><strong>prienotatur.</strong></span> <span class='ocrx_word' id='word_1_467' title='bbox 1563 4499 1572 4502; x_wconf 86' lang='lat'><em>_</em></span> <span class='ocrx_word' id='word_1_468' title='bbox 1713 4434 1833 4487; x_wconf 77' lang='lat' dir='ltr'><strong>ibid.</strong></span> 
     </span>
    </p>
   </div>
   <div class='ocr_carea' id='block_1_73' title="bbox 304 4499 1836 4609">
    <p class='ocr_par' dir='ltr' id='par_1_73' title="bbox 304 4499 1836 4609">
     <span class='ocr_line' id='line_1_73' title="bbox 304 4499 1836 4609; baseline -0.004 -56"><span class='ocrx_word' id='word_1_469' title='bbox 304 4504 367 4590; x_wconf 72' lang='lat' dir='ltr'><strong>tl.</strong></span> <span class='ocrx_word' id='word_1_470' title='bbox 410 4506 768 4556; x_wconf 86' lang='lat' dir='ltr'><strong>—Conditores</strong></span> <span class='ocrx_word' id='word_1_471' title='bbox 788 4505 977 4553; x_wconf 86' lang='lat' dir='ltr'><strong>urbium</strong></span> <span class='ocrx_word' id='word_1_472' title='bbox 1002 4499 1245 4554; x_wconf 78' lang='lat' dir='ltr'><strong>Cameraci</strong></span> <span class='ocrx_word' id='word_1_473' title='bbox 1270 4509 1322 4551; x_wconf 86' lang='lat' dir='ltr'><strong>et</strong></span> <span class='ocrx_word' id='word_1_474' title='bbox 1354 4499 1575 4551; x_wconf 78' lang='lat' dir='ltr'><strong>Atrebati</strong></span> <span class='ocrx_word' id='word_1_475' title='bbox 1602 4504 1836 4609; x_wconf 51' lang='lat' dir='ltr'><strong>uescina;</strong></span> 
     </span>
    </p>
   </div>
   <div class='ocr_carea' id='block_1_74' title="bbox 237 4570 335 4613">
    <p class='ocr_par' dir='ltr' id='par_1_74' title="bbox 237 4570 335 4613">
     <span class='ocr_line' id='line_1_74' title="bbox 237 4570 335 4613; baseline 0.031 -3"><span class='ocrx_word' id='word_1_476' title='bbox 237 4570 335 4613; x_wconf 86' lang='lat' dir='ltr'><strong>tur.</strong></span> 
     </span>
    </p>
   </div>
   <div class='ocr_carea' id='block_1_75' title="bbox 304 4623 1834 4688">
    <p class='ocr_par' dir='ltr' id='par_1_75' title="bbox 304 4623 1834 4688">
     <span class='ocr_line' id='line_1_75' title="bbox 304 4623 1834 4688; baseline -0.001 -15"><span class='ocrx_word' id='word_1_477' title='bbox 304 4624 391 4678; x_wconf 84' lang='lat' dir='ltr'><strong>III.</strong></span> <span class='ocrx_word' id='word_1_478' title='bbox 413 4655 474 4667; x_wconf 68' lang='grc' dir='ltr'><strong>-ι</strong></span> <span class='ocrx_word' id='word_1_479' title='bbox 488 4629 624 4688; x_wconf 82' lang='lat' dir='ltr'><strong>Quod</strong></span> <span class='ocrx_word' id='word_1_480' title='bbox 640 4629 808 4681; x_wconf 88' lang='lat' dir='ltr'><strong>Clodio</strong></span> <span class='ocrx_word' id='word_1_481' title='bbox 829 4640 919 4682; x_wconf 79' lang='lat' dir='ltr'><strong>rex</strong></span> <span class='ocrx_word' id='word_1_482' title='bbox 948 4626 1102 4675; x_wconf 82' lang='lat' dir='ltr'><strong>missis</strong></span> <span class='ocrx_word' id='word_1_483' title='bbox 1122 4623 1513 4687; x_wconf 83' lang='lat' dir='ltr'><strong>exploratoribus</strong></span> <span class='ocrx_word' id='word_1_484' title='bbox 1535 4628 1640 4688; x_wconf 81' lang='lat' dir='ltr'><strong>cum</strong></span> <span class='ocrx_word' id='word_1_485' title='bbox 1663 4625 1834 4683; x_wconf 86' lang='lat' dir='ltr'><strong>grandi</strong></span> 
     </span>
    </p>
   </div>
   <div class='ocr_carea' id='block_1_76' title="bbox 237 4685 1835 4751">
    <p class='ocr_par' dir='ltr' id='par_1_76' title="bbox 237 4685 1835 4751">
     <span class='ocr_line' id='line_1_76' title="bbox 237 4685 1835 4751; baseline -0.001 -18"><span class='ocrx_word' id='word_1_486' title='bbox 237 4694 466 4751; x_wconf 75' lang='lat' dir='ltr'><strong>exercitu</strong></span> <span class='ocrx_word' id='word_1_487' title='bbox 491 4685 802 4743; x_wconf 82' lang='lat' dir='ltr'><strong>Cameracum</strong></span> <span class='ocrx_word' id='word_1_488' title='bbox 827 4691 1107 4751; x_wconf 83' lang='lat' dir='ltr'><strong>ingressus,</strong></span> <span class='ocrx_word' id='word_1_489' title='bbox 1132 4685 1417 4739; x_wconf 77' lang='lat' dir='ltr'><strong>Christianis</strong></span> <span class='ocrx_word' id='word_1_490' title='bbox 1451 4685 1723 4736; x_wconf 73' lang='lat' dir='ltr'><strong>interfectis</strong></span> <span class='ocrx_word' id='word_1_491' title='bbox 1753 4697 1835 4751; x_wconf 50' lang='lat' dir='ltr'><strong>ur:</strong></span> 
     </span>
    </p>
   </div>
   <div class='ocr_carea' id='block_1_77' title="bbox 237 4745 1837 4804">
    <p class='ocr_par' dir='ltr' id='par_1_77' title="bbox 237 4745 1837 4804">
     <span class='ocr_line' id='line_1_77' title="bbox 237 4745 1837 4804; baseline 0.001 -11"><span class='ocrx_word' id='word_1_492' title='bbox 237 4745 355 4797; x_wconf 87' lang='lat' dir='ltr'><strong>bem</strong></span> <span class='ocrx_word' id='word_1_493' title='bbox 382 4755 609 4804; x_wconf 86' lang='lat' dir='ltr'><strong>obtinuit.</strong></span> <span class='ocrx_word' id='word_1_494' title='bbox 881 4745 905 4751; x_wconf 55' lang='grc'>⁷</span> <span class='ocrx_word' id='word_1_495' title='bbox 1092 4745 1104 4751; x_wconf 75' lang='grc'><em>’</em></span> <span class='ocrx_word' id='word_1_496' title='bbox 1776 4746 1837 4796; x_wconf 71' lang='grc' dir='ltr'><strong>2ι</strong></span> 
     </span>
    </p>
   </div>
   <div class='ocr_carea' id='block_1_78' title="bbox 303 4806 1837 4874">
    <p class='ocr_par' dir='ltr' id='par_1_78' title="bbox 303 4806 1837 4874">
     <span class='ocr_line' id='line_1_78' title="bbox 303 4806 1837 4874; baseline -0.003 -13"><span class='ocrx_word' id='word_1_497' title='bbox 303 4809 386 4861; x_wconf 87' lang='lat' dir='ltr'><strong>IV.</strong></span> <span class='ocrx_word' id='word_1_498' title='bbox 410 4841 469 4851; x_wconf 93' lang='lat'><strong>—</strong></span> <span class='ocrx_word' id='word_1_499' title='bbox 489 4814 625 4874; x_wconf 83' lang='lat' dir='ltr'><strong>Quod</strong></span> <span class='ocrx_word' id='word_1_500' title='bbox 647 4813 938 4871; x_wconf 81' lang='lat' dir='ltr'><strong>Clodoveus,</strong></span> <span class='ocrx_word' id='word_1_501' title='bbox 959 4823 1052 4861; x_wconf 79' lang='lat' dir='ltr'><strong>rex</strong></span> <span class='ocrx_word' id='word_1_502' title='bbox 1079 4815 1280 4873; x_wconf 89' lang='lat' dir='ltr'><strong>quartus</strong></span> <span class='ocrx_word' id='word_1_503' title='bbox 1316 4821 1350 4874; x_wconf 87' lang='lat' dir='ltr'><strong>a_</strong></span> <span class='ocrx_word' id='word_1_504' title='bbox 1369 4808 1615 4867; x_wconf 85' lang='lat' dir='ltr'><strong>Clodione,</strong></span> <span class='ocrx_word' id='word_1_505' title='bbox 1642 4806 1837 4874; x_wconf 73' lang='lat' dir='ltr'><strong>Ragna-</strong></span> 
     </span>
    </p>
   </div>
   <div class='ocr_carea' id='block_1_79' title="bbox 240 4870 1835 4934">
    <p class='ocr_par' dir='ltr' id='par_1_79' title="bbox 240 4870 1835 4934">
     <span class='ocr_line' id='line_1_79' title="bbox 240 4870 1835 4934; baseline 0.003 -19"><span class='ocrx_word' id='word_1_506' title='bbox 240 4870 466 4925; x_wconf 76' lang='lat' dir='ltr'><strong>rharium</strong></span> <span class='ocrx_word' id='word_1_507' title='bbox 487 4870 825 4926; x_wconf 74' lang='lat' dir='ltr'><strong>consobrinum</strong></span> <span class='ocrx_word' id='word_1_508' title='bbox 845 4870 1007 4934; x_wconf 88' lang='lat' dir='ltr'><strong>suum,</strong></span> <span class='ocrx_word' id='word_1_509' title='bbox 1029 4870 1117 4932; x_wconf 84' lang='lat' dir='ltr'><strong>pro</strong></span> <span class='ocrx_word' id='word_1_510' title='bbox 1138 4885 1200 4934; x_wconf 83' lang='lat' dir='ltr'><strong>eo</strong></span> <span class='ocrx_word' id='word_1_511' title='bbox 1223 4870 1355 4930; x_wconf 88' lang='lat' dir='ltr'><strong>quod</strong></span> <span class='ocrx_word' id='word_1_512' title='bbox 1381 4883 1492 4920; x_wconf 86' lang='lat' dir='ltr'><strong>eum</strong></span> <span class='ocrx_word' id='word_1_513' title='bbox 1516 4874 1563 4921; x_wconf 88' lang='lat' dir='ltr'><strong>in</strong></span> <span class='ocrx_word' id='word_1_514' title='bbox 1589 4872 1715 4921; x_wconf 87' lang='lat' dir='ltr'><strong>urbe</strong></span> <span class='ocrx_word' id='word_1_515' title='bbox 1738 4883 1835 4934; x_wconf 87' lang='lat' dir='ltr'><strong>non</strong></span> 
     </span>
    </p>
   </div>
   <div class='ocr_carea' id='block_1_80' title="bbox 233 4932 1837 4999">
    <p class='ocr_par' dir='ltr' id='par_1_80' title="bbox 233 4932 1837 4999">
     <span class='ocr_line' id='line_1_80' title="bbox 233 4932 1837 4999; baseline 0 -16"><span class='ocrx_word' id='word_1_516' title='bbox 233 4936 470 4999; x_wconf 53' lang='lat' dir='ltr'><strong>suscepit,</strong></span> <span class='ocrx_word' id='word_1_517' title='bbox 494 4943 841 4998; x_wconf 75' lang='lat' dir='ltr'><strong>congressione.</strong></span> <span class='ocrx_word' id='word_1_518' title='bbox 860 4932 1023 4985; x_wconf 80' lang='lat' dir='ltr'><strong>habita</strong></span> <span class='ocrx_word' id='word_1_519' title='bbox 1046 4932 1311 4999; x_wconf 72' lang='lat' dir='ltr'><strong>interfecit.</strong></span> <span class='ocrx_word' id='word_1_520' title='bbox 1365 4995 1374 4999; x_wconf 92' lang='lat'>_</span> <span class='ocrx_word' id='word_1_521' title='bbox 1427 4994 1438 4999; x_wconf 89' lang='lat'><strong>_</strong></span> <span class='ocrx_word' id='word_1_522' title='bbox 1774 4933 1837 4999; x_wconf 73' lang='lat'><strong>25</strong></span> 
     </span>
    </p>
   </div>
   <div class='ocr_carea' id='block_1_81' title="bbox 287 4994 1837 5108">
    <p class='ocr_par' dir='ltr' id='par_1_81' title="bbox 287 4994 1837 5108">
     <span class='ocr_line' id='line_1_81' title="bbox 287 4994 1837 5108; baseline -0.005 -58"><span class='ocrx_word' id='word_1_523' title='bbox 287 4994 449 5108; x_wconf 40' lang='lat'><strong>$1.;-</strong></span> <span class='ocrx_word' id='word_1_524' title='bbox 460 4994 651 5050; x_wconf 64' lang='lat' dir='ltr'><strong>Sanit&#39;ta</strong></span> <span class='ocrx_word' id='word_1_525' title='bbox 682 5006 971 5062; x_wconf 81' lang='lat' dir='ltr'><strong>paganorum</strong></span> <span class='ocrx_word' id='word_1_526' title='bbox 1003 5004 1057 5049; x_wconf 87' lang='lat' dir='ltr'><strong>et</strong></span> <span class='ocrx_word' id='word_1_527' title='bbox 1076 4997 1242 5048; x_wconf 80' lang='lat' dir='ltr'><strong>clades</strong></span> <span class='ocrx_word' id='word_1_528' title='bbox 1262 4994 1643 5046; x_wconf 77' lang='lat' dir='ltr'><strong>Christianorum</strong></span> <span class='ocrx_word' id='word_1_529' title='bbox 1666 4997 1837 5108; x_wconf 52' lang='grc' dir='ltr'><strong>θη)ᾎὸ</strong></span> 
     </span>
    </p>
   </div>
   <div class='ocr_carea' id='block_1_82' title="bbox 235 5065 407 5111">
    <p class='ocr_par' dir='ltr' id='par_1_82' title="bbox 235 5065 407 5111">
     <span class='ocr_line' id='line_1_82' title="bbox 235 5065 407 5111; baseline 0.029 -11"><span class='ocrx_word' id='word_1_530' title='bbox 235 5065 407 5111; x_wconf 84' lang='lat' dir='ltr'><strong>mitur.</strong></span> 
     </span>
    </p>
   </div>
   <div class='ocr_carea' id='block_1_83' title="bbox 300 5115 1837 5168">
    <p class='ocr_par' dir='ltr' id='par_1_83' title="bbox 300 5115 1837 5168">
     <span class='ocr_line' id='line_1_83' title="bbox 300 5115 1837 5168; baseline 0.003 -3"><span class='ocrx_word' id='word_1_531' title='bbox 300 5115 385 5168; x_wconf 68' lang='lat' dir='ltr'><strong>VI.</strong></span> <span class='ocrx_word' id='word_1_532' title='bbox 400 5149 458 5158; x_wconf 87' lang='lat'><strong>--</strong></span> <span class='ocrx_word' id='word_1_533' title='bbox 481 5122 683 5168; x_wconf 86' lang='lat' dir='ltr'><strong>Sanctus</strong></span> <span class='ocrx_word' id='word_1_534' title='bbox 703 5120 956 5168; x_wconf 76' lang='lat' dir='ltr'><strong>Vedastus.</strong></span> <span class='ocrx_word' id='word_1_535' title='bbox 979 5124 1141 5168; x_wconf 72' lang='lat' dir='ltr'><strong>ctrina</strong></span> <span class='ocrx_word' id='word_1_536' title='bbox 1161 5118 1413 5168; x_wconf 72' lang='lat' dir='ltr'><strong>dtritzente</strong></span> <span class='ocrx_word' id='word_1_537' title='bbox 1438 5122 1615 5168; x_wconf 67' lang='lat' dir='ltr'><strong>gratia.</strong></span> <span class='ocrx_word' id='word_1_538' title='bbox 1643 5119 1690 5166; x_wconf 90' lang='lat' dir='ltr'><strong>in</strong></span> <span class='ocrx_word' id='word_1_539' title='bbox 1712 5117 1837 5168; x_wconf 75' lang='lat' dir='ltr'><strong>hanc</strong></span> 
     </span>
    </p>
   </div>
   <div class='ocr_carea' id='block_1_84' title="bbox 2002 3610 3530 3675">
    <p class='ocr_par' dir='ltr' id='par_1_84' title="bbox 2002 3610 3530 3675">
     <span class='ocr_line' id='line_1_84' title="bbox 2002 3610 3530 3675; baseline -0.001 -10"><span class='ocrx_word' id='word_1_540' title='bbox 2002 3612 2082 3666; x_wconf 79' lang='lat' dir='ltr'><strong>IX.</strong></span> <span class='ocrx_word' id='word_1_541' title='bbox 2109 3614 2367 3664; x_wconf 80' lang='lat' dir='ltr'><strong>—Ileatns</strong></span> <span class='ocrx_word' id='word_1_542' title='bbox 2389 3613 2634 3664; x_wconf 77' lang='lat' dir='ltr'><strong>Vedastus</strong></span> <span class='ocrx_word' id='word_1_543' title='bbox 2670 3614 2733 3661; x_wconf 84' lang='lat' dir='ltr'><strong>de</strong></span> <span class='ocrx_word' id='word_1_544' title='bbox 2773 3610 2863 3661; x_wconf 86' lang='lat' dir='ltr'><strong>hoc</strong></span> <span class='ocrx_word' id='word_1_545' title='bbox 2902 3611 3084 3661; x_wconf 63' lang='lat' dir='ltr'><strong>sua?qu</strong></span> <span class='ocrx_word' id='word_1_546' title='bbox 3104 3611 3351 3674; x_wconf 79' lang='lat' dir='ltr'><strong>migravit,</strong></span> <span class='ocrx_word' id='word_1_547' title='bbox 3392 3617 3530 3675; x_wconf 72' lang='lat' dir='ltr'><strong>cuius</strong></span> 
     </span>
    </p>
   </div>
   <div class='ocr_carea' id='block_1_85' title="bbox 1937 3676 3534 3728">
    <p class='ocr_par' dir='ltr' id='par_1_85' title="bbox 1937 3676 3534 3728">
     <span class='ocr_line' id='line_1_85' title="bbox 1937 3676 3534 3728; baseline -0.003 0"><span class='ocrx_word' id='word_1_548' title='bbox 1937 3683 2125 3728; x_wconf 78' lang='lat' dir='ltr'><strong>exitum</strong></span> <span class='ocrx_word' id='word_1_549' title='bbox 2148 3678 2371 3726; x_wconf 78' lang='lat' dir='ltr'><strong>columna</strong></span> <span class='ocrx_word' id='word_1_550' title='bbox 2397 3677 2519 3725; x_wconf 88' lang='lat' dir='ltr'><strong>lucis</strong></span> <span class='ocrx_word' id='word_1_551' title='bbox 2545 3676 2817 3724; x_wconf 86' lang='lat' dir='ltr'><strong>illustravit.</strong></span> <span class='ocrx_word' id='word_1_552' title='bbox 3468 3678 3534 3725; x_wconf 66' lang='lat'><strong>53’</strong></span> 
     </span>
    </p>
   </div>
   <div class='ocr_carea' id='block_1_86' title="bbox 1998 3734 3531 3801">
    <p class='ocr_par' dir='ltr' id='par_1_86' title="bbox 1998 3734 3531 3801">
     <span class='ocr_line' id='line_1_86' title="bbox 1998 3734 3531 3801; baseline -0.003 -14"><span class='ocrx_word' id='word_1_553' title='bbox 1998 3738 2055 3787; x_wconf 85' lang='lat' dir='ltr'><strong>X.</strong></span> <span class='ocrx_word' id='word_1_554' title='bbox 2082 3766 2140 3775; x_wconf 93' lang='lat'><strong><em>—</em></strong></span> <span class='ocrx_word' id='word_1_555' title='bbox 2163 3740 2237 3788; x_wconf 88' lang='lat' dir='ltr'><strong>De</strong></span> <span class='ocrx_word' id='word_1_556' title='bbox 2263 3740 2455 3789; x_wconf 89' lang='lat' dir='ltr'><strong>homine</strong></span> <span class='ocrx_word' id='word_1_557' title='bbox 2482 3751 2570 3801; x_wconf 86' lang='lat' dir='ltr'><strong>per</strong></span> <span class='ocrx_word' id='word_1_558' title='bbox 2597 3740 2890 3787; x_wconf 73' lang='lat' dir='ltr'><strong>adrucatiam</strong></span> <span class='ocrx_word' id='word_1_559' title='bbox 2929 3737 3081 3786; x_wconf 87' lang='lat' dir='ltr'><strong>sancti</strong></span> <span class='ocrx_word' id='word_1_560' title='bbox 3106 3734 3304 3786; x_wconf 84' lang='lat' dir='ltr'><strong>Vedasti</strong></span> <span class='ocrx_word' id='word_1_561' title='bbox 3327 3739 3375 3786; x_wconf 89' lang='lat' dir='ltr'><strong>in</strong></span> <span class='ocrx_word' id='word_1_562' title='bbox 3400 3749 3531 3801; x_wconf 60' lang='lat' dir='ltr'><strong>carm</strong></span> 
     </span>
    </p>
   </div>
   <div class='ocr_carea' id='block_1_87' title="bbox 1936 3798 3531 3865">
    <p class='ocr_par' dir='ltr' id='par_1_87' title="bbox 1936 3798 3531 3865">
     <span class='ocr_line' id='line_1_87' title="bbox 1936 3798 3531 3865; baseline -0.001 -15"><span class='ocrx_word' id='word_1_563' title='bbox 1936 3815 2055 3865; x_wconf 84' lang='lat' dir='ltr'><strong>pum</strong></span> <span class='ocrx_word' id='word_1_564' title='bbox 2074 3808 2363 3865; x_wconf 63' lang='lat' dir='ltr'><strong>sustentata.</strong></span> <span class='ocrx_word' id='word_1_565' title='bbox 2482 3798 2496 3801; x_wconf 66' lang='grc'>⁷</span> <span class='ocrx_word' id='word_1_566' title='bbox 3090 3860 3128 3865; x_wconf 90' lang='lat'><strong>__</strong></span> <span class='ocrx_word' id='word_1_567' title='bbox 3184 3859 3197 3865; x_wconf 92' lang='lat'><em>_</em></span> <span class='ocrx_word' id='word_1_568' title='bbox 3406 3798 3531 3865; x_wconf 64' lang='lat' dir='ltr'><strong>ibid.</strong></span> 
     </span>
    </p>
   </div>
   <div class='ocr_carea' id='block_1_88' title="bbox 1998 3859 3533 3973">
    <p class='ocr_par' dir='ltr' id='par_1_88' title="bbox 1998 3859 3533 3973">
     <span class='ocr_line' id='line_1_88' title="bbox 1998 3859 3533 3973; baseline -0.003 -61"><span class='ocrx_word' id='word_1_569' title='bbox 1998 3864 2076 3973; x_wconf 69' lang='lat' dir='ltr'><strong>LXI.</strong></span> <span class='ocrx_word' id='word_1_570' title='bbox 2103 3890 2157 3900; x_wconf 65' lang='grc' dir='ltr'><strong>-κ</strong></span> <span class='ocrx_word' id='word_1_571' title='bbox 2184 3862 2256 3913; x_wconf 87' lang='lat' dir='ltr'><strong>De</strong></span> <span class='ocrx_word' id='word_1_572' title='bbox 2276 3864 2471 3913; x_wconf 86' lang='lat' dir='ltr'><strong>homine</strong></span> <span class='ocrx_word' id='word_1_573' title='bbox 2502 3874 2699 3926; x_wconf 87' lang='lat' dir='ltr'><strong>quoque</strong></span> <span class='ocrx_word' id='word_1_574' title='bbox 2727 3874 2815 3924; x_wconf 89' lang='lat' dir='ltr'><strong>per</strong></span> <span class='ocrx_word' id='word_1_575' title='bbox 2838 3867 3058 3910; x_wconf 82' lang='lat' dir='ltr'><strong>sanctum</strong></span> <span class='ocrx_word' id='word_1_576' title='bbox 3090 3859 3358 3910; x_wconf 67' lang='lat' dir='ltr'><strong>Vedastum</strong></span> <span class='ocrx_word' id='word_1_577' title='bbox 3404 3859 3533 3973; x_wconf 51' lang='lat' dir='ltr'><strong>litigi</strong></span> 
     </span>
     <span class='ocr_line' id='line_1_89' title="bbox 2011 3940 3481 3972; baseline -0.004 0"><span class='ocrx_word' id='word_1_578' title='bbox 2011 3940 2053 3972; x_wconf 84' lang='lat'><strong>0.</strong></span> <span class='ocrx_word' id='word_1_579' title='bbox 3472 3956 3481 3966; x_wconf 93' lang='lat'><strong>.</strong></span> 
     </span>
    </p>
   </div>
   <div class='ocr_carea' id='block_1_89' title="bbox 1930 3926 3500 3976">
    <p class='ocr_par' dir='ltr' id='par_1_89' title="bbox 1930 3926 3500 3976">
     <span class='ocr_line' id='line_1_90' title="bbox 1930 3926 3500 3976; baseline -0.018 0"><span class='ocrx_word' id='word_1_580' title='bbox 1930 3934 2053 3976; x_wconf 83' lang='lat' dir='ltr'><strong>rato.</strong></span> <span class='ocrx_word' id='word_1_581' title='bbox 3472 3926 3500 3971; x_wconf 57' lang='grc' dir='ltr'><strong>π</strong></span> 
     </span>
    </p>
   </div>
   <div class='ocr_carea' id='block_1_90' title="bbox 1999 3983 3534 4045">
    <p class='ocr_par' dir='ltr' id='par_1_90' title="bbox 1999 3983 3534 4045">
     <span class='ocr_line' id='line_1_91' title="bbox 1999 3983 3534 4045; baseline -0.002 -9"><span class='ocrx_word' id='word_1_582' title='bbox 1999 3988 2105 4038; x_wconf 75' lang='grc' dir='ltr'><strong>ΧΠ.</strong></span> <span class='ocrx_word' id='word_1_583' title='bbox 2129 4015 2188 4024; x_wconf 85' lang='grc'><strong>-</strong></span> <span class='ocrx_word' id='word_1_584' title='bbox 2207 3987 2324 4038; x_wconf 85' lang='lat' dir='ltr'><strong>Post</strong></span> <span class='ocrx_word' id='word_1_585' title='bbox 2347 3988 2614 4037; x_wconf 72' lang='lat' dir='ltr'><strong>Vedastnm</strong></span> <span class='ocrx_word' id='word_1_586' title='bbox 2637 3986 2869 4034; x_wconf 81' lang='lat' dir='ltr'><strong>successit</strong></span> <span class='ocrx_word' id='word_1_587' title='bbox 2893 3984 3171 4033; x_wconf 79' lang='lat' dir='ltr'><strong>Dominicas</strong></span> <span class='ocrx_word' id='word_1_588' title='bbox 3190 4022 3201 4044; x_wconf 93' lang='lat'><strong>,</strong></span> <span class='ocrx_word' id='word_1_589' title='bbox 3231 3988 3397 4045; x_wconf 84' lang='lat' dir='ltr'><strong>postea</strong></span> <span class='ocrx_word' id='word_1_590' title='bbox 3420 3983 3534 4045; x_wconf 65' lang='lat' dir='ltr'><strong>Ye-</strong></span> 
     </span>
    </p>
   </div>
   <div class='ocr_carea' id='block_1_91' title="bbox 1937 4044 3533 4106">
    <p class='ocr_par' dir='ltr' id='par_1_91' title="bbox 1937 4044 3533 4106">
     <span class='ocr_line' id='line_1_92' title="bbox 1937 4044 3533 4106; baseline -0.002 -6"><span class='ocrx_word' id='word_1_591' title='bbox 1937 4049 2115 4106; x_wconf 77' lang='lat' dir='ltr'><strong>dulI‘ns,</strong></span> <span class='ocrx_word' id='word_1_592' title='bbox 2146 4052 2327 4099; x_wconf 89' lang='lat' dir='ltr'><strong>deinde</strong></span> <span class='ocrx_word' id='word_1_593' title='bbox 2360 4052 2534 4098; x_wconf 82' lang='lat' dir='ltr'><strong>beatus</strong></span> <span class='ocrx_word' id='word_1_594' title='bbox 2556 4049 2875 4106; x_wconf 76' lang='lat' dir='ltr'><strong>Gangericus.</strong></span> <span class='ocrx_word' id='word_1_595' title='bbox 3236 4044 3239 4045; x_wconf 47' lang='grc'><strong><em>⁷</em></strong></span> <span class='ocrx_word' id='word_1_596' title='bbox 3295 4070 3299 4074; x_wconf 50' lang='grc'>&gt;</span> <span class='ocrx_word' id='word_1_597' title='bbox 3409 4044 3533 4097; x_wconf 74' lang='lat' dir='ltr'><strong>ibid.</strong></span> 
     </span>
    </p>
   </div>
   <div class='ocr_carea' id='block_1_92' title="bbox 1999 4089 3534 4170">
    <p class='ocr_par' dir='ltr' id='par_1_92' title="bbox 1999 4089 3534 4170">
     <span class='ocr_line' id='line_1_93' title="bbox 1999 4089 3534 4170; baseline -0.001 -10"><span class='ocrx_word' id='word_1_598' title='bbox 2147 4089 2211 4147; x_wconf 52' lang='grc' dir='ltr'>Σ</span> <span class='ocrx_word' id='word_1_599' title='bbox 2237 4089 2593 4160; x_wconf 55' lang='grc' dir='ltr'><strong>ΒενΒυνιοδῘάὖ</strong></span> <span class='ocrx_word' id='word_1_600' title='bbox 2619 4089 2885 4170; x_wconf 61' lang='grc' dir='ltr'><strong>ρξῆδίεορυ.Δ</strong></span> <span class='ocrx_word' id='word_1_601' title='bbox 2909 4168 2919 4170; x_wconf 10' lang='grc' dir='ltr'><em>ῃ</em></span> <span class='ocrx_word' id='word_1_602' title='bbox 3410 4089 3425 4097; x_wconf 59' lang='grc'><em>’</em></span> <span class='ocrx_word' id='word_1_603' title='bbox 3472 4089 3534 4159; x_wconf 65' lang='grc' dir='ltr'>δέ</span> 
     </span>
    </p>
   </div>
   <div class='ocr_carea' id='block_1_93' title="bbox 2000 4168 3539 4233">
    <p class='ocr_par' dir='ltr' id='par_1_93' title="bbox 2000 4168 3539 4233">
     <span class='ocr_line' id='line_1_94' title="bbox 2000 4168 3539 4233; baseline -0.003 -11"><span class='ocrx_word' id='word_1_604' title='bbox 2000 4170 2127 4224; x_wconf 75' lang='lat' dir='ltr'><strong>XIV.</strong></span> <span class='ocrx_word' id='word_1_605' title='bbox 2152 4200 2212 4209; x_wconf 94' lang='lat'>—</span> <span class='ocrx_word' id='word_1_606' title='bbox 2234 4172 2461 4222; x_wconf 78' lang='lat' dir='ltr'><strong>Interfuit</strong></span> <span class='ocrx_word' id='word_1_607' title='bbox 2485 4168 2670 4233; x_wconf 80' lang='lat' dir='ltr'><strong>synodo</strong></span> <span class='ocrx_word' id='word_1_608' title='bbox 2700 4168 2983 4218; x_wconf 79' lang='lat' dir='ltr'><strong>Bertoaldus</strong></span> <span class='ocrx_word' id='word_1_609' title='bbox 3006 4171 3265 4233; x_wconf 79' lang='lat' dir='ltr'><strong>episcopus</strong></span> <span class='ocrx_word' id='word_1_610' title='bbox 3290 4182 3398 4217; x_wconf 88' lang='lat' dir='ltr'><strong>cum</strong></span> <span class='ocrx_word' id='word_1_611' title='bbox 3422 4183 3508 4218; x_wconf 84' lang='lat' dir='ltr'><strong>san</strong></span> <span class='ocrx_word' id='word_1_612' title='bbox 3532 4196 3539 4208; x_wconf 62' lang='grc' dir='ltr'><em>ι</em></span> 
     </span>
    </p>
   </div>
   <div class='ocr_carea' id='block_1_94' title="bbox 1937 4231 3536 4293">
    <p class='ocr_par' dir='ltr' id='par_1_94' title="bbox 1937 4231 3536 4293">
     <span class='ocr_line' id='line_1_95' title="bbox 1937 4231 3536 4293; baseline -0.002 -8"><span class='ocrx_word' id='word_1_613' title='bbox 1937 4243 2016 4285; x_wconf 90' lang='lat' dir='ltr'><strong>cto</strong></span> <span class='ocrx_word' id='word_1_614' title='bbox 2034 4236 2233 4285; x_wconf 76' lang='lat' dir='ltr'><strong>Arn&#39;ulfo</strong></span> <span class='ocrx_word' id='word_1_615' title='bbox 2251 4242 2303 4284; x_wconf 88' lang='lat' dir='ltr'><strong>et</strong></span> <span class='ocrx_word' id='word_1_616' title='bbox 2326 4235 2494 4285; x_wconf 86' lang='lat' dir='ltr'><strong>multis</strong></span> <span class='ocrx_word' id='word_1_617' title='bbox 2513 4231 2653 4293; x_wconf 75' lang='lat' dir='ltr'><strong>aliis;</strong></span> <span class='ocrx_word' id='word_1_618' title='bbox 2675 4234 2754 4281; x_wconf 81' lang='lat' dir='ltr'><strong>ubi</strong></span> <span class='ocrx_word' id='word_1_619' title='bbox 2792 4233 3063 4281; x_wconf 59' lang='lat' dir='ltr'><strong>nt&#39;cessaria</strong></span> <span class='ocrx_word' id='word_1_620' title='bbox 3089 4231 3311 4279; x_wconf 68' lang='lat' dir='ltr'><strong>ecclesiae</strong></span> <span class='ocrx_word' id='word_1_621' title='bbox 3334 4238 3536 4293; x_wconf 73' lang='lat' dir='ltr'><strong>tractata</strong></span> 
     </span>
    </p>
   </div>
   <div class='ocr_carea' id='block_1_95' title="bbox 1935 4292 3532 4358">
    <p class='ocr_par' dir='ltr' id='par_1_95' title="bbox 1935 4292 3532 4358">
     <span class='ocr_line' id='line_1_96' title="bbox 1935 4292 3532 4358; baseline -0.002 -11"><span class='ocrx_word' id='word_1_622' title='bbox 1935 4307 2050 4347; x_wconf 84' lang='lat' dir='ltr'><strong>sunt</strong></span> <span class='ocrx_word' id='word_1_623' title='bbox 2074 4297 2334 4358; x_wconf 74' lang='lat' dir='ltr'><strong>(an.625).</strong></span> <span class='ocrx_word' id='word_1_624' title='bbox 2506 4355 2517 4358; x_wconf 92' lang='lat'><strong>_</strong></span> <span class='ocrx_word' id='word_1_625' title='bbox 2601 4292 2641 4358; x_wconf 57' lang='grc' dir='ltr'><strong><em>ς</em></strong></span> <span class='ocrx_word' id='word_1_626' title='bbox 2719 4356 2726 4358; x_wconf 96' lang='lat'>_</span> <span class='ocrx_word' id='word_1_627' title='bbox 2809 4355 2819 4358; x_wconf 94' lang='lat'><em>_</em></span> <span class='ocrx_word' id='word_1_628' title='bbox 3197 4353 3281 4358; x_wconf 84' lang='lat'><strong>__</strong></span> <span class='ocrx_word' id='word_1_629' title='bbox 3409 4292 3532 4358; x_wconf 77' lang='lat' dir='ltr'><strong>ibid.</strong></span> 
     </span>
    </p>
   </div>
   <div class='ocr_carea' id='block_1_96' title="bbox 2001 4353 3534 4420">
    <p class='ocr_par' dir='ltr' id='par_1_96' title="bbox 2001 4353 3534 4420">
     <span class='ocr_line' id='line_1_97' title="bbox 2001 4353 3534 4420; baseline -0.005 -12"><span class='ocrx_word' id='word_1_630' title='bbox 2001 4353 2101 4410; x_wconf 76' lang='lat' dir='ltr'><strong>XV.</strong></span> <span class='ocrx_word' id='word_1_631' title='bbox 2127 4384 2189 4395; x_wconf 90' lang='lat'><strong>--</strong></span> <span class='ocrx_word' id='word_1_632' title='bbox 2214 4353 2311 4408; x_wconf 84' lang='lat' dir='ltr'><strong>Isto</strong></span> <span class='ocrx_word' id='word_1_633' title='bbox 2354 4355 2554 4420; x_wconf 89' lang='lat' dir='ltr'><strong>presnle</strong></span> <span class='ocrx_word' id='word_1_634' title='bbox 2594 4355 2670 4406; x_wconf 81' lang='lat' dir='ltr'><strong>fur</strong></span> <span class='ocrx_word' id='word_1_635' title='bbox 2714 4356 2764 4403; x_wconf 89' lang='lat' dir='ltr'><strong>in</strong></span> <span class='ocrx_word' id='word_1_636' title='bbox 2809 4354 3006 4420; x_wconf 74' lang='lat' dir='ltr'><strong>tasilica</strong></span> <span class='ocrx_word' id='word_1_637' title='bbox 3056 4356 3208 4420; x_wconf 81' lang='lat' dir='ltr'><strong>sancti</strong></span> <span class='ocrx_word' id='word_1_638' title='bbox 3250 4353 3534 4420; x_wconf 76' lang='lat' dir='ltr'><strong>Gaugerici,</strong></span> 
     </span>
    </p>
   </div>
   <div class='ocr_carea' id='block_1_97' title="bbox 1935 4416 3537 4481">
    <p class='ocr_par' dir='ltr' id='par_1_97' title="bbox 1935 4416 3537 4481">
     <span class='ocr_line' id='line_1_98' title="bbox 1935 4416 3537 4481; baseline -0.006 -10"><span class='ocrx_word' id='word_1_639' title='bbox 1935 4429 2104 4481; x_wconf 84' lang='lat' dir='ltr'><strong>sancto</strong></span> <span class='ocrx_word' id='word_1_640' title='bbox 2140 4416 2416 4481; x_wconf 76' lang='lat' dir='ltr'><strong>Gaogerico</strong></span> <span class='ocrx_word' id='word_1_641' title='bbox 2438 4422 2688 4469; x_wconf 86' lang='lat' dir='ltr'><strong>intimante</strong></span> <span class='ocrx_word' id='word_1_642' title='bbox 2703 4455 2718 4478; x_wconf 93' lang='lat'><strong>,</strong></span> <span class='ocrx_word' id='word_1_643' title='bbox 2740 4416 3194 4481; x_wconf 60' lang='lat' dir='ltr'><strong>comprehenditur.</strong></span> <span class='ocrx_word' id='word_1_644' title='bbox 3215 4477 3224 4481; x_wconf 94' lang='lat'><em>_</em></span> <span class='ocrx_word' id='word_1_645' title='bbox 3473 4418 3537 4466; x_wconf 70' lang='lat'><strong>33</strong></span> 
     </span>
    </p>
   </div>
   <div class='ocr_carea' id='block_1_98' title="bbox 2001 4475 3536 4537">
    <p class='ocr_par' dir='ltr' id='par_1_98' title="bbox 2001 4475 3536 4537">
     <span class='ocr_line' id='line_1_99' title="bbox 2001 4475 3536 4537; baseline -0.005 -5"><span class='ocrx_word' id='word_1_646' title='bbox 2001 4480 2125 4535; x_wconf 76' lang='lat' dir='ltr'><strong>XVI.</strong></span> <span class='ocrx_word' id='word_1_647' title='bbox 2152 4509 2214 4519; x_wconf 94' lang='lat'><strong>—</strong></span> <span class='ocrx_word' id='word_1_648' title='bbox 2248 4475 2571 4533; x_wconf 56' lang='lat' dir='ltr'><strong>&#39;Subnectitur</strong></span> <span class='ocrx_word' id='word_1_649' title='bbox 2610 4475 2909 4530; x_wconf 83' lang='lat' dir='ltr'><strong>Ablebertus</strong></span> <span class='ocrx_word' id='word_1_650' title='bbox 2948 4480 3053 4527; x_wconf 73' lang='lat' dir='ltr'><strong>sive</strong></span> <span class='ocrx_word' id='word_1_651' title='bbox 3092 4475 3425 4537; x_wconf 85' lang='lat' dir='ltr'><strong>Emebertns,</strong></span> <span class='ocrx_word' id='word_1_652' title='bbox 3470 4492 3536 4526; x_wconf 76' lang='lat' dir='ltr'><strong>ex</strong></span> 
     </span>
    </p>
   </div>
   <div class='ocr_carea' id='block_1_99' title="bbox 1937 4539 3535 4607">
    <p class='ocr_par' dir='ltr' id='par_1_99' title="bbox 1937 4539 3535 4607">
     <span class='ocr_line' id='line_1_100' title="bbox 1937 4539 3535 4607; baseline -0.005 -11"><span class='ocrx_word' id='word_1_653' title='bbox 1937 4545 2100 4596; x_wconf 75' lang='lat' dir='ltr'><strong>Sancta</strong></span> <span class='ocrx_word' id='word_1_654' title='bbox 2123 4547 2275 4607; x_wconf 88' lang='lat' dir='ltr'><strong>stirpe</strong></span> <span class='ocrx_word' id='word_1_655' title='bbox 2303 4547 2611 4607; x_wconf 83' lang='lat' dir='ltr'><strong>progenitus.</strong></span> <span class='ocrx_word' id='word_1_656' title='bbox 2819 4601 2831 4607; x_wconf 88' lang='lat'><em>_</em></span> <span class='ocrx_word' id='word_1_657' title='bbox 3137 4600 3150 4607; x_wconf 93' lang='lat'><em>_</em></span> <span class='ocrx_word' id='word_1_658' title='bbox 3214 4598 3225 4607; x_wconf 84' lang='lat'><strong><em>_</em></strong></span> <span class='ocrx_word' id='word_1_659' title='bbox 3410 4539 3535 4607; x_wconf 58' lang='lat' dir='ltr'><strong>ibid.</strong></span> 
     </span>
    </p>
   </div>
   <div class='ocr_carea' id='block_1_100' title="bbox 2004 4597 3539 4663">
    <p class='ocr_par' dir='ltr' id='par_1_100' title="bbox 2004 4597 3539 4663">
     <span class='ocr_line' id='line_1_101' title="bbox 2004 4597 3539 4663; baseline -0.007 -6"><span class='ocrx_word' id='word_1_660' title='bbox 2004 4608 2151 4657; x_wconf 69' lang='lat' dir='ltr'><strong>XVII.</strong></span> <span class='ocrx_word' id='word_1_661' title='bbox 2170 4597 2231 4643; x_wconf 63' lang='grc' dir='ltr'><strong>-ἐ</strong></span> <span class='ocrx_word' id='word_1_662' title='bbox 2251 4597 2342 4657; x_wconf 65' lang='lat' dir='ltr'><strong>Hic</strong></span> <span class='ocrx_word' id='word_1_663' title='bbox 2367 4597 2423 4654; x_wconf 68' lang='grc' dir='ltr'><strong>ε]</strong></span> <span class='ocrx_word' id='word_1_664' title='bbox 2445 4606 2673 4655; x_wconf 81' lang='lat' dir='ltr'><strong>Martinas</strong></span> <span class='ocrx_word' id='word_1_665' title='bbox 2694 4601 2919 4663; x_wconf 87' lang='lat' dir='ltr'><strong>sepultus</strong></span> <span class='ocrx_word' id='word_1_666' title='bbox 2942 4608 3041 4663; x_wconf 84' lang='lat' dir='ltr'><strong>est,</strong></span> <span class='ocrx_word' id='word_1_667' title='bbox 3065 4600 3152 4649; x_wconf 89' lang='lat' dir='ltr'><strong>sed</strong></span> <span class='ocrx_word' id='word_1_668' title='bbox 3169 4598 3227 4648; x_wconf 86' lang='lat' dir='ltr'><strong>ad</strong></span> <span class='ocrx_word' id='word_1_669' title='bbox 3252 4597 3539 4651; x_wconf 81' lang='lat' dir='ltr'><strong>Milbodinm</strong></span> 
     </span>
    </p>
   </div>
   <div class='ocr_carea' id='block_1_101' title="bbox 3479 4662 3545 4711">
    <p class='ocr_par' dir='ltr' id='par_1_101' title="bbox 3479 4662 3545 4711">
     <span class='ocr_line' id='line_1_102' title="bbox 3479 4662 3545 4711; baseline -0.03 0"><span class='ocrx_word' id='word_1_670' title='bbox 3479 4662 3545 4711; x_wconf 71' lang='lat'><strong>56</strong></span> 
     </span>
    </p>
   </div>
   <div class='ocr_carea' id='block_1_102' title="bbox 3416 4722 3541 4772">
    <p class='ocr_par' dir='ltr' id='par_1_102' title="bbox 3416 4722 3541 4772">
     <span class='ocr_line' id='line_1_103' title="bbox 3416 4722 3541 4772; baseline -0.024 0"><span class='ocrx_word' id='word_1_671' title='bbox 3416 4722 3541 4772; x_wconf 72' lang='lat' dir='ltr'><strong>ibid.</strong></span> 
     </span>
    </p>
   </div>
   <div class='ocr_carea' id='block_1_103' title="bbox 1939 4669 2219 4721">
    <p class='ocr_par' dir='ltr' id='par_1_103' title="bbox 1939 4669 2219 4721">
     <span class='ocr_line' id='line_1_104' title="bbox 1939 4669 2219 4721; baseline -0.007 0"><span class='ocrx_word' id='word_1_672' title='bbox 1939 4669 2219 4721; x_wconf 85' lang='lat' dir='ltr'><strong>translatus.</strong></span> 
     </span>
    </p>
   </div>
   <div class='ocr_carea' id='block_1_104' title="bbox 2001 4727 2813 4781">
    <p class='ocr_par' dir='ltr' id='par_1_104' title="bbox 2001 4727 2813 4781">
     <span class='ocr_line' id='line_1_105' title="bbox 2001 4727 2813 4781; baseline -0.005 0"><span class='ocrx_word' id='word_1_673' title='bbox 2001 4730 2241 4781; x_wconf 82' lang='lat' dir='ltr'><strong>XVIII.——</strong></span> <span class='ocrx_word' id='word_1_674' title='bbox 2263 4727 2337 4776; x_wconf 87' lang='lat' dir='ltr'><strong>De</strong></span> <span class='ocrx_word' id='word_1_675' title='bbox 2363 4735 2530 4779; x_wconf 83' lang='lat' dir='ltr'><strong>sancto</strong></span> <span class='ocrx_word' id='word_1_676' title='bbox 2553 4728 2813 4777; x_wconf 67' lang='lat' dir='ltr'><strong>Autbertn.</strong></span> 
     </span>
    </p>
   </div>
   <div class='ocr_carea' id='block_1_105' title="bbox 2004 4786 3549 4850">
    <p class='ocr_par' dir='ltr' id='par_1_105' title="bbox 2004 4786 3549 4850">
     <span class='ocr_line' id='line_1_106' title="bbox 2004 4786 3549 4850; baseline -0.01 -6"><span class='ocrx_word' id='word_1_677' title='bbox 2004 4793 2131 4844; x_wconf 75' lang='lat' dir='ltr'><strong>XIX.</strong></span> <span class='ocrx_word' id='word_1_678' title='bbox 2151 4817 2213 4830; x_wconf 84' lang='lat'><strong>-—-</strong></span> <span class='ocrx_word' id='word_1_679' title='bbox 2233 4792 2370 4850; x_wconf 80' lang='lat' dir='ltr'><strong>Quod</strong></span> <span class='ocrx_word' id='word_1_680' title='bbox 2397 4792 2447 4841; x_wconf 91' lang='lat' dir='ltr'><strong>S.</strong></span> <span class='ocrx_word' id='word_1_681' title='bbox 2478 4788 2660 4842; x_wconf 78' lang='lat' dir='ltr'><strong>Gislani</strong></span> <span class='ocrx_word' id='word_1_682' title='bbox 2686 4786 2948 4838; x_wconf 79' lang='lat' dir='ltr'><strong>ecclesiam</strong></span> <span class='ocrx_word' id='word_1_683' title='bbox 2976 4786 3297 4850; x_wconf 69' lang='lat' dir='ltr'><strong>consecravit,</strong></span> <span class='ocrx_word' id='word_1_684' title='bbox 3328 4793 3549 4836; x_wconf 86' lang='lat' dir='ltr'><strong>sanctum</strong></span> 
     </span>
    </p>
   </div>
   <div class='ocr_carea' id='block_1_106' title="bbox 1941 4846 3551 4916">
    <p class='ocr_par' dir='ltr' id='par_1_106' title="bbox 1941 4846 3551 4916">
     <span class='ocr_line' id='line_1_107' title="bbox 1941 4846 3551 4916; baseline -0.007 -13"><span class='ocrx_word' id='word_1_685' title='bbox 1941 4846 2266 4907; x_wconf 69' lang='lat' dir='ltr'><strong>Vincentium</strong></span> <span class='ocrx_word' id='word_1_686' title='bbox 2297 4855 2536 4916; x_wconf 79' lang='lat' dir='ltr'><strong>excoluit,</strong></span> <span class='ocrx_word' id='word_1_687' title='bbox 2580 4858 2793 4901; x_wconf 83' lang='lat' dir='ltr'><strong>sanctam</strong></span> <span class='ocrx_word' id='word_1_688' title='bbox 2837 4846 3209 4901; x_wconf 82' lang='lat' dir='ltr'><strong>\Valdetrudem</strong></span> <span class='ocrx_word' id='word_1_689' title='bbox 3239 4854 3293 4896; x_wconf 86' lang='lat' dir='ltr'><strong>et</strong></span> <span class='ocrx_word' id='word_1_690' title='bbox 3335 4854 3551 4916; x_wconf 59' lang='lat' dir='ltr'><strong>sanctam</strong></span> 
     </span>
    </p>
   </div>
   <div class='ocr_carea' id='block_1_107' title="bbox 1938 4907 3551 4972">
    <p class='ocr_par' dir='ltr' id='par_1_107' title="bbox 1938 4907 3551 4972">
     <span class='ocr_line' id='line_1_108' title="bbox 1938 4907 3551 4972; baseline -0.011 -2"><span class='ocrx_word' id='word_1_691' title='bbox 1938 4918 2281 4972; x_wconf 76' lang='lat' dir='ltr'><strong>Aldegnndem</strong></span> <span class='ocrx_word' id='word_1_692' title='bbox 2303 4916 2501 4965; x_wconf 79' lang='lat' dir='ltr'><strong>velarit.</strong></span> <span class='ocrx_word' id='word_1_693' title='bbox 2521 4907 2534 4916; x_wconf 84' lang='grc'><em>’</em></span> <span class='ocrx_word' id='word_1_694' title='bbox 2756 4971 2759 4972; x_wconf 20' lang='grc' dir='ltr'><em>ν</em></span> <span class='ocrx_word' id='word_1_695' title='bbox 3494 4907 3551 4972; x_wconf 48' lang='lat' dir='ltr'><strong>iii</strong></span> 
     </span>
    </p>
   </div>
   <div class='ocr_carea' id='block_1_108' title="bbox 2004 4931 3561 5031">
    <p class='ocr_par' dir='ltr' id='par_1_108' title="bbox 2004 4931 3561 5031">
     <span class='ocr_line' id='line_1_109' title="bbox 2004 4931 3547 4967; baseline -0.01 -2"><span class='ocrx_word' id='word_1_696' title='bbox 2004 4931 2060 4967; x_wconf 61' lang='lat' dir='ltr'><strong>[te</strong></span> <span class='ocrx_word' id='word_1_697' title='bbox 2101 4931 2281 4967; x_wconf 86' lang='lat' dir='ltr'><strong>nnoem</strong></span> <span class='ocrx_word' id='word_1_698' title='bbox 2303 4931 2501 4965; x_wconf 80' lang='lat' dir='ltr'><strong>velarit.</strong></span> <span class='ocrx_word' id='word_1_699' title='bbox 3494 4931 3547 4951; x_wconf 72' lang='grc' dir='ltr'><strong>,μ</strong></span> 
     </span>
     <span class='ocr_line' id='line_1_110' title="bbox 2004 4931 3561 5031; baseline -0.012 0"><span class='ocrx_word' id='word_1_700' title='bbox 2004 4931 2106 5031; x_wconf 48' lang='grc' dir='ltr'><strong>Χὲ.</strong></span> <span class='ocrx_word' id='word_1_701' title='bbox 2128 5004 2189 5016; x_wconf 88' lang='grc'><strong>-</strong></span> <span class='ocrx_word' id='word_1_702' title='bbox 2209 4977 2440 5027; x_wconf 86' lang='lat' dir='ltr'><strong>Sanctum</strong></span> <span class='ocrx_word' id='word_1_703' title='bbox 2463 4975 2727 5028; x_wconf 79' lang='lat' dir='ltr'><strong>Vedastum</strong></span> <span class='ocrx_word' id='word_1_704' title='bbox 2753 4971 2955 5026; x_wconf 72' lang='lat' dir='ltr'><strong>levarit.</strong></span> <span class='ocrx_word' id='word_1_705' title='bbox 3298 5030 3305 5031; x_wconf 16' lang='grc' dir='ltr'>ί</span> <span class='ocrx_word' id='word_1_706' title='bbox 3498 4965 3561 5014; x_wconf 80' lang='lat'><strong>58</strong></span> 
     </span>
    </p>
   </div>
   <div class='ocr_carea' id='block_1_109' title="bbox 2003 5030 3561 5099">
    <p class='ocr_par' dir='ltr' id='par_1_109' title="bbox 2003 5030 3561 5099">
     <span class='ocr_line' id='line_1_111' title="bbox 2003 5030 3561 5099; baseline -0.013 -6"><span class='ocrx_word' id='word_1_707' title='bbox 2003 5030 2127 5093; x_wconf 75' lang='lat' dir='ltr'><strong>XXI.</strong></span> <span class='ocrx_word' id='word_1_708' title='bbox 2152 5065 2214 5078; x_wconf 86' lang='lat'><em>--</em></span> <span class='ocrx_word' id='word_1_709' title='bbox 2236 5037 2549 5091; x_wconf 65' lang='lat' dir='ltr'><strong>Vinditianns</strong></span> <span class='ocrx_word' id='word_1_710' title='bbox 2585 5038 2846 5099; x_wconf 81' lang='lat' dir='ltr'><strong>episcOpus</strong></span> <span class='ocrx_word' id='word_1_711' title='bbox 2890 5033 3167 5092; x_wconf 65' lang='lat' dir='ltr'><strong>success“,</strong></span> <span class='ocrx_word' id='word_1_712' title='bbox 3189 5033 3245 5079; x_wconf 80' lang='lat' dir='ltr'><strong>et</strong></span> <span class='ocrx_word' id='word_1_713' title='bbox 3282 5030 3347 5082; x_wconf 81' lang='lat' dir='ltr'><strong>de</strong></span> <span class='ocrx_word' id='word_1_714' title='bbox 3384 5036 3561 5099; x_wconf 73' lang='lat' dir='ltr'><strong>marty_-</strong></span> 
     </span>
    </p>
   </div>
   <div class='ocr_carea' id='block_1_110' title="bbox 1944 5086 3564 5168">
    <p class='ocr_par' dir='ltr' id='par_1_110' title="bbox 1944 5086 3564 5168">
     <span class='ocr_line' id='line_1_112' title="bbox 1944 5086 3564 5168; baseline 0.005 -8"><span class='ocrx_word' id='word_1_715' title='bbox 1944 5086 2163 5160; x_wconf 46' lang='lat' dir='ltr'><strong>rabidis.</strong></span> <span class='ocrx_word' id='word_1_716' title='bbox 2192 5086 2546 5168; x_wconf 36' lang='lat' dir='ltr'><strong>Legdegarioj</strong></span> <span class='ocrx_word' id='word_1_717' title='bbox 2595 5086 2632 5168; x_wconf 45' lang='lat' dir='ltr'><strong>.I</strong></span> <span class='ocrx_word' id='word_1_718' title='bbox 2662 5160 2673 5168; x_wconf 53' lang='grc'><em>,</em></span> <span class='ocrx_word' id='word_1_719' title='bbox 2754 5086 2766 5095; x_wconf 57' lang='grc'><em>’</em></span> <span class='ocrx_word' id='word_1_720' title='bbox 2892 5086 2975 5167; x_wconf 29' lang='grc' dir='ltr'><strong>Πί</strong></span> <span class='ocrx_word' id='word_1_721' title='bbox 3313 5154 3330 5168; x_wconf 86' lang='grc'><strong>.</strong></span> 
     </span>
    </p>
   </div>
  </div>
