4036 6210
159 5545 184 5900 γ

181 6009 206 6163 l

612 388 695 398 .__
721 388 736 396 _
751 368 2356 395 ww.“—
2377 359 3494 417 ~_ﬂ

295 391 472 434 k—.:i
524 433 541 434 7
577 423 1276 434 ᾉ-ᾲ--ᾠψ
3443 401 3486 410 ..ιι

292 401 3486 443 W~

699 569 1693 709 ΝΙΚΗΦΟΡΟΥ
1814 563 2164 696 ΤΟΥ
2274 552 3057 688 ΓΡΗΓΟΡΑ

1097 812 1896 932 ΡΩΜΑΙΚΗΣ
1987 803 2681 918 ΙΣΤΟΡΙΑΣ

1587 1035 1952 1122 ΛΟΓΟΣ
2027 1032 2217 1114 KE'.

872 1395 1907 1559 NICEPHORI
1983 1379 2946 1543 GREGOR/E

1077 1687 1948 1806 BYZANTlN/E
2031 1680 2761 1798 HlSTOBI/E

965 1940 1382 2033 ‘LIBEB
1492 1931 2127 2030 VICESIMUS
2215 1888 2794 2033 QUINTUS.

380 2291 536 2365 [Coil.
564 2295 688 2349 Vat.
720 2291 880 2356 1095,
911 2289 1036 2346 ί⁰98
1064 2285 1142 2358 6.]
1163 2290 1240 2340 A'.
1279 2284 1435 2354 Ἐμοὶ
1457 2282 1512 2336 δὲ
1541 2280 1874 2352 προσωτέρω
1899 2273 1953 2336 Δ

2049 2275 2242 2343 1-18
2277 2273 2318 2327 l.
2348 2272 2482 2326 Cum
2528 2270 2746 2340 longius
2778 2267 3031 2340 progredi
3077 2267 3272 2322 vellem
3321 2267 3536 2322 duabus

311 2357 568 2457 προάγειν
615 2383 922 2455 βουλομένῳ
945 2382 1090 2434 δυοῖν
1121 2377 1476 2440 ἓνε,κα,ὃπως
1531 2391 1590 2426 τε
1640 2372 1872 2440 μάθοιμι
1973 2382 2004 2423 e

2001 2381 2038 2420 εχ
2066 2367 2268 2428 causis,
2295 2365 2494 2434 partim
2531 2371 2591 2417 ut
2634 2375 3048 2432 cognoscerem,
3075 2357 3141 2412 ad
3171 2372 3333 2428 quem
3367 2358 3533 2412 ﬁnem

314 2449 475 2544 μέχρι
502 2449 670 2526 πόσου
698 2449 796 2540 τῆς
825 2449 1104 2536 ἀλλοτρίας
1129 2464 1345 2532 ἐκείνης
1368 2462 1472 2530 γῆς
1501 2461 1596 2538 καὶ
1634 2457 1701 2512 δι’
1731 2458 1874 2508 ὅσων
1976 2467 2007 2511 ιι

2001 2471 2138 2511 eme
2161 2456 2308 2509 illius
2337 2454 2660 2524 peregrinas,
2689 2461 2744 2505 et
2775 2467 2873 2520 per
2895 2465 3032 2520 quas
3051 2458 3239 2518 gvntes
3263 2449 3537 2504 Christia-

313 2543 479 2618 ἐθνῶν
508 2563 736 2617 ἐκείνων
772 2561 948 2630 διήκει
1001 2557 1303 2626 σωζόμενον
1336 2553 1396 2605 τὸ
1420 2547 1762 2619 Χριστιανῶν
1793 2546 1874 2598 ἔτι
1975 2565 2007 2602 ιι

2001 2563 2175 2602 torum
2211 2546 2394 2601 adhuc
2421 2561 2590 2614 genus
2617 2544 2826 2598 salvum
2855 2543 3266 2601 extenderetur,
3311 2549 3368 2594 et
3397 2554 3536 2607 quo-

313 2658 490 2722 γένος,
510 2654 604 2708 καὶ
635 2655 782 2716 ὅπως
809 2654 866 2704 ἐν
888 2652 1072 2720 μέσοις
1102 2650 1215 2708 τοῖς
1240 2644 1491 2698 ἀσεϐέσιν
1525 2640 1603 2692 ἐτι
1628 2638 1737 2690 τῶν
1771 2653 1876 2688 πα-
1977 2656 2007 2692 n

2001 2638 2141 2692 nodo
2166 2637 2312 2691 inter
2336 2637 2545 2690 medios
2570 2634 2910 2702 irreligiosos
2938 2632 3188 2686 homines
3211 2632 3386 2700 patria
3414 2631 3540 2684 lidei

317 2741 487 2808 τρίων
511 2741 688 2810 ἔχεται
717 2738 1002 2808 δογμάτων
1024 2736 1119 2804 τῆς
1140 2732 1421 2794 εὐσεϐείας
1449 2728 1592 2782 κατὰ
1610 2728 1700 2780 τὸν
1723 2727 1875 2795 σφίσι
1978 2730 2007 2784 d

2001 2730 2232 2797 IOgInata
2263 2727 2597 2796 simpliciore
2627 2740 2722 2779 sua
2752 2733 2808 2779 et
2838 2724 3055 2778 veriore
3088 2723 3302 2777 ratione
3336 2724 3542 2790 ample-

317 2830 686 2898 ἀπλούστερὸν
731 2847 788 2882 τε
820 2829 913 2880 καὶ
947 2825 1304 2892 ἀληθέστερον
1355 2820 1578 2888 τρόπον,
1623 2817 1714 2870 καὶ
1763 2816 1877 2884 ἅμα
1979 2836 2007 2876 c

2001 2829 2242 2884 :teretur,
2285 2818 2482 2889 partim
2530 2830 2590 2871 ut
2634 2816 2903 2879 viderem,
2958 2831 3087 2869 num
3146 2815 3285 2869 forte
3338 2816 3540 2870 alicubi

319 2921 618 2974 θεάσασθαι
651 2921 704 2970 εἴ
728 2919 779 2970 τί
814 2934 917 2970 που
944 2917 1039 2985 τῆς
1057 2915 1287 2986 ἀρχαίας
1327 2913 1515 2980 σοφίας
1543 2911 1757 2976 ἐκείνης
1780 2923 1876 2959 πε·
1980 2927 2007 2966 a

2001 2911 2122 2982 lplld
2152 2910 2442 2966 Chaldaeos
2464 2918 2521 2964 et
2554 2909 2748 2963 Persas
2791 2907 3031 2975 antiquae
3069 2906 3216 2960 illius
3253 2906 3544 2975 sapientia

321 3012 496 3079 ρίεστι
539 3010 768 3077 λείψανα
814 3007 1100 3069 Χαλδαίοις
1135 3007 1226 3059 καὶ
1270 2997 1803 3071 Πέρσαις,ἐμποδὼν
1829 2997 1879 3050 οἱ
1980 3020 2007 3058 e

2001 3010 2264 3058 :xstarent
2312 3000 2580 3069 reliquim.
2615 2999 2683 3052 ab
2735 2997 3088 3066 llierapolitis
3139 2995 3546 3051 honestissimis

313 3103 423 3157 τῶν
477 3099 857 3170 ’ῐεραπολιτῶν
877 3097 1200 3167 γεγένηνται
1223 3091 1608 3160 κοσμιώτεροι,
1641 3087 1764 3141 ἐπεί
1795 3087 1879 3140 τοί
1982 3095 2007 3147 ἱ]

2003 3093 2340 3162 mpediebar,
2367 3092 2432 3146 ad
2464 3106 2601 3162 quos
2633 3106 2805 3159 usque
2835 3105 2937 3160 ego
2965 3102 3343 3158 processeram
3374 3103 3547 3156 quan-

315 3211 378 3262 γε
401 3193 564 3264 μέχρι
589 3190 686 3244 καὶ
727 3191 784 3252 ἐς
824 3189 1069 3251 ἐκείνους
1120 3182 1509 3257 προεληλύθειν
1533 3179 1664 3249 ἐγὼ,
1700 3180 1882 3233 διακο-
1919 3259 1922 3262 γ
1982 3201 2007 3254 q

2001 3200 2145 3254 luam
2171 3184 2318 3238 mille
2350 3183 2463 3239 fere
2491 3184 2746 3238 ducentis
2776 3182 2968 3237 Stadiis
2997 3197 3026 3236 a
3050 3181 3186 3234 mari
3217 3180 3541 3248 disjunetos.

320 3286 468 3347 σίους
495 3284 632 3352 ὁμοῦ
664 3283 762 3335 καὶ
797 3279 859 3352 [ί.
896 3279 964 3334 99
998 3278 1055 3349 α]
1084 3278 1282 3348 χιλίους
1312 3275 1476 3343 ἐγγύς
1503 3290 1606 3327 που
1637 3271 1882 3334 σταδίους
1986 3279 2007 3334 [-

2001 3280 2050 3333 ili
2085 3278 2231 3333 enim
2278 3278 2428 3332 locos
2475 3277 2642 3332 etiam
2679 3274 3089 3345 longinquiores
3120 3273 3191 3327 ob
3241 3272 3542 3327 incolarum

319 3372 952 3459 θα).ἀττης⁴ἀπέχοντας.
1007 3371 1081 3423 0-3
1133 3369 1241 3438 γὰρ
1267 3365 1428 3420 εὔοδα
1466 3364 1688 3417 ἔσεσθαι
1720 3363 1883 3416 ὑπισ-
1985 3387 2007 3437 ι

2001 3370 2322 3439 )eregriuam
2391 3368 2633 3438 linguam
2692 3383 2801 3422 non
2853 3368 3140 3421 commode
3190 3366 3329 3420 adiri
3386 3381 3547 3434 posse

320 3463 536 3533 χνοῦντό
568 3452 660 3529 μοι
687 3463 768 3514 ἔτι
793 3462 862 3514 τὰ
893 3458 1125 3530 πρόσθεν
1159 3457 1248 3510 διὰ
1299 3457 1359 3509 τὸ
1388 3455 1496 3507 τῶν
1530 3452 1885 3524 προσοικούν-
1985 3478 2007 3516 ε

2001 3462 2353 3526 tﬂirmabant;
2385 3461 2519 3529 quin
2549 3461 2714 3516 etiam
2748 3459 2792 3515 si
2817 3459 2972 3514 facile
3002 3458 3141 3512 adiri
3180 3467 3426 3528 possent,
3467 3467 3551 3512 at—

320 3573 428 3608 των
473 3554 884 3621 ἀλλόγλωσσονο
918 3552 977 3603 οὐ
1018 3549 1123 3619 μὴν
1167 3547 1276 3600 οὐδ’
1320 3549 1368 3599 εἰ
1406 3545 1567 3599 εῦοδα
1598 3539 1666 3614 ἦν
1699 3543 1883 3596 ἐντεῦ-
1917 3594 1961 3654 Β
1993 3559 2007 3602 ι

325 3645 346 3654 Α
471 3643 493 3654 η
635 3641 651 3654 α
715 3640 742 3654 ο
832 3640 855 3654 υ
1161 3637 1180 3654 \
1228 3636 1242 3654 1
1298 3653 1306 3654 κ
1332 3635 1403 3654 ,ﬂ,
1432 3652 1439 3654 Α
1495 3633 1772 3654 v.,\9_-,-_.s
1825 3647 1881 3654 Δ-

2001 3560 2172 3604 tamen
2204 3565 2550 3619 nequaquam
2589 3549 2734 3619 apud
2763 3549 3052 3607 Chaldaeos
3082 3558 3136 3603 et
3166 3550 3362 3604 Persas
3402 3550 3548 3604 illius

323 3645 436 3704 θεν.
466 3641 651 3712 ἥκιστ’
684 3640 778 3694 οῦν
829 3640 979 3709 ὅμως
1032 3635 1446 3708 περιλείπεσθαι
1495 3633 1777 3703 Χαλδαῖκῇ
1823 3647 1885 3684 τε
1917 3633 1961 3654 υ
1987 3656 2007 3695 ε

2001 3640 2266 3710 iapientize
2304 3641 2533 3711 vestigia
2583 3650 2748 3710 atque
2805 3641 3015 3696 indicia
3061 3656 3374 3710 superesse.
3427 3640 3550 3706 Quo

325 3735 394 3803 γῇ
441 3733 536 3786 καὶ
580 3732 825 3801 Περσικῇ
859 3729 1050 3799 σοφίας
1083 3729 1219 3790 ὅλως
1264 3725 1481 3795 ἐκείνης
1525 3725 1644 3794 ἴχνη
1692 3739 1750 3776 τε
1794 3724 1886 3775 καὶ
1987 3745 2007 3784 ε

2001 3729 2132 3784 anim
2184 3743 2251 3785 ex
2304 3738 2548 3804 tempore
2600 3745 2732 3799 gens
2778 3729 3029 3802 Scythica
3069 3745 3135 3785 ex
3168 3731 3411 3786 fontibus
3447 3731 3554 3800 19

328 3822 705 3890 γνωρίσματα.
752 3819 845 3884 Ἐξ
869 3819 992 3872 ὅτου
1023 3819 1129 3887 γὰρ
1170 3815 1231 3868 τὸ
1261 3813 1525 3866 Σκυθικὸν
1554 3811 1886 3885 ἐπιρῤεῦσαν
1988 3837 2007 3875 ε

2001 3821 2511 3890 septentrionalibus
2536 3821 2710 3882 eﬁ‘usa
2740 3821 3003 3876 ﬂuctuum
3044 3823 3220 3877 instar
3254 3822 3418 3874 maris
3450 3822 3553 3874 im-

331 3911 511 3976 γένος⁹
531 3911 623 3962 καὶ
668 3907 896 3978 ἐκχυθὲν
926 3906 1136 3960 ἄνωθέν
1165 3904 1332 3957 ποθεν
1363 3904 1423 3968 ἐξ
1455 3902 1734 3973 ἀρκτικῶν
1780 3917 1890 3970 πη-
1989 3929 2007 3966 ι

2001 3912 2164 3967 manis
2196 3912 2414 3982 lateque
2439 3914 2660 3982 expansi
2688 3913 2740 3967 in
2765 3913 2946 3967 Asiam
2976 3913 3138 3967 irruit
3164 3922 3328 3979 atque
3356 3913 3551 3966 Persas

327 3999 443 4068 γῶν
475 3997 724 4068 καθάπερ
773 3997 1004 4069 ἀχανοῦς
1056 4014 1199 4060 τινος
1246 3995 1390 4066 ὕδωρ
1426 3994 1718 4062 πελάγους,
1749 3993 1891 4062 Πέρ·
1989 4006 2007 4058 ι

2001 4003 2286 4072 Medosque
2313 4011 2370 4058 et
2402 4012 2571 4058 totam
2603 4003 2715 4058 fere
2743 4003 2952 4059 hancce
2974 4002 3154 4056 Asiam
3177 4015 3284 4056 una
3307 4017 3374 4056 ex
3399 4013 3553 4070 parte

326 4109 424 4155 6:;
463 4107 524 4144 τε
563 4090 892 4143 ἐδουλώσατο
939 4090 1033 4143 καὶ
1073 4090 1292 4160 Μήδους
1341 4089 1438 4141 καὶ
1489 4089 1669 4140 πᾶσαν
1717 4085 1892 4138 εἰπεῖν
1992 4112 2007 4151 ι

2001 4110 2168 4165 usque
2199 4094 2268 4150 ad
2300 4093 2467 4151 Indos
2496 4095 2762 4151 orientem
2784 4109 2998 4157 versus,
3033 4096 3274 4148 etaltera
3306 4111 3373 4148 ex
3400 4105 3556 4163 parte

323 4181 554 4249 ταυτηνὶ
601 4179 704 4250 τὴν
746 4179 930 4233 Ἀσίαν
957 4179 1119 4250 ἄχρις
1161 4176 1340 4231 Ἰνδῶν
1377 4193 1437 4229 τε
1489 4176 1715 4229 ἐκείνων
1755 4176 1892 4246 πρὸς
1992 4206 2007 4244 ι

2001 4203 2165 4259 usque
2187 4189 2253 4244 ad
2277 4189 2487 4243 Arabes
2506 4186 2790 4242 meridiem
2813 4201 3005 4242 versus
3031 4186 3084 4239 in
3109 4187 3374 4241 ditionem
3401 4203 3553 4240 suam

325 4272 400 4324 ἓω
431 4274 526 4325 καὶ
551 4270 712 4341 ἄχρις
755 4270 811 4322 Ἀ
823 4271 1004 4340 ρᾶϐων
1029 4270 1256 4321 τουτωνὶ
1283 4268 1418 4337 πρὸς
1449 4266 1622 4331 νότον,
1641 4265 1702 4318 οὐ
1731 4267 1896 4334 μόνον
1993 4295 2007 4332 ι

2001 4278 2227 4348 redegit,
2264 4293 2375 4332 non
2405 4277 2580 4332 solum
2611 4275 2898 4331 domestici
2945 4275 3324 4346 indigenarum
3375 4292 3556 4330 mores

328 4362 396 4413 τὰ
441 4360 614 4414 πλείω
660 4360 768 4414 τῶν
807 4361 1090 4430 ἐγχωρίων
1135 4359 1283 4428 ὴθῶν
1335 4358 1561 4411 ἐκείνων
1615 4355 1750 4425 ἔσϐη
1799 4356 1894 4409 καὶ
1996 4389 2007 4443 1

2001 4373 2394 4443 propemodum
2422 4370 2676 4426 exstincti
2709 4378 2836 4424 sunt
2859 4377 3025 4437 atque
3060 4369 3434 4442 intermortui,
3461 4370 3554 4422 sed

330 4453 631 4523 ἐτεθνήκει,
674 4453 812 4505 ἀλλά
862 4451 959 4505 καὶ⁵
1003 4451 1142 4503 αὐτά
1191 4450 1298 4503 τῶν
1345 4450 1517 4504 ἐθνῶν
1549 4449 1775 4504 ἐκείνων
1824 4449 1895 4502 τὰ
1997 4478 2007 4514 ι

2001 4461 2164 4516 etiam
2221 4460 2338 4528 ipsa
2386 4461 2627 4529 gentium
2685 4458 2972 4514 intervalla
3035 4457 3558 4525 ﬁnesqueconrusa

327 4545 530 4597 τοπικὰ
587 4544 932 4613 διαστήματα
976 4561 1034 4597 τε
1089 4544 1182 4596 καὶ
1233 4544 1359 4612 ὅρια
1413 4548 1745 4613 συγκέχυται
1801 4543 1896 4598 καὶ
1997 4567 2007 4606 ε

2001 4560 2128 4607 sunt
2157 4559 2321 4620 atque
2357 4566 2505 4605 nunc
2554 4564 2780 4619 prorsus
2831 4549 3053 4617 cognitu
3111 4545 3373 4602 diﬁicilia.
3416 4547 3555 4600 Tum

334 4636 685 4689 παντάπασίν
734 4637 850 4688 ἐστι
897 4636 1226 4689 δυσείκαστα
1259 4635 1375 4689 νῦν.
1423 4637 1681 4690 Γίνεσθαι
1711 4636 1768 4688 δέ
1805 4652 1896 4705 μοι
1997 4660 2007 4698 ε

2001 4653 2179 4698 autem
2208 4657 2372 4711 quam
2403 4641 2634 4695 maxime
2662 4639 2767 4694 iter
2797 4640 2850 4693 in
2885 4638 3017 4693 istas
3048 4644 3226 4693 terras
3258 4638 3560 4692 incommo~

333 4726 568 4793 μάλιστα
621 4723 740 4787 νῦν,
787 4723 945 4795 εἴπερ
995 4725 1137 4790 ποτ’,
1171 4724 1490 4795 ἀξύμφορον
1522 4724 1762 4793 ἔφασκον
1796 4724 1897 4794 τὴν
1999 4753 2007 4786 ς

2001 4734 2130 4788 dum
2183 4734 2316 4788 mihi
2357 4733 2473 4788 fore
2519 4731 2775 4786 dicebant
2817 4730 2888 4785 ob
2922 4729 3304 4786 contentiones
3345 4729 3564 4783 discor-

329 4817 502 4869 ἐκεῖσε
528 4817 760 4884 πάροδον
786 4817 874 4869 διὰ
903 4819 997 4879 τὰς
1025 4818 1150 4887 ἄρτι
1194 4819 1597 4889 κατεσχηκυὶας
1628 4819 1723 4870 καὶ
1758 4817 1895 4870 Σκύ-
2001 4846 2007 4875 ι

2001 4825 2230 4894 diasque
2275 4825 2341 4879 de
2371 4823 2685 4894 principatu
2716 4824 2860 4875 inter
2891 4821 3039 4890 ipsos
3083 4820 3312 4890 Scythas
3339 4825 3564 4872 exortas

330 4905 425 4968 θας
479 4907 678 4970 αὐτοὺς
729 4908 849 4960 κατ’
904 4909 1147 4978 ἀλλήλων
1184 4909 1366 4978 ἔριδάς
1421 4927 1480 4962 τε
1531 4911 1625 4963 καὶ
1678 4909 2007 4985 στάσειςαι

2001 4916 2248 4986 principe
2299 4929 2488 4970 eorum
2539 4923 2701 4982 atque
2746 4913 2886 4968 duce
2933 4911 3095 4980 paulo
3143 4917 3268 4964 ante
3320 4897 3562 4979 mortuo.

329 4998 462 5064 περὶ
511 4998 816 5068 πρωτείων,
854 4997 947 5051 τοῦ
980 5000 1130 5068 σφῶν
1181 5000 1426 5070 ἀρχηγοῦ
1476 5003 1571 5056 καὶ
1617 5002 1888 5072 ἡγεμόνος

327 5087 441 5157 πρὸ
471 5089 661 5157 μικροῦ
704 5088 1047 5158 τεθνηκότος.
1092 5091 1256 5167 Ταῦτ’
1298 5091 1390 5145 οὖν
1421 5092 1584 5161 ἔγωγ’
1615 5092 1890 5162 ἀκηκοὼς,

330 5180 431 5231 καὶ
484 5177 599 5248 ἅμα
652 5181 890 5251 συνορῶν
936 5181 1034 5251 τῆς
1064 5184 1256 5252 ὁμοίας
1299 5184 1616 5253 συγχύσεως
1642 5186 1704 5237 τὸ
1735 5185 1895 5253 νεμό-

333 5286 502 5338 μενον
530 5271 624 5322 καὶ
651 5272 738 5323 ἐπ’
768 5272 1018 5342 Ἀραὸας
1049 5276 1297 5328 τουτουσί⁵
1342 5273 1686 5346 προχωροῦν,
1715 5277 1900 5326 τελευ-

330 5365 597 5428 τήσαντος
622 5366 816 5417 νεωστὶ
848 5365 942 5416 καὶ
975 5364 1071 5417 τοῦ
1101 5367 1400 5434 Αἰγυπτίου
1431 5367 1631 5436 Φαραὼ
1665 5369 1760 5421 καὶ
1787 5368 1898 5420 τῶν

326 5454 488 5506 υίέων
532 5455 664 5525 περὶ
702 5455 803 5524 τῆς
846 5457 1022 5528 ἀρχῆς
1066 5457 1124 5509 ἐν
1182 5459 1431 5530 ἀλλήλοις
1477 5459 1898 5522 στασιαζόντων,

330 5547 426 5596 καὶ
483 5550 850 5618 πεφυρμένων
894 5553 1145 5622 πανταχῆ
1177 5552 1284 5604 τῶν
1335 5552 1434 5620 τῆς
1474 5553 1756 5618 Αἰγύπτου
1804 5554 1902 5606 καὶ
2005 5576 2007 5604 ε

2005 5555 2112 5608 situ
2171 5562 2335 5622 atque
2393 5560 2585 5606 natura
2646 5552 2988 5620 praeclaram,
3065 5551 3155 5604 ubi
3226 5564 3348 5603 cum
3432 5547 3569 5601 alias

337 5635 602 5708 ’Δραὸίας
638 5641 1003 5710 πραγμάτων,
1055 5643 1288 5712 τάχιστα
1336 5641 1642 5713 ἀνεχώρουν
1693 5643 1901 5697 ἐκεῖθεν

2008 5645 2206 5699 multas
2235 5643 2521 5714 praeclaras
2552 5643 2717 5698 urbes
2750 5645 2895 5697 inter
2925 5658 3093 5713 seque
3121 5641 3331 5695 vicinas
3359 5638 3567 5704 inveni,

570 5731 836 5894 P/ATROL.
869 5737 985 5795 (in.
1019 5731 1283 5796 CXLIX.
3199 5735 3227 5792 1

385 6143 418 6164 .
434 5907 728 6160 λίψ

1998 5101 2054 5154 in
2085 5098 2295 5153 Arabes
2325 5096 2562 5168 grassari
2603 5096 2869 5161 viderem,
2917 5110 3042 5148 cum
3095 5108 3273 5161 nuper
3338 5101 3564 5145 mortue

2003 5191 2288 5245 Pharaone
2318 5189 2574 5260 Egyptio
2603 5190 2695 5243 lilii
2725 5189 2845 5257 ejus
2873 5188 2942 5242 de
2973 5203 3142 5253 regno
3170 5187 3313 5240 inter
3350 5200 3407 5239 se
3451 5185 3566 5238 dis-

2002 5281 2248 5334 siderent
2296 5287 2350 5333 et
2396 5279 2772 5350 Aigyptiorum
2826 5279 3178 5345 Arabumque
3225 5291 3314 5330 res
3361 5275 3566 5343 ubique

2004 5372 2323 5436 miscerent,
2358 5371 2644 5426 celerrime
2693 5371 2820 5424 inde
2872 5369 3155 5438 profectus
3210 5367 3264 5420 in
3318 5365 3565 5420 Ciliciam

2005 5465 2231 5528 recessi,
2269 5461 2559 5516 maximam
2609 5471 2771 5530 atque
2821 5459 3293 5530 opulentissimam
3338 5466 3566 5516 terram,

1998 5007 2152 5074 Quod
2186 5021 2311 5061 cum
2368 5019 2471 5074 ego
2503 5005 2778 5059 audissem
2816 5003 3128 5072 similesque
3165 5001 3356 5054 turbas
3397 4999 3562 5054 etiam
3640 5011 3642 5013 '
