4036 6210
398 396 458 461 il
1591 393 2007 463 NICEPHORI
2045 404 2422 468 GREGORIE
3555 404 3621 470 12

378 515 508 560 tum
541 505 768 560 Tarsum
799 521 910 576 prae
943 506 1152 563 (ueteris
1181 507 1475 577 egregiam,
1514 505 1606 560 ubi
1639 507 1802 561 etiam
1840 509 1952 561 An-

2055 512 2230 565 ὀπίσω
2269 511 2448 567 ἀπιὼν
2483 513 2539 576 ἐς
2570 512 2846 579 Κιλικίαν,
2871 513 3073 578 θέσεως
3120 513 3350 584 ἔχουσαν
3381 511 3617 582 εὐφυῶς,

394 598 610 654 tiochite
650 599 955 667 patriarcha
990 600 1312 670 plerumque
1347 597 1533 653 sedem
1568 613 1719 652 suam
1760 597 1950 652 habet.

392 688 529 742 lluic
557 690 703 743 cnim
735 691 856 744 urbi
899 706 1023 746 cum
1055 691 1174 744 alia:
1226 690 1572 744 amwnitatcs
1602 698 1767 760 atque
1799 705 1952 744 com-

393 779 548 832 moda
580 790 898 849 suppetunt,
939 790 1048 835 tum
1095 780 1316 850 Cydnus
1351 779 1550 835 ﬂumen
1586 781 1802 850 placide
1831 795 1952 836 eam

389 870 498 939 2ο
520 872 912 940 prtetcrlluens,
938 873 991 926 in
1014 888 1123 942 quo
1153 871 1376 926 ﬂumine
1395 871 1703 926 Alexander
1726 872 1952 942 Magnus

390 964 508 1015 solo
537 964 652 1033 ejus
678 973 901 1032 aspectu
933 963 1235 1034 cupiditate
1284 961 1543 1017 incensus
1584 977 1708 1018 sese
1737 958 1950 1019 lavasse

389 1052 615 1105 dicitur.

2058 600 2316 670 πλείστην
2341 619 2399 654 τε
2443 601 2558 672 ἄμα
2582 605 2676 657 καὶ
2713 590 2833 658 λίαν
2865 605 3031 659 οὖσαν
3069 605 3365 674 εὐδαίμονα
3413 604 3622 674 χώραν.

2058 689 2183 742 ἔνθα
2225 689 2290 760 δὴ
2323 692 2413 743 καὶ
2463 690 2684 755 πολλαῖς
2738 693 2990 762 ἐνέτυχον
3024 694 3118 746 καὶ
3157 693 3348 756 ἄλλαις
3393 693 3623 763 πλησιο-

2055 779 2255 850 χώροις
2302 783 2562 852 ἀλλήλαις
2611 783 2832 837 πόλεσιν
2879 785 3134 852 ἀγαθαῖς,
3191 787 3259 854 τῇ
3315 784 3519 853 Ταρσῷ
3566 784 3624 838 δέ

2059 872 2294 941 μάλιστα
2346 874 2556 956 πασῶν,
2596 868 2630 949 ᾖ
2680 877 2775 930 καὶ
2813 877 3128 948 πατριάρχῃ
3164 877 3242 945 τῷ
3287 875 3623 945 ’Δντιοχείας

2054 965 2420 1020 ἐνδιαιτᾶσθαι
2456 967 2524 1020 τὰ
2550 968 2719 1021 πολλὰ
2748 968 3108 1038 περιγίνεται.
3145 967 3227 1020 Τά
3261 983 3318 1018 τε
3351 965 3460 1033 γάρ
3488 964 3622 1016 ἄλλα

2055 1057 2336 1127 περίεστιν
2395 1059 2534 1129 αὐτῇ
2585 1059 2822 1124 τάγαθὰ,
2867 1060 2962 1111 καὶ
3025 1057 3230 1120 Κύδνος
3293 1058 3322 1108 ό
3378 1053 3623 1121 ποταμὸς

387 1143 565 1211 ήσυχῆ
598 1144 965 1214 .παραρῤἐων,
999 1145 1056 1198 ἐν
1109 1138 1153 1213 ᾧ
1203 1145 1297 1199 καὶ
1349 1145 1695 1216 Ἀλέξανδρόν
1750 1161 1915 1215 φασιν
1953 1145 2157 1202 ἐκεῖνον
2212 1149 2302 1202 τὸν
2359 1151 2552 1220 μέγαν,
2601 1153 2681 1215 είς
2745 1150 3042 1218 ἐπιθυμίαν
3075 1155 3139 1204 ἐκ
3168 1149 3337 1220 μόνης
3364 1147 3463 1218 τῆς
3494 1145 3620 1210 θέας

388 1234 706 1302 ἐληλυθότα,
740 1237 1056 1292 λούσασθαι.

457 1323 520 1378 ll.
546 1325 681 1380 Cum
699 1343 827 1382 vero
846 1327 934 1383 ille
953 1329 1265 1400 huiusmodi
1284 1330 1439 1400 plura
1458 1329 1664 1386 referre
1683 1331 1816 1386 mihi
1840 1332 1955 1386 vel—

387 1416 482 1479 let,
505 1417 763 1484 equidem
791 1432 916 1471 eum
947 1419 1306 1487 prohibebam
1336 1429 1390 1475 el
1418 1420 1757 1475 narrationis
1781 1419 1951 1489 hujus

388 1508 808 1563 continuatione
840 1510 1010 1564 incisa
1041 1513 1108 1564 ab
1139 1526 1205 1566 eo
1237 1512 1524 1580 petebam,
1554 1521 1614 1566 ut
1643 1511 1710 1566 ad
1741 1525 1952 1567 sermo-

382 1615 512 1653 nem
540 1614 797 1656 reversus
822 1603 1184 1672 responderet
1213 1603 1346 1657 mihi
1377 1605 1736 1675 interroganti
1763 1604 1830 1659 de
1854 1619 1952 1673 pa-

389 1688 647 1741 triarchis
676 1697 732 1742 et
767 1689 1045 1759 episcopis
1065 1705 1083 1756 ,‘
1111 1691 1208 1758 qui
1239 1691 1359 1744 illas
1390 1689 1708 1759 provincias
1733 1690 1948 1744 ratione

385 1779 657 1833 sanctiore
697 1779 1042 1849 gubernandi
1082 1791 1247 1850 atque
1288 1781 1712 1836 administrandi
1747 1796 1948 1836 munus

2125 1326 2200 1384 B’.
2241 1329 2478 1382 Ἐκεῖνον
2506 1329 2551 1381 δ’
2597 1330 2676 1382 ἔτι
2712 1329 2804 1382 καὶ
2854 1329 3026 1382 πλείω
3073 1327 3298 1382 τοιαῦτα
3351 1330 3620 1394 συνείρειν

2053 1418 2378 1490 βουλόμενον
2415 1421 2588 1488 ἔγωγε
2634 1419 2897 1488 ἐπισχὼν,
2925 1420 3020 1472 καὶ
3061 1419 3122 1472 τὸ
3169 1423 3269 1488 τῆς
3313 1419 3618 1490 διηγήσεως

2049 1509 2231 1580 τεμὼν
2258 1511 2502 1580 σννιιχὶς,
2534 1509 2826 1564 ἀναλαὸεἶν
2861 1511 2954 1563 τὸν
2983 1510 3140 1577 λόγον
3175 1511 3428 1564 ἐκέλευον
3456 1507 3614 1573 αὖθις

2058 1602 2156 1654 καὶ
2209 1600 2551 1671 ἀνερωτῶντί
2600 1618 2692 1670 μοι
2740 1600 3132 1670 ἀποκρίνεσθαι
3172 1602 3526 1670 πατριαρχῶν
3557 1616 3617 1654 τε

2055 1690 2182 1759 πέρι
2230 1691 2326 1743 καὶ
2365 1690 2700 1755 ἐπισκόπων,
2733 1689 2848 1743 ὅσοι
2889 1689 3093 1741 διέπειν
3137 1691 3230 1742 καὶ
3268 1688 3488 1741 διοικεῖν
3517 1689 3617 1751 τὰς

2055 1783 2324 1852 ἐπαρχίας
2375 1781 2592 1844 ἐκείνας
2650 1780 2744 1834 τὸν
2806 1780 3094 1852 ἱερώτερον
3146 1779 3336 1849 ἔλαχον
3385 1780 3614 1851 τρόπον.

385 1869 566 1922 sortiti
605 1878 811 1924 essent.
855 1871 1071 1924 llomini
1112 1881 1294 1925 autem
1326 1871 1486 1926 valde
1519 1871 1855 1924 oblivionem
1890 1872 1942 1923 in

2053 1875 2160 1926 Καὶ
2187 1874 2518 1942 ἐμεμφόμην
2545 1873 2803 1934 ἐπιεικῶς
2825 1871 2922 1939 τῆς
2954 1871 3126 1940 λήθης
3172 1872 3262 1924 τὸν
3309 1871 3500 1942 ἄνδρα,
3531 1873 3612 1924 ὅτι

381 1960 742 2028 opprobrium
779 1959 953 2024 verti,
989 1960 1133 2029 quod
1172 1971 1261 2014 res
1295 1961 1520 2028 quidem
1553 1973 1663 2015 non
1699 1960 1774 2015 ita
1810 1960 1947 2014 mihi

384 2049 573 2101 auditu
627 2049 969 2103 necessarias
1018 2065 1243 2103 narrare
1291 2059 1400 2102 tam
1447 2051 1611 2105 enixe
1660 2050 1946 2113 studeret,

386 2141 704 2194 memoriam
732 2150 914 2193 autem
948 2155 1136 2194 earum
1173 2156 1354 2195 rerum
1379 2179 1393 2205 ,
1425 2157 1549 2210 qua:
1579 2141 1738 2196 nobis
1771 2142 1944 2194 maxi-

385 2245 471 2283 me
503 2232 898 2300 cognoscenda:
931 2240 1117 2285 essent
1147 2239 1203 2286 et
1233 2247 1368 2301 quas
1406 2231 1626 2302 pietatis
1656 2246 1820 2285 causa
1849 2245 1948 2284 ve-

383 2334 545 2388 spera
582 2328 640 2374 et
679 2334 837 2374 mane
873 2327 930 2373 et
962 2317 1418 2373 meridie-audire
1449 2318 1665 2372 dulcius
1694 2315 1827 2370 mihi
1859 2316 1944 2370 vi.

385 2412 608 2466 deretur
643 2427 806 2480 quam
847 2411 892 2465 si
935 2411 1161 2466 Crcesus
1194 2409 1378 2481 Lydus
1409 2407 1530 2463 auri
1567 2408 1698 2462 mihi
1732 2406 1946 2463 modios

381 2502 698 2573 largiretur,
717 2501 996 2557 oblivione
1017 2501 1450 2572 profundissima
1471 2499 1766 2564 obruisset,
1787 2497 1944 2568 quasi

387 2611 497 2649 non
539 2595 656 2664 ipse
692 2604 839 2649 esset
878 2593 923 2650 is
947 2635 960 2659 ,
1001 2595 1095 2664 qui
1138 2593 1357 2647 initium
1396 2605 1620 2645 suarum
1670 2589 1946 2643 narratio-

385 2702 519 2740 num
565 2685 634 2740 ab
675 2685 932 2740 Ecclesia:
980 2682 1283 2752 naufragiis
1332 2681 1609 2744 duxisset,
1655 2679 1800 2750 quod
1846 2692 1950 2747 pro

382 2778 579 2848 patriis
611 2777 896 2847 religionis
930 2775 1201 2831 institutis
1237 2774 1468 2829 Palamze
1501 2787 1640 2827 nova
1680 2780 1844 2842 atque
1885 2771 1950 2825 il-

385 2869 627 2939 legitima
679 2869 936 2938 dogmata
985 2868 1230 2934 irrepere
1278 2865 1510 2919 vidisset
1554 2863 1721 2930 idque
1766 2863 1946 2930 ipsum

384 2975 484 3029 pro
525 2974 689 3014 causa
729 2955 1110 3013 conversionis
1149 2969 1334 3008 rerum
1373 2953 1718 3022 publicarum
1756 2952 1813 3003 in
1853 2951 1949 3004 de-

386 3052 645 3104 teriorem
689 3047 1062 3103 conditionem
1101 3059 1325 3114 suaeque
1370 3041 1754 3098 involuntarite
1806 3040 1949 3110 fugas

384 3141 688 3195 habuisset.
745 3140 1051 3204 Quamnam
1097 3150 1228 3190 vero
1266 3135 1462 3198 aliam,
1505 3134 1761 3202 inquam,
1801 3131 1946 3200 Opti-

385 3183 491 3285 In";
501 3183 790 3284 11$};er
784 3183 1947 3296 misisse};"ante;'signa,
1973 3183 2016 3242 ο

383 3332 550 3387 quam
601 3317 764 3370 aliam
807 3313 1178 3368 narrationem
1232 3312 1335 3366 hac
1368 3311 1471 3380 2]
1507 3310 1947 3380 praestantiorem

385 3419 554 3477 atque
606 3407 992 3477 pretiosiorem
1033 3403 1264 3474 putabas
1303 3403 1439 3458 mihi
1477 3401 1826 3457 extrinsecus
1866 3399 1949 3454 af-

387 3501 534 3554 ferre
585 3499 787 3568 posse?
825 3496 969 3566 quod
1023 3496 1172 3550 aliud
1223 3494 1604 3565 pulcherrimae
1653 3491 1951 3561 voluptatis

387 3591 771 3658 adiumentum
815 3587 1021 3642 nostris
1058 3586 1415 3656 popularibus
1452 3584 1816 3639 orthodoxam
1856 3581 1949 3635 hic

389 3681 548 3735 ﬁdem
583 3679 912 3735 tuentibus?
953 3678 1058 3744 Qui
1101 3678 1323 3748 quidem
1365 3675 1549 3731 cuncti
1585 3675 1949 3730 vehementer

387 3770 614 3842 cupiant
636 3771 780 3826 scire
799 3812 814 3834 ,
842 3769 1120 3839 quomodo
1151 3777 1314 3824 tantae
1345 3765 1675 3821 calamitatis
1695 3802 1712 3829 ,
1745 3769 1949 3833 quanta

388 3864 484 3919 Dei
510 3864 754 3918 Ecclesia
781 3862 979 3916 alllicta
1001 3870 1085 3915 est
1105 3901 1119 3926 ,
1148 3859 1286 3914 fama
1314 3859 1532 3913 illorum
1562 3856 1734 3911 animi
1763 3853 1948 3909 allecti

373 3955 598 4011 iuerint
630 3968 753 4008 cum
778 3953 996 4023 scriptis
1031 3949 1356 4005 monstrosis
1391 3949 1465 4013 ii,
1497 3947 1591 4017 qui
1623 3955 1738 4002 tum
1771 3946 1950 4000 domi-

390 4054 682 4113 nabantur,
711 4053 831 4120 pios
854 4049 1108 4104 homines
1132 4056 1248 4101 toto
1270 4045 1404 4100 orbe
1429 4053 1698 4099 terrarum
1723 4041 1777 4096 in
1803 4040 1952 4096 frau-

393 4144 516 4196 dem
549 4141 812 4196 inducere
845 4141 1225 4194 adniterentur
1248 4137 1608 4204 omniumque
1633 4135 1950 4188 societatem

389 4241 552 4301 atque
585 4244 918 4284 consensum
949 4227 1107 4296 quasi
1153 4237 1417 4293 tropaeum
1459 4223 1734 4292 quoddam
1786 4231 1950 4275 tantae

394 4321 760 4387 improbitatis
792 4318 897 4374 sibi
930 4332 1126 4387 parare
1159 4315 1451 4368 ambitiose
1482 4314 1790 4366 studerent.

460 4410 553 4464 lll.
584 4407 738 4474 Quod
771 4421 896 4460 cum
933 4419 1032 4474 ego
1061 4403 1321 4458 dixissem
1344 4439 1359 4464 ,
1390 4400 1798 4471 Agathangelus
1828 4413 1949 4455 ser-

2051 1961 2158 2016 τῶν
2188 1963 2263 2035 μή
2296 1965 2436 2017 πάνυ
2462 1981 2512 2016 τι
2542 1964 2858 2032 ἀναγκαίων
2887 1961 3062 2032 ἔμοιγ’
3095 1961 3314 2015 ἀκούειν
3346 1963 3405 2013 ἐν
3441 1978 3612 2029 φρονο

2049 2053 2153 2106 τίδι
2203 2053 2572 2121 ποιησάμενος
2613 2055 2679 2121 τῇ
2727 2052 2960 2124 μεγίστῃ
2991 2051 3265 2116 διεξιέναι,
3294 2045 3368 2103 ὧν
3397 2051 3529 2120 ήμῖν
3555 2051 3615 2113 ἐς

2049 2143 2116 2196 τά
2149 2143 2370 2211 μάλισθ’
2419 2143 2630 2212 ὑπῆρχε
2674 2141 2971 2210 μανθάνειν
3016 2143 3254 2210 ἀνάγκη,
3297 2145 3392 2197 καὶ
3419 2136 3494 2195 ὧν
3521 2142 3613 2193 εὐ·-

2049 2232 2262 2294 σεῦείας
2314 2232 2477 2284 ἕνεκα
2518 2232 2758 2299 ἑσπέρας
2799 2233 2892 2283 καὶ
2956 2231 3100 2300 πρωῒ
3133 2232 3227 2284 καὶ⁵
3259 2231 3612 2301 μεσημϐρίας

2047 2319 2266 2374 ἀκούειν
2305 2320 2454 2392 ἥδιον
2499 2319 2675 2384 ἔδοξεν
2713 2319 2780 2373 ἀν
2828 2337 2919 2388 μοι
2965 2321 2998 2392 ἢ
3043 2321 3278 2392 Κροίσου
3312 2321 3408 2374 τοῦ
3437 2322 3610 2375 Λυδοῦ

2045 2413 2261 2484 χρυσῶν
2297 2430 2386 2480 μοι
2415 2415 2658 2484 χοίνικας
2705 2413 3104 2483 παρεχομένου,
3139 2413 3347 2466 τούτων
3378 2414 3424 2468 δ’
3450 2413 3612 2477 αὐτὸς

2044 2503 2142 2573 τήν
2197 2503 2420 2573 μνήμην
2472 2503 2641 2573 λήθης
2692 2506 2927 2573 μακροῖς
2991 2505 3262 2575 πυθμέσιν
3315 2505 3608 2575 ἐκάλυψεν,

2046 2592 2236 2662 ὥσπερ
2265 2593 2330 2646 ἂν
2358 2593 2408 2646 εί
2451 2593 2525 2663 μὴ
2557 2595 2720 2658 αὐτὸς
2748 2589 2815 2664 ἦν
2838 2595 2867 2648 ό
2901 2595 3162 2666 προοίμια
3191 2594 3301 2650 τῶν
3336 2595 3613 2666 σφετέρων

2048 2682 2346 2752 πεπραχὼς
2389 2681 2696 2752 διηγήσεων
2743 2683 2812 2735 τὰ
2862 2683 2960 2752 τῆς
2989 2683 3320 2752 Ἐκκλησίας
3354 2683 3611 2748 ναυάγια,

2046 2776 2129 2828 ὅτι
2157 2773 2264 2827 τῶν
2293 2773 2535 2841 πατρίων
2561 2773 2807 2844 νομίμων
2845 2774 2944 2844 τῆς
2973 2775 3253 2838 εὐσεϐείας
3283 2773 3614 2845 ἐπίπροσθεν

2045 2865 2114 2918 τά
2165 2863 2260 2917 τοῦ
2319 2863 2557 2933 Παλαμᾶ
2615 2863 2780 2917 καινά
2828 2881 2887 2917 τε
2931 2866 3025 2918 καὶ
3061 2863 3124 2935 [Γ.
3154 2865 3222 2920 99
3263 2862 3317 2934 ὁ]
3369 2863 3610 2933 ἐκθεσμα

2047 2955 2446 3023 παρεισρέοντα
2523 2954 2821 3022 πεφώρακε
2899 2953 3181 3023 δόγματα,
3245 2953 3342 3006 καὶ
3407 2936 3610 3023 ταύτην

2048 3043 2303 3107 ἐπιεικῶς
2355 3043 2537 3098 αἰτίαν
2588 3042 2877 3114 τιθέμενος
2926 3044 3026 3112 τῆς
3076 3061 3133 3097 τε
3180 3045 3290 3098 τῶν
3321 3045 3614 3100 πολιτικῶν

2051 3137 2140 3189 ἐπὶ
2171 3135 2230 3189 τδ
2267 3137 2450 3206 χεῖρον
2499 3136 2846 3205 πραγμάτων
2874 3135 3192 3206 ἀνατροπῆς
3221 3136 3315 3188 καῖ
3368 3138 3485 3206 ἅμα
3513 3141 3614 3209 τῆς

2050 3227 2299 3282 ἐντεῦθεν
2357 3227 2614 3280 ἀκουσίου
2669 3228 2846 3297 φυγῆς
2902 3226 3122 3282 ἐαυτοῦ.
3175 3227 3283 3280 Καὶ
3332 3228 3453 3281 τίνα
3502 3231 3612 3300 γὰρ

2049 3320 2219 3389 ἄλλην
2257 3320 2422 3390 ἐχρῆν
2468 3337 2528 3372 σε
2566 3321 2894 3387 συναγαγεῖν
2947 3319 3210 3390 ἱστορίαν,
3246 3319 3489 3388 βέλτιστα
3523 3321 3614 3391 φί-

2049 3411 2454 3478 λων,ἐφασκον,
2494 3410 2865 3477 Ἀγαθάγγελε
2892 3427 2906 3473 ;
2937 3409 3070 3462 Τίνα
3103 3410 3150 3462 δ’
3183 3410 3348 3481 ἀλλην
3379 3411 3612 3480 κρείττω

2050 3501 2144 3554 καὶ
2169 3501 2502 3572 τιμιωτέραν
2530 3498 2736 3569 ταύτης
2771 3499 2955 3570 ᾠήθης
2988 3501 3112 3568 ἐμοὶ
3145 3503 3361 3570 κομιεῖν
3384 3503 3606 3571 ἀφήγη-

2052 3606 2138 3643 σιν
2177 3589 2396 3656 ἔξωθεν,
2447 3590 2542 3644 καὶ
2586 3592 2700 3662 ἅμα
2746 3592 2855 3643 τῶν
2897 3590 3189 3660 ὀρθοδόξων
3216 3593 3330 3655 τοῖς
3367 3593 3614 3646 ἐνταυθοῖ

2052 3677 2389 3748 πατριῶταις
2455 3679 2649 3750 ήδονῆς
2714 3680 2813 3749 τῆς
2885 3679 3172 3749 βελτίστης
3230 3681 3438 3748 ἐφόδια,
3491 3683 3612 3737 λίαν

2052 3768 2361 3837 ἐφιεμένοις
2404 3769 2573 3824 ἅπασι
2627 3772 2818 3841 μαθεῖν
2863 3771 3012 3834 ὅπως
3059 3771 3347 3831 κάκείνους
3384 3775 3414 3840 ὴ
3452 3775 3612 3843 φήμη

2053 3862 2161 3914 τῶν
2193 3855 2292 3914 ὧδε
2325 3861 2619 3931 συμφορῶν
2656 3862 2754 3930 τῆς
2784 3861 2878 3915 τοῦ
2921 3862 3057 3915 Θεοῦ
3101 3861 3347 3932 διέθηκεν
3377 3864 3609 3934 Ἐκκλη-

2055 3952 2196 4018 σίας,
2225 3955 2466 4024 γραφαῖς
2494 3953 2822 4021 τερατώδεσι
2853 3953 2962 4006 τῶν
2998 3953 3229 4007 ἐνταῦθα
3258 3955 3608 4007 δυναστευόν-

2051 4057 2158 4092 των
2205 4041 2330 4101 τούς
2365 4037 2613 4108 πανταχῆ
2664 4041 2763 4109 τῆς
2811 4040 3139 4110 οἰκουμένης
3186 4041 3431 4102 εὐσεϐεῖς
3465 4044 3608 4091 ἐπει-

2052 4131 2300 4198 γομένων
2330 4131 2626 4200 ἐξαπατᾷν,
2661 4131 2757 4183 καὶ
2787 4131 3238 4199 φιλονεικούντω)
3269 4131 3366 4200 τὴν
3392 4145 3602 4181 παντα-

2057 4219 2212 4288 χόθεν
2263 4219 2540 4288 ἑταιρείαν
2588 4237 2648 4273 τε
2709 4226 2802 4275 καὶ
2859 4221 3150 4292 ὁμολογίαν
3202 4219 3302 4288 τῆς
3351 4218 3606 4288 τοιαύτης

2055 4312 2253 4373 κακίας
2285 4308 2395 4364 οἷόν
2422 4329 2477 4364 τι
2508 4311 2850 4381 καρποῦσθαι
2880 4314 3157 4382 τρόπαιονς

2126 4401 2201 4456 Γ’.
2229 4401 2398 4454 ταῦτ’
2438 4402 2572 4470 ἐμοῦ
2606 4420 2670 4471 γε
2700 4403 3009 4469 διεξιόντος,
3051 4397 3336 4453 ὐπολαῦὼν
3373 4400 3401 4452 ὁ
3447 4401 3606 4469 Ἀγα-

393 4515 607 4556 nionem
635 4498 915 4568 excipiens
965 4513 979 4548 :
1005 4493 1157 4555 Mihi.
1182 4493 1381 4562 inquit,
1411 4491 1608 4544 melius
1634 4491 1814 4545 visum
1837 4498 1945 4554 est,

2060 4491 2346 4561 θὰγγε).ος,
2371 4490 2596 4562 Ἐμοῖδέ
2621 4495 2847 4564 βέλτιον,
2877 4493 3066 4561 ἔφησε,
3090 4490 3358 4557 δέδοκται,
3377 4491 3494 4544 θεία
3520 4509 3609 4560 μοι

392 4594 698 4648 odivinum
748 4588 949 4658 caput!
993 4587 1049 4639 in
1093 4584 1201 4638 line
1264 4583 1423 4654 hujus
1478 4581 1810 4636 narrationis
1863 4581 1956 4635 illa

392 4683 621 4738 seorsim
642 4688 972 4749 pertractare
994 4685 1159 4744 atque
1192 4674 1473 4744 persequi.
1500 4672 1591 4726 ubi
1625 4672 1759 4725 nihil
1798 4685 1958 4740 pror-

393 4792 524 4838 sus,
573 4772 718 4841 quod
770 4785 862 4823 res
903 4766 1241 4822 confundere
1271 4775 1436 4832 atque
1473 4762 1698 4816 turbare
1740 4770 1954 4830 posset,

393 4863 830 4923 subaudiendum
875 4868 1058 4922 esset;
1093 4872 1200 4926 qua
1236 4855 1458 4924 quidem
1503 4853 1558 4907 in
1606 4869 1663 4907 re
1713 4854 1794 4906 sic
1844 4853 1956 4906 fere

387 4953 733 5015 statuebant,
773 4947 1056 5002 historiam
1091 4944 1458 4998 universalem
1492 4949 1554 4995 et
1587 4941 1908 4994 saecularem
1938 4978 1953 5003 ,

388 5055 460 5098 λιιι
504 5041 748 5097 breviter
790 5039 1002 5099 dicam,
1044 5033 1268 5088 diﬂ'erre
1315 5033 1384 5086 ab
1431 5031 1660 5085 historia
1693 5029 1954 5084 ecclesia-

397 5136 535 5189 stica
567 5142 625 5187 et
657 5130 945 5197 utriusque
971 5125 1402 5192 descriptionem
1431 5123 1764 5188 peculiarem
1792 5129 1957 5189 atque

397 5233 706 5296 separatam
761 5234 920 5284 esse,
979 5226 1268 5282 utramque
1321 5213 1575 5286 diversas
1635 5213 1958 5280 plerumque

401 5331 523 5380 res,
554 5327 662 5367 non
693 5309 912 5365 easdem
945 5304 1258 5375 complecti.
1291 5304 1425 5358 Cum
1458 5313 1644 5358 autem.
1675 5312 1730 5356 tu
1775 5301 1959 5369 dupli-

396 5421 519 5461 cem
546 5403 786 5458 laborem
821 5413 920 5470 pro
951 5396 1186 5466 simplici
1217 5395 1272 5449 in
1303 5404 1354 5450 te
1380 5394 1659 5460 suscipere
1694 5393 1956 5456 volucris,

398 5505 457 5551 et
501 5508 623 5564 qua:
667 5492 859 5546 eodem
908 5501 1155 5556 tempore
1201 5487 1256 5540 in
1307 5496 1540 5554 utroque
1587 5499 1786 5553 genere
1831 5499 1959 5538 eve-

403 5583 580 5646 niant,
625 5594 736 5633 uno
791 5577 1275 5646 comprehendere
1324 5575 1601 5628 volumine
1661 5573 1961 5626 constitue-

401 5676 478 5727 ris
499 5714 513 5738 ,
548 5688 616 5727 ne
645 5687 746 5740 ego
769 5669 990 5740 quidem
1023 5669 1134 5722 ullo
1165 5676 1322 5736 pacto
1353 5679 1442 5719 res
1472 5664 1668 5718 eodem
1687 5663 1960 5732 temporis

401 5766 580 5831 spatio
607 5774 784 5834 gestas
810 5760 1148 5830 conjunctim
1178 5755 1430 5826 persequi
1463 5752 1830 5810 dubitaverim
1852 5794 1865 5818 ,
1899 5765 1960 5808 ut

2058 4585 2289 4652 κεφαλή,
2325 4584 2682 4647 τελευτῶντός
2735 4601 2824 4654 μοι
2860 4583 3010 4636 τοῦδε
3058 4581 3153 4634 τοῦ
3209 4583 3368 4651 λόγου
3411 4583 3610 4646 διεξελς

2059 4673 2172 4726 θεῖν
2209 4667 2379 4736 εὐθὺς
2421 4672 2748 4726 ἀπολαϐόντι
2795 4671 2964 4741 χωρὶς
3008 4672 3210 4736 ἐκεῖνα,
3249 4672 3475 4741 μηδενῖς
3518 4671 3611 4721 τοῦ

2060 4767 2283 4836 συγχεῖν
2326 4765 2622 4832 δυναμένου
2672 4766 2854 4831 σφίσιν
2905 4764 3041 4825 ὅλως
3081 4763 3610 4826 συνυπακουομένου,

2057 4855 2202 4916 ὅπως
2233 4853 2350 4905 ποτ’
2377 4854 2469 4905 ἐπὶ
2497 4853 2622 4905 νοῦν
2644 4852 2886 4921 εἰληφότι
2925 4852 3200 4904 διεστάναι
3229 4850 3336 4903 τῶν
3378 4849 3611 4903 καθόλου

2062 4945 2154 4995 καὶ
2179 4944 2460 5010 κοσμικῶν
2487 4943 2670 5005 ἁπλῶς
2701 4943 2874 4995 εἰπεῖν
2902 4942 2969 4994 τὰ
3003 4943 3100 5010 τῆς
3147 4941 3609 5010 ἐκκλησιαστικῆς

2070 5031 2355 5102 Ἱστορίας,
2389 5033 2485 5086 καὶ
2512 5033 2648 5086 ἰδίαν
2671 5033 2767 5102 μὲν
2796 5030 2935 5086 εῖναι
2957 5032 3181 5101 ταυτηνὶ
3209 5036 3614 5102 πραγματείαν,

2062 5124 2200 5176 ίδίαν
2229 5123 2274 5174 δ’
2323 5124 2560 5191 ἐκείνην,
2596 5127 2688 5176 καὶ
2720 5122 2891 5176 ἀλλων
2919 5121 3185 5191 ἑκατέραν
3227 5120 3303 5185 ὡς
3339 5121 3409 5175 τὰ
3450 5123 3616 5176 πολλά

2059 5214 2152 5265 καὶ
2179 5212 2236 5263 οὐ
2262 5211 2372 5264 τῶν
2397 5211 2597 5266 αὐτῶν.
2640 5213 2795 5264 Ἐπεὶ
2831 5211 2888 5264 δὲ
2919 5213 2986 5264 σὺ
3025 5211 3252 5266 διπλοῦν
3281 5213 3398 5266 ἀνθ’
3446 5209 3612 5265 ἁπλοῦ

2059 5300 2148 5351 τὸν
2195 5299 2359 5352 πόνον
2407 5300 2756 5367 ἀναδέχεσθαι
2802 5298 2969 5362 εἵλου,
3021 5300 3116 5352 καὶ
3155 5299 3192 5353 ἃ
3235 5301 3325 5353 τόν
3368 5299 3525 5352 αὐτὸν
3558 5297 3615 5346 ἐν

2061 5391 2342 5459 ἑκατέροις
2389 5392 2694 5459 συμπίπτει
2741 5391 2988 5458 γενεσθαι
3051 5392 3242 5460 χρόνον
3302 5389 3465 5457 βίσλῳ
3518 5387 3615 5455 μιᾷ

2061 5479 2364 5533 συντιθέναι
2402 5497 2484 5532 σοι
2525 5480 2791 5544 δέδοκται,
2825 5481 2926 5534 οὐκ
2965 5481 3030 5535 ἂν
3059 5481 3166 5534 οὐδ’
3205 5479 3364 5538 αὐτὸς
3406 5475 3616 5543 οὐδαμῆ

2060 5589 2124 5640 γε
2177 5573 2472 5641 ὀκνήσαιμι
2526 5572 2594 5627 τά
2658 5575 2757 5640 τῆς
2807 5573 2978 5644 αὐτῆς
3029 5574 3088 5624 ἐν
3143 5570 3319 5637 ταυτῴ
3370 5567 3618 5635 περιόδου

2060 5663 2314 5727 διεξιέναι
2365 5663 2692 5734 συλλήϐδην,
2719 5666 2842 5716 ἐπεὶ
2872 5667 2966 5716 καὶ
3010 5662 3207 5731 τρόπον
3251 5659 3438 5728 ἐτερον
3488 5658 3624 5725 πρό-

2061 5770 2221 5821 τερον
2261 5755 2562 5823 (εἰρήσεται
2591 5756 2696 5825 γάρ
2740 5753 2990 5825 τάληθὲς)
3023 5751 3240 5804 ἐδεδίειν
3289 5752 3431 5877 μέα
3462 5749 3622 5811 αὐτὸς

3265 5912 3286 5944 κ
3341 5891 3562 6143 Ὤ
