4036 6210
367 343 432 436 13'
1325 359 1774 423 summa
1811 355 2200 419 msronta
2241 356 2390 417 Lm.
2433 355 2606 418 xxv.
3115 357 3118 364 '
3542 344 3610 411 ιι

364 479 578 540 ἐκείνως
598 476 882 542 διεξιέναι,
918 473 1012 529 καὶ
1049 472 1290 545 μιγνύων
1341 475 1452 538 τοῖς
1481 474 1711 528 τοιοῖσδε
1751 474 1818 527 τά
1857 472 1933 544 μὴ

2047 472 2132 540 qui
2166 473 2278 543 jam
2315 479 2512 536 antea,
2549 477 2610 524 ut
2646 483 2837 524 verum
2879 466 2978 522 tibi
3014 465 3234 530 dicam,
3265 480 3352 520 res
3385 464 3489 519 ista
3523 479 3614 518 ra-

365 570 532 626 τοιάδι
575 569 678 638 τὴν
713 567 813 639 σὴν
861 568 1034 638 ἀκοὴν
1080 567 1424 632 ἀποκναίειν,
1455 565 1554 620 καὶ
1601 564 1778 620 ταῦτα
1831 563 1928 617 νῦν

365 662 504 716 οὕτω
545 659 724 728 λύπης
784 660 1002 730 ἔχοντος
1052 659 1254 721 άλλως,
1291 661 1383 712 ὅτε
1431 657 1669 728 μάλιστα
1706 655 1928 710 πάντων

367 750 550 806 ἅπαντ’
592 751 780 802 iusim
839 749 1062 818 μνήμης
1111 749 1334 818 ἀπάτης
1391 743 1586 800 ὄπισθε
1651 741 1930 797 ποιεῖσθαι.

361 843 458 896 οὐκ
509 842 658 893 ἐστιν
712 839 836 892 ὅθεν
893 837 960 891 οὒ
1021 839 1114 892 καὶ
1149 839 1298 899 ὅπως
1345 835 1406 890 οὒ
1460 833 1818 906 βεϐούλημαι,
1849 827 1929 895 οἷς

361 934 554 1003 βάρους
589 933 912 986 ἐνέστακται
947 933 1226 1002 πρόφασις
1271 927 1522 982 ὁπωσοῦν
1563 929 1658 981 καὶ
1685 926 1928 980 ὁθενοῦν.

357 1023 470 1077 Νῦν
515 1015 564 1076 6‘
619 1023 810 1092 ἐπειδὴ
851 1022 936 1075 σοι
984 1035 1048 1090 γε
1098 1019 1249 1075 τοῦθ’
1297 1021 1450 1092 ηδιον
1503 1019 1718 1073 ἐκείνου
1750 1017 1932 1088 πολλῷ

361 1115 618 1185 μανθάνω
675 1113 890 1178 δοκεῖν,
943 1115 1184 1182 ἄσμενος
1257 1109 1414 1181 κάγὼ
1478 1111 1664 1164 λοιπον
1731 1108 1932 1163 αὐτίκα

359 1209 499 1278 μάλα
525 1207 628 1276 τὴν
648 1207 748 1276 σὴν
769 1197 868 1276 τῆς
901 1205 1044 1276 ἐμῆς
1077 1204 1488 1275 ἀνθαιρήσομαι
1517 1201 1802 1274 βούλησιν.
1825 1203 1934 1256 Καὶ

356 1301 406 1352 τί
441 1299 549 1368 γὰρ
577 1298 710 1352 ἄλλο
735 1291 842 1350 τῶν
871 1297 1050 1352 ἄλλων
1077 1297 1285 1363 δόξειεν
1326 1291 1392 1350 αὖ
1436 1295 1934 1366 εὐδαιμονέστερον

357 1389 540 1458 ἔμοιγε
581 1383 682 1440 νῦν
716 1386 751 1456 ἢ
803 1383 888 1438 σοί
945 1401 1008 1454 γε
1054 1384 1126 1437 τὰ
1173 1381 1403 1437 τοιαῦτα
1441 1380 1774 1452 χαρίζεσθαι
1823 1379 1936 1432 τῶν

357 1477 734 1550 διηγημάτων,
761 1469 838 1530 ὢν
868 1477 992 1547 ἐμοὶ
1020 1477 1124 1548 μὲν
1159 1477 1292 1548 ῥᾷον
1317 1473 1492 1542 οὐδὲν,
1525 1474 1608 1528 σοὶ
1637 1473 1693 1526 δὲ
1728 1473 1937 1544 βέλτιον

355 1574 502 1627 οὐδέν
529 1594 546 1640 ς

420 1665 494 1721 Δ’.
573 1665 740 1720 Ἀλλά
805 1665 916 1734 γὰρ
965 1655 993 1716 ὃ
1046 1662 1266 1731 ἑταῖρος
1335 1662 1474 1732 ἡμῖν
1535 1659 1938 1729 Ἀγαθάγγελος

353 1758 578 1811 τοιαῦτα
627 1758 728 1826 μὲν
769 1757 914 1825 ὑπὲρ
951 1749 1037 1824 ,ὧν
1095 1753 1444 1821 σεσιώπηκεν
1509 1752 1934 1821 ἀπολελόγηται,

354 1851 583 1906 τοιαῦτα
625 1850 685 1902 δὲ
740 1849 882 1918 ὑπὲρ
913 1841 990 1902 ὧν
1021 1845 1300 1915 φθέγξαιέ
1339 1843 1407 1900 ἂν
1455 1845 1534 1908 είς
1581 1845 1810 1897 τούπιὸν
1838 1847 1936 1914 τῆς

354 1943 666 2013 διηγήσεως
691 1939 1088 2012 ἐπηγγέλλετο,
1124 1937 1236 1992 τῶν
1267 1937 1366 2006 μὲν
1400 1935 1690 2007 προτέρων
1720 1933 1937 2004 σμικρά

353 2032 842 2101 ἐπαναλαμϐάνειν
868 2031 957 2084 διὰ
983 2031 1045 2084 τὸ
1075 2031 1178 2102 ἤδη
1217 2029 1474 2100 εἰρῆσθαι
1499 2028 1569 2081 τὰ
1601 2027 1798 2091 πλείω,
1819 2029 1936 2089 τοῖς

353 2127 396 2178 δ’
437 2125 662 2179 ἐπιοῦσι
713 2117 826 2178 τῶν
879 2121 1196 2192 ἀναγκαίων
1271 2121 1438 2192 μηδὲν
1503 2119 1940 2190 ὑπισχνούμενος

355 2218 745 2288 παραλείπειν.
785 2217 1062 2286 Ἐντυχεϊν
1096 2215 1196 2285 μὲν
1236 2211 1332 2268 οὖν
1375 2213 1530 2280 ἔλεγε
1563 2209 1796 2265 καὶτῶν
1844 2219 1940 2279 με·

361 2311 682 2380 ρικωτίρων
727 2310 1044 2362 ἐπισκόπων
1090 2307 1208 2360 ὅσοι
1248 2303 1370 2360 καθ’
1409 2307 1478 2368 ἃς
1510 2301 1674 2366 αὐτὸς
1723 2302 1939 2373 περιῄει

355 2405 552 2474 κώμας
612 2401 712 2456 καὶ
757 2401 943 2463 πόλεις
995 2401 1298 2470 ἐτύγχανον
1346 2395 1520 2464 δντες,
1577 2397 1830 2466 ἐντυχεῖν
1881 2391 1939 2450 δὲ

358 2493 418 2565 [Γ.
451 2493 560 2548 160
589 2490 648 2563 ιι]
707 2491 945 2561 μάλιστα
978 2491 1042 2559 δὴ
1083 2490 1451 2560 πατριάρχαις
1495 2488 1699 2554 αὐτοῖς,
1735 2487 1940 2557 Γρηγο-

358 2589 456 2655 ρίῳ
485 2603 552 2639 τε
575 2585 780 2656 δηλαδὴ
827 2585 904 2652 τῷ
939 2581 1349 2652 Ἀλεξανδρείας
1385 2580 1480 2633 καὶ
1520 2578 1772 2648 ἰγνατίῳ
1814 2580 1938 2632 Ἂν·

355 2678 620 2748 τιοχείας,
673 2677 774 2730 καὶ
832 2675 1008 2747 τρίτῳ
1056 2671 1115 2736 ὃς
1173 2671 1310 2744 πρὶν
1367 2671 1400 2742 ἢ
1457 2671 1715 2740 Λάζαρον
1774 2669 1938 2738 τῆτες

355 2771 542 2823 ἐκεῖσε
605 2767 862 2837 ἀφῖχθαι,
905 2764 1008 2818 τὸν.
1067 2761 1474 2834 πατριάρχικδν
1537 2757 1938 2830 Ἱεροσολύμων

354 2862 528 2914 διεῖπε
567 2859 793 2929 θρόνων
822 2857 883 2910 τδ
909 2857 1017 2925 γάρ
1050 2855 1132 2907 τοί
1157 2872 1222 2923 γε
1248 2854 1421 2922 ὄνομα
1457 2851 1708 2922 ἐλελήθει
1739 2865 1808 2918 με
1839 2849 1937 2902 τοῦ

355 2953 571 3021 ἀνδρός.
608 2948 884 3018 Ἑντυχεῖν
922 2947 968 3000 δ’
1012 2946 1108 3000 οὖν
1151 2947 1210 2997 ἐν
1259 2944 1538 3014 διαφόροις
1574 2941 1748 2996 ἄλλοτ’
1794 2941 1940 3011 ἄλλῳ

355 3045 464 3104 τοῖς
495 3041 712 3104 τόποις,
743 3039 870 3092 ἔνθα
928 3037 1025 3090 καὶ
1075 3035 1176 3106 τὴν
1231 3033 1443 3088 δίαιταν
1495 3032 1728 3095 ἕκαστος
1783 3030 1940 3101 ἔτυχε

2034 563 2182 616 tione
2200 563 2306 631 22
2320 575 2597 632 exponere
2621 559 2781 616 valde
2805 559 3018 614 veritus
3037 559 3160 622 sim,
3185 572 3250 611 ne
3269 557 3609 612 diversarum

2031 663 2218 708 rerum
2267 654 2740 723 conglutinatione
2797 659 2920 706 tuas
2967 666 3134 705 aures
3209 649 3614 712 obtunderem,

2031 748 2162 804 satis
2177 748 2292 820 jam
2329 747 2680 802 contristatas
2697 745 2786 799 ubi
2822 743 3080 810 maxime,
3122 741 3491 811 quodcunque
3527 739 3613 793 vel

2033 841 2274 894 minima
2301 839 2568 894 molestia
2589 851 2918 908 quacunque
2941 851 3007 890 ex
3033 849 3200 888 causa
3229 831 3472 886 elﬁciens
3491 844 3615 885 esse

2033 939 2256 1002 posset,
2307 929 2364 984 id
2415 929 2484 984 ab
2529 929 2680 983 omni
2735 925 3274 983 commemoratione
3323 923 3616 993 seiungere

2037 1035 2147 1080 non
2181 1023 2336 1094 potui
2379 1035 2488 1078 non
2541 1021 2597 1075 in
2645 1019 2890 1073 animum
2937 1016 3224 1072 inducere.
3275 1015 3436 1069 Nunc
3483 1028 3616 1068 vero

2038 1129 2164 1170 cum
2199 1114 2299 1168 tibi
2345 1112 2519 1168 multo
2557 1112 2770 1182 gratius
2799 1109 2904 1164 hac
2935 1109 3152 1164 ratione
3179 1123 3344 1178 quam
3375 1106 3490 1170 illa,
3524 1119 3613 1158 res

2037 1219 2300 1260 enarrare
2331 1203 2508 1259 videri
2543 1200 2896 1272 cognoverim
2923 1239 2938 1266 ,
2999 1201 3259 1256 lubenter
3293 1200 3406 1269 jam
3457 1207 3612 1252 tuum

2037 1296 2328 1353 consilium
2366 1309 2490 1350 meo
2525 1303 2884 1364 anteponam.
2919 1293 3064 1359 Quid
3101 1292 3258 1347 enim
3290 1287 3440 1344 aliud
3475 1287 3612 1344 mihi

2039 1403 2191 1444 nunc
2237 1387 2592 1458 prmstantius
2637 1385 2816 1440 videri
2869 1393 3084 1456 potest,
3129 1395 3296 1452 quam
3341 1383 3479 1438 tales
3513 1380 3618 1436 tibi

2041 1475 2396 1532 narrationes
2421 1491 2728 1547 proponere
2750 1519 2764 1543 ,
2796 1476 2998 1547 quibus
3026 1475 3164 1530 nihil
3198 1473 3336 1530 mihi
3365 1472 3616 1539 facilius,

2045 1569 2148 1624 tibi
2183 1569 2324 1622 nihil
2361 1569 2558 1623 melius
2597 1577 2700 1622 est.

2113 1662 2204 1717 1V.
2239 1662 2366 1717 Hac
2393 1661 2562 1734 igitur
2587 1669 2946 1732 posteaquam
2970 1661 3381 1734 Agathangelus
3401 1661 3617 1718 amicus

2048 1754 2116 1810 de
2145 1755 2212 1812 iis
2233 1771 2357 1827 quae
2383 1757 2604 1812 silentio
2629 1756 2938 1822 transisset,
2965 1757 3031 1811 ad
3059 1767 3214 1811 suam
3237 1755 3617 1810 defensionem

2045 1849 2297 1916 protulit,
2324 1848 2391 1904 de
2419 1848 2488 1904 iis
2508 1865 2628 1919 qua:
2649 1849 2702 1903 in
2724 1851 2976 1920 sequenti
3001 1851 3321 1904 narratione
3345 1850 3624 1908 relaturus

2041 1948 2218 2005 esset,
2251 1939 2531 2008 professus
2559 1949 2664 2004 est,
2693 1955 2753 1996 se
2784 1955 2958 2010 pauca
2994 1949 3206 1996 tantum
3237 1959 3304 1998 cx
3338 1945 3624 2014 prioribus

2047 2037 2404 2102 recepturum
2432 2047 2556 2088 esse
2593 2043 2884 2102 propterea
2917 2033 3064 2104 quod
3104 2037 3366 2107 majorem
3406 2047 3620 2106 partem

2041 2121 2152 2194 jam
2195 2125 2574 2194 exposuisset,
2613 2125 2814 2181 deinde
2853 2141 2986 2181 vero
3027 2127 3200 2192 nihil,
3238 2129 3386 2199 quod
3428 2143 3621 2186 neces—

2045 2214 2250 2268 sarium
2285 2223 2468 2282 esset,
2502 2229 2561 2271 se
2593 2217 2929 2273 omissurum
2967 2219 3243 2288 promisit.
3279 2219 3622 2278 Convenisse

2046 2304 2215 2376 igitur
2251 2321 2310 2362 se
2346 2308 2571 2364 dicebat
2617 2319 2820 2378 printer
2872 2311 3236 2381 particulares
3281 2316 3574 2386 episcopos
3599 2357 3614 2381 ,

2043 2411 2182 2467 quos
2211 2397 2266 2453 in
2294 2399 2530 2471 singulis
2556 2401 2696 2456 vicis
2725 2403 3066 2475 urbibusque
3090 2407 3444 2472 offendisset,
3481 2427 3621 2480 prin.

2046 2487 2240 2543 set-tim
2273 2490 2420 2558 ipsos
2449 2491 2822 2561 patriarchas,
2856 2493 3220 2565 Gregorium,
3249 2499 3620 2566 patriarcham

2053 2575 2431 2645 Alexandriae,
2465 2579 2744 2650 'lgnatium
2785 2583 3128 2650 Antiochiae,
3175 2591 3398 2644 tertium
3449 2607 3576 2646 eum
3603 2632 3620 2656 ,

2047 2669 2142 2738 qui
2189 2667 2587 2741 Hierosolymis
2639 2674 3079 2740 patriarchicum
3131 2679 3330 2733 solium
3381 2681 3625 2738 obtinuit

2046 2767 2175 2816 ante
2225 2759 2532 2827 Lazarum,
2583 2763 2678 2832 qui
2731 2763 2836 2818 huc
2880 2781 3026 2820 anno
3081 2783 3148 2822 eo
3185 2771 3374 2836 venit;
3417 2789 3618 2830 nomen

2046 2862 2230 2910 autem
2276 2853 2380 2909 viri
2423 2861 2510 2910 me
2549 2849 2709 2924 fugit.
2749 2853 3088 2914 Canvenisse
3129 2876 3186 2916 se
3229 2859 3399 2932 igitur
3448 2865 3619 2921 alium

2046 2939 2151 3014 23
2202 2944 2310 3001 alio
2352 2945 2508 3012 loco,
2559 2946 2654 3002 ubi
2701 2963 2857 3003 suam
2906 2949 3137 3022 quisque
3185 2963 3316 3010 tunc
3360 2957 3621 3027 temporis

2045 3037 2229 3092 sedem
2267 3031 2492 3093 fixisset.
2534 3035 2713 3110 Atque
2748 3041 2986 3110 primum
3022 3041 3244 3114 quidem
3284 3047 3360 3102 ait
3397 3061 3457 3104 se
3489 3065 3623 3106 con-

357 3134 663 3206 τηνικαῦτα
714 3133 1058 3198 ποιούμενος.
1105 3128 1217 3180 Καὶ
1259 3127 1332 3178 τά
1384 3124 1486 3195 μὲν
1537 3123 1731 3193 πρῶτά
1775 3135 1943 3192 φησιν

2047 3129 2205 3184 viciis
2235 3139 2289 3186 et
2319 3131 2609 3187 calumniis
2632 3129 2701 3186 ab
2732 3133 2846 3187 illis
2876 3136 3207 3206 exagitatum
3241 3154 3395 3207 esse;
3435 3157 3532 3197 eos
3569 3153 3625 3198 et

357 3226 728 3288 txttwOjrCsw
777 3223 1024 3284 ἐκείνους
1076 3220 1172 3272 καὶ
1233 3215 1690 3287 διαλοιδορεϊσθαί
1737 3217 1808 3282 ai,
1851 3217 1946 3271 mi.

359 3315 470 3372 οἷον
523 3317 980 3388 είρωνευομένοις
1054 3313 1291 3367 ἑοικέναι
1369 3313 1465 3366 καὶ
1525 3309 1944 3380 ἁποσειομένοις

357 3411 670 3484 ὁλοσχερῶς
723 3409 828 3478 τὴν
875 3405 1042 3460 αὑτοῦ
1079 3405 1473 3474 συνδιαίτησιν,
1514 3402 1622 3472 ίδίᾳ
1673 3401 1774 3471 μὲν
1808 3400 1944 3453 ἕκα-

363 3525 508 3574 στον,
567 3505 656 3558 ἐπ’
709 3499 834 3571 ἴσης
896 3497 944 3555 δ’
1001 3495 1189 3568 ὥσπερ
1240 3499 1304 3549 ὲκ
1359 3492 1541 3549 κοινοῦ
1598 3491 1944 3562 συνθήματος

361 3600 612 3660 ἃπαντας
659 3595 752 3649 διὰ
797 3591 892 3646 τὸν
943 3591 1036 3645 τοῦ
1073 3589 1306 3658 πατρίου
1363 3585 1635 3655 δόγματος
1692 3581 1945 3637 ἐντεῦθεν

363 3688 610 3758 ῥαγέντα
635 3683 904 3737 κλύδωνα.
937 3679 1126 3742 οὓτως
1161 3677 1326 3742 ὀξέως
1367 3676 1679 3744 ἐπέδραμεν
1709 3673 1743 3744 ὴ
1784 3673 1944 3744 φήμη

363 3783 583 3851 ῥυεῖσα,
621 3774 877 3844 καθάπερ
901 3769 1094 3841 ἀγρίου
1119 3767 1258 3837 πνοή
1295 3781 1380 3830 τις
1409 3766 1633 3836 ἀνέμου,
1669 3763 1946 3833 Αἴγυπτόν

362 3886 426 3922 τε
462 3867 563 3922 καὶ
585 3864 786 3936 Συρίαν
833 3861 930 3914 καὶ
969 3859 1222 3912 Κιλικίαν
1277 3855 1373 3909 καὶ
1423 3855 1606 3908 πᾶσαν
1641 3855 1822 3906 εἰπεῖν
1867 3854 1949 3906 οί·

363 3960 670 4030 κουμένην,
730 3956 977 4022 ὅπουπερ
1035 3951 1100 4003 ἂν
1141 3947 1486 4019 Χριστιανῶν
1525 3945 1742 4015 λάχοιεν
1781 3943 1947 4028 δῆμοι

361 4050 470 4119 τὴν
509 4047 728 4117 οτκησιν
757 4043 992 4113 ἔχοντες,
1028 4037 1136 4092 τῶν
1177 4034 1274 4089 τοῦ
1321 4035 1561 4105 Παλαμᾶ
1607 4033 1949 4103 παρανόμων

363 4141 461 4195 καὶ
483 4139 661 4194 νόθων
688 4135 995 4205 δογμάτων,
1027 4131 1122 4183 καὶ
1145 4127 1342 4191 οὕτως,
1372 4127 1656 4196 ἀνώνυμος
1687 4125 1768 4182 ὣν
1792 4125 1820 4178 ὁ
1851 4143 1949 4179 τα..

363 4233 653 4300 λαίπωρος
702 4229 991 4298 πρότερον,
1045 4220 1331 4290 διαϐόητος
1369 4217 1462 4270 ἐπὶ
1505 4217 1675 4285 κακίᾳ
1721 4217 1949 4286 γέγονεν

363 4329 642 4399 ὕστερον·
691 4325 862 4379 ποιεῖν
906 4321 1016 4390 γάρ
1059 4333 1194 4387 φησι
1244 4311 1608 4384 περιϐοήτους
1657 4311 1718 4364 ού
1764 4309 1951 4375 δεξιὰν

365 4423 574 4492 πρᾶξιν
623 4418 807 4488 μόνον,
847 4412 984 4468 ἀλλὰ
1025 4409 1132 4464 καὶ·
1166 4405 1366 4462 κακίαν
1404 4403 1647 4458 νικῶσαν
1697 4401 1950 4472 πονηρῶν

362 4511 752 4581 εὐδοκίμησιν.

437 4603 522 4658 Εν.
563 4602 722 4655 Ἐπεὶ
743 4598 792 4654 δ’
820 4595 1219 4664 ἀναλαμδάνων
1254 4590 1464 4644 ἄνωθεν
1509 4591 1716 4652 ἐκεῖνος
1743 4587 1952 4642 ἕκαστα

363 4697 508 4769 διῄει
560 4689 818 4752 ἑκάστοις
861 4675 1188 4754 ἑκασταχοῦ,
1219 4683 1286 4736 τά
1330 4695 1390 4734 τε
1439 4680 1576 4734 ἄλλα
1624 4681 1718 4732 καὶ
1747 4679 1822 4742 ὡς
1855 4679 1952 4748 τὴν

366 4789 544 4856 αὐτὴν
593 4787 688 4838 καὶ
739 4780 902 4843 αὐτὸς
958 4777 1042 4848 εἴη
1099 4775 1455 4846 περι-θάλπων
1492 4773 1722 4843 γνώμην
1769 4771 1955 4834 αὐτοῖς

367 4879 660 4939 εὐσεϐείας
713 4875 902 4936 ἕνεκα,
937 4873 1032 4924 καλ¹
1087 4869 1159 4931 ὡς
1212 4869 1300 4921 διὰ
1356 4868 1448 4920 τὸν
1499 4867 1745 4918 τοιοῦτον
1795 4864 1956 4934 ζῆλον

371 4971 552 5040 φυγὰς
589 4967 689 5037 τῆς
723 4964 980 5033 πατρίδος
1029 4962 1262 5029 γένοιτο,
1298 4960 1392 5012 καὶ
1418 4959 1492 5021 ὡς
1529 4959 1558 5009 ὁ
1587 4955 1826 5018 τοιοῦτος
1861 4957 1952 5008 ὲν-

369 5063 568 5116 τεῦθεν
614 5059 854 5112 ἐλαύνων
885 5055 1085 5125 τρόπος
1128 5053 1186 5114 ὲς
1223 5051 1350 5111 τοὺς
1397 5049 1584 5117 ἀήθεις
1617 5045 1770 5118 αύτῷ
1813 5047 1954 5099 πλα-

371 5155 576 5208 νᾶσθαι
615 5151 838 5222 δράσειε
881 5149 1102 5209 τόπους,
1133 5173 1204 5182 ——
1233 5142 1356 5195 ἐπεὶ
1413 5137 1508 5194 οὖν
1547 5135 1723 5194 ταῦτά
1766 5157 1826 5192 τε
1859 5140 1956 5192 καὶ

373 5247 511 5300 ἄλλα
542 5243 722 5306 ἄλλοις
753 5239 955 5310 ὁμοίως
981 5237 1207 5290 διετέλει
1239 5235 1433 5302 λέγων,
1463 5233 1638 5287 ὁπόσα
1668 5231 1820 5302 κοινῇ
1858 5231 1956 5285 καὶ

375 5337 500 5391 καθ’
533 5335 742 5388 ἕκαστα
767 5332 982 5401 βέϐαιον
1015 5327 1222 5383 ἅπασιν
1262 5323 1548 5388 εὐσεϐείας
1581 5323 1750 5378 αὑτὸν
1788 5322 1958 5392 ὲγνὼ-

379 5429 534 5496 ριςεν
561 5424 820 5494 ἀθλητὴν,
849 5417 919 5493 ἦν
949 5419 1124 5482 οὐδεὶς
1147 5415 1260 5472 οὗθ’
1292 5411 1335 5484 ᾧ
1375 5417 1451 5487 μὴ
1477 5417 1575 5486 τῆς
1617 5417 1745 5488 πρὶν
1777 5417 1958 5484 αἰφνι-

375 5519 492 5569 δίου
528 5513 894 5584 σκληρότητος
928 5508 1246 5578 μετέμελεν,
1284 5505 1398 5560 οὗθ’
1446 5505 1502 5569 ὃς
1542 5507 1644 5558 ούκ
1675 5503 1956 5574 ἠσπάζετό

374 5623 436 5658 τε
471 5607 569 5658 καὶ
601 5602 1066 5672 ἀντεφιλοτιμεῖτό
1091 5602 1140 5653 oi
1178 5601 1271 5652 καὶ
1301 5599 1369 5651 τὰ
1410 5597 1577 5650 πιστὰ
1608 5597 1704 5666 τῆς
1735 5599 1862 5666 περὶ
1896 5597 1958 5649 τὸ

379 5699 549 5759 σέϐας
601 5697 831 5768 ἀληθοῦς
889 5695 1142 5766 ὁμονοίας
1189 5693 1503 5762 περιφανῶς
1549 5691 1841 5754 ἀντεδίδου,
1882 5689 1957 5752 ὡς

381 5790 686 5858 τηνικαῦτα
740 5789 832 5842 καὶ
891 5787 982 5840 τὸν
1048 5785 1384 5853 Ἀντιοχείας
1429 5783 1706 5854 ἔγγραφον
1761 5779 1956 5836 ἑαυτοῦ

555 5911 576 5942 ἰ

2047 3221 2289 3291 singulos
2323 3229 2379 3278 ει
2409 3227 2638 3279 cunctos
2672 3226 2877 3294 pariter
2913 3227 3082 3282 veluti
3113 3243 3180 3283 ex
3211 3234 3516 3302 composito
3549 3235 3624 3288 ir-

2047 3310 2344 3365 ridentium
2375 3323 2435 3366 se
2466 3326 2731 3382 suamque
2761 3317 3076 3372 societatem
3113 3321 3335 3388 penitus
3363 3339 3624 3380 aversan-

2049 3401 2184 3456 tium
2213 3410 2324 3472 prae
2351 3417 2410 3458 se
2436 3403 2629 3460 tulisse
2657 3407 2896 3476 speciem
2926 3421 3147 3478 propter
3171 3414 3331 3480 patrii
3353 3415 3624 3488 dogmatis

2047 3491 2244 3550 ﬂuctus
2283 3495 2372 3550 hic
2407 3503 2651 3554 coortos.
2687 3499 2826 3554 Tum
2861 3503 3062 3557 acriter
3093 3519 3249 3560 saeva:
3285 3511 3624 3578 tempestatis

2047 3583 2222 3641 instar
2253 3585 2580 3660 IEgyptum,
2615 3589 2826 3663 Syriam
2849 3633 2864 3659 ,
2895 3593 3141 3650 Ciliciam
3181 3607 3466 3671 letumque
3507 3604 3622 3659 fere

2048 3675 2240 3734 orbem
2285 3689 2594 3750 terrarum,
2631 3681 2726 3737 ubi
2762 3682 3208 3742 Christianorum
3243 3691 3430 3760 populi
3467 3693 3626 3749 sedes

2049 3772 2229 3828 sortiti
2278 3781 2440 3839 sunt,
2493 3776 2736 3844 pervasit
2768 3775 2911 3832 fama
2949 3780 3264 3848 spuriorum
3311 3795 3366 3839 et
3405 3784 3625 3857 illegiti-

2049 3879 2266 3919 morum
2317 3864 2548 3921 Palatinae
2585 3866 2934 3938 dogmatum,
2972 3885 3082 3938 quo
3135 3872 3338 3930 laetum
3390 3887 3512 3942 est,
3563 3890 3626 3934 ut

2049 3955 2216 4011 miser
2249 3955 2388 4024 iste,
2423 3959 2519 4028 qui
2560 3969 2722 4014 antea
2761 3959 3031 4016 obscurus
3073 3971 3228 4030 erat,
3274 3966 3625 4037 improbitate

2045 4045 2156 4119 jam
2207 4047 2442 4119 inclytus
2489 4065 2612 4106 esse
2657 4051 2944 4122 inciperet.
2988 4047 3228 4110 Gloriam
3281 4059 3470 4130 enim,
3539 4064 3626 4120 in-

2049 4141 2200 4210 quit,
2241 4155 2350 4196 non
2399 4142 2576 4196 solum
2619 4142 2812 4199 dextro
2857 4153 3023 4216 atque
3074 4150 3330 4218 prudenti
3377 4153 3628 4214 facinore

2051 4230 2302 4299 acquiri,
2335 4232 2432 4288 sed
2467 4234 2631 4318 epam
2665 4236 2935 4292 maiorum
2975 4241 3331 4311 improbitate
3363 4246 3626 4306 virtutem

2053 4331 2368 4392 superante.

2127 4583 2194 4642 V.
2222 4587 2360 4674 Cum
2398 4599 2580 4646 autem
2616 4593 2706 4648 ille
2755 4593 2924 4648 rebus
2955 4595 3123 4652 altius
3161 4599 3412 4669 repetitis
3436 4603 3630 4675 singu-

2055 4681 2124 4737 lis
2156 4679 2370 4752 singola
2406 4681 2638 4738 referret
2676 4685 2730 4738 in
2767 4683 3068 4755 primisque
3103 4688 3170 4744 iis
3193 4705 3494 4759 exponeret
3519 4735 3534 4762 ,
3563 4713 3626 4754 se

2055 4771 2331 4839 eamdem,
2365 4783 2528 4862 qnam
2560 4775 2688 4844 ipsi,
2731 4776 3067 4832 sententiam
3097 4779 3375 4838 ferventer
3411 4789 3631 4854 pictatis

2058 4877 2222 4919 causa
2253 4863 2508 4934 amplecti
2551 4873 2608 4918 et
2637 4865 2708 4920 ob
2753 4865 2932 4934 ipsum
2970 4867 3076 4924 hoc
3127 4871 3329 4926 ardens
3387 4877 3630 4931 studium

2057 4967 2332 5011 extorrem
2366 4972 2394 5010 a
2433 4955 2607 5025 patria
2655 4957 2838 5012 vivere
2864 4974 2928 5013 ac
2959 4960 3052 5015 tali
3097 4963 3374 5018 sentiendi
3417 4967 3630 5022 ratione

2058 5047 2284 5103 ductum
2322 5050 2540 5104 insueta
2575 5058 2630 5104 et
2681 5050 2921 5106 insoluta
2957 5053 3076 5108 loca
3125 5055 3388 5112 oberrare
3417 5087 3484 5098 —
3539 5061 3631 5114 ubi

2059 5135 2175 5191 lucc
2231 5147 2397 5208 atque
2444 5139 2550 5194 alia
2597 5141 2871 5211 ejusmodi
2921 5143 3044 5198 aliis
3081 5146 3396 5213 enarravit,
3433 5152 3636 5220 quibus

2060 5228 2319 5284 universe
2349 5237 2514 5301 atque
2541 5231 2862 5304 singillatim
2894 5248 2956 5288 se
2987 5236 3250 5292 omnibus
3285 5251 3632 5298 constantem

2057 5321 2346 5392 religionis
2406 5335 2868 5394 prepugnatorem
2907 5327 3197 5396 probavit,
3258 5339 3371 5388 tum
3405 5335 3625 5403 quidem

2057 5427 2222 5466 nemo
2255 5421 2396 5478 erat,
2422 5429 2585 5483 quem
2612 5433 2722 5471 non
2756 5426 2960 5473 temere
2991 5429 3148 5474 antea
3175 5433 3453 5493 concepta:
3474 5441 3630 5482 acer-

2059 5504 2249 5560 bitatis
2297 5507 2626 5574 paeniteret,
2679 5509 2788 5581 24
2823 5525 3009 5576 nemo,
3065 5514 3198 5582 quin
3235 5515 3470 5586 benigne
3505 5533 3631 5574 cum

2058 5601 2339 5668 exciperet
2391 5608 2448 5653 et
2509 5604 2763 5658 certatim
2806 5605 3114 5660 honornrct
3173 5621 3235 5664 ac
3294 5623 3438 5664 vera:
3505 5610 3634 5664 lidci

2059 5689 2371 5745 concordia:
2417 5691 2703 5748 manifesta
2765 5696 2992 5766 pignora
3039 5699 3215 5752 daret.
3274 5699 3414 5754 Tum
3467 5701 3635 5758 etiam

2059 5779 2366 5836 Antiochiae
2432 5785 2750 5852 patriarcha
2793 5790 3058 5858 scriptum
3108 5800 3314 5843 tomum
3369 5795 3634 5862 pillllllll,
