4036 6210
384 382 442 441 1.3
842 382 847 387 “
1582 369 1995 431 NlCEPllORI
2035 369 2411 432 GREGOllE
3547 365 3611 429 16

376 500 468 563 qui
499 496 916 551 consensionem
953 494 1275 548 orthodoxae
1308 501 1362 545 et
1387 491 1697 545 communis
1738 501 1939 544 nostra

2041 494 2398 558 προενεγκεῖν
2436 491 2624 562 τόμον,
2672 488 2967 562 ὁμολογίαν
3031 486 3129 558 μέν
3175 485 3274 553 τῆς
3329 482 3610 555 ὀρθοδόξου

379 590 502 642 tidei
535 584 873 648 continebat,
904 585 1177 639 Palamam
1212 596 1344 635 vero
1392 589 1452 634 ut
1505 580 1691 649 spuria
1718 588 1774 633 et
1811 593 1937 647 pro-

378 684 497 733 l‘ana
522 680 774 747 dogmata
803 676 1151 729 inducentem
1183 688 1248 726 ex
1278 670 1372 726 Dei
1400 670 1644 725 Ecclesia
1678 668 1938 740 ejiciebat

375 801 445 810 --
478 780 687 823 tomum
716 767 930 821 scilicet
974 766 1150 827 illum,
1175 777 1338 832 quem
1374 772 1781 831 composuerat,
1811 775 1934 813 cum

376 861 623 931 Byzantii
649 860 867 929 audiret
894 868 949 910 et
970 856 1256 925 adjuvaret
1280 853 1545 908 Joannem
1568 852 1935 921 patriarcham

376 949 937 1020 ejusqueepiscopos.
974 945 1067 1015 qui
1095 945 1411 1013 aliquandiu
1445 944 1756 1013 superiores
1781 949 1940 997 erant

379 1046 446 1095 uti
479 1041 727 1096 veritatis
757 1039 888 1103 vim,
913 1051 1083 1106 quam
1120 1036 1494 1090 defendebant
1524 1043 1579 1088 et
1622 1032 1770 1103 quod
1828 1047 1935 1085 non

372 1134 563 1188 aderat
591 1171 606 1195 ,
664 1129 758 1199 qui
808 1128 876 1183 iis
904 1143 961 1182 se
994 1136 1323 1196 opponeret,
1362 1124 1815 1184 Cantacuzeuus,
1869 1137 1937 1177 eo

379 1221 636 1275 nimirum
677 1227 942 1286 tempore,
974 1204 1086 1285 quo
1116 1222 1324 1284 peStent
1359 1214 1519 1266 istaut
1555 1212 1607 1266 in
1637 1227 1776 1281 puro
1805 1224 1937 1277 agro

378 1314 616 1382 primum
649 1314 1089 1364 suecrescentem
1144 1321 1271 1360 cum
1313 1306 1429 1373 ipso
1461 1305 1705 1374 germine
1734 1303 1935 1358 exstir-

378 1404 610 1473 pandatu
642 1414 762 1455 esse
788 1398 1071 1452 decretum
1103 1405 1208 1450 est.
1240 1396 1355 1449 Iloe
1383 1405 1528 1448 tomo
1555 1394 1778 1448 evoluto
1809 1408 1936 1447 eum

377 1497 461 1550 ait
500 1492 806 1548 ostendisse
851 1490 1018 1542 etiam
1076 1487 1513 1557 subscriptiones
1560 1469 1976 1540 unanimitatis'

376 1586 620 1639 omnium
660 1581 805 1635 illius
859 1578 1157 1648 provinciae
1195 1578 1580 1646 episcoporum
1622 1586 1676 1630 et
1708 1574 1934 1644 presby-

376 1683 621 1728 terorum
656 1680 817 1739 atque
841 1668 1071 1721 aliorum
1096 1666 1519 1721 lectissimorum
1555 1665 1817 1729 virorum,
1841 1664 1933 1733 qui

378 1768 429 1817 in
461 1764 651 1817 eadem
684 1759 957 1815 sententia
990 1765 1224 1812 starent.

2041 581 2134 633 καὶ
2178 581 2361 648 κοινῆς
2413 583 2570 652 ἡμῶν
2623 582 2816 651 ἔχοντα
2873 581 3132 641 πίστεως,
3169 578 3504 646 ἐκτέμνοντα
3556 576 3613 629 δὲ

2040 670 2310 740 Παλαμᾶν
2365 674 2465 743 τῆς
2512 673 2605 727 τοῦ
2659 673 2794 727 Θεοῦ
2835 671 3161 742 Ἐκκλησίας
3213 669 3290 733 ὡς
3339 669 3471 722 νόθα
3521 668 3613 722 καὶ

2040 760 2245 830 etwa
2273 763 2673 833 παρεισάγοντα
2697 763 2970 831 δόγματα,
2989 762 3158 830 τόμον
3181 762 3390 814 ἐκεῖνον
3411 758 3613 829 δηλαδὴ

2037 853 2096 906 ὃν
2127 855 2183 904 ἐν
2211 853 2492 926 Βυζαντίῳ
2522 857 2868 924 συνετετάχει
2907 852 3097 922 παρὼν
3128 852 3224 907 καὶ
3254 850 3470 905 ἀκούων
3517 850 3612 903 καὶ

2042 940 2546 1008 συναγωνιζόμενος
2589 932 2811 1012 Ἰωάννῂ
2834 939 2912 1009 τῷ
2939 939 3255 1009 πατριάρχῃ
3285 939 3375 992 καὶ
3405 940 3519 1001 τοῖς
3548 952 3611 1003 γε

2039 1028 2177 1099 ἀμφ’
2200 1029 2365 1083 αὐτὸν
2400 1028 2745 1091 ἐπισκόποις.
2780 1027 2840 1080 τὸ
2893 1027 3096 1097 ἰσχύειν
3146 1028 3328 1097 ἔχουσι
3372 1028 3508 1089 τέως
3550 1026 3611 1079 ἐκ

2037 1138 2098 1174 τε
2129 1121 2227 1187 τῆς
2257 1119 2517 1188 ἀληθείας
2549 1118 2615 1172 ἐκ
2644 1135 2702 1171 τε
2742 1118 2837 1171 τοῦ
2871 1116 2945 1189 μὴ
2975 1120 3230 1187 παρεῖναι
3256 1117 3346 1170 τὸν
3374 1118 3614 1171 ἀντιϐαί-

2039 1225 2197 1261 νοντα
2220 1205 2688 1275 Καντακουζηνὺν,
2707 1208 2793 1257 ὅτε
2821 1204 2887 1270 δὴ
2917 1204 3011 1257 καὶ
3042 1204 3258 1276 πρῶτον
3289 1204 3613 1272 ἐπιφυεῖσαν

2038 1300 2117 1369 τῷ
2161 1296 2384 1367 καθαρῷ
2409 1296 2544 1368 ληίῳ
2568 1296 2665 1366 τὴν
2689 1296 2845 1350 νόσον
2876 1295 3091 1364 ἐκείνην
3120 1293 3180 1359 ἐξ
3228 1294 3398 1363 αὐτῆς
3464 1293 3611 1357 εδοξε

2038 1392 2274 1461 τέμνειν,
2302 1392 2380 1453 ὡς
2405 1389 2578 1455 ἔλεγε,
2609 1387 2864 1458 βλάστης.
2894 1386 3097 1441 τοῦτόν
3129 1404 3289 1457 φησιν
3321 1385 3614 1439 ἀνελίττιιν

2038 1497 2096 1533 τε
2120 1483 2345 1541 ἐκεῖνον,
2373 1480 2467 1533 καὶ
2502 1479 2618 1546 ἅμα
2648 1477 2747 1540 τὰς
2778 1476 3098 1546 ὑπογραφάς
3126 1476 3220 1543 τῆς
3241 1475 3615 1547 ὁμοφροσύνης

2038 1570 2302 1625 δεικνύειν
2330 1573 2437 1623 τῶν
2481 1570 2594 1622 ὅσοι
2629 1568 2727 1637 τῆς
2756 1568 3025 1638 ἐπαρχίας
3079 1568 3290 1620 ἐκείνου
3321 1566 3617 1635 τυγχάνου-

2040 1680 2126 1717 σιν
2177 1663 2329 1726 liv-re;
2375 1663 2664 1715 ἐπίσκοποι
2698 1660 2794 1712 καὶ
2824 1657 3202 1728 πρεσϐύτεροι,
3233 1660 3327 1711 καὶ
3364 1661 3476 1711 ὅσοι
3509 1657 3615 1711 τῶν

2038 1753 2210 1814 ἄλλως
2239 1753 2477 1822 λογάδων
2503 1751 2600 1814 τάς
2621 1749 2843 1822 γνώμας
2871 1745 3010 1822 ἦσαν
3054 1751 3421 1819 συγκείμενοι.

446 1854 535 1909 Vl.
571 1851 773 1906 Eodem
808 1862 973 1903 sensu
1022 1846 1284 1916 praeditos
1316 1854 1373 1900 et
1402 1843 1745 1899 Alexandriae
1799 1857 1936 1913 prm-

2114 1848 2206 1913 G’.
2240 1845 2302 1916 If.
2334 1843 2434 1898 100
2464 1842 2516 1915 ὁ]
2549 1844 2769 1907 Τούτοις
2809 1844 3103 1914 ὁμόφρονος
3135 1843 3225 1894 καὶ
3248 1840 3343 1894 τοῦ
3359 1840 3455 1909 τῆς
3471 1840 3617 1894 Ἀλε-

356 1947 547 2001 .sulem
588 1957 719 1996 cum
759 1939 1015 1993 omnibus
1046 1936 1314 2006 episcopis
1349 1935 1397 1989 ei
1433 1934 1669 1989 subditis
1697 1942 1753 1988 et
1785 1947 1936 1998 eum,

373 2039 467 2108 qui
508 2046 619 2088 tum
666 2030 1169 2099 Hierosolymorum
1204 2026 1550 2094 gubernabat
1599 2023 1937 2090 Ecclesiam,

373 2116 447 2181 δυ’
492 2130 773 2192 expertum
808 2134 938 2172 esse
983 2117 1122 2170 dixit
1175 2125 1340 2185 atque
1387 2116 1612 2169 omnino
1662 2115 1935 2169 neminem

373 2215 573 2278 fuisse,
607 2209 696 2264 cui
732 2223 840 2261 non
886 2203 1248 2274 reprehensio
1295 2203 1742 2273 Byzantinorum,
1786 2200 1933 2271 quod

2039 1936 2319 2006 ξανδρείας
2336 1935 2488 2003 ἐλεγε
2506 1936 2779 2006 πεπειρᾶσ
2793 1935 2882 1989 θαι
2904 1935 3163 2007 προέδρου
3188 1931 3282 1985 σύν
3298 1949 3361 2001 γε
3391 1934 3499 1996 τοῖς
3522 1930 3614 1986 ὑπ’

2038 2028 2187 2097 αὐτῷ
2227 2028 2575 2080 παντάπασιν
2601 2026 2943 2091 ἐπισκόποις,
2970 2028 3064 2079 καὶ
3098 2026 3214 2095 ἅμα
3238 2024 3328 2079 τοῦ
3361 2023 3615 2094 τηνικαῦ-

2039 2135 2106 2170 τα
2149 2115 2246 2186 τὴν
2274 2116 2382 2168 τῶν
2412 2116 2798 2187 Ἱεροσολύμων
2828 2116 3149 2188 Ἐκκλησίαν
3184 2116 3476 2176 διέποντος.
3506 2115 3614 2167 Καὶ

2037 2205 2220 2266 ἁπλῶς
2257 2204 2492 2272 ἔφασκεν
2525 2201 2662 2259 εῖναι
2688 2207 2910 2275 ,μηδένα
2941 2200 2984 2274 ᾧ
3012 2207 3073 2259 τὸ
3102 2207 3358 2277 ἐπιτιμᾷν
3414 2205 3613 2269 Βυζαν-

376 2308 428 2357 in
464 2302 628 2356 rebus
657 2308 764 2353 tam
802 2295 1240 2349 immutabilibus
1279 2301 1429 2346 tanta
1463 2293 1680 2346 levitate
1709 2301 1933 2355 essent,

2041 2293 2166 2353 πίοις
2189 2297 2283 2364 τῆς
2309 2296 2366 2345 ἐν
2395 2297 2503 2357 τοῖς
2520 2295 2691 2359 οὕτως
2724 2297 2993 2364 ἀκινήτοις
3011 2296 3257 2359 εὐκολίας
3282 2297 3380 2349 οὐκ
3405 2291 3472 2367 ἦν
3508 2294 3611 2348 ἀνᾶ

376 2396 430 2447 in
455 2407 550 2444 ore
584 2404 798 2457 semper
831 2385 1042 2440 fuisset.
1064 2382 1406 2438 Alexandria
1437 2391 1616 2437 autem
1646 2382 1939 2452 prmsulenr

374 2482 480 2552 25
517 2480 671 2535 valde
701 2476 1079 2533 admirabatur
1113 2474 1183 2528 ob
1220 2473 1482 2528 naturalis
1516 2473 1819 2542 prudentia:
1841 2488 1935 2528 co.

370 2578 517 2645 piam
565 2588 686 2628 eum
723 2571 989 2642 gravitate
1024 2578 1190 2638 atque
1223 2567 1530 2621 constantia
1563 2567 1934 2637 conjunctam,

376 2675 438 2719 ut
477 2681 583 2717 non
608 2663 762 2716 facile
800 2660 869 2715 ad
910 2657 1351 2729 intempestivam
1400 2657 1756 2711 ambitionem
1788 2673 1939 2712 com-

375 2757 696 2826 pelleretur,
731 2766 909 2822 neque
939 2764 1072 2805 vero
1108 2748 1177 2803 ad
1230 2747 1425 2802 rudem
1456 2749 1748 2818 quamdam
1777 2757 1938 2818 atque

377 2848 636 2907 incultam
669 2843 1099 2900 taciturnitatem
1141 2850 1365 2911 propter
1394 2855 1644 2907 magnam
1667 2840 1938 2894 inscitiam

376 2936 765 2999 descenderet,
803 2932 897 2988 sed
932 2945 1115 2984 rerum
1150 2944 1249 2983 usu
1307 2930 1555 2984 ﬁrmatus
1609 2929 1943 2983 convenien-

376 3031 508 3084 tiam
543 3026 833 3097 quamdam
871 3019 1164 3074 admodum
1206 3018 1459 3073 decoram
1507 3034 1615 3089 prae
1655 3034 1713 3074 se
1751 3019 1937 3073 τοι-τοι,

374 3119 609 3173 Maxime
636 3130 787 3180 vero,
822 3127 952 3166 cum
988 3110 1153 3182 hujus
1202 3111 1307 3163 viri
1338 3110 1669 3165 mentionem
1714 3110 1938 3175 faceret,

370 3213 483 3265 hoc
526 3210 730 3263 dictum
764 3206 884 3277 ejus
911 3202 1289 3258 admirabatur
1337 3219 1353 3256 :
1404 3204 1590 3258 multis
1624 3202 1941 3258 hominibus

382 3305 562 3371 iisque
600 3299 803 3368 alioqui
832 3313 939 3351 non
973 3294 1517 3364 imprudentiSsimis,
1541 3295 1685 3364 quod
1718 3310 1775 3349 se
1799 3295 1940 3350 scire

2038 2384 2231 2454 στόμα.
2265 2388 2367 2439 Τὸν
2400 2387 2444 2439 δ’
2488 2385 2892 2456 Ἀλεξανδρείας
2918 2389 3011 2440 καὶ
3040 2388 3137 2456 τῆς
3171 2388 3403 2457 φυσικῆς
3448 2384 3609 2439 ἐθαύ-

2039 2479 2174 2548 μαζε
2208 2478 2351 2547 μάλα
2386 2479 2677 2543 συνέσεως,
2714 2478 2949 2547 βεϐηκὸς
2976 2478 3207 2548 ἐχούσης
3233 2479 3291 2529 τὸ
3326 2477 3607 2546 ἐμϐριθὲς,

2038 2571 2131 2622 καὶ
2185 2569 2308 2623 οὐτε
2360 2572 2493 2638 πρὸς
2538 2571 2746 2639 ἀωρίαν
2794 2570 3104 2640 φιλοτιμίας
3161 2570 3359 2641 ῥᾳδίως
3391 2570 3609 2624 ὲλαυνό·

2043 2680 2223 2734 μενον,
2245 2662 2366 2714 οὔτε
2403 2665 2509 2731 μὴν
2540 2662 2676 2731 πρὸς
2703 2661 2977 2732 ἰδιωτικὴν
3004 2662 3248 2729 ἀφωνίαν
3280 2661 3341 2725 ἐξ
3368 2662 3609 2731 ἀμαθίας

2043 2757 2262 2825 μακρᾶς
2298 2753 2743 2820 συστελλόμενον,
2783 2752 2921 2806 ἀλλά
2961 2756 3293 2823 πρακτικαῖς
3324 2754 3519 2821 ὁρμαῖς
3549 2756 3605 2815 ἐς

2041 2845 2100 2899 τὸ
2137 2847 2275 2898 πάνυ
2311 2863 2362 2896 τι
2399 2844 2634 2913 ἐμμελὲς
2681 2842 2895 2910 εὐφυῶς
2929 2860 3045 2905 πως
3091 2842 3605 2915 ἀναρρωννύμενον.

2042 2936 2123 2989 Τά
2154 2937 2200 2988 τ’
2221 2936 2316 2988 οὖν
2344 2935 2479 2988 ἄλλα
2508 2935 2731 3004 τάνδρὸς
2755 2934 3034 3005 ἐθαύμαζε
3072 2937 3420 3005 μεμνημένος
3467 2935 3608 2988 ἐκεί-

2040 3044 2155 3090 νου,
2196 3030 2291 3079 καὶ
2348 3027 2432 3080 ὅτι
2481 3028 2540 3080 τὸ
2598 3026 2806 3081 οἴεσθαι
2842 3028 3041 3081 ειδέναι
3093 3027 3313 3090 πολλοῖς
3360 3027 3453 3080 καὶ
3497 3028 3606 3080 τῶν

2042 3117 2193 3169 οὐδὲν
2230 3116 2489 3186 ἰσχόντων
2526 3117 2656 3185 πρός
2702 3133 2765 3183 γε
2802 3117 2862 3168 τὸ
2892 3117 3090 3170 εἰδέναι
3128 3119 3378 3186 γίνεσθαι
3433 3122 3607 3188 ἐμπο-

2039 3208 2146 3263 δὼν
2194 3209 2371 3277 ἔλεγε,
2404 3209 2498 3261 καὶ
2539 3209 2684 3261 τοῦτ’
2729 3204 2867 3261 εἶναι
2918 3210 3137 3274 πάντως
3181 3210 3209 3263 δ
3241 3215 3437 3281 μικρὸν
3468 3209 3608 3266 εἶναι

2041 3298 2232 3353 δοκοῦν
2296 3298 2509 3367 μεγάλα
2569 3298 2664 3350 καὶ
2730 3299 2915 3362 πόλεις
2983 3301 3077 3353 καὶ
3130 3301 3313 3363 οἴκους
3380 3301 3606 3356 δύναται

384 3388 811 3448 arbitrarentur,
844 3386 896 3438 id
929 3385 1130 3453 ipsum,
1168 3383 1465 3451 quominus
1505 3383 1730 3446 scirent,
1763 3385 1937 3453 impe-

396 3478 435 3495 ιο
510 3487 624 3495 ,ᾉ.Α
683 3489 831 3495 -----
870 3472 973 3495 1-...-
1025 3471 1237 3495 “uitia-..
1289 3470 1405 3495 ΙΛ-υιι
1451 3470 1620 3495 -.ΞΛΛηζ
1700 3480 1934 3495 -.ιη-.-μ-

2045 3392 2323 3461 β).άπτειν,
2359 3390 2433 3450 ob;
2480 3392 2543 3441 ἐκ
2589 3388 2816 3457 βραχέος
2868 3391 3162 3460 σπινθῆρος
3193 3393 3515 3464 ἀρχόμενον,
3545 3395 3606 3448 οὐ

290 3518 303 3531 .
373 3478 630 3533 dittiento
676 3489 835 3536 esse;
869 3472 975 3525 hoc
1021 3471 1241 3540 quidem
1288 3470 1406 3524 leve
1451 3470 1659 3536 videri,
1698 3480 1939 3525 attamen

381 3581 576 3637 magna
630 3563 980 3618 incommoda
1027 3570 1083 3615 et
1131 3560 1365 3615 urbibus
1389 3569 1444 3615 et
1479 3561 1738 3615 domibus
1767 3562 1938 3617 faces-

380 3671 501 3712 sere
525 3670 688 3724 posse
721 3651 890 3707 veluti
943 3667 978 3706 e
1032 3650 1329 3705 scintillula
1370 3660 1647 3717 exortum,
1690 3667 1811 3721 qua:
1851 3653 1938 3706 in-

379 3746 578 3800 ccndio
617 3756 791 3811 usque
830 3738 1189 3794 insolentiore
1222 3739 1560 3794 exsuscitato
1581 3756 1691 3794 non
1721 3741 1941 3796 desine-

382 3843 465 3890 ret
495 3834 678 3888 omnia
710 3832 1038 3900 dvpascere,
1083 3829 1248 3882 simul
1294 3840 1460 3899 atque
1514 3830 1757 3885 materia:
1789 3832 1939 3901 larga

378 3925 536 3994 copia
564 3923 720 3977 facile
780 3920 1180 3974 nutrimentum
1230 3919 1684 3975 subministraret
1716 3939 1729 3976 :
1766 3920 1894 3976 Inde
1919 3961 1936 3988 ,

381 4017 579 4086 inquit,
618 4013 821 4083 regulae
850 4021 1014 4081 atque
1053 4023 1259 4065 norma:
1288 4025 1319 4065 a
1350 4011 1605 4080 patribus
1625 4013 1941 4068 constitutae

379 4109 752 4179 disjiciuntur,
809 4106 953 4173 leges
981 4102 1367 4171 proculcantur
1396 4104 1642 4172 nihilque
1688 4113 1775 4160 est
1810 4104 1938 4160 boni

380 4210 545 4269 atque
580 4196 821 4259 honesti,
852 4195 998 4264 quod
1022 4210 1123 4248 suo
1153 4202 1293 4248 statu
1327 4209 1551 4250 manere
1576 4195 1770 4265 possit,
1803 4195 1939 4250 nihil

2041 3485 2101 3537 τὸ
2148 3483 2444 3552 νεμόμενον
2480 3482 2577 3532 οὐκ
2617 3481 2680 3533 ἄν
2713 3498 2843 3533 ποτε
2892 3481 3049 3553 σταίη
3094 3484 3193 3551 τῆς
3231 3485 3316 3536 ἀεὶ
3348 3502 3602 3558 νεωτερι-

2041 3575 2239 3643 ζούοης
2275 3573 2467 3642 φλογὸς
2498 3572 2850 3643 κινουμένης,
2884 3574 3047 3626 ὁπότε
3079 3575 3357 3645 τραπέζης
3398 3579 3610 3648 parum-

2041 3683 2140 3736 νην
2179 3667 2212 3734 ἡ
2243 3665 2338 3733 τῆς
2375 3664 2508 3733 ὕλης
2540 3663 2724 3716 δίδωσι
2772 3663 3118 3719 πολυτέλεια.
3167 3666 3449 3720 Ἐντεῦθεν
3480 3669 3605 3737 ὅρια

2044 3754 2361 3826 ῥιπτοῦνται
2398 3754 2645 3824 πατρίων
2670 3753 2933 3818 κανόνων,
2961 3754 3256 3809 πατοῦνται
3295 3758 3606 3826 (laeua,sz

2042 3849 2141 3900 οὐκ
2170 3846 2314 3899 ἐστιν
2339 3845 2488 3898 οὐδὲν
2521 3844 2629 3897 τῶν
2653 3843 2834 3897 καλῶν
2868 3844 2896 3898 ὃ
2924 3843 3145 3900 δύναται
3193 3847 3377 3915 μένειν
3411 3849 3605 3916 ἑστὼς,

2041 3942 2134 3991 καὶ
2166 3938 2233 3992 αὖ
2267 3937 2366 3990 οὐκ
2393 3937 2540 3990 ἐστιν
2566 3936 2720 3990 οὐδὲν
2747 3936 2854 3989 τῶν
2883 3937 3071 3991 κακῶν
3092 3939 3120 3991 δ
3152 3940 3226 4010 μὴ
3257 3940 3479 3994 δύναται
3508 3943 3606 4009 τὴν

2039 4028 2300 4097 ἀλήθειαν
2357 4028 2720 4097 ἐξορχεῖσθαι.
2753 4028 3038 4097 Μοναρχία
3087 4030 3188 4097 μὲν
3238 4026 3332 4084 οὖν
3375 4032 3604 4098 οίήσεως

2042 4118 2334 4187 αὐτονομίᾳ
2382 4121 2835 4188 στρατηγουμένη
2884 4122 2979 4172 καὶ
3019 4121 3246 4191 γνώμης
3270 4123 3481 4192 ὀρέξεσι
3510 4123 3602 4190 δη·

2041 4209 2446 4279 μαγωγουμένη
2470 4208 2522 4260 τί
2548 4207 2648 4276 μὲν
2674 4209 2738 4261 ἂν
2771 4210 2879 4261 τῶν
2908 4209 3258 4277 ὑγιαινόντων
3286 4214 3602 4281 ἐργάσαιτο,

377 4289 509 4343 mali
558 4296 724 4356 atque
782 4283 1014 4352 improbi
1057 4283 1203 4353 quod
1232 4283 1517 4338 veritatem
1551 4285 1812 4338 insultare
1844 4301 1939 4339 ne-

2041 4296 2181 4357 τίνος
2200 4293 2542 4365 δ’άπόσχοιτ’
2569 4296 2633 4349 ἂν
2665 4297 2770 4350 τῶν
2800 4298 3152 4366 ἐρεθιζόντων
3180 4301 3272 4350 ἐπὶ
3303 4300 3371 4351 τά
3397 4300 3599 4368 χείρως

378 4388 566 4451 queat.
619 4378 865 4447 Regnum
909 4373 1076 4444 igitur
1104 4373 1382 4443 opinionis
1416 4373 1638 4428 licentia
1671 4375 1941 4444 guberna-

382 4479 494 4520 tum
526 4474 579 4519 et
610 4462 827 4518 arbitrii
868 4461 1191 4516 libidinibus
1220 4462 1484 4532 agitatum
1515 4463 1644 4532 quid
1685 4464 1829 4534 frugi
1855 4465 1938 4537 lae

380 4558 534 4613 ciet?
565 4572 670 4625 qua
717 4569 775 4608 re
822 4553 1153 4618 abstinebit,
1190 4568 1310 4620 quae
1359 4553 1426 4607 ad
1470 4554 1656 4625 pejora
1709 4556 1942 4611 incitare

372 4649 803 4720 possititatitum
827 4647 1001 4710 abest,
1021 4643 1214 4698 uttalis
1229 4644 1423 4699 civitas
1443 4646 1591 4699 salva
1609 4656 1770 4716 atque
1795 4648 1945 4703 inco-

371 4740 544 4794 lumis
569 4752 691 4791 esse
724 4737 992 4805 possit,ut
1016 4735 1189 4790 veluti
1216 4737 1375 4791 navis
1412 4738 1532 4791 sine
1563 4739 1939 4807 gubernatore

370 4834 548 4887 maris
577 4828 988 4898 tempestatibus
1015 4826 1072 4880 in
1091 4837 1332 4883 extrema
1354 4828 1672 4883 discrimina
1695 4831 1945 4899 praecipi-

374 4933 554 4980 ‘tetur.
582 4921 704 4976 Haec
724 4933 861 4973 vero
881 4918 1103 4988 propria
1121 4927 1205 4972 est
1222 4920 1464 4974 conditio
1482 4919 1720 4975 civitatis
1737 4921 1944 4992 Byzan-

368 5016 514 5072 tina:
534 5014 659 5068 inde
682 5024 856 5079 usque
888 5024 955 5064 ex
972 5009 1351 5078 superioribus
1369 5011 1725 5081 temporibus.
1757 5011 1943 5083 Neque

383 5121 515 5163 vero
542 5106 681 5159 hanc
700 5102 807 5172 26
820 5110 1024 5155 sortem
1044 5101 1364 5169 simpliciter
1384 5104 1773 5173 reprehensam
1799 5108 1941 5172 volo,

2044 4385 2245 4440 Πολλοῦ
2292 4385 2441 4452 μέντ’
2491 4386 2557 4439 ἂν
2609 4386 2819 4455 δεήσειε
2860 4386 3128 4451 σώζεσθαι
3180 4389 3276 4459 τὴν
3329 4390 3602 4443 πολιτείαν

2042 4477 2273 4548 ἐκείνην,
2304 4479 2396 4528 καὶ
2431 4476 2505 4546 μὴ
2556 4475 2804 4547 καθάπερ
2844 4477 3210 4546 ἀκυϐέρνητον
3260 4479 3443 4532 πλοῖον
3490 4481 3604 4534 δια-

2042 4568 2278 4629 ποντίοις
2327 4568 2558 4636 χειμῶσι
2627 4566 2763 4636 πρὸς
2823 4569 2946 4630 τοὺς
3007 4570 3273 4638 ἐσχάτους
3324 4571 3603 4634 κινδύνους

2043 4656 2382 4723 ἐλαύνεσθαι,
2412 4657 2570 4711 τοῦτο
2620 4658 2682 4728 δὴ
2709 4659 2770 4711 τὸ
2810 4661 2910 4728 τῆς
2937 4660 3248 4724 Βυζαντίων
3296 4663 3427 4716 ἴδιον
3468 4665 3604 4718 ἀνω-

2044 4749 2134 4802 θεν
2160 4748 2234 4812 ὡς
2267 4749 2334 4801 τὰ
2357 4749 2525 4802 πολλά
2552 4748 2846 4813 πολιτείας.
2882 4751 2991 4804 Καὶ
3019 4752 3119 4804 οὐκ
3148 4751 3389 4816 ὀνειδίζω
3432 4755 3604 4822 λέγων

2044 4843 2141 4901 τὰς
2183 4839 2352 4910 τύχας
2389 4838 2597 4905 ἁπλῶς,
2644 4839 2759 4893 ἀλλ’
2802 4841 2883 4893 ὅτι
2924 4840 3010 4892 διὰ
3050 4839 3206 4893 τοῦτο
3252 4844 3344 4895 καὶ
3389 4844 3606 4908 πλείους

2046 4930 2371 4994 σκοποῦντες
2399 4930 2606 4984 ἀνωθεν
2628 4931 2954 4998 εὑρίσκομεν
2980 4933 3158 4984 ἐκεῖσε
3197 4933 3269 5002 μὴ
3303 4933 3464 5001 μόνον
3499 4934 3607 4987 τῶν

2044 5022 2316 5093 δημοσίων
2374 5023 2732 5090 πραγμάτων,
2777 5022 2856 5075 ὅτι
2889 5021 2965 5092 μὴ
3009 5022 3185 5090 πολλῷ
3214 5040 3278 5091 γε
3300 5025 3473 5095 δήπου
3505 5029 3607 5097 μά.

2045 5114 2202 5167 λιστα
2233 5116 2332 5184 τῆς
2373 5114 2626 5175 εὐσεϐοῦς
2672 5113 2995 5181 Ἐκκλησίας
3037 5115 3105 5167 τὰ
3138 5117 3497 5189 ὀλισθήματα.
3539 5120 3608 5171 Ἦ

387 5201 481 5255 sed
513 5197 655 5268 quod
690 5201 852 5248 etiam
878 5208 996 5247 eam
1032 5192 1102 5247 ob
1130 5209 1372 5258 causam,
1400 5197 1445 5249 si
1474 5197 1689 5266 longius
1723 5199 1939 5268 respici-

2047 5203 2156 5272 γὰρ
2188 5204 2304 5255 ἐκεῖ
2337 5202 2433 5272 τὴν
2484 5203 2694 5267 γένεσιν
2734 5202 2871 5272 ἴσχει
2914 5204 2982 5256 τά
3032 5204 3223 5276 χείρω,
3256 5212 3508 5263 κάκεῖθεν
3534 5211 3606 5271 ὡς

388 5304 528 5353 mus,
559 5301 667 5340 non
694 5282 878 5338 modo
917 5282 1260 5351 publicarum
1298 5300 1479 5337 rerum
1520 5287 1783 5354 plurimas
1805 5290 1946 5343 cala-

387 5381 603 5434 mitates
626 5375 956 5446 reperimus,
981 5372 1075 5426 sed
1106 5372 1351 5425 omnium
1381 5374 1612 5428 maxima
1655 5376 1827 5444 ipsius
1844 5376 1947 5446 piae

388 5469 641 5528 Ecclesia:
684 5465 999 5521 infortunia.
1056 5466 1164 5518 Aut
1209 5466 1353 5520 enim
1405 5463 1648 5535 Byzantii
1704 5468 1842 5520 mala
1871 5468 1950 5536 gi-

382 5573 632 5637 gnuntur
688 5568 853 5632 atque
913 5556 1038 5609 inde
1088 5558 1242 5625 quasi
1302 5556 1354 5610 in
1390 5571 1624 5625 pronum
1674 5558 1947 5613 clllucntia

380 5650 870 5713 calamitosiSsi’mis
891 5647 1054 5702 rebus
1076 5650 1240 5701 etiam
1275 5650 1511 5719 reliquas
1537 5649 1694 5705 facile
1719 5650 1946 5718 implent

379 5724 927 5813 urbes,autaliunzie
960 5738 1196 5793 obscure
1218 5748 1278 5793 et
1307 5741 1673 5797 adumbratim
1698 5741 1844 5796 illata
1868 5740 1942 5797 ibi

2048 5292 2137 5343 ἐπὶ
2163 5290 2402 5360 πρανοῦς
2456 5289 2778 5359 ἐπιρρέοιτα
2836 5295 3091 5361 πονηρῶν
3151 5296 3207 5353 ἐς
3256 5297 3321 5346 τὰ
3379 5297 3606 5364 μάλιστα

2049 5381 2390 5451 πραγμάτων
2432 5382 2523 5433 καὶ
2564 5386 2661 5443 τὰς
2690 5379 2856 5443 ἄλλας
2883 5382 3083 5451 ῥᾳδίως
3137 5386 3483 5455 ἐμπίμπλησι
3514 5388 3597 5437 πί-

2050 5473 2201 5536 λεις·
2249 5474 2281 5544 ἢ
2328 5474 2423 5524 καὶ
2473 5472 2697 5526 ἄλλοθέν
2751 5476 2916 5527 ποθεν
2968 5478 3209 5538 σκιωδῶς
3263 5477 3608 5541 ἐπεισκωμά-

2055 5580 2222 5615 σαντα
2260 5563 2356 5634 τὴν
2388 5561 2549 5632 πῆξεν
2572 5563 2760 5617 αὐτόθι
2802 5571 3178 5636 μονιμωτέραν
3220 5566 3481 5634 λαμϐάνει
3516 5569 3607 5621 καὶ

2052 5649 2310 5720 δημόσιον
2347 5649 2436 5703 τὸν
2478 5653 2869 5723 χρωματισμὺν
2893 5655 3230 5706 ἀναδείκνυσι
3264 5655 3360 5723 τῆς
3388 5654 3605 5718 κακίας.

2051 5745 2142 5798 Διό
2171 5762 2262 5817 μοι
2290 5745 2591 5817 θαυμάζειν
2623 5746 2920 5819 περίεστιν,
2963 5747 3060 5799 οὐκ
3091 5748 3136 5798 εί
3174 5746 3364 5815 γέγονέ
3406 5764 3460 5801 τι
3501 5763 3607 5802 πα-

3427 5912 3444 5938 1
