4036 6210
449 310 514 372 Π
1397 321 1830 383 ΒΥΖΑΝΤΙΝἉΕ
1871 325 1918 382 I-l
1935 323 2021 381 ἰδ’]

2123 325 2247 381 {Hi
2287 327 2428 388 LIB.
2473 329 2648 386 XXV.
3617 334 3682 396 18

447 425 694 516 ράλογον,
731 425 850 479 ἀλλ’
882 429 930 481 εί
959 431 1036 499 μὴ
1067 429 1174 484 πᾶν
1203 432 1320 486 ἐκεί
1339 435 1400 486 τδ
1439 438 1724 506 γινόμενόν
1755 441 1869 491 ἐστι
1909 455 2010 491 πα·-

2123 441 2531 496 l‘umlamentum
2578 445 2787 498 ﬁrmius
2841 444 3238 499 nanciscuutur
3276 453 3330 500 et
3375 447 3551 516 palam
3583 451 3680 503 im-

448 509 690 580 ράλογον.
725 514 916 582 Ἡμεῖς
951 517 996 568 δ’
1025 519 1275 572 ἐνταυθοῖ
1301 523 1437 591 μήτε
1473 525 1705 594 περισσὰ
1737 527 1797 579 τὸ
1829 529 2008 594 παρα-

449 619 560 654 παν
589 601 879 671 ζητοῦντες
934 606 1254 675 σοφίζεσθαι
1299 613 1438 666 κατά
1495 631 1556 680 γε
1608 615 1707 686 τὴν
1745 619 2008 687 περιττὴν

449 695 541 746 καὶ
591 692 840 764 εὔτεκνον
897 699 1104 768 ταύτην
1154 702 1370 770 σοφίαν,
1426 704 1551 774 μήθ’
1614 707 1842 768 ἑαυτοὺς
1902 709 2010 760 τῶν

449 782 608 837 θείων
656 787 858 851 μᾶλλον
883 789 1124 842 δικαισΰν
1157 792 1404 862 πατρίων
1452 793 2008 864 διαπληκτιζομένους

449 877 510 926 ἐν
561 873 624 945 [ί.
661 876 752 930 101
819 877 874 948 a]
909 879 1208 944 διαλέξεσιν
1263 883 1476 952 ἄμετρα
1543 886 1635 937 τὸν
1697 887 2010 956 καινότερον

444 965 666 1030 τρόπον,
697 968 832 1020 ἀλλὰ
890 973 1002 1033 τοῖς
1069 972 1168 1040 μὲν
1220 973 1428 1026 ἀνωθεν
1471 975 1542 1028 εὖ
1605 979 2012 1048 γεγραμμένοις

445 1057 777 1123 ἐμμένοντες
829 1061 1085 1131 δόγμασι,
1130 1065 1196 1117 τά
1261 1066 1318 1118 δὲ
1377 1069 1646 1134 σιγηθέντ’
1705 1071 2012 1135 ἀναξαίνειν

447 1145 672 1216 μηδαμῆ
703 1151 964 1218 μηδαμῶς
991 1155 1271 1218 ἀξιοῦντες
1319 1160 1438 1225 μηδ’
1471 1159 1728 1212 ἀναλύειν
1758 1161 2014 1230 ἀκαίροις

443 1239 744 1304 πειρᾶσθαι
809 1243 1211 1312 συλλογισμοῖς,
1265 1249 1426 1316 ἡμεῖς
1479 1267 1536 1302 τε
1581 1252 1628 1303 οἰ
1698 1255 2012 1320 ποιμαίνειν

445 1327 634 1380 ἐνθάδε
672 1329 924 1398 λαχόντες
952 1338 1342 1402 πνευματικῶς
1387 1339 1479 1391 τὸν
1517 1343 1726 1412 μακρὶν
1756 1344 2014 1410 ὁδεέομεν

445 1417 598 1486 βὲον,
661 1421 754 1472 καὶ
807 1423 868 1473 τὸ
921 1428 1285 1492 πνευματικδν
1345 1429 1500 1497 ἡμῶν
1559 1433 1754 1498 ὁμοίως
1807 1433 2014 1502 ἄγομεν

445 1509 696 1573 ποίμνιον
719 1513 820 1565 ὑπὸ
849 1516 1156 1588 κυϐερνήτῃ
1179 1519 1254 1589 τῷ
1283 1521 1428 1590 μόνῳ
1452 1522 1667 1576 πάντων
1697 1525 2014 1596 δημιουργῷ

447 1602 547 1652 καὶ
598 1601 732 1669 θεῷ,
802 1605 1090 1668 πολυυεῖας
1141 1610 1198 1661 δὲ
1265 1613 1361 1665 καὶ
1419 1615 1608 1676 ἀθεῖας
1660 1615 2010 1686 Παλαμικᾶις,

449 1691 655 1758 μᾶλλον
677 1692 720 1743 δ’
764 1695 1029 1764 ἐνσαρκου
1078 1701 1392 1770 οἰκονομίας
1443 1705 1721 1773 ἀθέτησιν,
1744 1707 1942 1758 ταυτὸν
1969 1707 2016 1760 δ’

447 1784 624 1834 εἰπεῖν
657 1785 984 1855 Ἐκκλησίας
1021 1789 1238 1860 ἀπάσης
1284 1794 1538 1858 καθάπαξ
1565 1797 1876 1865 ἀνατροπὴν
1901 1797 2010 1850 οὒτ’

445 1873 748 1942 ἐδεξάμεθα
777 1876 898 1930 οὔτε
935 1880 1040 1948 μὴν
1069 1883 1346 1952 δεξαίμεθ’
1394 1887 1458 1938 ἄν
1509 1903 1662 1950 ποτε,
1705 1888 1805 1940 κᾶν
1832 1888 2016 1956 ἐχθροὶ

451 1966 640 2034 μυρίοι
690 1970 902 2036 μυρίων
951 1969 1264 2041 ἔμπροσθεν
1311 1976 1499 2028 ίστῶσι
1545 1977 1791 2030 θανάτων
1841 1979 2014 2046 σκεύη

445 2059 546 2111 καὶ
605 2063 993 2130 μηχανήματα,
1037 2065 1170 2117 ἀλλὰ
1217 2068 1308 2118 καὶ
1369 2068 1531 2120 αὑτὸν
1583 2069 1876 2135 Παλαμᾶν,
1923 2071 2016 2120 καὶ

445 2152 566 2203 ὅσοι
595 2152 764 2204 ταυτά
801 2153 1086 2222 φρονοῦσιν
1110 2155 1277 2223 αὐτῷ,
1323 2158 1461 2225 μετὰ
1499 2158 1609 2210 τῶν
1634 2158 1798 2210 αὑτοῦ
1844 2157 2016 2210 τοιού-

445 2257 560 2293 των
607 2242 914 2310 δογμάτων,
944 2238 1018 2296 ὧν
1075 2246 1168 2297 καὶ
1216 2247 1378 2313 ἡμεῖς
1439 2247 1586 2308 ὅπως
1639 2247 1758 2299 ποτ’
1813 2248 1870 2298 ὲν
1923 2245 2020 2315 θέᾳ

448 2333 816 2402 κατέστημεν,
849 2335 924 2401 τῷ
963 2335 1166 2407 αἰωνίῳ
1213 2337 1664 2406 παραπέμπομεν
1711 2337 2018 2405 ἀναθέματί

447 2439 512 2472 τε
569 2423 665 2476 καὶ
694 2426 849 2495 πυρί.
908 2427 1126 2481 Τούτων
1177 2427 1222 2481 δ’
1271 2430 1470 2499 ἀκριϐῆ
1527 2430 1624 2499 τὴν
1679 2429 2018 2498 παράστασιν

451 2514 598 2582 ἔχεις
623 2533 682 2568 τε
713 2521 802 2570 καί
838 2517 981 2582 ἔξεις
1019 2520 1202 2583 αὐτὸς,
1235 2520 1387 2574 διιὼν
1429 2523 1528 2583 τὰς
1572 2520 1806 2574 ἐνταῦθα
1836 2523 2020 2580 πόλεις

451 2608 552 2659 καὶ
591 2609 768 2679 χώρας
805 2612 1078 2678 Αἰγύπτου
1111 2615 1206 2666 καὶ
1251 2614 1528 2683 Ἀραϐίας,
1552 2616 1804 2682 Φοινίκης
1835 2631 1894 2666 τε
1927 2618 2020 2667 καὶ

453 2701 677 2770 Συρίας,
707 2706 798 2755 καὶ
835 2706 935 2756 ὅσα
973 2706 1098 2773 περὶ
1120 2707 1322 2767 ταύτας
1359 2705 1568 2758 οἰκοῦσι
1600 2707 1730 2773 γένη
1760 2707 2020 2775 Χριστια-

453 2795 590 2860 νῶν,
636 2797 778 2856 ὄπως
843 2800 900 2848 ὲν
963 2797 1112 2865 μέσῳ
1175 2797 1282 2849 τῶν
1310 2796 1526 2850 ἀσεϐῶν
1583 2797 1680 2850 καὶ
1733 2797 2020 2866 ἀκάθαρτα

454 2885 612 2954 χείλη
641 2887 868 2955 ἐχόντων
895 2886 1190 2948 οἰκοῦντες,
1223 2888 1320 2938 καὶ
1352 2887 1656 2956 ἀλλοτρίοις
1677 2885 2020 2948 δουλεύοντες

454 2977 662 3040 ὅπλοις,
708 2979 856 3044 ὅμως
902 2982 969 3047 τῇ
1009 2977 1120 3030 τῶν
1167 2975 1272 3032 ὧδε
1315 2979 1658 3046 στοιχοῦντες
1707 2978 2020 3030 ἐπισκόπων

453 3065 774 3136 διδασκαλίᾳ
797 3067 856 3119 τὸ
883 3067 1108 3135 πάτριον
1143 3065 1306 3130 σέϐας
1339 3067 1427 3118 ἀεὶ
1457 3069 1566 3127 τοῖς
1600 3068 1764 3134 ἰεροῖς
1795 3065 2020 3133 νέμουσι

453 3144 710 3227 δόγμασι,
763 3159 1112 3227 Μηκύνοιμεν
1155 3159 1200 3211 δ’
1255 3159 1348 3222 ἂν,
1405 3158 1455 3210 εί
1512 3157 1692 3224 λέγειν
1739 3157 2022 3226 ιοέλοιμεν

459 3250 678 3302 ἅπαντα
741 3251 938 3318 ἑφεξῆς
989 3252 1087 3302 ὅσα
1135 3267 1193 3302 τε
1246 3253 1272 3302 ὁ
1315 3251 1456 3312 θεῖος
1497 3251 1706 3310 ἐκεῖνος
1759 3247 1895 3317 ἀνὴρ
1935 3248 2021 3300 ἐπ’

461 3340 596 3409 ἐμοῦ
631 3340 852 3410 διεξῄει,
879 3341 974 3393 καὶ
997 3342 1096 3393 ὅσα
1125 3341 1274 3395 ἄλλοι
1320 3340 1494 3402 ἄλλως
1529 3339 1734 3408 ἀλλαχῆ
1763 3339 1857 3398 καὶ
1887 3354 2024 3389 παν-

461 3433 620 3500 ταχῆ,
651 3436 750 3500 τῆς
774 3433 964 3500 ὁμοίας
999 3432 1230 3500 ἐχόμενα
1259 3431 1466 3494 τάξεώς
1509 3448 1564 3482 τε
1599 3427 2020 3490 καὶέὐλαὸείας.

2112 533 2448 600 probitatem
2481 537 2636 602 quasi
2673 537 2872 590 vividis
2904 537 3180 590 coloribus
3216 539 3458 593 indutam
3495 549 3682 594 osten—

2110 627 2266 679 dunt.
2293 625 2472 690 Quare
2518 627 2648 679 mihi
2687 629 2872 680 mirari
2908 629 3056 681 subit
3099 647 3201 682 non
3237 631 3280 682 si
3323 631 3452 699 quid
3489 632 3560 684 ibi
3594 649 3681 684 ra-

2113 717 2247 771 tioni
2299 718 2696 774 inconveniens
2751 721 2976 786 incidat,
3021 721 3114 774 sed
3171 722 3214 776 si
3249 724 3680 791 non,qnidquid

2111 812 2344 879 geritur,
2375 827 2405 864 a
2459 813 2667 864 ratione
2699 811 3012 867 abhorreat.
3048 813 3159 867 Nos
3207 825 3390 869 autem
3425 816 3515 868 hic
3538 859 3550 880 ,
3585 819 3678 884 qui

2111 917 2217 955 non
2237 917 2696 970 supervacaneam
2715 904 2870 958 istam
2895 913 2949 958 et
2977 905 3326 958 artiﬁciosam
3353 907 3680 976 sapientiam

2112 995 2310 1048 sectari
2341 995 2394 1048 in
2418 995 2600 1048 animo
2635 995 2900 1049 habemus
2935 1011 3038 1050 nec
3081 997 3378 1052 rhetoricis
3403 997 3684 1052 subtilita—

2116 1085 2260 1137 tibus
2281 1085 2466 1138 divina
2485 1101 2606 1139 cum
2631 1085 2873 1155 profanis
2891 1088 3358 1142 confundentibus
3374 1090 3682 1146 studemus.

2112 1174 2274 1241 hujus
2301 1175 2560 1243 temporis
2587 1176 2640 1228 in
2673 1176 2942 1242 dogmatis
2958 1178 3266 1246 antiquitus
3292 1178 3430 1232 bene
3463 1179 3702 1248 scriptis.

2113 1279 2548 1333 permaneamus,
2577 1281 2755 1335 neque
2774 1282 2894 1334 quae
2919 1267 3136 1321 silentio
3162 1269 3398 1323 involuta
3420 1282 3568 1334 sunt,
3599 1288 3684 1325 rc-

2113 1355 2314 1410 l‘ricare
2331 1365 2425 1410 aut
2461 1357 2664 1426 ineptis
2703 1359 3216 1412 ratiocinationibus
3235 1361 3490 1428 expedire
3522 1377 3686 1415 cone-

2115 1461 2260 1508 mur,
2289 1463 2410 1512 nos,
2451 1447 2596 1512 dico,
2629 1449 2829 1517 quibUs
2870 1449 2958 1503 hic
2989 1459 3268 1518 pastorum
3305 1467 3502 1504 munus
3543 1452 3685 1504 obti-

2116 1536 2194 1606 git
2225 1538 2422 1604 spiritu
2457 1539 2618 1592 aliter
2650 1540 2866 1610 longam
2899 1541 3065 1594 vitam
3089 1541 3339 1611 (legimus
3383 1549 3436 1595 et
3467 1558 3684 1611 gregem

2116 1635 2363 1679 nostrum
2395 1627 2735 1695 spiritualem
2773 1629 2965 1682 eodem
3000 1631 3160 1684 modo
3191 1631 3428 1700 regimus
3458 1634 3560 1685 sub
3591 1648 3690 1701 gu—

2120 1713 2432 1777 bernatore,
2469 1717 2843 1772 universitatis
2893 1735 3078 1772 rerum
3140 1721 3256 1773 solo
3288 1719 3686 1788 opiﬁce'mque

2121 1803 2249 1868 Deo,
2275 1805 2697 1876 polytheismum
2732 1819 2911 1862 autem
2953 1819 3009 1864 et
3055 1811 3384 1864 atheismum
3429 1813 3683 1872 Palamze,

2117 1893 2289 1958 magis
2315 1909 2447 1946 vero
2502 1897 2922 1950 exstinctionem
2991 1901 3236 1968 mysterii
3293 1902 3686 1955 incarnationis

2118 1979 2238 2045 Dei,
2262 1981 2346 2034 vel
2370 1982 2516 2049 quod
2541 1984 2680 2035 idem
2708 1993 2810 2044 est,
2841 1985 3011 2039 totius
3043 1987 3295 2040 Ecclesia:
3314 1988 3526 2054 planam
3558 2005 3686 2040 eon-

2119 2069 2434 2122 vers‘iouem
2495 2086 2603 2124 non
2665 2072 3018 2140 probavimus
3065 2091 3241 2143 neque
3291 2091 3528 2142 unquam
3581 2077 3688 2143 27

2119 2159 2500 2226 probabimus,
2545 2161 2588 2212 si
2625 2162 2788 2214 etiam
2821 2164 3058 2216 hostium
3095 2165 3510 2219 innumerabilis
3546 2167 3688 2218 mul-

2122 2251 2298 2304 titudo
2323 2253 2698 2319 quarumlibet
2755 2256 3016 2310 mortium
3075 2257 3434 2311 instrumenta
3469 2268 3524 2310 et
3579 2275 3688 2310 ma-

2120 2341 2310 2396 chinas
2343 2342 2499 2396 nobis
2524 2345 2832 2412 protendat,
2893 2348 2984 2400 sed
3022 2357 3075 2400 et
3112 2347 3290 2418 ipsum
3333 2347 3601 2401 Palawam
3635 2357 3690 2401 ct

2122 2431 2213 2497 qui
2257 2445 2380 2484 cum
2416 2447 2482 2484 eo
2509 2433 2757 2486 sentiunt
2785 2451 2909 2487 cum
2945 2436 3212 2502 dogmatis
3260 2437 3395 2498 suis,
3430 2454 3548 2502 quae
3589 2455 3687 2490 nos

2120 2537 2338 2588 quoque
2392 2522 2610 2589 quando
2655 2525 2930 2590 vidimus,
2964 2539 3180 2580 aiterna:
3209 2529 3592 2582 'stccrationi
3635 2539 3687 2582 et

2121 2611 2230 2679 igni
2268 2612 2611 2666 mandamus.
2669 2612 2878 2668 llorum
2915 2616 3208 2670 verborum
3231 2631 3484 2672 accurata
3515 2619 3682 2674 docu-

2122 2709 2305 2754 menta
2339 2703 2556 2756 invenis
2581 2713 2744 2771 atque
2776 2706 3024 2760 invenies
3045 2751 3058 2769 ,
3107 2709 3154 2762 si
3201 2711 3369 2764 urbes
3401 2721 3564 2780 atque
3599 2729 3683 2764 re-

2121 2789 2542 2860 gionesIEgypti
2567 2801 2621 2846 et
2641 2793 2878 2855 Arabiae,
2900 2795 3195 2848 Phcenicia:
3222 2809 3276 2852 et
3305 2799 3470 2866 Syriae
3494 2809 3548 2853 et
3567 2817 3698 2868 qu:e—

2123 2879 2178 2930 in
2208 2878 2534 2933 iisincolunt
2552 2890 2740 2950 gentes
2767 2881 3206 2937 Christianorum
3222 2899 3511 2954 peragrare
3531 2888 3692 2952 velis,

2123 2985 2243 3038 qua:
2283 2987 2592 3041 quanquam
2633 2974 2882 3027 habitant
2929 2975 3070 3028 inter
3119 2977 3314 3044 impios
3358 2977 3680 3045 imptlruquc

2051 3100 2093 3156 Ο
2125 3077 2219 3116 ore
2265 3064 2521 3132 praeditos
2574 3073 2736 3134 atque
2779 3065 2973 3119 alienis
3013 3068 3176 3120 armis
3219 3068 3474 3136 subjecta:
3517 3077 3682 3128 sunt,

2128 3161 2308 3228 tamen
2373 3153 2680 3208 doctrinam
2735 3156 2924 3208 talium
2995 3158 3376 3226 episeOporum
3455 3173 3692 3227 sequen-

2129 3253 2232 3308 tes,
2277 3246 2638 3299 reverentiam
2691 3262 2722 3300 α
2781 3247 3030 3315 patribus
3095 3249 3344 3302 traditam
3415 3267 3692 3316 nunquam

2129 3351 2234 3390 non
2293 3336 2498 3389 sanctis
2555 3337 2864 3392 attribuunt
2943 3339 3227 3408 dogmatis.
3296 3340 3538 3407 Longum
3586 3350 3687 3400 est.

2129 3426 2311 3479 omnia
2369 3441 2627 3481 enarrare
2713 3443 2832 3496 quae
2886 3427 3108 3482 divinus
3166 3429 3253 3482 ille
3323 3430 3405 3482 vir
3478 3445 3690 3483 mecum

457 3524 906 3590 communicavit,
957 3533 1014 3577 et
1066 3539 1186 3592 qth
1239 3523 1330 3576 alii
1376 3523 1509 3576 alias
1551 3522 1710 3574 aliter
1759 3519 1894 3573 mihi
1943 3515 2250 3572 referebant
2311 3514 2377 3568 ad
2419 3515 2672 3570 etnndem
2729 3517 2978 3570 ordinem
3036 3525 3198 3586 atque
3231 3519 3488 3588 pietatem
3525 3524 3692 3589 pel‘ti-o

459 3629 666 3672 nentla.

533 3713 606 3768 Z'.
649 3713 930 3778 ’[ιῖξνετίαν
958 3713 1004 3766 δ’
1033 3711 1124 3765 οὖν
1159 3715 1306 3781 ὅμως
1347 3713 1506 3780 ἡμεῖς
1543 3711 1600 3760 ὲν
1646 3707 1876 3766 ἐκείνοις
1909 3705 2024 3758 δια-

457 3806 774 3874 τετριφόῖες
807 3807 920 3866 τοῖς
958 3805 1164 3863 τόποις,
1197 3803 1389 3854 ἔπειτα
1425 3801 1660 3867 πλήρεσι
1686 3800 1798 3858 τοῖς
1831 3792 2022 3855 ίστίοις

458 3897 786 3965 ἀναχθέντες
833 3899 895 3948 ὲκ
946 3893 1196 3956 Κιλικίας
1235 3895 1533 3962 δευτεραῖοι
1571 3893 1624 3951 ἐς
1673 3889 1899 3954 Κύπρον
1927 3887 2024 3956 τὴν

457 3995 630 4060 νῆσον
683 3989 1050 4057 κατήχθημεν,
1101 3986 1230 4038 ἔνθα.
1278 3986 1342 4054 δὴ
1394 3985 1486 4038 καὶ
1534 3983 1697 4036 πολὺν
1725 3979 2022 4050 διατρίϐειν

461 4075 734 4145 ἐγνώκειν
759 4075 930 4143 ἔγωγε
963 4075 1146 4143 χρόνον
1176 4073 1263 4126 aia
1299 4089 1356 4123 τε
1387 4072 1554 4123 τᾶλλα
1583 4071 1692 4122 τῶν
1732 4071 1831 4138 τῆς
1857 4067 2022 4136 νήσου

459 4168 646 4221 καλῶν
693 4167 784 4219 καὶ
813 4168 911 4236 τήν
946 4183 1007 4233 γε
1055 4165 1277 4232 ἔννομον
1311 4179 1370 4214 τε
1419 4163 1512 4214 καὶ
1553 4159 1824 4228 φιλόξενον
1871 4159 2026 4210 πολι-

459 4263 634 4325 τείαν,
667 4256 767 4314 καῖ
792 4262 1028 4329 μάλιστα
1059 4259 1274 4312 πάντων
1299 4259 1388 4310 διὰ
1415 4257 1513 4323 τὴν
1542 4253 1638 4305 τοῦ
1682 4250 1850 4320 σοφοῦ
1884 4249 2028 4302 ὲκεί-

461 4373 556 4407 νου
592 4353 780 4420 ἀνδρὸς
811 4353 1050 4420 ὁμιλίαν,
1079 4349 1358 4420 Γεωργίου
1387 4348 1528 4418 φημὶ
1556 4345 1650 4398 τοῦ
1681 4345 1946 4408 Λαπίθου,
1982 4333 2028 4408 ᾧ

2201 3702 2312 3758 VII.
2345 3701 2450 3756 Sex
2491 3717 2588 3772 per
2624 3717 2798 3756 annos
2827 3718 2951 3758 cum
2989 3705 3048 3782 in.
3075 3705 3181 3760 illis
3207 3705 3344 3760 locis
3377 3706 3692 3769 fuissemus,

2128 3811 2193 3848 ex
2222 3794 2411 3848 Cilicia
2441 3795 2577 3848 velis
2607 3795 2782 3863 passis
2807 3796 2861 3848 in
2896 3797 3065 3848 altum
3096 3796 3284 3860 delati,
3317 3799 3560 3852 secundo
3605 3799 3692 3854 die

2130 3886 2194 3937 ad
2229 3885 2462 3939 insulam
2491 3885 3083 3954 Cyprum-appulimus,
3111 3888 3202 3941 ubi
3232 3890 3449 3956 longum
3481 3897 3695 3955 tempus

2133 3977 2458 4028 commorari
2515 3975 2912 4028 constitueram
2964 3981 3088 4030 cum
3139 3979 3210 4030 ob
3249 3979 3372 4038 alia,
3405 3995 3523 4046 quae
3559 3997 3694 4048 pra:-

2130 4065 2224 4119 bet
2257 4065 2434 4119 insula
2466 4063 2776 4126 commoda,
2808 4075 2919 4118 tum
2959 4067 3104 4134 quod
3145 4069 3220 4120 rei
3259 4067 3488 4135 publica:
3518 4071 3694 4123 admi-

2133 4153 2384 4208 nistratio
2414 4154 2670 4222 praeclare
2697 4154 2908 4224 legibus
2945 4163 3244 4223 temperata
3280 4167 3384 4217 est,
3413 4168 3466 4210 et
3495 4157 3696 4224 oppido

2133 4244 2424 4313 hospitalis
2455 4281 2470 4308 ,
2529 4244 2764 4298 maxime
2821 4260 2952 4298 vero
2979 4259 3046 4298 eo
3072 4247 3302 4300 consilio
3322 4288 3336 4312 ,
3389 4257 3448 4299 ut
3477 4249 3695 4315 Georgii

2134 4334 2399 4404 Lapitlne,
2433 4335 2530 4391 viri
2561 4336 2710 4391 illius
2737 4336 3128 4405 sapientissimi
3161 4339 3554 4391 consuetudine
3583 4351 3698 4391 ute-

460 4447 565 4498 οὐκ
603 4419 760 4506 εὐθὺς
792 4419 1004 4504 ἀποϐὰς
1027 4445 1125 4512 τῆς
1155 4419 1214 4494 νε
1232 4443 1291 4502 ἧς
1339 4437 1754 4506 ὲνετετυχήκειν
1787 4433 2021 4504 αὐθημε-

2135 4441 2242 4489 rer,
2278 4441 2440 4494 quem
2473 4425 2583 4493 28
2616 4427 2840 4494 quidem
2875 4441 2906 4478 e
2945 4425 3066 4479 navi
3089 4441 3340 4495 egressus
3377 4443 3482 4478 non
3511 4426 3693 4478 statim

464 4535 594 4603 ριν·
641 4535 701 4586 οὐ
752 4534 862 4602 γὰρ
913 4533 1138 4601 πλησίον
1171 4532 1288 4583 ἐκεῖ
1319 4547 1422 4584 που
1467 4529 1566 4598 τὴν
1612 4525 1826 4597 οἴκησιν
1860 4519 2028 4591 εἶχεν,

461 4625 604 4680 ἀλλά
643 4625 786 4679 δυοῖν
816 4625 1054 4695 ἡμέραιν
1109 4623 1202 4676 τοῦ
1251 4622 1468 4692 λιμένος
1507 4621 1818 4688 ἀπέχουσαν
1856 4619 1934 4679 εἰς
1971 4613 2031 4666 ὃν

463 4720 628 4786 ἡμεῖς
653 4718 956 4786 τηνικαῦτα
985 4713 1510 4781 ἐσεπεπλεύκειμεν.
1553 4711 1735 4763 Ῥόδου
1782 4707 1881 4778 μὲν
1923 4705 2032 4773 γὰρ

465 4807 682 4875 ἐκείνης
717 4807 814 4874 τῆς
839 4807 1003 4874 νήσου
1040 4802 1240 4872 μείζων
1277 4801 1427 4853 ἐστὶν
1448 4802 1481 4868 ἡ
1515 4799 1761 4868 Κύπρος,
1789 4797 1884 4850 καὶ
1914 4798 2032 4865 ἅμα

465 4895 526 4946 ού
567 4893 690 4946 κατ’
721 4895 956 4963 ἐκείνην,
984 4891 1098 4946 ἀλλ’
1137 4892 1417 4962 ἐπιμήκης
1456 4889 1519 4941 τὸ
1550 4892 1734 4958 σχῆμα
1759 4902 1772 4916 ⁸
1830 4887 2032 4955 μεταξὺ

462 4982 510 5035 δ’
546 4983 718 5051 αὐτῆς
744 4982 872 5050 ὅρος
912 4983 1154 5049 ἑστήκει,
1185 4980 1284 5050 τὴν
1310 4979 1552 5049 κορυφὴν
1580 4979 1637 5038 ἐς
1677 4975 1808 5044 ὕψος
1837 4977 2034 5042 ἀνάγον

470 5073 706 5142 μακρόν.
733 5070 1020 5137 Ὄλυμπος
1055 5068 1304 5119 καλεῖται
1331 5067 1391 5118 τὸ
1437 5067 1583 5135 ὅρος,
1619 5065 1676 5130 ἐξ
1701 5063 1760 5116 οὗ
1808 5065 1897 5116 καὶ
1931 5081 2034 5131 πη-

463 5161 562 5226 γαὶ
597 5157 858 5226 ποταμῶν
888 5155 1256 5217 ἀποϐλύζουσι
1303 5157 1474 5223 τρεῖς,
1508 5149 1581 5205 ὧν
1622 5154 1649 5204 ὁ
1687 5152 1889 5220 μείζων
1933 5169 2031 5203 κα-

463 5252 732 5318 λούμενος
779 5249 1021 5310 Λάπιθος
1067 5251 1280 5300 κάτεισι
1330 5249 1546 5315 τέμνων
1595 5246 1686 5298 καὶ
1727 5243 2034 5314 περιρρέων

459 5344 566 5413 τὴν
624 5343 943 5394 Λευκωσίαν
989 5337 1190 5390 οὑτωσὶ
1259 5336 1605 5404 καλουμένην
1663 5335 1878 5403 χώραν,
1939 5335 2034 5386 καὶ

461 5433 766 5487 ἀποπτύων
795 5433 854 5485 τὺ
879 5431 1096 5502 ῥεῖθρον
1125 5447 1197 5482 πα
1209 5431 1275 5498 ρὰ
1295 5431 1394 5496 τὴν
1423 5431 1478 5490 ἐς
1501 5427 1700 5496 ἄρκτον
1727 5425 2036 5493 βλέπουσαν

463 5525 772 5577 θαλασσαν.
819 5523 1026 5574 Τούτου
1075 5521 1228 5588 παρὰ
1281 5521 1377 5580 τὰς
1428 5517 1592 5586 ὄχθας
1651 5516 1843 5584 ἔτυχεν
1896 5515 2036 5584 ἔχων

467 5615 680 5676 ἐκεῖνος
711 5612 812 5681 τὴν
841 5612 1075 5680 οἴκησιν,
1116 5609 1196 5661 διὸ
1223 5609 1317 5659 καὶ
1357 5605 1601 5674 Λαπίθης
1629 5605 1690 5657 ἔκ
1719 5623 1782 5672 γε
1816 5605 1905 5656 τοῦ
1936 5621 2034 5656 πο-

463 5702 652 5776 ταμοῦ
687 5703 780 5756 καὶ
821 5703 984 5764 αὐτὸς
1029 5703 1176 5764 ὅπως
1217 5699 1344 5754 ποτὲ
1382 5699 1832 5770 παρωνόμασται.
1875 5695 2032 5768 Γνοίη

2131 4516 2326 4571 eodem
2367 4517 2457 4570 die
2483 4516 2781 4570 convenire
2819 4517 2991 4584 potui.
3037 4517 3155 4568 Non
3197 4517 3342 4568 enim
3375 4516 3427 4567 in
3469 4516 3696 4581 propin-

2131 4621 2240 4675 quo
2273 4605 2728 4665 habebatsetlem.
2764 4607 2856 4660 sed
2883 4607 3117 4658 duorum
3152 4607 3366 4660 dierum
3401 4606 3700 4660 iteriuter‘

2131 4707 2250 4751 erat.
2305 4697 2445 4751 inter
2471 4711 2590 4750 eam
2631 4705 2794 4764 atque
2829 4706 3040 4764 portum
3077 4697 3128 4750 in
3163 4713 3322 4765 quem
3371 4707 3482 4750 tum
3515 4699 3699 4750 incur—

2137 4791 2331 4842 rimus.
2363 4787 2576 4858 Cyprus
2609 4789 2754 4841 enim
2785 4787 2956 4857 major
2978 4796 3062 4840 est
3097 4787 3270 4840 insula
3295 4787 3485 4840 ltltodo
3520 4804 3698 4855 neque

2134 4883 2325 4935 eadem
2357 4922 2372 4946 ,
2419 4896 2527 4948 qua
2595 4879 2684 4933 illa
2743 4878 2916 4932 forma
2942 4921 2957 4944 ,
2993 4879 3088 4934 sed
3127 4881 3378 4948 oblonga.
3431 4880 3485 4930 In
3522 4879 3696 4932 media

2135 4983 2317 5025 autem
2354 4971 2528 5026 insula
2560 4985 2716 5023 mons
2775 4978 2882 5033 est,
2927 4970 3016 5023 cui
3061 4971 3276 5024 culmen
3331 4971 3396 5020 ad
3450 4984 3698 5037 magnam

2136 5063 2483 5117 altitudinem
2521 5061 2697 5116 eﬂ‘ert.
2751 5062 3012 5132 Olympus
3049 5061 3356 5130 appellatur
3406 5075 3474 5113 ex
3519 5075 3700 5127 eoque

2136 5157 2300 5208 trium
2345 5153 2632 5206 ﬂuviorum
2672 5153 2852 5207 fontes
2899 5152 3214 5221 proﬂuunt,
3260 5167 3492 5220 quorum
3531 5153 3702 5204 maxi—

2137 5260 2276 5308 mus,
2318 5246 2406 5298 cui
2457 5243 2688 5312 Lapitho
2748 5259 2946 5296 nomen
2983 5253 3102 5304 est.
3142 5241 3463 5296 Leucosiam
3529 5243 3702 5310 regio-

2137 5349 2282 5396 neu),
2314 5349 2434 5402 quae
2465 5333 2690 5400 dicitur,
2724 5333 2964 5388 secernit
3003 5339 3166 5399 atque
3213 5329 3566 5396 circumﬂuit,
3602 5331 3698 5383 llu-

2137 5435 2363 5492 ctnsqne
2397 5425 2450 5476 in
2493 5440 2640 5476 mare
2667 5463 2679 5482 .
2730 5423 2876 5492 quod
2915 5423 2968 5476 in
3009 5423 3416 5490 septentriones
3449 5429 3660 5490 spectat
3684 5459 3696 5478 .

2137 5515 2356 5568 emittit.
2388 5515 2465 5566 Ad
2505 5515 2666 5584 hujus
2695 5513 2935 5567 ﬂuminis
2959 5513 3106 5581 ripas
3137 5513 3226 5566 ille
3249 5514 3584 5565 domiciliqu
3609 5510 3700 5562 ha-

2139 5605 2290 5664 buit,
2328 5615 2662 5675 quaprOpter
2687 5607 2850 5660 etiam
2896 5594 3018 5672 ipse
3067 5603 3326 5672 Lapithes
3375 5617 3440 5656 ex
3475 5600 3700 5654 ﬂumine

2139 5696 2555 5765 cognominatus
2610 5697 2844 5752 videtur.
2896 5695 3090 5751 Statim
3149 5711 3273 5749 vero
3305 5695 3427 5764 quis
3471 5709 3536 5748 ex
3585 5692 3700 5744 sola
