4036 6210
395 292 458 357 21
1363 292 1807 352 ΒΥΖΑΝἹῚΝΕ
1847 292 1996 351 IllS'.

2097 289 2238 349 Rldi
2278 289 2425 350 LIB.
2451 291 2632 352 XXV.
3573 275 3641 337 29

397 406 490 459 tui.
521 405 638 472 ἃμα
664 402 758 456 τοῦ
790 403 1004 471 φιλικοῦ
1052 402 1382 470 καθήκοντος
1413 403 1776 473 ἀμειϐόμενος
1803 403 1945 473 ἕπεμ

2097 423 2140 459 εκ
2182 421 2278 460 ore
2307 419 2500 459 eorum
2537 403 2810 465 audirem,
2846 398 2940 465 qui
3001 395 3126 450 inde
3164 394 3269 448 huc
3323 392 3642 460 plerumque

402 514 519 555 πεν,
553 495 690 550 ἀλλὰ
718 494 810 548 καὶ
834 494 1046 548 ἀκούων
1081 493 1333 557 ἐπαίνους
1368 493 1433 566 [ί.
1486 495 1588 550 109.
1617 491 1672 565 ιι]
1711 494 1872 548 αὑτοῦ
1910 511 1970 560 γε

408 585 644 654 μακροὺς
679 584 788 635 ἀπὸ
819 585 1084 652 στόματος
1128 584 1238 636 τῶν
1271 585 1385 636 ὅσοι
1417 585 1719 652 ἀφιγμένοι
1758 585 1972 638 ἐκεῖθεν

408 675 651 744 ὑπῆρχον
694 676 784 727 ἐπὶ
819 674 882 727 τδ
937 677 1210 728 πῖνείστον.
1240 677 1346 729 Καὶ
1374 672 1442 747 ἦν
1473 677 1567 727 ἐπὶ
1597 678 1822 746 μετρίας
1851 679 1975 746 ἐμοὶ

406 766 469 818 τὸ
501 765 708 818 ἐκείνου
758 765 1188 835 συστελλόμενον
1224 767 1424 837 Θαῦμα.
1455 767 1570 821 Νῦν
1604 769 1649 821 δ’
1687 768 1875 838 ἐπειδή
1912 786 1974 835 γε

404 861 462 921 ἐς
509 858 731 928 Κύπρον
780 858 1083 925 ἀφιγμένος
1129 860 1256 928 παρ’
1316 860 1510 928 ἐκείνῳ
1555 860 1835 923 κατέλυον,
1887 862 1978 914 διὰ

401 951 550 1018 μάλα
583 967 639 1003 τι
687 949 894 1019 σφόδρα
939 951 1152 1019 μακρᾶς
1181 951 1279 1020 τῆς
1317 951 1554 1021 σπουδῆς
1586 955 1686 1022 τὴν
1717 953 1856 1023 ἐμὴν
1891 952 1978 1007 διὰ

400 1043 463 1093 σὲ
507 1040 779 1116 τιοεμένῳ
831 1040 1028 1105 ξενίαν,
1061 1041 1234 1108 ἔγνων
1287 1024 1360 1094 τί
1393 1043 1486 1095 καὶ
1515 1043 1853 1114 πεπείραμαι
1883 1044 1976 1097 τοῦ

399 1131 596 1202 ἀνδρὸς
635 1130 985 1201 τελεώτερον,
1011 1132 1196 1195 αὐταῖς
1243 1133 1429 1195 ἀκοαῖς
1471 1135 1563 1187 καὶ
1606 1134 1791 1197 αὑταῖς
1822 1134 1979 1203 δψεσι

400 1225 588 1285 ζῶσαν
624 1225 800 1276 εἰπεῖν
845 1225 938 1276 καὶ
983 1223 1228 1293 ἔμπνουν
1252 1225 1352 1294 τὴν
1385 1227 1578 1302 φήμην
1604 1226 1820 1296 ἐκείνην
1856 1225 1981 1280 ίδὼν

403 1317 498 1366 καὶ
548 1313 983 1383 βεϐαιωσάμενος
1027 1316 1266 1386 ἐμαυτῷ,
1301 1317 1392 1369 καὶ
1449 1319 1516 1371 τὰ
1573 1321 1669 1388 τῆς
1724 1319 1982 1388 ἀληθείας

405 1406 640 1474 ἐνέχυρα
683 1406 827 1459 πάνυ
877 1407 1231 1476 παρειληφὼς
1279 1408 1509 1478 ἐναργῆ,
1545 1411 1828 1480 μονονουχὶ
1882 1408 1983 1478 τὴν

410 1497 600 1565 φήμην
631 1495 963 1567 “amnica:
991 1496 1083 1550 καὶ
1110 1497 1406 1568 διαρρήδην
1438 1501 1848 1570 ἀποφαινούσης
1879 1518 1983 1571 μα-

411 1587 532 1654 κρῷ
584 1586 676 1640 τοῦ
724 1587 938 1651 δέοντος
985 1588 1162 1645 ἐνδεᾶ.
1199 1587 1453 1642 Μάλιστα
1501 1591 1546 1643 δ’
1579 1591 1837 1644 ἁπάντων
1883 1594 1986 1662 τὴν

407 1677 638 1746 γνώμην
685 1678 992 1747 ἐθαύμαζον
1042 1667 1232 1748 ἔγωγει
1271 1682 1366 1734 καὶ
1416 1681 1476 1734 τδ
1507 1681 1607 1750 τῆς
1657 1683 1836 1750 φιλίας
1884 1684 1978 1736 τοῦ

407 1737 606 1836 ἐνδρδέ
635 1771 735 1838 τῆς
782 1737 923 1839 π’ρδέ
968 1772 1048 1826 σέ.
1077 1737 1234 1826 ὀῦτω
1264 1773 1371 1842 γὰρ
1403 1737 1680 1843 ιρωτξιξῶέ
1728 1737 1840 1846 arx;
1873 1778 1980 1830 τῶν
2014 1737 2054 1794 Β

410 1860 526 1914 σῶν
565 1861 894 1931 συγγραφῶν
930 1863 1021 1915 καὶ
1060 1863 1284 1931 βιϐλίων
1330 1867 1457 1918 ὅσον
1503 1865 1618 1918 οὐδ’
1659 1867 1824 1933 ἀξίως
1875 1862 1984 1932 οἷός

408 1951 461 2004 τ’
491 1953 560 2006 ἂν
586 1953 706 2024 εῐην
735 1954 898 2022 ἔγωγ’
918 1956 1109 2010 εἰπεῖν.
1131 1956 1244 2010 Ἀεὶ
1271 1957 1381 2027 γὰρ
1410 1957 1580 2012 ἐπιὼν
1606 1959 1786 2011 αὐτῶν
1811 1959 1984 2012 ὁπόσα

410 2042 668 2111 ζητοῦντι
706 2047 975 2116 παρέσχεν
1024 2049 1051 2100 ό
1094 2048 1283 2116 χρόνος
1328 2051 1494 2119 αὐτῷ,
1532 2051 1732 2121 πολλῆς
1777 2052 1865 2105 ἀεὶ
1896 2056 1987 2105 καὶ

408 2136 507 2202 τῆς
543 2136 740 2206 ἡδονῆς
768 2137 1156 2208 ἐνεπίμπλατο,
1193 2143 1284 2194 καὶ
1326 2142 1526 2212 πολλὴν
1567 2143 1884 2214 περιέφαινε
1920 2147 1990 2197 τὰ

411 2227 520 2296 ῆθη
564 2227 666 2298 τὴν
709 2227 859 2283 ἔνδον
889 2229 1144 2300 βακχείαν
1191 2233 1356 2287 αὐτοῦ
1401 2236 1501 2303 τῆς
1541 2234 1742 2305 ψυχῆς.
1775 2236 1988 2306 Ὠσπερ

410 2319 602 2382 ἔνθους
630 2320 739 2389 γὰρ
761 2315 830 2391 ἦν
856 2321 944 2389 ὑφ’
967 2322 1160 2390 ἡδονῆς
1187 2322 1530 2390 γιγνόμενος,
1561 2327 1651 2376 καὶ
1675 2324 1990 2393 ἐπικροτῶν

413 2407 536 2459 καθ’
564 2408 788 2474 ἕκαστα,
815 2412 905 2463 καὶ
930 2407 1042 2464 οἷον
1071 2413 1244 2466 είπείν
1274 2413 1769 2483 ἐπιλανθανόμενος
1792 2413 1853 2467 οῦ
1887 2415 1990 2483 γῆς

416 2501 523 2570 εἴη.
573 2501 780 2555 Ἐδόκει
805 2501 917 2574 γὰρ
945 2503 1228 2561 ἐνίοτεοσοί
1274 2519 1339 2572 γε
1376 2505 1732 2576 προσομιλεῖν
1763 2509 1854 2559 καὶ
1907 2505 1990 2558 σοί

420 2603 482 2653 γε
518 2591 748 2642 συνεῖναι
781 2588 945 2658 αὐτῷ,
986 2591 1078 2643 καὶ
1105 2591 1200 2644 σοῦ
1235 2607 1298 2659 γε
1334 2595 1574 2656 ἀκούειν,
1610 2592 1748 2646 ἄττα
1777 2595 1898 2646 ποτ’
1924 2590 1993 2664 ῆν

422 2681 622 2743 ἐκεῖνα,
651 2682 716 2748 τῇ
743 2681 958 2751 γλώττῃ
995 2680 1283 2745 διεξιόντος
1325 2685 1486 2754 αὐτῇ,
1520 2686 1611 2736 καὶ
1652 2684 1873 2752 μάλισθ’
1916 2684 1994 2737 ὅτ’

425 2770 530 2822 ἀνὰ
578 2774 759 2842 χεῖρας
818 2770 965 2842 ἐχειν
1034 2773 1194 2843 ἐπῄει
1261 2773 1512 2842 διάλογον
1559 2775 1769 2828 ἐκεῖνον
1805 2774 1865 2829 δν
1907 2775 1997 2829 διὰ

423 2860 680 2932 Βαρλααμ
715 2865 958 2933 ἐποιήσω
993 2865 1084 2918 τὸν
1120 2865 1430 2936 Καλαϐρόν.
1473 2865 1581 2919 Καὶ
1611 2862 1680 2938 ἦν
1713 2867 1803 2921 διὰ
1853 2868 1998 2936 μάλα

423 2954 637 3022 μακρᾶς
690 2956 783 3007 καὶ
835 2955 934 3025 οὐχ
986 2951 1156 3027 ἧσσον
1215 2959 1391 3011 είπείν
1442 2959 1640 3030 κομιδῆ
1692 2975 1998 3012 κατεσπου-

2073 507 2367 554 venerunt.
2396 495 2500 551 Sed
2527 493 2820 548 admiratio
2846 492 2966 560 ejus
2991 488 3222 543 modicis
3253 485 3384 538 mihi
3410 483 3646 538 circum-

2077 592 2276 660 scripta
2310 597 2428 643 erat
2474 588 2695 642 ﬁnibus.
2745 584 2850 639 Ubi
2897 598 3029 638 vero
3078 580 3316 651 Cyprum
3368 575 3648 646 profectus

2075 683 2220 753 apud
2257 697 2384 737 eum
2417 695 2686 744 versarer,
2721 677 2809 731 cui
2844 685 2934 730 tua
2972 689 3135 730 causa
3168 662 3403 740 hospitii
3433 683 3646 722 summa

2077 783 2195 828 erat
2229 788 2362 827 cura
2394 786 2458 826 ac
2489 768 2792 840 diligentia,
2827 776 2941 820 tum
2974 765 3154 818 virum
3189 757 3499 814 accuratius
3551 772 3648 808 co-

2079 867 2239 938 gnovi
2259 874 2314 921 et
2336 873 2591 934 expertus
2609 876 2761 924 sum;
2784 860 2982 912 famam
2999 855 3145 911 enim
3178 853 3282 924 31
3309 851 3455 906 illam
3483 848 3651 903 veluti

2080 957 2312 1012 auribus
2352 955 2638 1024 oculisque
2663 952 2796 1021 ipsis
2823 951 3098 1004 viventem
3129 947 3542 1016 spirantemque
3569 941 3652 993 vi-

2081 1048 2276 1104 debam
2311 1046 2558 1115 mihique
2592 1042 2825 1097 ﬁrmiter
2868 1036 3322 1108 reprzesentabam
3355 1033 3653 1089 evidentis-

2082 1141 2220 1195 sima
2261 1138 2492 1208 adeptus
2533 1135 2780 1190 veritatis
2838 1132 3087 1202 pignora,
3136 1143 3259 1198 qua:
3304 1135 3512 1179 tantum
3545 1139 3653 1177 non

2085 1229 2282 1284 famam
2315 1234 2656 1296 coargueret,
2701 1236 2933 1289 eamque
2989 1220 3149 1288 longe
3199 1234 3227 1272 a
3285 1231 3414 1269 vero
3460 1215 3654 1267 abesse

2085 1320 2419 1375 ostenderet.
2455 1316 2686 1370 Maxime
2727 1323 2908 1368 autem
2938 1309 3252 1365 admirabar
3278 1308 3377 1360 viri
3432 1320 3652 1360 sensum

2086 1423 2139 1466 et
2193 1411 2463 1466 sinceram
2497 1407 2762 1462 adversus
2815 1415 2867 1459 te
2913 1401 3231 1458 amicitiam.
3289 1400 3463 1452 Tanto
3507 1396 3656 1450 enim

2087 1514 2270 1554 amore
2300 1508 2424 1552 tuas
2468 1497 2729 1551 historias
2767 1503 2932 1562 atque
2966 1492 3139 1548 libros
3178 1488 3611 1560 amplectebatur
3639 1527 3654 1546 .

2089 1601 2148 1645 ut
2179 1589 2432 1658 equidem
2491 1603 2602 1644 non
2643 1587 2780 1643 satis
2834 1585 2996 1656 digne
3030 1583 3213 1639 dicere
3272 1579 3500 1650 possim.
3549 1577 3656 1631 Le-

2088 1684 2286 1737 ctitans
2323 1683 2495 1748 enim,
2527 1695 2868 1750 qutecunque
2920 1677 3164 1747 cupienti
3192 1676 3240 1730 ei
3281 1685 3496 1743 tempus
3527 1672 3660 1724 oll'e-

2086 1775 2264 1837 rebat,
2298 1786 2492 1842 magna
2526 1785 2744 1840 semper
2779 1769 3055 1838 voluptate
3106 1764 3438 1836 lmplebatnr
3481 1773 3661 1817 exter-

2088 1873 2302 1927 nusque
2329 1858 2452 1927 ejus
2498 1857 2720 1911 habitus
2766 1854 3303 1909 vehementissimam
3354 1851 3522 1906 animi
3578 1852 3663 1904 in-

2089 1959 2298 2003 ternam
2326 1947 2749 2003 concitationem
2789 1946 3136 2008 declarabat;
3181 1945 3336 2013 quasi
3392 1943 3661 1997 divinitus

2089 2041 2368 2108 voluptate
2403 2037 2616 2093 alllatus
2651 2037 2717 2092 ad
2749 2037 2961 2106 singula
2995 2034 3310 2104 plaudebat,
3344 2044 3399 2088 et
3423 2033 3654 2086 oblitum

2088 2148 2213 2197 cum
2241 2147 2362 2188 esse
2401 2130 2617 2186 diceres
2648 2129 2868 2184 ubinam
2896 2127 3141 2196 gentium
3166 2135 3333 2182 esset.
3359 2125 3662 2180 Videbatur

2089 2223 2235 2278 enim
2281 2223 2797 2289 sihinonnunquam
2854 2227 3034 2275 tecum
3074 2217 3390 2272 conversari
3450 2217 3660 2284 tibique

2091 2316 2192 2386 ipsi
2221 2315 2412 2370 adesse
2437 2322 2494 2369 et
2517 2323 2570 2369 te
2610 2312 2727 2384 ipsa
2779 2312 2963 2382 lingua
2996 2318 3407 2382 percurrentem
3448 2310 3661 2373 audire,

2089 2405 2357 2478 quidquid
2403 2405 2457 2461 id
2494 2414 2637 2469 erat,
2675 2403 2978 2476 praesertim
3029 2419 3167 2467 cum,
3199 2403 3251 2457 in
3287 2417 3479 2457 manus
3507 2403 3659 2457 illum

2091 2500 2364 2568 dialogum
2403 2511 2664 2560 sumeret.
2701 2513 2866 2569 quem
2918 2508 3144 2567 propter
3186 2495 3529 2552 Barlaamum
3557 2496 3662 2552 Ca-

2092 2590 2308 2646 labrum
2338 2589 2550 2645 'fecisti.
2583 2587 2823 2645 Maxime
2855 2603 2985 2644 vero
3027 2589 3240 2644 studuit
3272 2599 3327 2643 et
3360 2587 3474 2643 fere
3528 2604 3664 2644 con-

2093 2681 2238 2736 sulto
2271 2679 2731 2750 impensissimam
2783 2694 3003 2749 operam
3040 2679 3216 2747 dedit,
3249 2691 3306 2735 nt
3351 2697 3458 2735 non
3503 2682 3668 2734 modo

2094 2773 2244 2827 solus
2275 2781 2364 2826 tua
2394 2771 2599 2840 scripta
2633 2771 3016 2834 admiraretur,
3050 2771 3144 2826 sed
3174 2773 3337 2826 etiam
3393 2775 3447 2827 in
3481 2773 3666 2843 dispu-

2098 2863 2398 2920 tationibus
2425 2878 2551 2918 cum
2583 2861 2792 2918 Latinis
2820 2862 3082 2918 institutis
3121 2872 3240 2919 tuas
3285 2865 3478 2920 laudes
3525 2883 3668 2920 sem-

2099 2972 2197 3026 per
2225 2970 2351 3011 cum
2380 2957 2616 3011 maxima
2646 2956 3008 3018 admiratione
3056 2957 3109 3012 in
3138 2973 3234 3012 ore
3267 2958 3516 3025 haberet,
3552 2959 3668 3013 sive

419 3044 692 3115 δασμένης
748 3049 898 3118 αύτῷ
952 3052 1052 3118 τῆς
1096 3050 1380 3117 φροντίδος
1422 3049 1496 3120 μὴ
1540 3049 1702 3118 μόνον
1747 3051 1908 3104 αὐτόν
1939 3066 1995 3118 γε

2101 3063 2283 3102 coram
2316 3061 2464 3116 rege,
2501 3045 2774 3111 sive‘alibi
2818 3046 3054 3102 subinde
3107 3048 3214 3102 alia
3257 3050 3584 3104 commercia
3614 3061 3671 3104 et

420 3139 504 3205 ἐφ’
525 3137 724 3192 ἐαυτοῦ
753 3138 1055 3211 οαυμάζειν
1087 3143 1156 3195 τὰ
1189 3141 1284 3206 σὰ,
1316 3141 1456 3196 ἀλλὰ
1482 3143 1572 3195 καὶ
1601 3143 1997 3212 διαλεγόμενον

417 3231 507 3285 ἀεὶ
536 3234 648 3294 τοῖς
670 3233 920 3296 Λατίνοις
943 3235 1044 3286 ἀνὰ
1080 3236 1255 3303 στόμα
1285 3226 1578 3303 τάγκώμια
1603 3234 1691 3288 διὰ
1715 3234 1996 3304 Θαύματος

423 3324 576 3390 ἄγειν
599 3327 668 3377 τὰ
695 3324 786 3387 σὰ,
821 3325 914 3376 ἐπί
945 3343 1005 3378 τε
1033 3325 1096 3394 δὴ
1127 3326 1293 3395 ρηγὸς
1320 3325 1506 3389 αὐτοῦ,
1537 3327 1631 3377 καὶ
1655 3327 1763 3393 ὅπη
1802 3324 1869 3377 ἂν
1896 3325 1992 3378 ἄλ-

423 3416 536 3468 λοθι
573 3416 725 3485 τύχοι
775 3418 875 3478 τὰς
921 3417 1100 3470 ἄλλοτ’
1145 3417 1323 3479 ἄλλως
1369 3417 1826 3484 παραπιπτούσας
1871 3417 1997 3484 ὁμι-

424 3509 541 3571 λίας
590 3510 682 3561 καὶ
724 3508 988 3573 διαλέξεις
1037 3509 1380 3578 ποιούμενος.
1411 3509 1574 3560 Ὥστε
1624 3514 1722 3561 καὶ
1774 3507 1999 3578 Κύπρον

428 3602 622 3670 μικροῦ
670 3603 850 3654 πᾶσαν
904 3601 984 3663 είς
1038 3600 1206 3669 ὕμνον
1256 3601 1349 3652 τὸν
1391 3599 1484 3652 σὺν
1532 3602 1878 3669 ἀνηρτήσατο
1905 3601 2000 3652 καὶ

427 3694 673 3762 κήρυκας
705 3693 958 3763 πέπραχε
1009 3694 1157 3758 σοὺς,
1193 3676 1325 3763 πρὶν
1369 3693 1611 3756 ἐκείνους
1656 3693 1784 3746 ἰδεῖν
1811 3710 1863 3745 τι
1891 3693 2001 3745 τῶν

377 3841 380 3844 ,
427 3786 557 3837 σῶν.
589 3785 748 3839 Οὕτω
790 3802 852 3854 γε
897 3786 1004 3856 μὴν
1037 3786 1130 3839 καὶ
1169 3786 1270 3856 τῆς
1314 3802 1377 3853 γε
1430 3786 1529 3854 σῆς
1570 3786 1838 3854 ἐπεθύμει
1873 3786 2003 3849 θέας

429 3879 522 3929 καὶ
564 3877 778 3946 ὁμιλίας
831 3881 1039 3947 τυχεῖν,
1082 3878 1180 3931 καὶ
1231 3877 1377 3932 οὕτω
1432 3881 1544 3932 τῶν
1589 3880 1850 3933 τοιούτων
1882 3882 2003 3944 ὅλος

429 3969 678 4034 ἐγίγνετο
717 3968 1002 4039 λογισμῶν
1037 3971 1256 4038 νύκτωρ
1299 3971 1395 4023 καὶ
1432 3969 1557 4038 μεθ’
1597 3970 1828 4039 ἡμέραν,
1860 3970 2003 4022 ὥστε

431 4061 524 4112 καὶ
555 4058 754 4128 ηῦχετο
785 4062 859 4131 μὴ
894 4062 1165 4132 πρότερον
1208 4062 1340 4132 μήτ’
1382 4063 1593 4116 ἐκεῖνον
1645 4064 1784 4133 μήτε
1818 4066 1876 4116 σὲ
1911 4064 2006 4116 Θα-

429 4156 540 4202 νεῑν
568 4151 700 4219 πρὶν
719 4152 775 4214 ἐς
794 4152 1088 4214 Βυζάντιον
1121 4153 1330 4206 ἐκεῖνον
1356 4153 1610 4223 ἀφῖχθαι,
1643 4156 1814 4209 πάλαι
1847 4155 2005 4208 τοῦτο

431 4236 764 4306 βουληθέντα
792 4239 884 4291 καὶ
918 4233 1324 4309 μελετήσαντα,
1351 4241 1519 4310 μόνης
1547 4241 1711 4294 ἕνεκα
1743 4243 1872 4305 θέας
1908 4244 2003 4296 καὶ

427 4329 643 4395 ὁμιλίας
691 4331 791 4398 τῆς
839 4331 963 4395 σῆςέ
988 4331 1174 4393 Οὕτως
1221 4331 1462 4400 ἀποίητα
1507 4327 1576 4402 ἦν
1611 4333 1702 4384 καὶ
1735 4336 2002 4405 εἰλικρινῆ

427 4423 490 4473 τὸ
520 4423 782 4490 παράπαν
814 4422 897 4474 ἀεὶ
942 4424 1012 4474 τὰ
1043 4422 1255 4476 ἐκείνου
1291 4425 1428 4493 πρὸς
1470 4424 1554 4486 σὲ,
1591 4425 1681 4476 καὶ
1722 4425 1877 4477 οὐδὲν
1913 4427 1999 4475 οὐ·
2037 4405 2082 4463 υ

430 4512 574 4580 δαμῆ
628 4512 1015 4579 πεπλασμένον
1036 4507 1168 4582 ἦδος
1213 4512 1614 4566 ἐνεκεκάλυπτο
1649 4514 1759 4575 τοῖς
1791 4513 2003 4566 ἐκείνου

432 4608 724 4674 γράμμασι
756 4605 1000 4669 πώποτε,
1028 4605 1127 4656 ὅσα
1169 4622 1253 4657 σοι
1283 4606 1394 4659 τῶν
1430 4607 1540 4658 σῶν
1577 4606 1812 4676 μακρῶν
1861 4606 2006 4658 ἐκεί-

432 4715 538 4747 νων
567 4695 865 4762 ἐγκωμίων
896 4695 981 4748 isi.
1002 4696 1231 4750 διετέλει
1258 4698 1492 4765 πέμπων
1525 4699 1719 4766 μεστά.
1748 4698 2004 4764 Ἐκόμισε

433 4789 487 4840 δέ
521 4803 612 4855 μοι
659 4787 752 4838 καὶ
795 4787 894 4837 ὅσα
925 4787 1023 4856 τῆς
1065 4785 1467 4856 ἀστροινομικῆς
1499 4787 1816 4855 ἐπιστήμης
1857 4785 2007 4854 αὑτῷ

435 4884 780 4951 ὲπεπόμφεις
831 4881 996 4944 αὐτὸς
1051 4887 1196 4935 κατὰ
1253 4883 1540 4952 διαφόρους
1594 4882 1773 4936 ἄλλοτ’
1812 4883 2007 4945 ἄλλους

435 4977 557 5038 τοὺς
614 4976 866 5044 χρόνους,
896 4975 993 5028 καὶ
1037 4971 1108 5046 ἦν
1161 4974 1231 5027 δι’
1274 4975 1596 5045 ἐκπλήξεως
1657 4975 1806 5044 ἄγων
1856 4977 2008 5037 ὅπως

436 5069 642 5119 stivae
698 5069 862 5138 χάριν
911 5067 1091 5120 πόνων
1144 5071 1274 5129 τοὺς
1340 5069 1561 5130 πλείους
1625 5071 1717 5122 καὶ
1772 5069 2008 5139 μάλιστα

437 5158 716 5227 δυσχερεῖς
752 5160 862 5212 τῶν
891 5157 1150 5212 τοιούτων
1173 5160 1490 5233 ὑποθέσεων
1539 5161 1597 5213 ἐν
1639 5162 1849 5228 ὀλίγαις
1885 5178 2009 5214 συν-

437 5249 648 5302 έκλεισε
687 5250 1003 5313 συλλαϐαῖς.
1040 5251 1144 5302 Καὶ
1176 5252 1272 5317 μὲν
1299 5251 1362 5320 δὴ
1387 5252 1505 5304 οὐδὲ
1532 5253 1631 5321 τὴν
1667 5254 2008 5322 Πτολεμαίου

437 5341 948 5410 ἀποτελεσματικῆν
978 5341 1336 5409 τετράδιὸλον
1365 5343 1495 5413 περὶ
1526 5344 1819 5406 ἐλάσσονος
1859 5346 2012 5397 ἐποι-

438 5430 553 5480 εῖτο
583 5430 820 5497 σπουδῆς
842 5433 1074 5494 ἐκεῖνος,
1116 5431 1250 5482 ἀλλὰ
1275 5430 1480 5499 ταύτην
1525 5449 1584 5486 τε
1618 5435 1708 5485 καὶ
1753 5434 1852 5486 ὅσα
1883 5435 2012 5503 περὶ

437 5528 548 5577 τῶν
571 5522 779 5590 ὁμοίων
818 5524 932 5585 τοῖς
968 5523 1307 5592 Πτολεμαίου
1351 5525 1731 5594 παλαιοτέροις
1767 5525 1886 5595 ἅμα
1917 5528 2011 5579 καὶ

437 5615 730 5683 νεωτέροις
769 5613 851 5665 ἐτι
898 5616 1148 5683 περίεστι
1182 5619 1562 5687 γεγραμμένα,
1594 5619 1687 5670 καὶ
1715 5619 1816 5670 ὅσα
1845 5619 2011 5671 πάλαι

443 5703 728 5766 Χαλδαίοις
778 5704 873 5754 καὶ
928 5704 1161 5774 Πέρσαις
1195 5709 1515 5773 πεποίηται,
1553 5709 1693 5764 sive
1739 5726 1790 5763 τι
1838 5711 1996 5762 πάντ(

2099 3138 2370 3208 colloquia
2396 3139 2677 3194 incideren
2698 3147 2735 3206 t;
2756 3154 2867 3209 quo
2890 3138 3092 3194 factum
3114 3149 3299 3206 est,.ut
3321 3155 3513 3195 onmes
3535 3156 3670 3209 pcne

2097 3230 2204 3300 32
2239 3230 2468 3302 Cyprios
2495 3231 2563 3285 ad
2623 3239 2772 3284 tuam
2829 3230 3058 3301 gloriam
3103 3242 3448 3288 converteret
3485 3236 3672 3302 tuique

2099 3323 2411 3377 laudatores
2442 3322 2703 3387 ediceret,
2735 3321 3056 3393 priusquam
3105 3333 3325 3378 tuorum
3371 3324 3670 3394 quidquam

2106 3412 2374 3467 viderent.
2411 3413 2543 3468 Tam
2569 3413 2926 3468 vehementer
2954 3430 3084 3468 vero
3119 3415 3376 3484 cupiebat
3406 3416 3508 3468 sibi
3535 3431 3673 3468 conc

2106 3504 2316 3574 tingere
2349 3515 2408 3558 ut
2453 3515 2504 3559 te
2535 3505 2746 3561 videret
2798 3515 3088 3575 tecumque
3141 3520 3580 3572 conversaretur,
3619 3514 3676 3560 et

2105 3596 2176 3650 ita
2207 3605 2352 3651 totus
2383 3598 2434 3650 in
2462 3597 2659 3652 talibus
2681 3598 3112 3668 cogitationibus
3146 3608 3310 3654 noctu
3334 3608 3390 3654 et
3423 3599 3510 3655 die
3533 3609 3672 3663 erat,

2106 3699 2165 3743 ut
2198 3697 2539 3757 precaretur,
2575 3704 2644 3746 ne
2693 3691 2846 3760 prius
2885 3700 2983 3746 aut
3009 3701 3064 3745 tu
3113 3691 3408 3746 morereris
3436 3701 3531 3745 aut
3558 3691 3675 3760 ipse

2104 3782 2394 3837 decederet
2420 3799 2450 3836 e
2473 3784 2608 3850 vita,
2642 3799 2804 3854 quam
2825 3783 3144 3855 Byzantium
3179 3785 3419 3840 νθιιίεειιι
3451 3785 3503 3837 id
3531 3785 3675 3853 quod

2101 3878 2211 3945 jam
2239 3877 2332 3932 ditt
2355 3878 2616 3932 voluisset
2637 3886 2692 3931 et
2714 3877 3074 3932 deliberasse!
3099 3879 3248 3931 nulla
3272 3877 3377 3932 alia
3397 3876 3464 3931 de
3489 3892 3675 3939 causa,

2107 3985 2270 4035 quam
2309 3978 2367 4024 nt
2414 3982 2509 4024 tuo
2548 3977 2772 4038 aspectu
2805 3979 2861 4024 et
2889 3970 3290 4024 consuetudine
3333 3969 3434 4022 l‘rui
3473 3977 3674 4036 posset.

2109 4060 2238 4113 Tam
2267 4061 2496 4127 simplex
2529 4069 2646 4114 erat
2682 4067 2902 4127 tamque
2947 4058 3095 4112 omni
3125 4074 3192 4112 ex
3227 4068 3382 4128 parte
3429 4059 3680 4113 sincerus

2107 4169 2320 4222 semper
2351 4154 2469 4223 ejus
2496 4153 2713 4208 aninms
2739 4151 3004 4208 adversus
3055 4161 3126 4220 te,
3159 4168 3335 4222 neque
3379 4152 3679 4223 quidquam

2109 4243 2216 4298 fleti
2249 4253 2344 4298 aut
2374 4244 2540 4298 fucati
2566 4259 2808 4314 unquam
2842 4246 2897 4299 In
2927 4244 3034 4300 illis
3065 4244 3264 4299 litteris
3292 4244 3682 4306 delitescebat,

2108 4351 2243 4404 quas
2295 4336 2673 4390 laudationum
2708 4337 2786 4391 tui
2843 4337 3126 4405 longarum
3182 4337 3369 4406 plenas
3418 4346 3683 4406 perpetuo

2111 4427 2206 4479 tibi
2251 4427 2411 4481 misit.
2445 4429 2784 4496 Apportabat
2820 4429 2956 4483 mihi
2997 4431 3162 4484 etiam
3198 4431 3399 4498 scripta
3460 4445 3584 4498 qua:
3614 4431 3684 4483 de

2110 4520 2442 4572 astronomia
2493 4522 2544 4574 ei
2579 4521 2812 4575 diversis
2873 4522 3211 4589 tempoaibus
3244 4522 3471 4575 miseras
3515 4539 3530 4574 :
3576 4537 3682 4589 qtta

2112 4609 2164 4661 in
2194 4625 2252 4662 re
2283 4610 2572 4664 mirationc
2604 4613 2718 4665 fere
2748 4611 3034 4677 perculsus
3063 4625 3237 4672 cram,
3281 4611 3561 4680 quomodo
3604 4612 3684 4666 la-

2111 4699 2514 4756 boriosissimae
2545 4711 2600 4756 et
2633 4699 2978 4756 dillicillimas
3010 4702 3508 4756 astronomicarum
3533 4721 3684 4774 quar-

2110 4792 2350 4846 stionum
2386 4793 2574 4862 paucis
2602 4792 3019 4861 comprehendit
3052 4795 3295 4864 syllabis.
3334 4796 3522 4866 Neque
3553 4814 3682 4852 vero

2111 4881 2383 4959 Ptolemaei
2405 4882 2904 4954 apotelesmaticam
2930 4885 3261 4940 tetrabiblon
3279 4889 3556 4957 neglexit;
3585 4889 3680 4942 scd

2111 4984 2220 5023 non
2249 4969 2426 5022 solum
2460 4983 2580 5022 eam
2609 4967 3012 5025 studiosissime
3041 4970 3345 5038 lectitabat,
3382 4975 3477 5028 sed
3515 4974 3681 5028 etiam

2111 5074 2302 5114 omnes
2330 5060 2501 5114 libros
2529 5061 2598 5115 de
2620 5059 2786 5115 simili
2821 5070 3168 5131 argumento,
3197 5063 3292 5132 qui
3337 5077 3368 5118 a
3397 5065 3680 5134 scriptori-

2112 5152 2216 5207 bus
2254 5151 2545 5208 Ptolemazo
2572 5152 2975 5222 antiquioribus
3001 5153 3084 5208 vel
3111 5154 3516 5211 recentioribus
3533 5172 3683 5213 com-

2113 5246 2278 5314 positi
2303 5245 2486 5301 adhue
2513 5254 2748 5308 exstant,
2790 5245 2876 5300 vel
2921 5259 2950 5299 a
2978 5244 3263 5300 veteribus
3306 5247 3575 5303 Chaldmis
3628 5259 3683 5302 et

2114 5339 2298 5394 Persis
2326 5339 2621 5408 conscripti
2644 5346 2791 5394 sunt.
2825 5335 2932 5392 Sed
2954 5352 3294 5406 quaecunque
3320 5337 3455 5392 lines
3477 5339 3684 5394 sanctis

2116 5430 2328 5500 legibus
2356 5432 2682 5484 constitutos
2700 5427 2970 5482 excedunt
2990 5437 3154 5496 atque
3185 5438 3383 5482 metam
3412 5429 3519 5499 33
3546 5447 3684 5497 pra--

2117 5524 2277 5578 llxam
2303 5520 2679 5590 egrediuntur,
2716 5536 2778 5575 ea
2807 5530 3167 5575 aversabatur
3191 5531 3246 5575 et
3266 5519 3687 5575 abominabatur

2118 5622 2178 5668 ut
2213 5617 2298 5683 pie
2349 5613 2537 5666 vivere
2590 5613 2900 5666 volentibus
2952 5612 3287 5675 insalubria;
3343 5627 3688 5681 quaecunque

2117 5714 2309 5762 contra
2369 5706 2436 5759 ad
2479 5720 2683 5778 _rerqu
2739 5704 2982 5760 rationes
3035 5714 3202 5776 atque
3261 5719 3455 5759 causas
3503 5704 3689 5761 sobrie
