4036 6210
345 227 416 285 ‘23
1534 223 1578 282 ’Ν
1597 223 1960 284 lCEPHORI
2009 222 2390 284 GREGORIR
3523 215 3594 277 94

341 346 506 402 atque
532 331 815 388 moderate
850 329 1185 401 indagandae
1215 333 1514 402 pertinent,
1548 348 1612 388 ea
1643 333 1915 389 lubentis-

2038 335 2453 405 ριλοπονὼτερον
2505 334 2715 405 μετῄει.
2770 331 2882 386 Καὶ
2943 328 3118 384 όπόσα
3177 327 3276 397 μὲν
3337 327 3478 399 ὑπὲρ
3525 333 3593 381 τὰ

340 425 479 478 sime
507 424 749 488 admisit,
772 439 838 479 eo
861 424 1080 492 quidem
1103 425 1335 480 consilio
1391 438 1460 480 ne
1487 425 1916 480 conturbaretur

340 513 569 585 argutiis
593 515 1045 586 Latinorum,qui
1078 516 1148 570 ibi
1178 515 1443 580 incolunt,
1467 526 1523 571 et
1548 517 1692 587 regis
1722 517 1912 588 ipsius,

339 606 434 676 qni
493 607 547 660 in
588 607 690 663 hac
725 609 988 663 doctrinae
1039 621 1191 677 parte
1238 622 1348 662 non
1407 607 1585 662 levem
1620 603 1913 678 quamdam

342 709 506 766 atque
549 699 880 755 mediocrem
937 711 1156 768 operam
1191 697 1495 760 insumunt,
1540 699 1746 770 quippe
1789 714 1914 754 cum

340 789 582 862 Egyptii
631 791 836 848 Arabes
869 805 934 845 ex
993 789 1302 860 propinquo
1360 789 1556 845 crebro
1613 790 1680 844 ad
1733 805 1915 861 regem

341 897 439 950 per
468 896 617 936 mare
647 881 1068 947 proficiscantur
1093 880 1268 934 doctae
1294 880 1683 950 disputationis
1709 889 1765 936 et
1798 896 1917 935 am-

342 973 565 1028 bitionis
609 989 794 1035 causa,
847 988 954 1026 non
1006 972 1126 1027 sine
1181 987 1374 1042 magna
1411 972 1503 1027 illa
1551 974 1918 1027 ostentatione

342 1064 606 1128 Arabum,
645 1067 735 1134 qui
782 1073 949 1118 totam
1005 1065 1169 1118 vitam
1207 1065 1260 1119 in
1295 1080 1364 1120 eo
1391 1074 1603 1134 ponunt
1644 1065 1916 1131 studium,

342 1164 401 1207 ut
443 1155 723 1222 indagent,
759 1154 801 1209 ei
856 1156 1003 1224 quod
1051 1157 1253 1211 veteris
1299 1156 1606 1213 Chaldaicze
1653 1159 1920 1214 doctrinae

339 1247 516 1301 adhuc
548 1248 837 1317 vestigium
888 1257 1158 1304 servetur.
1191 1249 1450 1305 Dicebant
1497 1249 1667 1312 enim.
1695 1265 1819 1307 cum
1852 1250 1921 1306 ab

339 1341 546 1409 Opitice
575 1341 861 1395 deﬁnitum
890 1350 1054 1405 esset,
1094 1353 1153 1396 ut
1185 1342 1390 1406 omnia,
1425 1357 1545 1411 qua:
1576 1345 1834 1399 oriuntur
1866 1352 1922 1400 et

341 1437 646 1499 intereunt,
680 1433 987 1489 cmlestium
1022 1432 1266 1488 siderum
1292 1435 1555 1503 qualitate
1583 1443 1637 1489 et
1663 1444 1811 1489 motu
1839 1437 1920 1490 ef—

346 1525 638 1579 lieerentur
664 1531 719 1580 et
744 1523 1136 1584 formarentur,
1189 1533 1350 1593 atque
1381 1540 1575 1580 eorum
1605 1525 1922 1581 collocatio-

340 1616 506 1673 nibus
536 1631 602 1672 ac
652 1616 984 1680 rationibus,
1013 1632 1133 1686 quas
1180 1617 1248 1672 iis
1274 1632 1396 1672 cum
1431 1617 1596 1672 rebus
1641 1619 1919 1673 terrestri-

346 1709 446 1763 bus
489 1708 915 1774 intercederent,
962 1708 1164 1763 ﬂumen
1218 1710 1462 1764 materiae
1509 1709 1664 1779 quasi
1701 1710 1914 1780 legibus

345 1810 632 1870 regeretur
678 1809 735 1856 et
788 1801 1067 1856 modulate
1115 1802 1505 1866 ordinaretur,
1563 1816 1911 1872 nequaquam

341 1891 500 1946 nobis
529 1892 862 1947 studendum
892 1909 1034 1958 esse,
1091 1904 1148 1947 ut
1179 1895 1352 1948 altero
1386 1893 1632 1962 neglecto
1679 1893 1938 1946 alterum’

345 1993 554 2037 tantum
605 2000 1082 2054 cognosceremus.
1137 1984 1348 2038 Caecam
1409 1984 1556 2039 enim
1617 1983 1910 2052 quamdam

340 2074 606 2131 doctrina:
651 2076 793 2132 viam
832 2076 1067 2148 ingredi,
1103 2078 1196 2143 qui
1230 2091 1330 2131 nec
1378 2092 1501 2131 cum
1543 2075 1920 2144 speculatione

344 2167 538 2235 praxin
568 2169 900 2239 conjungere
920 2169 1081 2223 vellet
1107 2185 1281 2238 neque
1307 2184 1430 2222 cum
1457 2169 1629 2222 altero
1657 2166 1915 2220 alterum.

345 2257 480 2312 Cum
513 2259 662 2314 enim
710 2262 763 2314 in
807 2260 1024 2314 duobus
1061 2261 1210 2314 hisce
1238 2261 1530 2330 generibus
1563 2255 1920 2328 philoSOpbiae

349 2353 740 2422 contemplatio
799 2365 1069 2419 versetur,
1094 2371 1216 2408 eum
1252 2352 1395 2407 haud
1424 2367 1556 2408 sane
1615 2365 1796 2405 rerum
1831 2364 1910 2402 ra-

352 2440 530 2495 tiones
559 2442 934 2511 cogniturum,
965 2451 1022 2496 et
1052 2443 1284 2497 multum
1311 2442 1502 2496 abesse
1548 2450 1608 2494 ut
1647 2439 1922 2509 perlectus

348 2532 568 2600 sapiens
589 2533 848 2602 appellari
888 2534 1077 2603 possit,
1107 2533 1198 2602 qui
1227 2549 1336 2589 non
1355 2530 1463 2603 34
1485 2539 1713 2598 utraque
1745 2527 1921 2597 philo-

349 2625 556 2692 solthia:
577 2626 853 2696 mysteria,
874 2635 1136 2696 quantum
1162 2639 1299 2695 opus
1325 2631 1488 2688 esset,
1515 2619 1846 2693 perscrutari
1869 2618 1922 2672 in

352 2719 593 2772 animum
619 2719 920 2773 induceret.

2018 431 2344 500 ἐσκαμμένα
2389 426 2452 500 [ί.
2513 426 2616 481 102
2667 423 2718 498 b]
2787 426 2903 487 τοῖς
2959 421 3208 476 εὐσεϐέσι
3254 419 3441 487 νόμοις
3499 423 3595 472 καὶ

2019 522 2310 594 ὑπερόριον
2361 519 2528 574 τείνει
2573 518 2734 579 πόδα,
2770 514 2945 569 ταῦτα
2984 513 3030 566 δ’
3074 511 3361 566 ἀπεσείετό
3403 527 3462 562 τε
3503 511 3596 564 καὶ

2017 616 2269 670 διέπτυεν
2296 614 2370 676 ὡς
2401 613 2652 682 ἄχρηστα
2683 609 2799 670 τοῖς
2844 605 3090 659 εὐσεϐεῖν
3135 603 3416 656 ἐθέλουσιν
3439 619 3454 634 ο
3491 603 3590 654 ὅσα

2018 709 2064 762 δ’
2111 709 2191 769 είς
2235 708 2363 768 τοὺς
2406 701 2835 774 δημιουργικοῦς
2878 698 2988 751 τῶν
3041 696 3213 750 όντων
3260 694 3429 762 ὑγιῶς
3463 695 3594 746 ἐπο-

2024 799 2214 871 ρεύετο
2251 797 2468 864 λόγους,
2507 794 2680 848 ταῦτα
2704 792 2750 844 δ’
2788 788 3042 858 ἁσμένως
3075 785 3400 840 παντάπασν
3443 785 3589 852 μάλα
3619 783 3628 790 ”

2021 889 2296 961 προσίετο,
2327 887 2576 942 Κάκεῖνα
2603 883 2660 937 δὲ
2693 881 2789 936 τοῦ
2825 879 2899 951 μὴ
2933 878 3242 933 κλονεῖσθαι
3283 877 3446 932 ἕνεκα
3476 878 3590 938 τοῖς

2021 982 2150 1052 περὶ
2190 981 2257 1034 τὰ
2289 976 2517 1032 τοιαῦτα
2547 973 2776 1044 κομψοῖς
2805 972 2913 1024 τῶν
2935 971 3055 1023 ἐκεῖ
3087 968 3357 1028 Λατίνων,
3396 965 3488 1032 ξύν
3528 983 3593 1033 γε

2021 1074 2171 1145 αύτῷ
2203 1073 2354 1143 ρηγὶ,
2384 1069 2487 1124 οὐκ
2532 1063 3002 1140 ἐρῤᾳθυμημένην
3054 1059 3176 1113 τινὰ
3213 1059 3314 1129 τὴν
3357 1059 3595 1125 σπουδὴν

2020 1164 2100 1236 τῷ
2149 1161 2339 1232 τοιῷδε
2389 1159 2641 1236 διδόντων
2682 1155 2838 1224 μέρει
2877 1154 2976 1224 τῆς
3022 1151 3240 1222 τέχνης,
3277 1148 3371 1204 ἆτε
3421 1147 3592 1218 ἀγχοῦ

2023 1234 2130 1312 των
2181 1253 2502 1323 Αίγυπτίων
2550 1234 2808 1320 Ἆράϐων
2867 1245 3068 1307 όντων,
3125 1243 3223 1296 καὶ
3285 1241 3453 1311 συχνὰ
3503 1241 3599 1293 καὶ

2021 1345 2326 1402 διαπόντιον
2357 1346 2413 1406 ἐς
2443 1339 2537 1394 τὸν
2583 1339 2728 1411 ρῆγα
2760 1335 2861 1405 τὴν
2893 1334 3081 1403 ἄφιξιν
3125 1331 3469 1399 ποιουμένων
3510 1330 3596 1381 λου

2023 1440 2184 1506 γικῆς
2241 1451 2302 1487 τε
2341 1430 2557 1502 ὁμιλίας
2606 1428 2770 1482 ἕνεκα
2816 1424 2912 1478 καὶ
2963 1423 3080 1493 ἄμα
3114 1421 3446 1491 φιλοτιμίας,
3493 1437 3596 1488 μα-

2025 1530 2156 1602 κρζν
2200 1524 2608 1596 ἐπισυρομένης
2641 1518 2704 1573 τί»
2752 1513 3120 1572 ἐπιδεικτικὸν
3167 1511 3417 1582 ’Δράϐων
3452 1509 3597 1561 ἐκεί-

2026 1640 2153 1687 νων,
2186 1613 2260 1674 ὧν
2290 1618 2381 1672 τόν
2413 1619 2627 1672 ἅπαντα
2670 1611 2783 1682 βίον
2823 1607 3144 1678 ἁπασχολεί,
3178 1606 3232 1659 εί
3264 1603 3316 1656 τί
3359 1620 3463 1656 που
3495 1601 3597 1670 τῆς

2022 1716 2188 1771 πάλαι
2224 1708 2532 1776 Χαλδαῖκῆς
2556 1705 2868 1772 ἐπιστήμης
2899 1699 3244 1753 ἐλλέλειπται
3283 1694 3596 1764 σωζόμενον

2021 1807 2104 1860 ἐτι
2141 1803 2384 1874 σημεῖον.
2427 1800 2709 1866 Ἔφασκον
2733 1791 2842 1862 γὰρ
2881 1789 2955 1853 ὡς
2998 1787 3122 1842 ἐπεὶ
3143 1786 3214 1839 τὰ
3247 1783 3351 1838 ὑπὸ
3382 1782 3598 1850 γένεσιν

2025 1871 2226 1951 πάντα
2256 1894 2352 1946 καὶ
2408 1890 2592 1960 φθίσιν
2629 1887 2695 1956 τῇ
2731 1885 2839 1937 τῶν
2876 1879 3147 1951 οὐρανίων
3199 1875 3451 1944 ποιότητι
3503 1871 3599 1924 καὶ

2025 1987 2241 2057 κινήσει
2282 1982 2520 2052 πάσχειν
2557 1996 2618 2031 τε
2653 1977 2745 2031 καὶ
2775 1969 3163 2028 είδοποιεῖσθαι
3196 1967 3333 2038 προς
3355 1961 3450 2018 τοῦ
3500 1962 3599 2032 δη-

2029 2055 2470 2149 μιουργήσαντος
2503 2066 2727 2137 ὥριστο,
2760 2063 2854 2116 καὶ
2884 2062 2998 2122 τοῖς
3043 2055 3268 2111 ἐκείνων
3315 2067 3602 2120 συσχημα-

2025 2165 2240 2234 τισμοῖς
2290 2179 2350 2213 τε
2401 2159 2493 2211 καὶ
2537 2157 2656 2217 ταῖς
2701 2153 2839 2221 πρὸς
2872 2149 3141 2215 τάπίγεια
3175 2138 3600 2197 συνοικειὼσεσι

2028 2255 2089 2306 τὸ
2121 2229 2242 2324 ρέον
2285 2249 2384 2318 τῆς
2417 2245 2609 2312 ὑλικῆς
2640 2242 2926 2307 ποιότητος
2955 2234 3068 2290 οἷον
3116 2229 3491 2303 νομοθετεῖται
3531 2243 3589 2280 τε

2028 2316 2133 2396 καὶ·
2167 2316 2512 2409 ῥυθμίζεται,
2565 2331 2778 2398 ἀνάγκη
2835 2327 2911 2397 μὴ
2962 2325 3192 2393 θάτερον
3248 2320 3346 2390 μὲν
3399 2316 3600 2370 ειδέναι

2030 2408 2396 2503 περιπαντδς
2451 2423 2747 2487 ποιεῖσθαι,
2789 2420 3015 2490 θάτερον
3067 2415 3112 2468 δ’
3158 2412 3242 2468 ού.
3276 2411 3351 2465 Ἦ
3385 2410 3493 2478 γὰρ
3535 2408 3600 2460 ἂν

2028 2498 2198 2598 χωλὸν
2232 2521 2468 2594 βαδίσειε
2490 2515 2673 2588 τρίϐον
2700 2513 2801 2582 τῆς
2830 2509 3144 2581 ἐπιστήμης
3172 2505 3228 2568 ὃς
3264 2505 3330 2558 ἂν
3364 2503 3500 2572 μήτε
3525 2498 3602 2598 τῷ

2033 2584 2360 2684 θεωρητικῷ
2393 2584 2682 2663 συνάπτειν
2721 2602 2884 2673 ἐθέλῃ
2921 2598 2984 2653 τδ
3031 2594 3334 2667 πρακτικόν
3371 2591 3498 2660 μήτ’
3535 2584 3601 2640 αὖ

2035 2707 2251 2777 θατέρῳ
2307 2702 2555 2769 θάτερον.
2585 2697 2702 2766 Τῆς
2749 2694 2858 2764 γάρ
2907 2710 2990 2746 τοι
3028 2685 3346 2759 φιλοσοφίας
3389 2684 3446 2735 ὲν
3491 2683 3606 2740 τοῖς

347 2817 470 2870 δυσὶ
499 2817 712 2877 τούτοις
776 2817 940 2869 είδεσι
984 2815 1390 2886 θεωρουμένης,
1429 2811 1590 2882 σχολῇ
1630 2810 1682 2876 γ’
1722 2809 1790 2863 ἂν
1864 2809 1991 2870 τοὺς
2027 2773 2233 2871 λόγους
2260 2799 2415 2869 γνοίη
2451 2795 2559 2851 τῶν
2595 2793 2790 2856 ὄντων,
2821 2786 3028 2846 πολλοῦ,
3053 2787 3098 2839 δ’
3132 2783 3198 2837 ἂν
3229 2782 3340 2835 δεῖν
3371 2776 3515 2833 κατὰ
3544 2773 3606 2828 τὸ

349 2917 557 2980 ἐντελὲς
606 2914 874 2983 κληθῆναι
925 2879 1110 2981 σοφὸν,
1243 2879 1337 2978 μὴ⁷
1566 2879 1701 2960 καθ’
1747 2905 1920 2959 ὁπόσα
1957 2905 2039 2958 δεῖ
2071 2900 2312 2972 μετιέναι
2342 2897 2522 2949 έπεισι
2549 2891 2617 2946 τὰ
2643 2888 2744 2958 τῆς
2770 2884 3089 2954 φιλοσοφίας
3125 2879 3423 2951 μυστήριαο

431 3009 501 3062 IX
551 3007 654 3064 Sed
691 3007 808 3060 ltazc
849 3005 1137 3058 hactenus.
1176 3001 1269 3055 llle
1301 3014 1450 3064 vero,
1480 3014 1603 3056 cum
1631 2997 1924 3068 plurimum

2072 2967 2177 3048 'e'.
2221 2989 2385 3044 ’Δλλὰ
2424 2985 2631 3038 τούτων
2665 2982 2763 3051 μὲν
2795 2978 2936 3042 ἃλις.
2971 2977 3124 3045 Ἐμοὶ
3154 2972 3198 3025 δ’
3234 2971 3310 3034 ὡς
3339 2969 3409 3023 τι
3436 2967 3607 3021 πολλὰ

353 3105 527 3160 otium
562 3108 750 3170 ageret
773 3099 857 3153 vel
890 3095 1257 3164 occupatione
1289 3093 1404 3164 ipsa
1448 3092 1798 3163 praestantius
1830 3089 1931 3145 du-

352 3205 501 3252 ceret
534 3204 624 3248 tua
659 3206 819 3246 causa
852 3204 939 3242 me
994 3189 1175 3242 COICI'B
1227 3196 1394 3256 atque
1447 3200 1669 3250 curare,
1712 3196 1927 3236 mecum

353 3285 629 3343 circumiit
662 3283 923 3347 insulam,
960 3279 1315 3348 ostenditque
1360 3291 1482 3347 quae
1512 3273 1741 3330 visenda
1771 3281 1932 3328 erant

354 3395 478 3437 cum
505 3378 629 3433 aliis
648 3376 805 3441 locis,
829 3385 942 3429 tum
977 3374 1029 3428 in
1052 3371 1299 3434 theatris,
1328 3369 1480 3434 foris,
1503 3367 1746 3438 judiciis.
1775 3364 1930 3418 Mon-

356 3474 553 3532 Stravit
583 3484 748 3542 porro
779 3467 938 3532 mihi,
967 3477 1022 3521 ut
1069 3464 1461 3520 numismatutn
1498 3471 1552 3516 et
1590 3467 1932 3514 monetarum

359 3564 500 3619 ratio
541 3578 642 3633 per
682 3576 845 3615 onme
893 3572 1071 3613 aevum
1103 3554 1296 3613 eadem
1332 3560 1579 3608 maneret
1626 3565 1808 3619 neque
1838 3563 1937 3601 un-

356 3673 525 3728 quam
561 3671 626 3710 ue
652 3654 938 3709 minimum
970 3648 1191 3718 quidem
1228 3654 1570 3709 mutaretur;
1609 3652 1670 3696 ut
1695 3641 1749 3694 in
1801 3655 1938 3709 pon-

358 3750 584 3806 deribus
632 3756 796 3816 atque
846 3743 1121 3800 mensuris
1169 3738 1352 3796 omnia
1411 3749 1596 3789 rerum
1655 3730 1932 3786 venalium

358 3857 559 3914 genera
585 3840 852 3896 darentur
895 3845 1061 3906 atque
1107 3833 1494 3901 acciperentur
1525 3841 1634 3882 non
1673 3840 1773 3894 pro
1803 3837 1936 3876 ven»

359 3937 600 3993 ditorum
639 3931 1073 4002 uniuscujusque
1130 3925 1430 3987 voluntate,
1483 3921 1579 3975 sed
1630 3915 1936 3974 secundum

360 4038 577 4085 vetusta
623 4024 866 4081 civitatis
915 4020 1213 4084 instituta;
1252 4031 1364 4072 non
1415 4022 1579 4085 prout
1619 4010 1938 4066 divitiorem

362 4119 592 4175 avaritia
627 4125 683 4172 et
717 4115 950 4170 aviditas
982 4112 1104 4182 plus
1149 4111 1298 4182 justo
1350 4106 1553 4163 lucrari
1597 4104 1799 4163 vellet,
1843 4103 1936 4155 sed

366 4219 532 4284 prout
563 4209 730 4279 leges,
763 4206 1066 4274 disciplima
1103 4219 1131 4257 a
1157 4199 1460 4271 majoribus
1485 4197 1623 4251 bene
1658 4194 1942 4260 descriptae

366 4283 645 4368 custodes,
681 4317 780 4371 per
825 4313 988 4353 omne
1020 4305 1236 4364 tempus
1260 4293 1542 4362 juberent.
1578 4286 1766 4354 Neque
1801 4283 1944 4337 divi-
1975 4335 2026 4397 υ

366 4400 459 4455 tiis
483 4395 757 4452 excellens
787 4404 964 4460 neque
987 4387 1165 4443 artatis
1194 4385 1388 4439 robore
1420 4379 1684 4452 praeditus
1720 4377 1796 4432 ibi
1827 4389 1942 4438 eos,

369 4492 462 4564 qui
494 4488 785 4546 inferiores
817 4495 1052 4553 utroque
1101 4493 1303 4549 genere
1348 4479 1496 4539 sint,
1553 4472 1711 4527 facile
1761 4470 1946 4539 oppri-

372 4561 522 4636 mere
553 4585 719 4647 atque
776 4572 1176 4628 circumvenire
1225 4566 1439 4637 possit;
1499 4578 1624 4617 nam
1670 4561 1764 4631 qui
1800 4561 1948 4630 leges

371 4670 612 4726 civitatis
640 4667 734 4721 vel.
759 4665 982 4719 minime
1019 4658 1324 4731 transgredi
1357 4657 1577 4722 audeat,
1612 4655 1657 4710 is
1690 4655 1873 4708 statim
1902 4652 1946 4705 si

375 4775 484 4815 non
518 4756 716 4826 capite,
740 4765 980 4808 attamen
1014 4752 1082 4805 iis
1111 4747 1374 4803 membris
1411 4743 1658 4813 corporis
1683 4741 1950 4795 multatur

376 4869 499 4924 quae
525 4866 621 4920 pro
669 4848 880 4903 ratione
908 4844 1094 4899 delicti
1135 4844 1282 4911 leges
1337 4841 1553 4911 jubent.
1609 4837 1732 4891 Ilaec
1789 4835 1949 4897 ratio,

375 4945 557 5016 inquit
611 4943 744 5003 ille,
781 4939 942 4994 crede
981 4934 1158 4998 mihi,
1214 4936 1259 4990 si
1323 4941 1616 4997 servatur,
1666 4927 1955 4996 conjungit

375 5047 540 5106 atque
574 5034 821 5089 continet
851 5031 1102 5085 civitates
1135 5035 1193 5081 et
1229 5026 1414 5088 urbes,
1445 5034 1622 5078 terras
1656 5029 1712 5074 et
1742 5019 1951 5074 insulas

377 5128 635 5196 privatim
670 5135 834 5193 atque
871 5120 1126 5191 publice;
1171 5117 1254 5172 sin
1303 5126 1486 5169 autem
1521 5113 1812 5174 evertitur,
1842 5107 1952 5162 acri

379 5222 591 5289 impetu
623 5217 786 5272 etiam
819 5214 925 5284 35
963 5227 1050 5267 res
1074 5210 1360 5265 universas
1388 5217 1446 5261 et
1470 5207 1709 5275 singulas
1733 5202 1953 5268 evertit,

381 5328 504 5382 qum
543 5308 840 5379 illegitima:
870 5307 923 5360 in
955 5302 1274 5359 civitatibus
1298 5310 1354 5353 et
1384 5298 1614 5352 urbibus
1644 5304 1952 5358 versantur,

380 5418 506 5459 cum
560 5401 712 5456 nullo
761 5409 918 5470 pacto
958 5397 1161 5460 rebus,
1206 5408 1328 5464 qua:
1375 5391 1479 5460 legi
1512 5397 1837 5459 repugnant,
1869 5385 1960 5439 tir-

385 5513 534 5554 mum
565 5507 730 5564 atque
781 5493 974 5548 stabile
1028 5489 1447 5544 fundamentum
1495 5484 1717 5538 subesse
1767 5481 1956 5551 possit,

384 5591 479 5645 sed
524 5588 676 5643 brevi
719 5597 962 5656 tempore
998 5583 1178 5637 omnis
1239 5577 1609 5650 providentia,
1658 5589 1959 5643 qum-retu-

384 5683 659 5755 publicam
693 5679 997 5746 contineat,
1030 5677 1096 5733 iis
1146 5676 1451 5745 exagitetur
1501 5677 1554 5727 et
1605 5665 1956 5731 dissolvatur,

2037 3085 2235 3158 σχολὴν
2287 3082 2459 3150 ἄγων,
2503 3077 2537 3148 ἣ
2591 3074 2686 3129 καὶ⁵
2739 3070 2996 3141 ἀσχολίας
3047 3069 3350 3136 ὑπέρτερον
3397 3061 3605 3122 ἐκεῖνος

2035 3153 2267 3248 πρᾶγμα
2300 3169 2620 3241 ποιούμενος
2657 3161 2988 3236 θεραπεύειν
3020 3158 3120 3227 ἐμὲ
3161 3157 3250 3210 διὰ
3279 3155 3363 3218 σὲ,
3393 3153 3603 3208 ἐδείκνυ

2035 3243 2266 3339 περιιὼν
2319 3263 2415 3318 καὶ
2460 3255 2901 3329 περιηγούμενος
2952 3250 3126 3305 ὁπόσα
3163 3251 3230 3318 τῇ
3275 3249 3425 3318 νήσῳ
3455 3243 3610 3314 περί-

2037 3377 2190 3416 εστιν
2223 3358 2362 3422 ,ᾰξια
2407 3351 2649 3416 θέας,τά
2691 3365 2750 3401 τε
2792 3347 2930 3402 ἄλλα
2979 3347 3075 3396 καὶ
3115 3345 3216 3396 ὅσα
3246 3342 3304 3393 ἐν
3333 3339 3611 3406 θεάτροις,

2034 3458 2093 3508 ἐν
2136 3453 2388 3521 ἀγοραῖς,
2425 3450 2483 3501 ἐν
2521 3439 2921 3512 δικαστηρίοις,
2955 3437 3018 3489 τὸ
3057 3436 3116 3487 ἐν
3162 3431 3466 3502 νομίσμασι
3515 3427 3610 3481 καὶ

2037 3551 2358 3622 χαράγμασι
2409 3542 2501 3595 τὸν
2543 3538 2762 3597 ἅπαντα
2803 3533 2999 3604 χρόνον
3041 3529 3308 3590 ὡσαύτως
3357 3524 3478 3595 ἐχον
3516 3523 3613 3576 καὶ

2043 3615 2265 3713 ιληνδαμῆ
2318 3637 2442 3708 μηδ’
2481 3632 2732 3690 ὁπωσοῦν
2783 3628 3147 3701 τρεπόμενον,
3196 3620 3292 3675 καὶ
3343 3620 3494 3678 ὅπως
3553 3615 3611 3667 ἐν

2041 3709 2304 3802 σταθμοῖς
2340 3729 2435 3783 καὶ
2488 3727 2708 3796 μέτροις
2741 3719 3062 3786 πλάστιγξιν
3116 3714 3204 3785 εἴη
3251 3709 3506 3779 διδόμενα
3553 3723 3614 3759 τε

2041 3828 2138 3881 καὶ
2164 3800 2556 3892 λαμϐανόμενα
2587 3816 2706 3885 είδη
2729 3810 2985 3878 καθάπαξ
3023 3807 3200 3862 ὠνίων
3241 3807 3482 3867 ἅπαντα,
3513 3800 3614 3869 οὐχ

2042 3919 2118 3983 ὡς
2145 3917 2253 3972 τῶν
2291 3911 2718 3984 πιπρασκόντων
2741 3907 2972 3966 ἕκαστος
3019 3898 3252 3972 βούλοιτ’
3279 3896 3369 3962 ἂν,
3395 3894 3513 3950 ἀλλ’
3539 3892 3615 3954 ὡς

2043 4014 2111 4067 τὰ
2136 4010 2236 4080 τῆς
2270 4003 2548 4065 πολιτείας
2581 3997 2786 4070 ἀρχαῖα
2809 3993 3095 4049 κελεύουσι
3121 3986 3519 4059 δόγματα,ούδ’
3543 3985 3618 4046 ὡς

2042 4104 2146 4173 τῆς
2177 4101 2284 4155 τῶν
2322 4093 2733 4165 εύτυχεστέρων
2763 4085 3084 4153 πλεονεξίας
3127 4085 3190 4138 τὸ
3228 4083 3405 4153 λίχνον
3438 4092 3616 4146 παρα-

2046 4168 2353 4264 κερδαίνειν
2385 4188 2579 4252 ἐθέλει,
2621 4182 2738 4237 ἀλλ’
2769 4183 2844 4243 ὡς
2889 4185 2938 4235 οί
2982 4178 3231 4250 σωτῆρες
3277 4176 3376 4243 τῆς
3412 4168 3619 4226 ἄνωθεν

2052 4284 2307 4351 εὐταξίας
2355 4280 2756 4352 προστάττουσι
2799 4277 2955 4346 νόμοι
3007 4273 3099 4326 τὶν
3147 4270 3359 4324 ἅπαντα
3405 4264 3616 4334 χρόνον.

2053 4377 2178 4432 Οὐδ’
2206 4379 2234 4430 ὁ
2265 4375 2480 4443 πλούτῳ
2515 4367 2790 4443 προῦχων,
2825 4365 2936 4420 οὐδ’
2981 4357 3025 4430 ᾧ
3074 4358 3196 4415 καθ’
3223 4354 3442 4427 ἡλικίαν
3489 4367 3623 4443 προσ

2055 4469 2348 4540 ϐεϐηκέναι
2402 4440 2622 4534 ξυνέϐη,
2649 4465 2711 4516 τὸ
2747 4459 2908 4514 πλέον
2959 4454 3102 4518 ἕξειν
3149 4453 3207 4503 ἐν
3255 4450 3468 4508 τούτοις
3513 4440 3625 4505 οἷός

2054 4563 2101 4616 τ’
2129 4533 2195 4617 ἂν
2226 4561 2311 4630 εἴη
2349 4559 2466 4612 ἐκεῖ
2491 4533 2600 4608 τῶν
2631 4554 2875 4623 ἡσσόνων
2912 4552 3033 4600 κατ’
3061 4544 3249 4611 ἄμφω.
3279 4537 3430 4606 Ταχῦ
3475 4533 3622 4605 μέντ’

2056 4656 2124 4709 ἂν
2169 4629 2516 4721 ἀφαιρεθείη,
2560 4648 2610 4698 εἰ
2643 4643 2718 4713 μὴ
2749 4641 2846 4710 τῆς
2893 4635 3154 4707 κεφαλῆς,
3186 4630 3302 4686 ἀλλ’
3330 4629 3423 4684 οὖν
3450 4629 3626 4683 ὁπόσα

2057 4746 2166 4799 τῶν
2200 4743 2294 4797 τοῦ
2327 4742 2579 4810 σώματος
2613 4734 2788 4806 μελῶν
2817 4729 2959 4784 κατὰ
2994 4729 3054 4781 τὸ
3085 4726 3179 4780 τού
3215 4723 3627 4794 ἁμαρτηθέντος

2060 4838 2322 4905 ἀνάλογον
2356 4835 2405 4886 ot
2441 4831 2598 4900 νόμοι
2647 4828 2748 4896 τῆς
2795 4822 3068 4885 πολιτείας
3113 4819 3454 4883 κελεύουσιν,
3479 4818 3630 4879 ὅστις

2061 4930 2262 4990 αὐτοὺς
2313 4923 2647 4993 καπηλεύειν
2709 4915 2960 4972 ὁπωσοῦν
3015 4911 3256 4982 τολμῴη.
3317 4911 3431 4963 Καὶ
3485 4906 3632 4962 τοῦτ’

2061 5021 2232 5084 ἐστὶν,
2279 5020 2465 5081 ἔλεγεν
2511 5017 2721 5075 ἐκεῖνος
2777 5008 2900 5079 ἐμοὶ
2961 5005 3216 5076 βεϐαιῶν,
3247 5003 3275 5056 ὃ
3322 5003 3634 5071 σωζόμενον

2067 5114 2167 5182 μὲν
2201 5111 2484 5180 συνίστησι
2517 5107 2614 5159 καλ⁵
2643 5103 2858 5171 συνέχει
2891 5097 3169 5159 πολιτείας
3200 5097 3295 5148 καὶ
3321 5096 3510 5157 πόλεις
3542 5096 3636 5145 καὶ

2064 5203 2327 5272 ἠπείρους
2357 5199 2418 5271 [ί.
2454 5197 2552 5250 105
2580 5194 2634 5266 α]
2674 5194 2766 5246 καὶ
2808 5191 3030 5260 νήσους,
3065 5189 3160 5241 καὶ
3211 5186 3319 5259 ίδίᾳ
3346 5187 3440 5240 καὶ
3471 5186 3637 5252 δημο·

2066 5297 2179 5367 σία,
2232 5291 2674 5360 ἀνατρεπόμενον
2723 5285 2768 5338 δ’
2829 5280 2896 5337 αὖ
2960 5282 3164 5346 ὀξείαις
3234 5276 3632 5345 συνανατρέπει

2069 5389 2261 5460 ῥοπαῖς
2290 5385 2360 5438 τά
2387 5400 2447 5436 τε
2497 5378 2652 5434 κοινὰ
2701 5378 2796 5432 καὶ
2835 5375 2960 5429 καθ’
3003 5377 3208 5428 ἕκαστα
3239 5372 3350 5424 τῶν
3380 5364 3633 5435 πραγμά-

2064 5455 2174 5535 Ιτων
2223 5480 2322 5532 ὅσα
2380 5474 2568 5529 πόλεσί
2627 5490 2688 5525 τε
2742 5470 2838 5524 καὶ
2887 5467 3190 5527 πολιτείαις
3238 5455 3634 5529 ἐγκαλινδεῐται

2067 5567 2559 5639 παρανομούμενα,
2594 5562 2818 5635 μηδαμῆ
2861 5563 2973 5624 τοῖς
3014 5555 3349 5626 παρανόμοις
3393 5548 3634 5600 συνεῖναι

2069 5664 2233 5736 φύσιν
2259 5660 2489 5734 ἐχούσης
2536 5660 2633 5731 τῆς
2666 5657 2882 5729 ἑδραίας
2922 5650 3180 5723 διαμονῆς
3213 5643 3306 5699 καὶ
3347 5641 3618 5712 κρηπῖδος.
