4036 6210
412 240 482 301 25
1400 250 1851 311 ΒΥΖᾹΝΤΙΝᾹΞ
1896 252 2280 317 HISTORI/E
2325 257 2467 319 LIB.
2510 259 2692 319 XXV.
3593 255 3663 318 26

418 351 533 402 ἀλλ’
567 351 626 403 ὲν
646 351 708 404 οὐ
748 353 1050 425 μακρῷιτῷ
1077 358 1254 426 χρόνῳ
1282 361 1454 431 ῥᾷστα
1483 364 1855 432 σαλευομένης
1895 364 1992 418 καὶ

2104 369 2392 423 harmonia:
2443 370 2637 432 instar,
2671 385 2794 424 cum
2858 369 3078 423 chordas
3126 368 3531 432 dirumpuntur.
3589 369 3660 422 Ut

417 443 778 513 διαλυομένης
818 447 1038 517 ἀπάσης
1103 452 1358 518 προνοίας
1413 455 1757 524 συνδετικῆς,
1806 455 1993 526 ῶσπερ

419 537 685 605 ἁρμονίας
712 539 1072 608 ῥηγνυμένων
1095 543 1204 595 τῶν
1227 545 1456 614 χορδῶν.
1481 547 1595 615 Τῆς
1623 549 1730 614 γάρ
1761 547 1993 601 καθόλου

425 627 698 689 πολιτείας
732 630 1104 700 ὑγιαινούσης,
1134 633 1348 703 ἀνάγκη
1399 635 1574 700 δήπου
1611 637 1706 690 καὶ
1747 637 1816 690 τὰ
1849 639 1994 706 μέρη

428 717 605 779 καλῶς
631 717 994 772 ἀπαλλάττειν
1024 722 1522 792 συνεξομοιούμενα
1554 725 1634 795 τῷ
1667 725 1795 792 ὅλῳ,
1826 725 1996 778 καθά-

433 823 539 875 περ
572 801 663 859 οὗν
698 807 1007 861 τούναντίον
1050 813 1311 884 νοσούσης
1359 817 1454 868 καὶ
1501 816 1642 870 αὐτὰ
1695 819 1991 884 συννοσεῖν,

423 899 504 962 ὡς
568 901 650 961 είς
693 901 1003 970 ἀρχέτυπον
1063 905 1161 974 τὴν
1225 907 1461 977 μίμησιν
1509 911 1849 979 ἀναφέροντα
1904 912 1995 964 καὶ

424 992 679 1063 μάρτυρα
716 993 1023 1066 βεϐαιωτὴν
1058 999 1158 1066 τῆς
1191 1000 1392 1064 κακίας
1419 1003 1864 1072 προενηνεγμένα
1894 1006 1996 1068 τὴν

421 1080 708 1150 πολιτικὴν
751 1083 926 1152 ἀρχὴν
969 1087 1063 1137 καὶ
1115 1088 1468 1144 κατάστασιν.
1501 1090 1719 1154 Δίκαιος
1760 1092 1941 1144 τοίνυν
1969 1093 1996 1143 ό

423 1169 629 1237 Κύριος
659 1171 755 1229 ὢν.
792 1177 880 1225 καὶ
930 1174 1281 1247 δικαιοσύνας
1331 1179 1409 1241 ὡς
1451 1179 1511 1231 τὸ
1555 1180 1702 1242 είκὸς
1743 1179 1996 1246 ἀγαπῶν,

423 1260 554 1329 ὕψοῖ
582 1261 783 1330 μᾶλλον
813 1263 939 1333 ἔθνη
971 1265 1008 1319 ἃ
1042 1268 1119 1336 μὴ
1147 1269 1313 1336 νόμον
1346 1270 1446 1338 μιν
1479 1269 1612 1339 ἔχει,
1645 1270 1806 1338 φύσει
1840 1271 1896 1324 δὲ
1927 1270 1998 1322 τὰ

425 1353 522 1404 τοῦ
555 1356 722 1422 νόμου
750 1359 894 1408 ποιεῖ
925 1359 1066 1410 κατά
1093 1359 1187 1415 τὸν
1215 1360 1360 1414 θεῖον
1386 1361 1734 1428 ’Λπόστολον,
1774 1365 1922 1432 μισεῖ
1939 1363 1996 1416 δὲ

427 1443 481 1494 οἳ
504 1444 600 1514 ζῇν
632 1446 730 1514 μιν
756 1447 988 1518 ᾕρηνταί
1033 1467 1093 1503 τε
1139 1453 1232 1505 καὶ
1268 1455 1668 1524 ἐπηγγείλαντο
1705 1458 1842 1508 κοιτά
1871 1457 1997 1517 τοὺς

431 1539 533 1608 τῆς
557 1539 832 1604 εὐσεϐείας
865 1543 1102 1612 θεσμοὺς
1142 1547 1237 1598 καὶ
1276 1548 1496 1616 νόμους,
1531 1547 1712 1619 ἔργοις
1739 1547 1785 1600 δ’
1813 1548 1994 1609 αὐτοῖς

429 1633 940 1700 καταψευδομένους
986 1634 1096 1687 τῶν
1135 1637 1484 1704 ἐπαγγελιῶν
1532 1639 1623 1690 καὶ
1665 1636 1994 1705 ἀποσειομέ-

2097 458 2266 520 enim,
2297 459 2341 512 si
2378 468 2550 514 totum
2578 460 2815 513 civitatis
2868 473 3068 526 corpus
3116 472 3310 512 sanum
3356 464 3456 518 est,
3497 459 3660 508 etiam

2095 549 2344 603 membra
2381 564 2504 603 cum
2523 564 2588 603 eo
2611 549 3005 603 concordantia
3036 548 3175 602 bene
3201 561 3319 601 sese
3339 546 3540 601 habere
3563 562 3660 600 ne-

2095 653 2248 693 cesse
2279 647 2384 700 est,
2411 641 2490 693 sic
2520 650 2731 704 contra,
2764 639 2857 693 ubi
2887 640 3018 693 illud
3072 647 3318 708 aegrotat,
3346 639 3510 692 etiam
3549 637 3664 691 haec

2095 744 2208 784 non
2237 740 2466 800 possunt
2495 745 2602 785 non
2639 745 2782 800 aagre
2813 731 3006 784 affecta
3044 745 3190 792 esse,
3219 730 3421 797 quippe
3452 743 3571 796 quae
3608 725 3664 780 id

2096 832 2353 890 tanquam
2420 822 2657 891 primum
2723 822 2996 891 quoddam
3045 821 3323 890 exemplar
3383 819 3667 873 imitentur

2095 921 2258 982 atque
2289 912 2530 966 civitatis
2558 911 3018 981 gubernationem
3056 926 3120 966 ac
3148 921 3353 965 Statum
3390 916 3451 963 ut
3504 907 3666 962 vitio-

2095 1002 2276 1059 sitatis
2324 1011 2518 1057 testem
2568 1002 3062 1070 locupletissimum
3120 1001 3414 1071 proferant.
3479 999 3666 1053 Domi-

2095 1109 2198 1148 nus
2225 1103 2426 1154 autem,
2459 1093 2549 1162 qui
2578 1093 2761 1164 justus
2787 1102 2870 1147 est
2898 1101 2973 1153 et.
3005 1105 3063 1147 ut
3101 1101 3554 1152 consentaneum,
3579 1089 3667 1156 iu-

2097 1185 2304 1240 stitiam
2331 1194 2495 1248 amat,
2546 1184 2612 1237 ad
2655 1185 2914 1253 majorem
2964 1183 3280 1238 felicitatem
3311 1181 3495 1236 evehit
3530 1194 3665 1249 gen-

2099 1277 2243 1342 tiles,
2290 1277 2406 1346 qui.
2463 1285 2522 1330 ut
2575 1276 2652 1331 ait
2685 1286 2912 1330 sanctus
2941 1273 3300 1344 Apostolus‘,
3353 1285 3666 1341 quanquam

2097 1369 2302 1423 nullam
2329 1367 2568 1422 habeant
2607 1369 2777 1437 legem
2808 1409 2822 1429 ,
2879 1379 3056 1421 tamen
3111 1376 3304 1420 natura
3354 1364 3492 1418 duce
3547 1362 3667 1431 ejus

2099 1460 2389 1530 praeceptis
2419 1459 2823 1528 obsequuntur,
2853 1459 2969 1514 odit
3019 1471 3152 1512 vero
3189 1471 3285 1511 eos
3318 1455 3411 1524 qui
3446 1454 3666 1523 quidem

2099 1550 2153 1604 in
2193 1564 2252 1604 se
2277 1560 2637 1616 susceperunt
2659 1559 2824 1618 atque
2853 1547 3084 1618 professi
3120 1556 3249 1601 sunt
3279 1561 3339 1599 se
3367 1543 3667 1598 secundum

2099 1639 2380 1710 religionis
2409 1640 2662 1694 instituta
2687 1640 2946 1710 legesque
2993 1653 3116 1693 esse
3143 1637 3408 1698 victuros,
3433 1632 3668 1688 actioni-

429 1738 555 1784 νους
577 1722 752 1775 πάντα
780 1723 1127 1792 δικαιοσύνης
1151 1727 1351 1780 κανόνα
1377 1728 1468 1780 καὶ
1497 1728 1762 1798 στάθμην.
1801 1727 1860 1780 '0
1885 1726 1994 1798 γὰρ

2104 1730 2205 1784 bus
2233 1739 2412 1785 tamen
2443 1731 2707 1800 promissa
2735 1705 2965 1785 eludunt
2987 1739 3249 1783 etomnes
3283 1726 3508 1798 iustitia
3537 1739 3668 1779 nor-

425 1815 778 1884 δικαιοσύνην
820 1815 920 1885 μὲν
955 1817 1457 1888 ἀποστρεφόμενος,
1489 1819 1702 1880 ἀδικίας
1734 1819 1781 1872 δ’
1810 1819 1999 1872 ἀνθαι-

429 1906 689 1977 ρούμενος
721 1909 980 1978 κλήρους,
1015 1911 1111 1963 καὶ
1144 1911 1280 1979 μήτε
1320 1912 1444 1972 τοὺς
1472 1910 1648 1972 θείους
1678 1909 1997 1978 αἰδούμενος

425 2000 650 2066 νόμους,
690 2003 1028 2072 περιφρονῶν
1072 2002 1117 2055 δ’
1164 2001 1504 2068 ἀνθρώπινον
1542 2001 1763 2055 ἅπασαν
1805 2001 1997 2070 τύχην,

425 2087 582 2151 οὗτος
605 2089 852 2160 ἀφώρισε
878 2091 974 2160 μὲν
1005 2092 1148 2145 έκὼν
1177 2107 1238 2159 γε
1272 2086 1410 2143 εῖναι
1435 2090 1573 2144 Θεοῦ
1604 2090 1695 2143 τοῦ
1725 2092 1820 2159 τῆς
1844 2091 2001 2160 δίκης

427 2179 640 2251 ἔχοντος
676 2184 797 2244 τοὺς
840 2186 1060 2252 θρόνους
1095 2184 1280 2253 σαφῶς
1320 2183 1536 2243 ἑαυτὸν.
1567 2183 1910 2253 συνῳκείωσε
1953 2183 1998 2236 δ’

427 2273 548 2342 ἅμα
574 2275 651 2345 τῷ
680 2276 931 2346 διαϐόλῳ.
972 2280 1066 2330 Διὸ
1097 2281 1192 2332 καὶ
1240 2279 1555 2332 πλεονεκτεῖ
1595 2278 1690 2347 μὲν
1723 2275 1867 2328 κατὰ
1903 2276 2000 2342 τῆς

425 2367 610 2438 χώρας
661 2369 880 2436 ἐκείνης
927 2370 995 2423 τὰ
1047 2364 1298 2443 χείρω,ᾖ
1347 2372 1415 2424 τά
1458 2369 1635 2423 τοιάδε
1670 2369 1998 2439 γεωργεῖται

429 2461 596 2524 κακά,
624 2464 930 2530 μειονεκτεῖ
959 2463 1004 2515 δ’
1052 2462 1332 2531 ἑπομένως
1363 2463 1430 2515 τὰ
1461 2461 1694 2533 κρείττω
1722 2478 1736 2492 ο
1787 2461 1880 2514 καὶ
1912 2459 1997 2526 7i-

431 2562 580 2604 νεται
609 2552 878 2621 παντελὴς
908 2554 1024 2606 ἐκεῖ
1055 2554 1234 2606 καλῶν
1268 2552 1494 2621 ἐρημία,
1523 2555 1618 2604 καὶ
1645 2553 1997 2623 κατορχείται

429 2639 618 2694 λοιπὸν
646 2643 742 2694 καὶ
782 2642 810 2694 ό
850 2641 1096 2705 διάϐολος
1132 2643 1301 2712 ἄρδην
1328 2643 1500 2710 αὐτῆς
1529 2643 1836 2705 εὐσεϐείας.
1865 2642 1998 2709 πρὸς

438 2728 664 2798 ἄρνησιν
711 2730 838 2792 τοὺς
889 2730 1039 2798 αὑτῷ
1093 2732 1450 2800 πειθομένους
1499 2733 1672 2800 συχνὰ
1718 2733 1998 2800 ἐρεθίζων.

439 2816 542 2874 Οἴα
580 2820 641 2890 δὴ
679 2823 815 2875 κάπὶ
849 2824 950 2893 τὴν
983 2823 1291 2885 Βυζαντίων
1340 2825 1596 2891 γενέσθαι
1629 2825 2000 2894 ξυμπέπτωκε

437 2914 744 2966 πολιτείαν
784 2916 1065 2984 μισήσασα
1104 2918 1212 2985 γὰρ
1256 2917 1516 2986 ἀλήθειαν
1560 2919 1745 2986 εκείνη
1781 2919 1875 2970 καὶ
1904 2935 2000 2970 πο-

2103 1837 2218 1877 mas
2244 1837 2307 1876 ac
2335 1821 2550 1890 regulas
2592 1820 2879 1890 abjiciunt.
2907 1819 3011 1885 Qui
3045 1819 3193 1872 enim
3219 1816 3486 1886 justitiam
3516 1828 3672 1868 aver-

2103 1920 2254 1964 satus
2294 1910 2576 1979 injustitiae
2609 1909 2964 1978 amplectitur
3011 1916 3211 1972 sortes,
3258 1914 3312 1960 et
3342 1903 3552 1974 legibus
3589 1901 3673 1954 di-

2102 2002 2243 2054 vinis
2277 1999 2476 2068 Spretis
2530 2000 2825 2052 humanam
2874 1999 3176 2067 quamlibet
3230 1997 3507 2050 fortunam
3561 1994 3671 2047 circ

2103 2091 2413 2159 cnmspieit,
2451 2092 2496 2145 is
2525 2091 2813 2144 manifesto
2860 2106 2916 2144 se
2953 2089 3219 2158 disjunxit
3271 2101 3369 2140 sua
3417 2091 3609 2152 sponte
3640 2099 3670 2135 a

2105 2184 2213 2238 Deo
2242 2183 2468 2251 justitia:
2515 2184 2709 2236 solium
2768 2190 2984 2236 tenente
3010 2219 3025 2242 ,
3086 2160 3250 2246 atque
3294 2191 3416 2230 cum
3453 2173 3669 2227 diabolo

2103 2278 2374 2330 contraxit
2413 2276 2861 2330 familiaritatem.
2888 2274 3005 2338 Qua
3025 2274 3090 2324 tle
3115 2285 3276 2325 causa
3302 2270 3354 2321 in
3387 2268 3472 2320 illa
3499 2276 3666 2328 terra,

2103 2369 2195 2424 ubi
2217 2369 2339 2423 talia
2359 2377 2618 2423 seruntur
2635 2367 2794 2429 mala,
2809 2365 2916 2436 36
2930 2365 3178 2434 pessimae
3195 2378 3248 2415 ar
3260 2373 3340 2415 tes
3355 2360 3668 2430 praevalent,

2101 2462 2335 2515 virtutes
2363 2474 2496 2513 vero
2519 2457 2831 2512 necessario
2872 2456 3190 2510 inferiorem
3227 2461 3422 2507 tenent
3453 2451 3669 2511 locum;

2104 2551 2176 2606 ibi
2209 2549 2684 2604 exsistitomnium
2728 2548 2994 2602 bonorum
3031 2547 3286 2610 vastitas;
3334 2543 3406 2596 ibi
3438 2541 3675 2609 denique

2102 2641 2352 2696 diabolus
2382 2641 2436 2693 in
2484 2640 2656 2708 ipsam
2694 2639 3016 2708 religionem
3067 2634 3542 2705 impudentissime
3588 2631 3673 2684 in-

2104 2733 2297 2795 sultat,
2329 2747 2491 2799 quam
2528 2743 2589 2786 ut
2622 2733 2893 2798 denegent
2939 2738 2995 2784 et
3047 2728 3235 2782 tollant
3282 2740 3411 2779 suos
3441 2723 3676 2777 asseclas

2103 2824 2304 2877 acriter
2335 2823 2576 2890 instigat,
2622 2819 2751 2873 'l‘ale
2787 2817 2917 2887 quid
2947 2817 3111 2871 etiam
3150 2815 3526 2885 Byzantiorum
3562 2813 3674 2864 rei-

2105 2914 2336 2983 publica:
2374 2911 2593 2966 accidit.
2629 2910 2766 2966 Odio
2803 2909 2948 2964 enim
2982 2909 3035 2961 in
3065 2907 3350 2960 veritatem
3378 2913 3431 2957 et
3454 2902 3673 2970 imperii

435 3007 854 3077 λιτικῆς⁴άρχῆς
881 3009 1250 3081 δικαιοσύνην,
1279 3011 1678 3081 οίκειωσαμένη
1709 3011 1756 3065 δ’
1788 3011 2000 3066 ἀδικίαν

2104 3006 2370 3079 iustitiam
2425 3014 2730 3073 concepto,
2790 3000 3056 3069 iniustitia
3105 3012 3237 3052 vero
3269 3005 3324 3050 et
3373 2992 3674 3047 mendaciis

435 3099 531 3151 καὶ
567 3097 784 3167 ψεῦδος,
823 3101 994 3163 ὅλαις
1018 3102 1297 3172 παλάμαις
1336 3103 1434 3166 τὰς
1471 3104 1675 3172 ἑαυτῆς
1710 3103 1845 3173 πρὸς
1877 3104 1996 3157 ἀσέο

436 3192 591 3242 ϐειαν
637 3191 942 3244 ἀνεπέτασε
987 3193 1180 3256 πύλας.
1219 3194 1468 3264 Κάπειδὴ
1506 3195 1582 3264 τῷ
1611 3194 1844 3264 διαϐόλῳ
1894 3194 2002 3246 σώ-

440 3293 610 3350 ματος
655 3281 748 3333 ἐπὶ
801 3280 1010 3343 τούτοις
1065 3281 1172 3334 ἔδει
1225 3283 1319 3336 καὶ
1369 3284 1602 3352 ὀργάνου
1659 3283 1805 3353 μάλα
1858 3283 2004 3352 αὐτῷ

438 3373 808 3443 προσήκοντος
839 3373 955 3438 νῦν,
991 3373 1234 3444 εὑρίσκει
1277 3375 1561 3443 Παλαμᾶν,
1594 3375 1906 3445 ἀνδράριον,
1931 3376 2007 3440 ῶς

440 3467 652 3534 ἀκήκοα
673 3466 794 3534 μὲν,
828 3465 1200 3536 ὲντελέστερον
1232 3465 1279 3518 δ’
1307 3469 1372 3521 έκ
1409 3468 1509 3537 τῆς
1560 3468 1724 3522 αὐτοῦ
1760 3469 2008 3539 μεμαθή-

439 3570 553 3608 κειν
578 3553 820 3625 γραφῆς,
855 3555 1070 3619 εὐτελὲς
1095 3555 1195 3625 μὲν
1223 3556 1399 3618 ἄλλως
1421 3559 1515 3610 καὶ
1548 3559 1690 3629 πλὴν
1723 3557 1817 3610 τοῦ
1849 3574 2006 3611 κενου

440 3645 609 3710 δοξεῖν
651 3646 747 3698 καὶ
797 3647 866 3699 δι’
905 3648 1034 3701 αὐτό
1072 3649 1135 3717 γέ
1182 3667 1266 3702 τοι
1311 3647 1468 3702 τοῦτο
1497 3647 1807 3713 κακοδοξεῖν
1843 3649 2006 3702 πλέον

439 3738 575 3799 είδὸς
607 3739 761 3791 οὐδὲν
791 3740 974 3806 ὑγιές·
1024 3740 1114 3794 καὶ
1161 3739 1332 3809 τούτῳ
1384 3743 1694 3811 συμμαχεῖν
1729 3739 2007 3802 πεπεικὼς

439 3831 565 3894 τοὺς
602 3833 659 3883 ἐν
708 3831 952 3902 ἐξουσίᾳ,
1005 3833 1180 3886 πάντα
1228 3833 1532 3904 συλλήϐδην
1578 3833 1772 3895 είπεῖν,
1835 3833 2006 3884 ὁπόσα

440 3923 563 3976 κατ’
590 3923 780 3986 ἄλλους
810 3923 946 3981 ἄλλα
977 3925 1205 3992 καιροὺς
1234 3927 1351 3985 ταῖς
1386 3923 1480 3976 τοῦ
1511 3923 1648 3976 Θεοῦ
1685 3922 2007 3990 ἐκκλησίαις

442 4012 653 4080 βέϐηλά
697 4030 755 4066 τε
804 4014 896 4067 καὶ⁵
937 4014 1066 4066 νόθα
1104 4013 1524 4084 παρεισεφθάρη
1561 4015 1829 4082 δόγματα,
1867 4011 2007 4080 πρὸς

439 4106 536 4159 ενα
559 4110 766 4161 τουτονὶ
803 4105 1075 4176 συνήλασα
1109 4108 1318 4176 χρόνον,
1350 4107 1445 4159 καὶ
1494 4107 1766 4177 πολύχουν
1803 4105 2004 4174 κομιδῆ

437 4198 499 4248 τὸ
533 4198 766 4264 πονηρὸν
791 4197 1052 4250 ἐσκέδασε
1085 4198 1226 4249 κατὰ
1273 4197 1373 4264 τῆς
1405 4196 1735 4260 Ἐκκλησίας
1766 4195 2004 4266 Χριστοῦ

437 4285 499 4338 τὸ
545 4283 832 4354 γεώργιον.
887 4287 964 4340 Οὐ
1009 4287 1116 4357 γὰρ
1172 4288 1465 4341 πολυθεῖαν
1521 4289 1682 4357 μόνον
1715 4289 2008 4355 ὲδίδαξενό

2105 3098 2520 3160 adscitis,0mni
2577 3096 2775 3147 virium
2830 3093 3184 3147 contentione
3225 3086 3490 3157 impietati
3527 3083 3675 3137 fures

2107 3188 2352 3244 reclusit.
2386 3190 2500 3249 Qua
2546 3184 2600 3238 in
2659 3199 2717 3237 re
2753 3199 2877 3237 cum
2916 3180 3133 3236 diabolo
3161 3193 3392 3248 corpore
3433 3174 3669 3245 quodam

2107 3294 2164 3336 et
2203 3283 2568 3336 instrumento
2603 3276 2707 3330 sibi
2735 3275 2892 3344 plane
2918 3271 3275 3328 conveniente
3319 3283 3458 3337 opus
3487 3272 3676 3329 esset,

2107 3370 2316 3440 reperit
2345 3383 2490 3422 nunc
2546 3366 2861 3426 Palamam,
2913 3359 3326 3422 homunculum,
3381 3365 3441 3409 ut
3491 3354 3676 3408 audivi

2108 3462 2330 3533 quidem
2367 3457 2698 3532 (accuratius
2731 3467 2914 3508 autem
2966 3467 3034 3506 ex
3067 3452 3276 3518 scripto
3328 3446 3499 3516 ipsius
3551 3459 3674 3498 eum

2107 3551 2416 3623 cognovi),
2467 3548 2795 3602 vilissimum
2860 3558 3035 3614 neque
3085 3541 3384 3610 quidquam
3445 3538 3677 3606 amplius

2109 3645 2375 3700 scientem
2408 3642 2508 3694 nisi
2547 3637 2823 3709 quomodo
2855 3650 3049 3690 vanam
3086 3632 3312 3704 gloriam
3352 3638 3596 3698 captaret
3621 3635 3678 3680 cl.

2109 3735 2179 3790 ob
2210 3735 2260 3788 id
2317 3734 2494 3801 ipsum
2542 3745 2739 3800 pravas
2772 3727 3061 3797 Opiniones
3117 3724 3362 3794 ﬁngeret.
3411 3720 3510 3775 Cui
3549 3733 3675 3773 cum

2109 3829 2290 3885 socios
2322 3825 2661 3895 adjunxisset
2707 3822 3004 3891 principes,
3039 3819 3332 3888 dogmata,
3385 3823 3445 3868 ut
3492 3811 3679 3883 paucis

2110 3914 2598 3986 comprehendam,
2649 3911 2878 3981 profana
2924 3920 3086 3978 atque
3125 3906 3474 3965 adulterata,
3528 3916 3678 3969 quat-

2111 4023 2327 4075 cunque
2354 4006 2478 4059 aliis
2507 4003 2612 4056 alia
2645 4001 2982 4071 temporibus
3017 3999 3067 4050 in
3109 3995 3203 4049 Dei
3245 3992 3515 4046 Ecclesias
3556 4005 3680 4058 per-

2108 4099 2318 4155 niciose
2348 4075 2736 4164 obrepserunt,
2771 4095 2938 4144 hocce
2968 4099 3212 4156 tempore
3243 4093 3442 4139 cuncta
3497 4080 3678 4149 coegit

2110 4203 2168 4248 et
2203 4189 2408 4248 Christi
2454 4185 2713 4242 Ecclesiae
2759 4179 3094 4235 uberrimam
3134 4187 3190 4231 et
3236 4175 3438 4245 oppido
3473 4172 3674 4226 variam

2111 4281 2480 4354 improbitatis
2504 4280 2713 4348 frugem
2751 4274 3002 4344 aspersit.
3041 4270 3175 4325 Nam
3217 4271 3381 4322 miser
3412 4267 3513 4321 iste
3564 4279 3673 4317 non

436 4377 809 4448 ταλαίπωρος,
839 4377 975 4431 ἀλλὰ
1013 4379 1106 4430 καὶ
1140 4379 1331 4432 ἀθεταν
1376 4379 1783 4448 προστέθεικεν,
1818 4383 2002 4448 ἀρεια-

2111 4375 2288 4430 solum
2321 4372 2738 4443 polytheismum
2773 4366 2981 4430 docuit,
3015 4363 3110 4418 sed
3145 4362 3306 4416 etiam
3345 4357 3674 4412 atheismum

439 4469 635 4538 νισμόν
661 4469 707 4520 θ’
737 4469 853 4538 ἅμα
880 4470 975 4522 καὶ
1014 4471 1400 4540 είκονομαχίαν
1428 4473 1516 4523 καὶ
1545 4471 1805 4536 καθάπαξ
1835 4473 2005 4542 ἄρνη-

438 4575 525 4612 σιν
572 4560 886 4629 οίκονομίας
934 4561 1200 4630 ινσάρκου
1239 4561 1336 4614 τοῦ
1388 4561 1516 4614 Υίοῦ
1552 4561 1646 4615 καὶ
1679 4563 1855 4627 Λόγου
1910 4563 2002 4614 τοῦ
2068 4615 2086 4629 ,

439 4654 600 4710 Θεοῦ.
629 4654 739 4707 Καὶ
774 4653 825 4706 τί
863 4652 946 4705 δεῖ
993 4653 1119 4705 καθ’
1151 4655 1360 4707 ἕκαστα
1395 4655 1594 4723 λέγειν,
1631 4655 1752 4719 ἐξὸν
1800 4657 1864 4708 ἐκ
1896 4653 2004 4708 τῶν

441 4748 604 4816 ἱερῶν
633 4745 830 4816 βίϐλων
851 4745 961 4797 τῶν
977 4745 1137 4798 θείων
1159 4746 1417 4816 Πατέρων
1445 4748 1687 4817 ἐλέγχειν
1716 4749 1833 4801 κατ’
1859 4748 2006 4819 ἴχνος

436 4840 686 4899 ἐπιόντας
720 4840 936 4892 ἅπαντα
957 4853 972 4900 ;
1285 4845 1290 4848 '

508 4929 566 4984 1'.
602 4930 712 4984 Καὶ
741 4930 840 4996 μὲν
864 4929 928 4998 δὴ
952 4928 1154 4982 τοιαῦτ’
1173 4928 1258 4982 ἐπ’
1277 4931 1411 4999 ἐμοῦ
1439 4931 1774 5001 συνείροντος
1799 4931 1892 4984 τοῦ
1922 4949 2008 4984 σο-

439 5019 544 5088 φοῦ
586 5021 681 5074 καὶ
725 5019 1002 5088 θεοφιλοῦς
1047 5019 1110 5091 [ί.
1146 5021 1247 5074 103
1288 5020 1342 5093 bl
1389 5022 1596 5074 ἐκείνου
1642 5023 1856 5092 ἀνδρὸς,
1913 5025 2007 5077 καί⁵

440 5109 652 5178 βίϐλους
679 5109 723 5160 δ’
748 5110 917 5161 ένίπε
949 5113 1374 5179 προκομίζοντος
1403 5111 1468 5175 ἇς
1497 5129 1554 5165 τε
1588 5113 1750 5176 αὐτὸς
1783 5115 2007 5182 φιλοπό-

437 5217 544 5261 νως
575 5202 638 5252 ἐκ
667 5200 850 5268 πάσης
881 5200 1269 5269 ὲρανισάμενος
1298 5202 1448 5266 θείας
1479 5203 1700 5272 Γραφῆς
1727 5206 1865 5258 ὅπλα
1896 5210 2008 5270 τοῖς

434 5291 555 5342 ἐκεῖ
570 5289 750 5353 καλῶς
768 5292 824 5342 εὑ
835 5291 1013 5342 σεὸεἰν
1025 5291 1370 5361 αἱρουμένοις
1387 5294 1689 5362 χαρίζεται,
1705 5297 1799 5347 καὶ
1815 5295 1881 5358 ἃς
1895 5295 2012 5347 ἓτε-

437 5395 521 5447 pet
542 5378 648 5430 τῶν
666 5379 784 5432 ἐκεῖ
805 5380 1238 5446 προσοικούντων
1255 5382 1550 5452 ἐλλογίμων
1569 5385 1778 5452 ἀνδρῶν
1800 5384 2012 5452 ὀρθοδό-

434 5471 542 5535 ξων
558 5470 907 5538 έκδεδιῦκασι,
925 5475 1042 5536 ταῖς
1059 5473 1152 5527 τοῦ
1173 5474 1404 5544 Παλαμᾶ
1424 5475 1760 5540 κακοδοξίαις
1781 5492 2013 5548 περιφα-

513 5630 528 5660 ‘
560 5629 721 5690 Rom.
763 5644 820 5693 ιι,
867 5629 949 5682 Η.

2109 4465 2321 4520 addidit
2351 4463 2626 4529 simulque
2673 4459 3043 4514 Arianismum
3089 4461 3146 4507 et
3196 4448 3627 4506 lconomachiam
3659 4483 3674 4506 ,

2109 4554 2450 4624 negationem
2498 4551 2734 4617 denique
2805 4542 3196 4601 incarnationis
3245 4539 3364 4592 Filii
3414 4535 3676 4601 Verbique

2112 4646 2226 4700 Dei.
2280 4643 2386 4699 Sed
2417 4641 2547 4712 quid
2588 4641 2785 4694 attinet
2831 4635 3040 4704 singula
3086 4630 3364 4700 persequi,
3413 4625 3516 4696 37
3549 4638 3674 4679 cum

2109 4737 2293 4794 omnia
2351 4751 2417 4790 ex
2447 4733 2616 4788 sacris
2649 4729 2948 4798 Scripturis
2976 4726 3198 4780 Patrum
3230 4732 3542 4776 sanctorum
3577 4732 3674 4787 per

2109 4830 2320 4899 singula
2348 4826 2570 4895 vestigia
2593 4821 2877 4879 confutare
2901 4816 3098 4873 liceat?

2178 4933 2249 4984 Χ.
2276 4931 2412 4985 Dum
2445 4929 2570 4983 talia
2606 4925 2738 4980 mihi
2770 4923 2940 4977 refert
2988 4921 3073 4974 vir
3103 4918 3193 4973 ille
3231 4913 3670 4986 sapientissimus

2111 5024 2333 5093 Deoque
2366 5020 2747 5082 charissimus,
2773 5030 3010 5070 necnon
3041 5010 3318 5066 interdum
3369 5008 3542 5061 libros
3572 5021 3664 5070 ap-

2109 5125 2310 5185 portat,
2345 5128 2466 5168 eum
2503 5125 2641 5180 quos
2669 5109 2784 5178 ipse
2820 5107 2992 5160 multo
3040 5119 3165 5158 cum
3219 5099 3402 5154 stutlio
3451 5113 3516 5151 ex
3552 5105 3663 5149 tota

2110 5205 2390 5274 Scriptura
2423 5217 2573 5256 sacra
2612 5201 2834 5269 collegit
2859 5205 2914 5251 et
2936 5212 3033 5265 pro
3064 5194 3232 5248 armis
3282 5193 3390 5260 piis
3428 5187 3669 5241 homini-

2111 5299 2232 5360 bus,
2267 5295 2360 5365 qui
2390 5294 2502 5348 illic
2531 5293 2797 5359 incolunt,
2826 5287 3216 5360 suppeditavit,
3257 5294 3372 5339 tum
3404 5299 3543 5352 quos
3575 5281 3668 5334 alii

2110 5390 2244 5443 clari
2275 5398 2438 5456 atque
2470 5385 2758 5440 orthodoxi
2815 5384 3006 5437 insulae
3063 5381 3160 5433 viri
3228 5378 3407 5446 pravis
3439 5375 3670 5430 Palaina:

2113 5477 2470 5548 opinionibus
2499 5476 2788 5533 manifesto
2809 5474 3053 5531 oblocuti
3102 5470 3434 5535 ediderunt,
3488 5479 3676 5520 rumor
