4036 6210
396 209 466 270 27
1573 215 1990 277 NICEPI‘IORI
2031 218 2415 284 sumens
2889 206 2905 212 ’
3585 245 3655 307 23

400 317 677 387 perfertur
705 317 771 372 ad
801 318 1053 390 Cyprios,
1095 321 1540 382 Canlacuzenum
1578 328 1956 398 imperatorem

2075 333 2180 396 νῶς
2207 336 2604 406 ἀντιλέγοντες,
2632 339 2789 409 λόγος
2829 343 2884 405 ἐς
2910 343 3008 407 τὰς
3048 345 3155 400 τῶν
3184 348 3446 418 Κυπρίων
3485 355 3656 423 ἐμπέ-

399 417 563 462 noctu
592 409 726 462 clam
763 411 1084 481 Byzantium
1119 416 1429 485 ingressum
1471 434 1770 491 occupasse
1818 424 1956 492 prin-

2073 439 2288 478 πτωκεν
2305 428 2473 491 ἀκοὰς
2494 427 2569 492 ὡς
2595 431 2747 486 λάθοι
2763 434 2978 505 νύκτωρ
2997 409 3368 504 παρεισελθῶν
3382 443 3438 506 ἐς
3454 409 3658 508 Βυζάν-

397 500 640 570 cipatum
679 503 899 558 auxiliis
921 514 976 559 et
1013 505 1298 563 fallacibus
1328 511 1831 571 machinationibus
1863 515 1956 572 Pac

2071 531 2185 566 τιον
2203 517 2233 568 ὁ
2256 515 2507 584 βασιλεὺς
2529 521 3004 595 Καντακουζηνδς,
3022 530 3117 582 καὶ
3139 529 3234 598 τὴν
3255 533 3658 607 αὐτοκράτορος

398 589 576 657 lamas,
604 593 693 647 cui
715 604 874 650 antea
909 596 1188 652 horribilis
1205 599 1567 668 jurisjurandi
1602 604 1829 674 pignore
1849 621 1956 664 sese

2072 604 2184 660 ἕλοι
2223 607 2502 678 βασιλείαν
2535 615 2847 683 συνεργίαις
2875 589 3254 690 ’καὶ-δολεράῖς
3285 625 3378 678 τοῦ
3417 589 3654 698 ἡαλαμά

395 682 804 748 obstrinxisset,
861 687 947 740 vel
982 687 1130 756 quod
1171 688 1317 745 idem
1345 701 1431 747 est
1462 708 1561 764 per
1593 694 1763 750 Deum
1791 696 1956 767 juras-

2076 703 2605 768 προκαταστάσεσιν,
2637 682 2835 776 ὅρκους
2865 682 3160 779 φρικώδεις
3191 682 3431 785 ἐγέγγυα
3464 682 3656 790 πρότεζ

395 782 496 835 set,
529 789 690 844 quem
717 777 935 845 ejurare
971 779 1364 847 proﬁtebatur,
1401 798 1461 838 se
1517 785 1956 844 conﬁrmaturum

2075 804 2167 856 ρον
2207 791 2355 860 αύτῷ
2396 798 2831 866 παρασχόμενος,
2878 777 3132 870 βεϐαιοῦν
3174 777 3268 859 uel.
3296 777 3518 879 ⁷κυροῦν
3555 815 3653 884 τὴν

395 878 517 918 esse
557 875 725 933 atque
771 870 1115 923 sanciturum
1180 872 1608 944 polytheisinum
1663 891 1956 948 omnesqut

2072 879 2238 933 αὑτοῦ
2275 883 2566 938 πολυθεῖαν
2597 889 2690 941 καὶ
2722 890 2822 944 ὅσα
2854 893 2962 946 τῶν
2997 894 3240 965 βεϐήλων
3271 901 3436 955 αὑτοῦ
3473 922 3653 959 καινο-

395 956 513 1024 ejus
541 957 798 1024 profanas
831 970 996 1028 atque
1023 961 1367 1032 irreligiosas
1395 967 1694 1030 novitates,
1749 985 1872 1039 quae
1911 972 1956 1027 in

398 1045 488 1068 “-2
545 1047 838 1068 D_-I--2_,_-
883 1052 892 1062 -
943 1060 955 1068 .
1304 1065 1312 1068 -
1401 1058 1440 1068 .-
1549 1059 1581 1068 η
1727 1060 1739 1068 .
1809 1061 1830 1068 ..
1929 1063 1940 1068 -

2073 973 2289 1038 φωνιῶν
2335 976 2598 1049 είσερῤύη
2648 984 2789 1039 κατὰ
2833 983 2933 1053 τῆς
2987 956 3080 1040 τοῦ
3117 956 3264 1043 ’Θεοῦ
3305 956 3648 1068 Ἐκκλησίας,

396 1045 488 1100 Dei
544 1047 845 1104 Ecelesiam
882 1052 1106 1107 intrusae
1134 1065 1339 1110 essent.
1400 1058 1513 1114 lloc
1543 1059 1778 1130 Georgio
1809 1061 1956 1132 Lapi-

2069 1063 2265 1117 ταυτὸν
2297 1063 2341 1118 δ’
2364 1045 2538 1122 είπεῖν
2558 1045 2688 1136 ,νείς
2723 1075 2856 1131 Θεὸν
2887 1045 3197 1147 ό-μωμοκὼς
3230 1083 3288 1137 ὃν
3323 1045 3648 1157 ἐξόμνυσθᾶ

395 1138 520 1203 tium,
552 1141 959 1209 sapientissimo
989 1145 1129 1209 viro,
1163 1163 1414 1217 magnam
1445 1151 1632 1221 injecit
1661 1154 1965 1220 tristitiam,

389 1245 500 1285 non
525 1233 669 1301 quod
719 1233 1140 1292 Cantacuzenus
1191 1241 1560 1310 principatum
1620 1256 1964 1315 occupasset,

387 1323 482 1378 sed
521 1326 664 1393 quod
695 1327 785 1380 tali
807 1329 1178 1398 jurejurando
1211 1333 1452 1388 Palama:
1482 1335 1750 1405 impietati
1804 1338 1960 1392 addi-

386 1424 509 1472 ctus
534 1426 836 1476 teneretur.
868 1421 1048 1488 Quare
1083 1440 1111 1478 a
1140 1427 1395 1494 praeclara
1440 1428 1535 1482 illa
1566 1445 1664 1499 spe
1693 1431 1962 1500 dejectus,

386 1523 509 1574 quae
533 1507 627 1562 diu
657 1510 770 1580 jam
797 1515 998 1572 mentis
1024 1515 1271 1570 laatitiam
1302 1519 1505 1583 alebat,
1540 1537 1684 1591 aegre
1720 1524 1845 1577 tulit
1876 1524 1964 1578 in-

386 1594 787 1667 dignationem,
819 1601 1006 1658 animo
1049 1605 1228 1663 turbis
1253 1605 1457 1675 agitato
1484 1608 1766 1678 marisque
1793 1611 1965 1666 instar

385 1696 671 1746 aestuante.
705 1690 969 1760 Sperabat
992 1696 1138 1749 enim
1167 1671 1526 1766 agimecuun
1575 1714 1636 1754 se
1680 1700 1965 1770 navigatu-
1995 1671 2037 1728 Β

387 1795 507 1838 rum
543 1781 668 1839 inde
697 1784 934 1840 abeunte
985 1803 1157 1857 usque
1189 1790 1535 1860 Byzantium,
1572 1803 1629 1846 ut
1671 1801 1724 1847 te
1754 1795 1964 1863 aspice-

387 1881 470 1928 ret
497 1880 694 1944 tuaque
721 1880 1123 1938 consuetudine
1149 1885 1448 1949 luteretur,
1521 1891 1583 1939 ut
1632 1899 1796 1952 supra
1849 1886 1961 1955 jam

384 1964 646 2031 diximus,
677 1969 902 2038 majoris
931 1972 1215 2039 sapientiae
1243 1973 1551 2042 cupiditate
1589 1976 1814 2041 ductus,
1845 1978 1961 2032 for-

385 2065 526 2112 tasse
559 2063 726 2112 etiam
765 2069 824 2114 ut
847 2071 1116 2130 praeterea
1143 2063 1247 2118 alia
1275 2065 1522 2133 quadam
1553 2069 1773 2136 negotia
1802 2085 1965 2126 cura-

381 2157 465 2202 ret
495 2156 550 2204 et
588 2164 675 2204 res
701 2151 950 2210 illustres
977 2163 1142 2222 atque
1174 2156 1422 2225 egregias
1477 2157 1765 2223 inviseret,
1821 2177 1962 2230 quas

380 2253 492 2306 prae
523 2242 725 2298 ceteris
750 2243 1141 2313 Byzantiorum
1168 2246 1301 2301 urbs
1333 2249 1605 2316 possidet.
1662 2250 1800 2306 Tum
1830 2269 1962 2309 vero

383 2330 536 2386 brevi
573 2341 822 2402 tempore
851 2351 1079 2405 prorsus
1103 2347 1295 2398 contra
1330 2355 1419 2394 res
1445 2341 1715 2398 cecidisse
1746 2345 1958 2412 videns,

380 2433 579 2490 magno
618 2421 807 2477 dolore
834 2425 1116 2482 cruciatus
1173 2427 1554 2500 illacrymabat
1614 2434 1869 2504 religioni
1901 2437 1956 2493 in

379 2511 684 2579 periculum
713 2516 1010 2584 compulsa:
1024 2519 1315 2578 manifesto
1342 2523 1556 2580 areanis
1569 2525 1663 2580 Dei
1687 2526 1738 2581 id
1758 2528 1960 2588 admit~

382 2603 548 2658 tentis
561 2606 864 2663 rationibus
879 2610 1194 2669 conﬂatum.
1217 2613 1592 2686 lllacrymabat
1612 2619 1776 2676 etiam
1798 2623 1957 2678 morti

380 2705 508 2760 tum,
541 2712 706 2765 quam
734 2700 1141 2768 suspicabatur,
1200 2718 1326 2758 cum
1374 2705 1638 2774 cogitaret
1665 2724 1829 2778 quam
1871 2727 1960 2767 ar-

375 2789 516 2845 dens
539 2806 666 2862 erga
700 2791 868 2848 Deum
896 2792 1140 2849 studium
1169 2811 1447 2866 quamque
1491 2814 1794 2870 pugnacem
1821 2818 1959 2860 con-

376 2885 675 2940 tentionem
707 2901 808 2956 pro
833 2886 1059 2943 Patrum
1095 2888 1367 2960 dogmatis
1407 2908 1584 2963 usque
1611 2894 1680 2950 ad
1723 2907 1956 2954 mortem

373 2980 726 3035 exhibiturus
747 2995 922 3037 esses.

443 3071 538 3128 XI.
563 3071 668 3126 Sed
684 3072 819 3142 quid
836 3072 1030 3128 attinet
1047 3075 1231 3130 omnia
1250 3076 1563 3149 singulatim
1585 3081 1818 3146 referre,
1832 3099 1955 3154 quae

373 3163 430 3217 in
463 3164 554 3218 illa
591 3164 772 3220 insula
807 3180 916 3220 non
953 3166 1140 3222 minus
1169 3168 1389 3226 duobus
1420 3172 1584 3227 annis
1616 3174 1953 3243 viderimus,

371 3271 496 3325 qua!
523 3255 807 3311 commoda
837 3267 1138 3328 suppetunt
1161 3261 1410 3326 urbibus,
1439 3266 1704 3334 portubus
1722 3267 1955 3338 aliisque

371 3347 530 3410 locis,
558 3362 681 3402 cum
708 3348 852 3403 haud
881 3365 1050 3419 pauca
1078 3352 1144 3406 ad
1175 3357 1556 3410 enarrandum
1592 3368 1803 3413 restent
1827 3375 1954 3414 nos-

371 3457 479 3510 que
504 3443 863 3511 protrahant?
923 3443 1103 3509 Quare
1155 3445 1307 3500 hisce
1340 3447 1508 3503 rebus
1541 3450 1725 3505 missis
1757 3451 1948 3519 profe-

369 3534 573 3589 ctionis
599 3536 939 3590 mentionem
967 3535 1188 3594 faciam.
1242 3537 1439 3593 Statim
1490 3539 1658 3608 igitur
1693 3551 1816 3610 post
1842 3543 1954 3597 sol-

373 3626 581 3679 stitium
616 3627 864 3681 aestivum
902 3641 1027 3682 cum
1072 3628 1472 3697 profectionem
1504 3645 1780 3699 pararem,
1802 3633 1951 3700 opti-

373 3733 495 3773 mus
531 3717 796 3789 Georgius
822 3719 1132 3789 laorymans
1189 3727 1246 3777 ct
1277 3720 1460 3774 medio
1511 3723 1721 3782 animo,
1779 3735 1839 3777 ut
1873 3725 1950 3780 ita

370 3809 576 3874 dicam,
593 3811 664 3865 ob
688 3826 871 3866 meum
901 3812 1206 3868 discessum
1231 3813 1410 3877 ﬁssus,
1437 3815 1615 3884 usque
1642 3815 1707 3869 ad
1731 3827 1949 3885 portum

373 3918 461 3957 me
503 3904 954 3973 prosequebatur,
991 3905 1111 3967 ubi,
1172 3920 1301 3959 cum
1363 3907 1644 3977 navigium
1698 3917 1950 3964 nostrum

369 3996 510 4049 velis
535 3997 713 4062 passis
746 3995 988 4052 secunda
1016 4004 1346 4066 tempestate
1383 3997 1440 4050 in
1478 3997 1652 4052 altum
1692 4000 1951 4068 provola-

368 4095 479 4151 ret,
499 4088 592 4140 diu
610 4089 789 4143 stabat
813 4089 988 4142 oculis
1015 4104 1098 4142 me
1123 4090 1419 4160 insequens
1441 4091 1750 4160 multasque
1775 4091 1952 4164 lacry-

373 4194 490 4232 mas
522 4179 878 4245 profundens,
911 4179 1022 4249 39
1048 4180 1223 4235 donec
1253 4195 1285 4237 e
1313 4192 1613 4250 conspectu
1643 4191 1804 4237 terrae
1827 4199 1951 4238 sen-

370 4270 473 4324 sim
501 4269 876 4339 paulatimque
910 4271 1123 4339 magnis
1155 4271 1459 4327 intervallis
1489 4273 1647 4342 quasi
1679 4275 1948 4330 receden-

2070 1153 2457 1223 ἐπηγγέλλετο.
2487 1162 2658 1216 Τοῦτο
2689 1168 2934 1239 σφοδρῶς
2958 1171 3050 1224 τὸν
3076 1175 3238 1244 σοφὸν
3264 1153 3470 1234 ἐκεῖνον
3494 1183 3648 1252 ἠνία-

2071 1263 2165 1299 σεν
2193 1247 2364 1318 ἄνδρα
2385 1289 2402 1314 ,
2438 1252 2712 1322 Γεὼργιον
2738 1259 2830 1312 τὸν
2862 1263 3111 1334 Λαπίθην
3131 1305 3147 1330 ,
3176 1267 3278 1338 οὐχ
3309 1271 3390 1324 ὅτι
3417 1247 3645 1345 τὴν-βα·

2071 1336 2278 1391 σιλείαν
2300 1340 2412 1396 ἕλοι
2437 1345 2911 1420 Καντακουζηνδς,
2939 1356 3055 1407 ἀλλ’
3075 1358 3158 1410 ὅτι
3181 1336 3440 1424 τοιούτοις
3461 1336 3645 1434 όρκοις

2069 1431 2548 1522 προκατείληπτο,
2583 1438 2804 1509 δέσμιος
2836 1447 2957 1509 ταῖς
2991 1447 3087 1500 τοῦ
3129 1450 3366 1520 Παλαμᾶ
3405 1431 3646 1522 γεγονὼς

2067 1515 2432 1584 δυσσεϐείαις.
2461 1523 2626 1578 Ὅθεν
2651 1527 2750 1591 τὰς
2779 1533 3032 1598 γενναίας
3061 1515 3526 1606 ἐκείνας-ἐλπίδας
3553 1515 3644 1598 οὑξ

2069 1606 2206 1659 τωσὶ⁵
2236 1606 2603 1681 ζημιούμενος
2632 1616 2689 1669 αἳ
2719 1619 2780 1670 τὺ
2809 1621 3068 1691 ἡδόμενον
3096 1625 3320 1681 ἔϐοσκον
3349 1632 3414 1684 ἐκ
3445 1634 3640 1688 πολλοῦ

2065 1699 2164 1793 τῆς
2193 1698 2372 1770 ψυχῆς
2392 1743 2408 1769 ,
2443 1704 2712 1774 ἤσχαλλεν
2732 1750 2748 1774 ,
2783 1711 3073 1785 ἐδυσφόρει
3094 1756 3106 1774 .
3141 1717 3371 1788 θόρυϐον
3400 1719 3514 1793 εἶχε
3546 1728 3641 1779 καὶ

2068 1789 2225 1844 σάλον
2254 1794 2595 1853 παντοδαπὸν
2626 1799 2682 1854 ἐν
2710 1799 2879 1873 ψυχῇ.
2907 1806 3137 1872 Ἠλπιζε
3168 1810 3277 1880 γὰρ
3309 1789 3640 1870 συνεκπλεύ-

2067 1897 2179 1968 σειν
2213 1883 2424 1938 ἐκεῖθεν
2457 1889 2734 1944 ἐπανιόντι
2778 1911 2869 1962 μοι
2914 1897 3076 1966 μέχρι
3114 1900 3207 1954 καὶ
3248 1902 3307 1964 ἐς
3346 1903 3639 1968 Βυζάντιον

2064 1967 2164 2037 τῆς
2199 1971 2298 2040 σῆς
2329 1971 2493 2062 ἕνεκα
2528 1976 2656 2040 θέας
2691 1980 2786 2033 καὶ
2819 1982 3069 2052 ὁμιλίας,
3102 1985 3176 2051 ὡς
3209 1967 3454 2059 ἐφθημεν
3487 1995 3638 2062 etpe-

2066 2057 2242 2122 κότες,
2274 2061 2342 2114 δι’
2367 2061 2546 2134 ἔρωτα
2582 2069 2776 2136 σοφίας
2808 2073 3077 2142 μείζονος,
3109 2057 3446 2141 ῐσωςνδιὲένκαλ⁵
3476 2057 3642 2150 ἄλλης

2064 2149 2202 2216 πρὸς
2233 2153 2444 2218 τούτοις
2479 2158 2669 2227 χρείας
2705 2160 2801 2213 καὶ
2835 2162 2964 2225 θέας
2995 2167 3168 2221 ὁπόσα
3199 2168 3298 2238 τήν
3329 2149 3640 2234 Βυζαντίων

2065 2242 2362 2310 κεκτῆσθαι
2421 2247 2576 2301 πόλιν
2625 2251 2916 2322 συμϐαίνει
2970 2257 3079 2310 τῶν
3133 2259 3310 2314 ἄλλων
3360 2261 3636 2332 ἐξαίρετα.

2062 2329 2177 2383 Νῦν
2200 2331 2244 2384 δ’
2265 2333 2323 2386 ἐν
2350 2336 2548 2402 ἀκαρεῖ
2570 2340 2828 2397 τάναντία
2855 2345 3092 2399 νικῶντα
3122 2348 3393 2418 θεώμενος
3417 2329 3641 2423 περιαλμ

2063 2423 2165 2494 γὴς
2192 2419 2291 2496 ἦν,
2322 2429 2417 2482 καὶ
2446 2430 2678 2501 ἐδάκρυε
2713 2435 2814 2505 μὲν
2844 2436 2940 2506 τὴν
2970 2439 3258 2495 εὐσέϐειαν
3285 2445 3342 2505 ἐς
3371 2419 3515 2498 οὕτω
3542 2465 3640 2500 πε-

2067 2515 2304 2584 ριφανῶς
2327 2518 2708 2575 συνελαθεῖσαν
2729 2525 3119 2594 ἐκριπισθέντα
3144 2530 3392 2585 κίνδυνον
3412 2535 3638 2604 τρόποις

2061 2605 2153 2659 τοῦ
2181 2606 2314 2661 Θεοῦ
2344 2614 2802 2692 συγχωρήσαντος
2829 2617 3186 2690 ἀπορρήτοις,
3216 2623 3447 2694 ἐδάκρυε
3475 2626 3519 2679 δ’
3545 2627 3640 2680 ἄλ-

2059 2695 2164 2759 λως
2211 2701 2304 2752 καὶ
2343 2701 2434 2756 τὸν
2477 2703 2568 2756 σὺν
2611 2705 2962 2776 ὑφορώμενος
3007 2709 3260 2775 θάνατον,
3301 2714 3363 2766 τὸ
3403 2715 3498 2767 τοῦ
3541 2716 3636 2768 σοῦ

2007 2790 2018 2796 ’
2060 2789 2201 2843 κατὰ
2235 2791 2367 2846 Θεὸν
2396 2793 2560 2863 ζήλου
2591 2797 2855 2868 διάπυρον
2885 2801 3104 2867 ἐννοῶν,
3137 2805 3230 2856 καὶ
3259 2805 3395 2874 ὅσην
3425 2807 3522 2878 τὴν
3550 2807 3637 2860 ἔν-

2061 2899 2251 2936 στασιν
2285 2885 2424 2954 ὑπὲρ
2457 2888 2564 2942 τῶν
2602 2891 2848 2962 πατρίων
2873 2893 3245 2950 ἐνδείκνυσθαι
3269 2897 3485 2968 μέλλεις
3507 2899 3634 2968 δογ-

1980 3012 2024 3072 c
2066 2975 2252 3046 μάτων
2278 2978 2404 3049 ἄχρι
2437 2980 2688 3040 Θανάτου.

2131 3068 2232 3126 1Δ⁹.
2252 3070 2361 3125 Καὶ
2384 3072 2438 3125 τί
2464 3073 2546 3127 δεῖ
2563 3075 2739 3161 πάντα
2755 3078 3009 3146 διεξιέναι
3029 3085 3152 3142 καθ’
3177 3084 3405 3152 ἕκαστα,
3419 3089 3516 3144 ὅσα
3533 3091 3635 3161 τῆς

2056 3160 2220 3232 νήσου
2245 3163 2392 3215 δυοῖν
2415 3165 2512 3235 οὐχ
2539 3160 2701 3237 ἦττον
2724 3169 2860 3222 ἐτῶν
2883 3173 3190 3244 τεθεάμεθα
3207 3218 3224 3242 ,
3247 3179 3421 3234 ὁπόσα
3445 3160 3634 3235 πόλεσί

2054 3267 2114 3303 τε
2149 3251 2243 3306 καὶ
2276 3252 2457 3322 λιμέσι
2492 3257 2589 3310 καὶ
2620 3257 2721 3312 ὅσα
2752 3259 2817 3330 δὴ
2849 3263 2970 3326 ταῖς
3007 3265 3195 3328 ἄλλαις
3229 3269 3490 3339 πρόσεστι
3523 3274 3632 3343 χώ-

2056 3361 2177 3415 ραις
2212 3345 2331 3400 ἐκεῖ
2363 3349 2431 3402 τά
2467 3350 2736 3420 χρήσιμα,
2772 3370 2883 3410 των
2917 3356 3230 3427 ἔμπροσθεν
3265 3363 3633 3420 ἀνθελκόντων

2055 3435 2203 3504 ἡμᾶς
2229 3437 2289 3489 ού
2319 3440 2532 3508 μικρῶν
2561 3440 2942 3511 ὑπχρχόντων;
2975 3449 3067 3499 Διὸ
3092 3449 3299 3502 τούτων
3327 3454 3634 3524 ἀποσχόμε-

2054 3545 2144 3594 νος
2185 3530 2446 3584 ἐπανόδου
2498 3535 2872 3606 μεμνήσομαι.
2903 3538 3064 3610 Ἀρτι
3110 3543 3291 3597 τοίνυν
3335 3547 3431 3598 τοῦ
3475 3549 3627 3615 ήλίου

2052 3625 2181 3689 περὶ
2206 3625 2413 3692 τροπὰς
2441 3629 2734 3696 γενομένου
2764 3630 2858 3692 τὰς
2889 3630 3124 3701 θερινὰς,
3154 3636 3340 3706 ἐπειδή
3374 3655 3436 3705 γε
3470 3641 3631 3694 ἀπαί-

2057 3730 2170 3781 ρειν
2197 3712 2442 3782 ἔμελλον,
2469 3716 2596 3786 ἄχρι
2627 3719 2844 3787 λιμένος
2873 3721 3078 3786 ἐκεῖνός
3111 3742 3179 3794 με
3209 3727 3575 3800 προῦπεμπεν
3600 3735 3629 3787 ὁ

2053 3805 2216 3866 καλὸς
2250 3806 2556 3874 Γεώργιος,
2589 3809 2840 3879 δακρύων
2869 3829 2927 3866 τε
2963 3817 3057 3870 καὶ
3091 3819 3265 3886 μέσην
3295 3823 3470 3876 είπεῖν
3497 3844 3629 3894 τεμ-

2052 3897 2274 3962 νόμενος
2302 3899 2399 3968 τὴν
2432 3901 2660 3970 καρδίαν
2701 3903 2889 3975 τῴ’μῷ
2919 3909 3204 3980 χωρισμῷ,
3233 3911 3375 3968 ὥστε
3409 3919 3501 3970 καὶ
3529 3921 3628 3988 τῆς

2053 3989 2087 4059 ή
2095 3989 2201 4067 μᾶς
2222 3990 2462 4059 ἀγούσης
2482 3991 2724 4057 ὁλκάδος,
2749 3996 2935 4067 ἐπειδή
2961 4016 3022 4067 γε
3045 4002 3347 4058 ἀνεπέτασε
3369 4008 3436 4061 τὰ
3463 4011 3625 4077 ἱστία,

2053 4079 2212 4150 οὔρια
2243 4081 2490 4153 ἐφιείσης
2521 4085 2615 4138 ἐπὶ
2642 4085 2697 4140 τὸ
2726 4087 2986 4156 πέλαγος,
3014 4093 3290 4164 θεώμενος
3319 4100 3504 4154 ἵστατο
3534 4103 3628 4172 μέ-

2053 4189 2146 4241 χρι
2171 4173 2368 4226 πολλοῦ
2397 4191 2485 4241 με,
2517 4176 2690 4232 πολλὰ
2713 4182 2997 4250 καταχέων
3019 4187 3088 4240 τὰ
3111 4187 3342 4259 δάκρυα.
3368 4192 3472 4255 ἕως
3497 4194 3626 4246 ἀπε-

2054 4261 2344 4332 κρύψαμεν
2385 4264 2598 4337 ἐκείνην
2639 4267 2738 4336 τὴν
2782 4271 2906 4340 γῆν,
2947 4273 3048 4344 τῆς
3093 4277 3269 4345 ὅψεως
3309 4281 3491 4348 ἡρέμα
3532 4283 3627 4335 καὶ

373 4363 442 4416 tis
472 4361 836 4416 auferremur.
868 4361 1135 4430 Prospera
1165 4361 1326 4415 nobis
1353 4363 1705 4433 contingente
1728 4355 1951 4437 naviga?

2057 4358 2190 4411 κατὰ
2235 4357 2428 4427 μικρὸν
2463 4358 2770 4431 ἐνδιδούσης
2807 4364 2864 4415 ἐν
2896 4366 3009 4428 τοῖς
3053 4369 3282 4436 μακροῖς
3324 4368 3627 4440 διαστήμαο

374 4453 520 4507 tione
546 4467 690 4506 nono
729 4451 818 4506 die
845 4450 914 4506 ad
941 4450 1160 4505 Cretam
1192 4451 1528 4519 appulimus,
1566 4452 1803 4507 insulam
1834 4454 1948 4508 tre-

371 4543 791 4613 quentissimam
838 4554 894 4596 et
919 4541 1103 4613 Cypro
1155 4540 1330 4595 multo
1361 4542 1644 4612 majorem.
1701 4543 1952 4620 Oblonga

371 4651 501 4689 vero
528 4644 613 4688 est
646 4635 855 4703 pariter
887 4641 1054 4703 atque
1087 4631 1199 4694 illa,
1242 4633 1405 4702 longa
1438 4634 1650 4690 scilicet
1704 4651 1812 4689 non
1846 4637 1944 4689 mi-

372 4741 476 4779 nus
507 4725 618 4778 duo
643 4725 810 4778 millia
843 4725 1154 4793 octingenta
1181 4725 1378 4790 stadia,
1405 4726 1698 4780 latitudine
1718 4727 1950 4781 dimidio

374 4815 546 4870 multo
574 4816 810 4869 minore.
849 4815 988 4870 Cum
1023 4831 1156 4869 vero
1187 4817 1297 4886 jam
1329 4817 1424 4870 diu
1451 4817 1817 4871 vehementer
1847 4832 1946 4872 cu-

374 4917 560 4973 perem
591 4904 963 4975 labyrinthum
995 4905 1242 4988 in'Creta
1275 4907 1454 4964 insula
1508 4906 1721 4969 videre,
1793 4907 1951 4977 isque

374 4994 535 5064 longe
568 4995 787 5050 abesset
831 5012 859 5049 a
897 5007 1060 5067 portu
1085 5001 1154 5052 ad
1185 5014 1345 5065 quem
1378 4998 1664 5068 appulsuri
1701 5013 1948 5064 eramus,

374 5089 582 5158 placuit
613 5089 746 5143 mihi
785 5100 898 5143 tum
930 5092 1220 5144 occasione
1265 5091 1390 5146 data
1454 5108 1522 5146 ex
1567 5091 1694 5148 navi
1731 5107 1952 5162 egresso

376 5181 556 5236 visere
584 5197 708 5236 eum
742 5183 831 5252 qni
860 5185 1106 5250 proxime
1131 5183 1287 5240 abest
1335 5186 1405 5238 ab
1457 5183 1596 5240 urbe
1643 5183 1861 5240 Gnosso
1893 5185 1950 5241 in

378 5275 555 5328 inedia
589 5275 763 5329 insula
788 5276 914 5330 sita.
944 5275 1320 5345 Labyrinthus
1351 5285 1538 5332 autem
1592 5286 1674 5334 est
1717 5292 1950 5333 caverna

377 5367 798 5436 spatiosissima,
825 5369 1120 5422 artiﬁciose
1153 5368 1315 5422 facta.
1347 5368 1483 5423 Cum
1509 5370 1655 5423 enim
1680 5370 1818 5438 lapis
1842 5386 1950 5426 non

381 5458 677 5512 admodum
707 5474 868 5528 asper
910 5469 1080 5524 esset,
1133 5460 1290 5514 locus
1341 5459 1620 5526 facillime,
1676 5473 1948 5530 quantum

382 5551 506 5620 quis
538 5551 921 5626 vellet,excidi
960 5552 1160 5620 putuit.
1189 5551 1404 5605 Artifex
1453 5553 1620 5621 igitur
1651 5570 1756 5607 una
1799 5564 1950 5623 porta

383 5643 830 5716 patefaclalongc
864 5644 1074 5714 lapides
1129 5643 1434 5699 excidendo
1491 5661 1815 5716 progressus
1867 5656 1953 5701 cst

2051 4465 2156 4502 σιν.
2188 4449 2458 4514 Εὑπλοίας
2487 4450 2532 4503 δ’
2555 4452 2686 4521 ἡμῖν
2717 4456 3013 4524 γενομένης
3047 4457 3281 4512 ἐναταῖοι
3313 4461 3370 4522 ἐς
3401 4462 3627 4532 Κρήτην

2051 4541 2334 4612 ἀφίγμεθα
2355 4584 2367 4606 ,
2399 4543 2561 4611 νῆσον
2591 4545 3162 4614 πολυανθρωποτάτην
3197 4551 3290 4602 καὶ
3324 4552 3498 4614 μείζω
3528 4551 3627 4620 μὲν

2053 4633 2232 4702 πολλῷ
2269 4634 2368 4703 τῆς
2412 4633 2663 4705 Κύπρου,
2708 4636 2955 4706 ἐπιμήκη
2998 4636 3042 4690 δ’
3067 4637 3266 4706 ὁμοίως
3309 4641 3493 4713 ἐκείνῃ
3534 4646 3627 4695 καὶ

2051 4725 2257 4794 ταύτην
2299 4726 2678 4796 ὑπάρχουσαν,
2729 4726 2805 4788 ὡς
2848 4723 2989 4781 εἷναι
3039 4729 3213 4798 μῆκος
3258 4733 3357 4800 μὶν
3398 4734 3630 4788 σταδίων

2054 4815 2118 4888 [ί.
2151 4816 2252 4872 104
2273 4817 2330 4890 a]
2361 4819 2530 4888 αὐτὴν
2560 4819 2659 4872 οὐκ
2687 4812 2850 4891 ἧττον
2877 4820 3214 4878 ὀκτακοσίων
3244 4825 3360 4893 ἅμα
3390 4829 3484 4881 καὶ
3514 4827 3630 4880 δισ.
3683 4895 3692 4900 ὁ

2053 4912 2270 4979 χιλίων,
2324 4910 2526 4973 πλάτος
2573 4911 2630 4968 δέ
2663 4911 2842 4983 πολλῷ
2869 4913 2964 4967 τοῦ
2995 4917 3225 4984 ήμίσεος
3252 4917 3420 4986 ἥττω.
3450 4919 3633 4988 Ἔχων

2053 5003 2097 5057 δ’
2124 5005 2186 5056 ἐκ
2223 5003 2416 5058 πολλοῦ
2450 5004 2539 5058 διὰ
2578 5007 2799 5074 μακρᾶς
2830 5006 2930 5075 τῆς
2964 5007 3203 5073 ἐφέσεως
3237 5008 3416 5076 ἔγωγε
3449 5011 3541 5063 τὸν
3574 5013 3632 5063 ἐν

2057 5096 2248 5166 Κρήτῃ
2277 5095 2601 5167 λαϐύρινθον
2628 5097 2948 5160 θεάσασθαι,
2977 5097 3168 5166 ἐπειδὴ
3197 5099 3332 5153 πολὺ
3359 5100 3451 5154 τοῦ
3481 5101 3636 5171 λιμέ-

2057 5204 2144 5248 νος
2172 5186 2232 5240 οὖ
2264 5187 2731 5256 καθωρμίσθημεν
2761 5189 3094 5258 ἀφεστήκοι,
3127 5191 3274 5272 ἔδοξέ
3309 5211 3399 5261 μοι
3434 5196 3626 5264 καιρὸν

2055 5275 2232 5344 ἔχοντι
2260 5274 2354 5327 νῦν
2384 5274 2650 5328 ἀποϐάντι
2680 5275 2977 5329 θεάσασθαι
3007 5278 3102 5331 καὶ
3133 5281 3298 5334 αὑτὸν
3322 5323 3336 5346 ,
3372 5282 3630 5335 Κνωσσοῦ

2059 5367 2345 5434 μεσογείου
2378 5366 2583 5426 πόλεως
2616 5365 2845 5434 ἔγγιστα
2873 5367 3023 5422 ὄντα.
3055 5371 3215 5423 Ἔστι
3247 5371 3291 5424 δ’
3315 5375 3342 5423 ὁ
3373 5371 3632 5438 λαϐύρινο

2057 5459 2147 5519 θος
2179 5457 2444 5525 σπήλαιον
2472 5457 2990 5526 πολυχωρητότατον
3019 5463 3297 5531 τεχνητόν.
3337 5461 3488 5513 Ἐπεὶ
3519 5463 3628 5527 γὰρ

2057 5549 2213 5620 ἔτυχε
2247 5549 2394 5610 λίθος
2425 5549 2485 5602 οὐ
2521 5550 2664 5602 πάνυ
2699 5552 2936 5620 σκληρὸς
2965 5553 3064 5623 τὴν
3092 5554 3277 5606 οὐσίαν
3311 5553 3572 5620 ὑπάρχων
3603 5553 3631 5602 ὁ

2058 5643 2240 5711 τόπος,
2267 5642 2434 5696 ἔδωκε
2463 5642 2664 5712 πολλὴν
2689 5643 2786 5713 τὴν
2812 5645 3097 5716 ῥᾳστώνην
3121 5644 3366 5710 λαξεύειν
3390 5643 3477 5711 ἐφ’
3496 5640 3627 5694 ὁπό-
