4036 6210
381 170 484 288 ἐι

1573 247 1984 312 NICEPHORI
2021 256 2400 318 GREGURE

415 331 485 392 iis
502 339 612 408 jam
640 339 889 412 impediti
920 357 1100 414 erant,
1131 353 1426 420 quominus
1458 356 1512 409 in
1538 361 1852 426 superiores
1880 380 1970 419 re-

412 425 602 493 giones
632 433 696 482 et“
734 430 912 486 lacum
957 435 1260 492 Masotidem
1322 451 1378 495 et
1413 444 1478 497 ad
1525 425 1667 501 ostia
1712 450 1973 508 Tanaidis

411 532 511 584 pro
540 534 639 572 suo
668 518 776 590 42
805 523 1038 578 arbitrio
1096 536 1260 596 atque
1306 532 1610 600 voluntate,
1670 546 1734 592 ut
1784 551 1966 607 antea,

410 608 729 674 navigarent
759 629 820 665 ac
860 615 1428 675 circumveherentur.
1495 622 1676 690 Quare
1723 643 1852 685 suas
1879 647 1972 686 co-
2071 639 2332 700 Τανάϊδος

407 698 526 764 pias
554 711 902 765 contraxere,
955 707 1262 763 triremium
1322 728 1613 770 numerum
1671 733 1967 788 auxerunt,

403 787 566 840 etiam
601 803 812 845 veteres
843 809 908 846 ex
945 798 1232 852 navalibus
1271 803 1642 875 undecunque
1665 811 1965 878 productas

403 891 570 932 naves
645 880 970 948 refecerunt,
1023 888 1295 958 simulque
1373 897 1554 950 socias
1609 901 1964 973 subditasque

3578 276 3646 338 32

2000 368 2050 427 Α
2076 386 2198 432 νους
2228 373 2486 439 δυνάμεις
2506 414 2522 437 ,
2556 374 2704 440 μέγα
2734 374 2789 428 δὲ
2824 376 2915 430 διὰ
2943 377 3102 431 τοῦτο
3133 383 3352 448 φρονεῖν
3384 382 3638 454 ἔχοντας,

2079 458 2268 510 ἔπειτα
2304 461 2451 528 παρὰ
2483 461 2638 527 δόξαν
2672 463 2762 515 ὑπ’
2787 465 3008 518 ἐκείνων
3037 466 3136 538 ήδη
3174 469 3548 538 κωλυομένους
3583 475 3640 535 ἐς

2074 547 2164 600 τὸν
2196 549 2306 601 ἄνω
2330 551 2493 603 τόπον
2522 553 2614 603 καὶ
2643 554 2740 621 τὴν
2769 556 3019 610 Μαιῶτιν
3046 559 3138 612 καὶ
3167 560 3263 621 τὰς
3293 560 3518 625 ἐκϐολὰς
3544 565 3638 619 τοῦ

2370 641 2628 695 ἀναπλεῖν
2665 645 2760 697 καλ⁷
2803 647 3086 713 περιπλεῖν
3126 651 3248 702 κατ’
3274 652 3525 716 ἐξουσίαν
3562 654 3638 717 ὡς

2071 731 2353 799 πρότερον.
2383 731 2547 786 Ὅθεν
2571 734 2724 786 αύτοί
2748 752 2808 787 τε
2835 737 2935 799 τὰς
2965 739 3170 804 οίκείας
3196 741 3448 810 ήθροιζον
3473 745 3636 799 δυνά⁶

2069 811 2218 888 μείς,
2262 823 2507 894 τριήρεις
2551 843 2608 878 τε
2657 826 2876 890 πλείους
2918 827 3027 882 τῶν
3072 831 3208 894 τέως
3252 834 3428 887 οὐσῶν
3472 854 3634 889 κατεο

2067 913 2328 980 σκεύαζον
2364 917 2454 969 καὶ
2495 917 2588 980 τὰς
2631 919 2694 972 ἐκ
2735 919 2928 971 πολλοῦ
2971 922 3404 992 νενεωλκημένας
3440 929 3633 981 καθελ-

406 970 570 1023 nrbes
633 971 1062 1052 insulasquevad
1123 985 1442 1040 certaminis
1490 990 1807 1048 societatem
1866 998 1921 1051 ad

2246 970 2264 980 .
2570 970 2586 980 .
2683 970 2689 972 -
2765 970 2794 971 η
2982 970 3605 992 κ-ν-πν--ν-..η---νσ--ν-η

2063 1003 2324 1067 κύσαντες
2377 1008 2707 1077 πανταχόθεν
2759 1010 3168 1076 ἐπεσκεύαζον,
3220 1018 3315 1069 καὶ
3366 1015 3480 1086 ἅμα
3525 1021 3626 1082 τὰς

398 1070 677 1124 vocarunt,
742 1069 800 1114 ut
856 1079 1006 1118 arma
1062 1068 1425 1141 triremesque
1456 1087 1510 1132 et
1564 1080 1768 1136 milites
1818 1085 1961 1140 clas-

394 1147 538 1202 sicos
594 1165 691 1218 pro
749 1166 843 1207 sua
897 1171 1128 1226 quaeque
1194 1161 1452 1218 facultate
1478 1170 1954 1230 conferrent.Ad-

2063 1097 2406 1166 συμμαχίδας
2439 1101 2536 1152 καὶ
2571 1100 2846 1170 ὑπηκόους
2877 1103 3061 1167 πόλεις
3095 1105 3185 1157 καὶ
3219 1107 3411 1175 νήσους
3447 1112 3504 1172 ἐς
3533 1113 3624 1164 τὸν

2059 1188 2238 1240 κοινὸν
2265 1190 2492 1242 ἐκάλουν
2521 1192 2736 1257 ἀγῶνα,
2769 1193 2906 1246 ὅπλα
2938 1196 3026 1246 κα“·.
3058 1195 3300 1266 τριήρεις
3333 1198 3422 1249 καὶ
3457 1217 3622 1268 στρα-

394 1238 841 1295 vocabantetiam
869 1260 934 1298 ex
961 1250 1184 1302 remotis
1214 1255 1528 1321 regionibus
1564 1261 1763 1317 milites
1791 1265 1921 1335 largi

394 1326 442 1358 in
479 1343 714 1358 n-mnnnn
740 1334 1024 1358 -.:----..r::~
1077 1339 1104 1358 ι.
1284 1343 1314 1358 ο.
1428 1347 1440 1358 .
1519 1348 1539 1358 -

2135 1238 2138 1239 ν
2187 1238 2226 1240 ~~
2270 1238 2483 1242 —---~-v--
2523 1238 2736 1257 "J""‘I
2772 1238 2906 1246 νυν-ν-
2940 1238 3026 1246 ἠν
3067 1238 3296 1266 ἰν-ἰι--νν
3335 1238 3422 1249 ’ν’-³
3459 1238 3621 1268 *νγ*-

2057 1278 2255 1343 τιὼτας
2281 1284 2594 1352 ναυμάχους
2623 1286 3079 1355 συνεισφερούσας
3107 1289 3249 1340 κατὰ
3276 1288 3373 1358 τὴν
3399 1291 3622 1345 ἐνοῦσαν

391 1326 442 1378 in
477 1343 716 1394 praesens
740 1334 1048 1402 stipendiis,
1077 1339 1405 1408 largioribus
1427 1347 1480 1400 in
1515 1348 1762 1406 futurum
1791 1358 1950 1423 polli-

386 1415 766 1487 citationibus,
794 1441 916 1478 cum
948 1429 1085 1483 alios
1124 1441 1235 1484 tum
1270 1434 1580 1500 Catalanos,
1608 1444 1702 1510 qui
1735 1447 1802 1498 ad
1827 1447 1955 1502 Gal-

387 1507 550 1561 licum
583 1526 730 1567 mare
762 1515 991 1573 inferius
1033 1521 1357 1589 incolentes,
1416 1530 1506 1584 ubi
1561 1534 1944 1603 Pyrenaeorum

385 1599 652 1654 montium
689 1605 858 1670 pedes
885 1611 1136 1677 proxime
1182 1614 1464 1681 desinunt,
1528 1599 1733 1679 ferocia
1780 1636 1946 1700 atque

2056 1369 2259 1442 ἑκάστῃ
2287 1371 2535 1441 δύναμιν.
2567 1375 2936 1430 Συνεκάλεσαν
2961 1378 3007 1430 δ’
3030 1375 3124 1430 οὖν
3150 1380 3241 1431 καὶ
3267 1382 3376 1432 τῶν
3404 1385 3620 1453 πόρρω·

2057 1459 2147 1514 θεν
2171 1463 2356 1531 ἁϐροῖς
2387 1464 2487 1534 μὲν
2511 1468 2602 1520 καὶ
2629 1469 2728 1537 ήδη
2761 1470 3128 1540 μισθώμασιν,
3152 1473 3479 1542 ἁδροτέραις
3499 1477 3544 1530 δ’
3565 1478 3620 1540 ἐς

2053 1551 2114 1604 τὸ
2149 1553 2340 1620 μέλλον
2371 1557 2758 1624 ἐπαγγελίαις,
2792 1561 2985 1623 ἄλλους
3016 1580 3074 1614 τε
3111 1565 3202 1615 καθ.
3237 1565 3580 1630 Κατελάνους
3599 1609 3616 1631 ,

2052 1644 2101 1696 οἳ
2131 1644 2370 1714 ῷκηνται
2403 1648 2552 1702 κάτω
2581 1650 2732 1717 παρὰ
2761 1651 2859 1719 τὴν
2892 1652 3154 1723 Γαλλικὴν
3185 1655 3477 1722 θάλασσαν,
3509 1660 3615 1729 δτι-η

383 1689 583 1746 virtute
615 1694 804 1750 bellica
849 1701 966 1754 sive
1003 1707 1202 1772 prarliis
1236 1713 1590 1769 terrestribus
1616 1717 1729 1772 sive
1754 1723 1917 1792 pugni

383 1785 664 1814 nouam“...
705 1791 1002 1814 -..|.:|,-_,:-
1150 1799 1203 1814 ι..
1237 1801 1254 1814 .
1319 1803 1350 1814 Α.
1667 1809 1682 1814 _

2020 1701 2022 1713 Ι
2056 1689 2099 1696 --
2134 1689 2370 1714 τ--.,,....
2404 1689 2551 1702 ...η-υ,
2587 1689 2732 1717 ..ν-γ...
2770 1689 2856 1719 ..μ
2893 1689 2908 1702 ι
2931 1689 3153 1723 unauna“:
3185 1689 3477 1722 νυυμιυυυιν,
3509 1689 3615 1729 tnui

2020 1723 2024 1739 ’
2051 1733 2158 1786 τῶν
2190 1735 2511 1804 Πυρηναίων
2543 1738 2685 1808 ὀρῶν
2715 1740 2762 1792 οί
2797 1742 2956 1803 πόδες
2987 1747 3220 1811 ἄγχιστα
3251 1745 3528 1814 λήγουσιν.
3559 1752 3615 1810 ἐς

380 1785 667 1841 navalibus
701 1791 1033 1858 exhibenda,
1070 1799 1206 1852 nulli
1237 1801 1555 1859 Latinorum
1587 1785 1812 1865 cedunt.

381 2109 384 2112 ς
448 2046 583 2104 ΧΙΙΙ.
614 2053 748 2108 Cum
782 2057 949 2126 igitur
997 2061 1135 2118 hanc
1199 2068 1271 2121 ob
1300 2084 1520 2124 causam
1573 2075 1738 2129 etiam
1767 2077 1931 2135 Creta

375 2142 610 2196 tumultu
641 2147 956 2204 turbaretur
977 2164 1030 2206 et
1057 2171 1331 2211 armorum
1354 2162 1631 2237 sociorum
1663 2170 1938 2224 omnium-

370 2247 476 2300 que
503 2250 683 2290 rerum
717 2240 784 2292 ad
814 2241 1054 2297 hostium
1109 2247 1454 2306 incursiones
1505 2258 1776 2313 arcendas
1812 2263 1936 2316 ido-

372 2337 597 2378 nearum
659 2343 920 2398 apparatu
987 2338 1143 2404 quasi
1176 2350 1590 2413 concuteretur,
1645 2349 1772 2405 inde
1808 2369 1936 2410 vere

372 2411 596 2470 ineunte
631 2419 762 2479 abii.
799 2435 964 2491 atque
999 2428 1222 2484 sinistra
1269 2432 1546 2492 Salamine
1590 2440 1764 2495 insula
1795 2459 1933 2512 pra:-

369 2506 638 2568 tcrmissa,
682 2510 772 2564 ubi
809 2513 1205 2574 Themistocles
1233 2521 1452 2580 Neoclis
1480 2527 1624 2582 ﬁlius
1650 2534 1928 2600 quondam

365 2599 550 2664 copias
586 2603 806 2657 navales
836 2605 1125 2663 Persarum
1161 2613 1489 2672 demersisse
1517 2619 1740 2688 dicitur,
1765 2636 1821 2680 et
1847 2629 1931 2683 in-

363 2677 532 2753 sulas,
559 2707 696 2760 quas
730 2695 993 2765 Cyclades
1023 2715 1243 2766 vocant,
1271 2718 1685 2782 praetervectus,
1714 2717 1779 2771 ad
1821 2719 1928 2774 Eu-

363 2777 536 2832 boeam
584 2782 818 2839 insulam
855 2791 1036 2856 appuli
1061 2793 1168 2858 jam
1224 2797 1425 2852 multos
1486 2817 1660 2858 annos
1696 2806 1924 2864 Venetis

357 2869 650 2926 subditam.
687 2875 802 2940 Qua
839 2877 893 2930 in
930 2880 1105 2936 insula
1139 2900 1262 2938 cum
1302 2887 1520 2958 longius
1568 2903 1782 2964 tempus
1811 2901 1920 2973 43

355 2967 680 3018 commorari
715 2971 1143 3039 constituissem,
1173 2993 1451 3036 armorum
1477 2985 1714 3060 bellique
1739 3008 1912 3063 appa-
1944 3021 1989 3081 ο

355 3061 472 3081 ,διοι-
530 3054 583 3081 2..
612 3071 769 3081 -..μη
801 3075 969 3081 ----.-.-.
991 3078 1006 3081 _
1050 3074 1085 3081 ν.
1154 3067 1187 3081 μ
1482 3077 1495 3081 -
1604 3080 1609 3081 ,

354 3061 496 3113 ratu,
530 3054 584 3108 in
609 3071 770 3125 quem
798 3075 1014 3115 summo
1042 3067 1226 3120 studio
1260 3082 1423 3140 atque
1448 3054 1731 3136 alacritate
1753 3086 1916 3141 etiam

354 3142 694 3203 Eubmcnses
745 3151 1140 3221 incubuerunt,
1181 3176 1211 3214 ε
1253 3168 1537 3234 pr0posito
1569 3171 1911 3235 deterrebar.

351 3233 514 3288 Fama
547 3237 692 3292 enim
733 3251 872 3305 erat,
923 3245 1144 3318 jamjam
1197 3253 1448 3312 triremes
1509 3275 1576 3314 ex
1613 3263 1801 3320 Genua
1833 3268 1916 3322 in-

351 3324 486 3380 festo
513 3327 716 3397 impetu
749 3328 803 3386 in
834 3350 930 3390 eos
962 3340 1314 3412 navigaturas
1343 3363 1488 3406 esse.
1527 3351 1711 3418 Quare
1756 3357 1912 3414 brevi

349 3421 592 3485 tempore
629 3431 737 3476 tota
766 3425 940 3480 insula
978 3432 1311 3498 perlustrata
1343 3452 1402 3495 et
1439 3444 1696 3513 urbibus,
1728 3466 1908 3518 quan-

350 3513 467 3559 tum
497 3507 617 3563 ﬁeri
650 3514 848 3580 potuit,
893 3516 1105 3584 invisis,
1157 3526 1224 3578 ad
1270 3527 1650 3603 Artemisium,
1682 3507 1911 3597 Euboea:

347 3603 781 3662 promontorium
861 3614 1330 3681 septentrionale,
1423 3625 1700 3692 profectus
1760 3646 1906 3688 sum.

343 3686 496 3744 Unde
527 3707 648 3746 cum
667 3695 776 3764 jam
807 3703 1033 3767 provehi
1068 3708 1290 3776 vellem,
1315 3713 1507 3770 classis
1539 3718 1778 3776 hostium
1809 3725 1906 3780 de-

339 3783 515 3835 currit
565 3801 760 3856 meque
811 3805 839 3843 a
873 3793 1212 3858 profectione
1267 3804 1571 3870 prohibuit.
1630 3810 1906 3872 Triremes

339 3872 485 3926 enim
513 3874 834 3935 Genuenses
864 3888 1282 3952 quatuordecim
1311 3895 1604 3952 celerrimo
1635 3917 1802 3958 cursu
1834 3906 1901 3960 ad

336 3960 578 4032 Oropum
605 3978 661 4023 et
686 3971 936 4028 Aulidem
969 3980 1312 4047 appellentes
1345 3987 1449 4041 sub
1481 3987 1644 4045 linem
1698 3999 1904 4054 aestatis

337 4057 839 4122 conspiciebantur.
872 4064 1019 4120 inter
1050 4068 1214 4124 hasce
1240 4075 1386 4128 enim
1412 4077 1580 4133 urbes
1604 4084 1768 4150 paulo
1791 4102 1904 4141 me-

339 4142 533 4199 ridiem
563 4162 758 4205 versus
785 4155 917 4210 sitas
946 4167 1142 4225 portus
1171 4173 1255 4219 est
1280 4165 1566 4239 oblongus,
1595 4142 1686 4238 qui
1711 4191 1902 4245 quam—

335 4248 552 4302 cunque
579 4244 919 4307 tempestatis
967 4248 1052 4300 vel
1093 4252 1579 4314 turbulentissimae
1618 4244 1898 4322 vimcon-

337 4327 571 4393 temnit;
605 4328 662 4382 in
693 4345 818 4386 eum
848 4334 1015 4404 igitur
1057 4343 1218 4396 modo
1250 4345 1436 4402 hostes
1481 4350 1683 4409 invecti
1719 4369 1893 4415 erant.
1929 4344 1973 4399 ι)

333 4413 560 4471 Postero
591 4429 776 4476 autem
810 4423 900 4479 die
968 4429 1186 4498 triginta
1234 4447 1473 4504 quatuor
1527 4443 1780 4502 triremes
1801 4449 1898 4506 Ve-

328 4606 430 4653 cta:
457 4613 650 4669 portus
707 4605 963 4665 faucibus
1003 4611 1316 4672 interclusis
1364 4620 1678 4683 Genuiticas
1726 4646 1893 4686 naves

331 4693 654 4760 necopinato
673 4701 831 4766 quasi
861 4703 964 4756 reti
984 4705 1296 4764 cinxerunt.
1329 4711 1408 4767 Ex
1433 4717 1635 4784 quibus
1652 4731 1890 4788 quatuor

328 4797 496 4838 naves
521 4789 701 4842 statim
728 4792 861 4846 velis
889 4796 1082 4861 passis,
1129 4803 1284 4868 quasi
1333 4805 1576 4862 alearum
1603 4811 1773 4879 jactui
1831 4827 1890 4866 re

325 4877 639 4944 commissa,
663 4891 858 4948 aperto
928 4887 1174 4953 periculo
1222 4893 1454 4948 dubium
1507 4899 1884 4966 praeferentes,

325 4967 564 5024 hostium
594 4971 832 5039 gladium
863 4978 1350 5053 subterfugeruut;
1403 4990 1645 5058 reliquas
1703 5002 1884 5048 autem

322 5074 487 5114 naves
515 5064 701 5129 paucis
730 5068 996 5136 exceptis,
1037 5073 1128 5137 qui
1162 5073 1215 5127 in
1244 5080 1618 5136 continentem
1649 5086 1885 5140 exsilue-

321 5161 468 5218 rnnt,
508 5172 699 5211 omnes
720 5173 842 5212 cum
870 5161 1185 5221 hominibus
1212 5168 1399 5224 Veneti
1429 5185 1694 5243 ceperunt
1719 5194 1880 5234 manu

317 5242 424 5315 44
453 5261 560 5298 non
581 5260 834 5304 conserta
861 5267 1038 5323 neque
1071 5273 1246 5326 pugna
1272 5263 1448 5316 navali
1483 5269 1791 5323 commissa.
1816 5272 1882 5326 Et

319 5338 430 5391 ha-c
458 5340 680 5407 quidem
714 5359 796 5395 res
827 5348 903 5401 sic
937 5364 992 5402 se
1017 5349 1132 5404 fere
1181 5353 1274 5407 illo
1329 5365 1572 5424 tempore
1624 5361 1878 5421 habebat.

318 5426 614 5484 Przefectus
640 5443 822 5487 autem
859 5439 1048 5492 classis
1081 5440 1302 5496 Venetae
1362 5456 1716 5516 posteaquam
1771 5462 1876 5506 tam

317 5534 578 5589 prospere
611 5539 697 5578 res
724 5526 1060 5594 ceciderunt,
1096 5533 1314 5589 Euboan:
1347 5538 1673 5604 rationibus,
1701 5559 1877 5611 quau-

316 5618 429 5664 tum
458 5617 689 5671 maxime
725 5616 840 5673 fieri
876 5623 1072 5698 potuit,
1101 5625 1389 5694 ordinatis,
1426 5632 1655 5689 navibus
1683 5637 1876 5692 solutis

2049 1824 2250 1892 τόλμαν
2284 1822 2604 1896 πολεμικὴν,
2641 1830 2738 1898 ὅση
2775 1846 2835 1883 τε
2873 1833 3213 1900 ήπειρωτικὴ
3251 1835 3346 1886 καὶ
3379 1835 3476 1902 ὅση
3513 1835 3609 1888 θα-

2048 1914 2296 1978 λάττιος,
2340 1916 2450 1968 τῶν
2497 1920 2780 1988 πρωτείων
2829 1921 3006 1975 οὐδέσι
3053 1924 3298 1976 Λατίνων
3347 1943 3608 1997 παραχω-

2050 2004 2299 2076 ροῦντας.

2114 2100 2211 2154 ΙΓ’.
2252 2101 2402 2154 Ἐπεὶ
2431 2102 2562 2170 γοῦν
2585 2105 2672 2158 διὰ
2697 2106 2867 2160 ταῦτα
2899 2109 2991 2161 καὶ
3023 2110 3210 2180 Κρήτη
3240 2111 3468 2179 θόρυϐον
3492 2111 3603 2181 εἶχε

2041 2195 2135 2244 καὶ
2164 2193 2238 2254 ὡς
2268 2194 2442 2246 εἰπεῖν
2471 2196 2674 2250 ἐσείετο
2706 2200 2874 2262 πᾶσα,
2905 2201 3430 2270 παρασκευαζομένη
3467 2205 3600 2270 πρὸς

2038 2279 2174 2333 ὅπλα
2211 2286 2534 2352 συμμαχικά
2564 2303 2621 2340 τε
2657 2288 2750 2341 καλ⁸
2783 2289 2881 2340 ὅσα
2914 2289 3021 2340 τῶν
3053 2290 3364 2358 πολεμικῶν
3399 2292 3600 2358 ἐφόδων

2037 2375 2174 2426 είσὶν
2224 2376 2620 2444 ἀποτρεπτικὰ,
2678 2379 2990 2447 μετέϐαινον
3040 2381 3248 2434 ἐκεῖθεν
3294 2384 3597 2452 ἀρχομένου

2032 2464 2127 2518 τοῦ
2161 2461 2296 2536 ἦρος
2317 2507 2330 2530 ,
2365 2469 2456 2521 καὶ
2490 2469 2646 2536 ἀφεὶς
2679 2470 2931 2539 εὐώνυμα
2966 2473 3238 2542 Σαλαμῖνα
3269 2473 3366 2544 τὴν
3397 2476 3594 2544 νῆσον,

2032 2556 2158 2609 ἔνθα
2190 2557 2554 2627 Θεμιστοκλέα
2584 2561 2673 2612 τὸν
2701 2561 2996 2625 Νεοκλέους
3028 2565 3230 2617 ἐκεῖνον
3261 2565 3426 2619 πάλαι
3459 2568 3593 2635 φασὶ

2029 2647 2127 2717 τὴν
2156 2650 2262 2701 τῶν
2293 2651 2514 2718 Περσῶν
2546 2651 2758 2721 ἐκείνην
2786 2655 3044 2725 ναυτικὴν
3075 2658 3473 2713 καταϐαπτίσαι
3501 2660 3592 2711 δύο

2028 2751 2211 2804 ναμιν,
2259 2738 2454 2805 νήσους
2501 2757 2558 2791 τε
2607 2740 2672 2799 ἃς
2716 2741 3001 2805 Κυκλάδας
3046 2747 3178 2812 φασὶ
3222 2748 3591 2815 παραλλάξας,

2029 2825 2367 2880 κατέπλευσα
2412 2830 2468 2891 ἐς
2511 2828 2742 2882 Εὔϐοιαν
2784 2834 2882 2900 τήν
2924 2833 3106 2900 νῆσον,
3149 2835 3386 2904 ὑπήκοον
3426 2834 3590 2893 οὖσαν
3663 2880 3669 2888 .

2027 2917 2327 2981 Βενετικοῖς
2374 2920 2508 2972 ἐτῶν
2555 2922 2653 2992 ήδη
2706 2925 2947 2994 μακρῶν.
2999 2927 3103 2978 Καί
3156 2945 3221 2996 με
3269 2929 3585 2997 βουλόμενον

2025 3008 2242 3060 πλείονα
2286 3011 2474 3077 χρόνον
2518 3013 2850 3083 ἐνδιατρῖψαι
2893 3015 3062 3086 ταύτῃ
3107 3021 3139 3087 ἡ
3189 3019 3294 3071 τῶν
3339 3023 3584 3076 Εὐϐοέων

2019 3099 2322 3152 ἀνέστειλεν
2364 3101 2612 3170 ἀσχολία,
2658 3105 2826 3174 πολλή
2871 3123 2953 3167 τις
2997 3103 3131 3160 οὖσα
3175 3111 3266 3162 καὶ
3310 3111 3446 3180 αὕτη
3493 3116 3584 3167 καὶ

2021 3188 2164 3255 μάλα
2193 3188 2254 3252 γέ
2282 3207 2332 3242 τι
2361 3191 2876 3262 κατεσπουδασμένη
2913 3196 3047 3263 πρὸς
3077 3197 3256 3251 ὃπλων
3283 3203 3370 3253 καὶ
3405 3203 3583 3272 μάχης

2017 3281 2368 3348 παρασκευήν
2393 3297 2408 3312 ο
2446 3280 2659 3350 μέλλειν
2691 3282 2798 3353 γὰρ
2837 3283 2914 3355 [ί.
2951 3286 3053 3339 105
3089 3287 3158 3358 αἶ
3218 3290 3342 3342 ὅσον
3374 3292 3582 3346 οὐδέπω

2014 3363 2170 3431 λόγος
2191 3362 2258 3435 ἦν
2284 3368 2545 3435 πολεμίας
2572 3371 2633 3422 ἐκ
2660 3370 2925 3435 Γεννούας
2949 3375 3035 3426 ἐπ’
3055 3376 3249 3438 αὐτοὺς
3274 3382 3579 3435 καταπλεύ-

2015 3475 2128 3510 σειν
2171 3462 2435 3528 τριήρειῖ.
2472 3462 2635 3515 Ὅθεν
2679 3464 2736 3516 ἐν
2782 3464 2974 3536 βραχεῖ
3015 3468 3112 3539 τὴν
3154 3471 3319 3538 νῆσον
3365 3474 3579 3543 ἐκείνην

2012 3550 2180 3602 ἐλθὼν
2214 3552 2309 3602 καὶ
2355 3554 2773 3622 περισκοπήσας
2813 3556 3064 3619 ἃπασαν,
3099 3561 3194 3612 καὶ
3225 3561 3324 3623 τὰς
3365 3564 3579 3634 ἐκείνης

2008 3641 2131 3692 ὅσον
2157 3643 2281 3710 ἐξῆν
2303 3644 2596 3714 ἱστορήσας
2623 3645 2823 3709 πόλεις,
2849 3639 2983 3717 ἧκον
3007 3650 3096 3700 ἐπὶ
3120 3651 3178 3703 τὸ
3208 3652 3570 3722 Ἀρτεμίσιον,

2011 3732 2220 3802 βόρειον
2261 3735 2431 3805 ἄκρον
2471 3737 2723 3798 Εὐϐοίας.
2770 3739 3038 3793 Κάκεῖθεν
3081 3742 3235 3805 αὖθις
3275 3745 3571 3827 ἀνάγεσθαι

2009 3821 2331 3893 βουλόμενον
2357 3827 2588 3897 ἐπέσχεν
2618 3825 2878 3898 ἐξαίφνης
2907 3831 2940 3900 ή
2969 3831 3079 3884 τῶν
3111 3821 3392 3903 πολεμίων
3411 3857 3576 3894 κατα-

2007 3913 2285 3967 πλεύσασα
2323 3915 2572 3983 δύναμις.
2606 3919 2866 3989 Τριήρεις
2905 3923 3013 3991 γὰρ
3054 3925 3418 3982 Γεννουῖτικαὶ
3449 3947 3572 3984 τεο·

2007 4005 2404 4074 σαρεσκαίδεκα
2427 4005 2682 4074 λήγοντος
2704 4009 2896 4079 θέρους
2918 4011 3174 4083 ὤφθησαν
3193 4017 3292 4086 τὴν
3311 4022 3570 4090 ταχίστην

2003 4093 2062 4153 ἐς
2098 4095 2338 4163 Ὠρωπὸν
2381 4096 2476 4146 καὶ
2521 4096 2716 4150 Αὐλίδα
2763 4102 3148 4166 καταίρουσαι.
3197 4109 3414 4173 Μεταξὺ
3462 4112 3568 4197 γδιρ

2002 4188 2120 4238 ταῖν
2168 4187 2314 4239 δυοῖν
2358 4187 2589 4242 ταύταιν
2635 4192 2961 4263 νοτιωτέραν
3002 4195 3101 4266 τὴν
3145 4199 3293 4250 θέσιν
3334 4187 3568 4270 ἐχουσῶν

2003 4277 2111 4329 τῶν
2146 4278 2353 4331 πόλεων
2386 4280 2532 4333 ἔστιν
2565 4283 2842 4352 ἐπιμήκης
2884 4285 3051 4356 λιμὴν
3079 4327 3094 4349 ,
3137 4291 3314 4342 πᾶσαν
3353 4292 3563 4359 ἀνέμων

2002 4368 2276 4437 χλευάζων
2311 4369 2484 4440 βίαιον
2519 4372 2766 4443 κίνησιν,
2805 4377 2862 4435 ἐς
2901 4375 2961 4428 δν
2992 4378 3192 4444 ἀρτίως
3230 4379 3561 4434 ἐσέπλευσαν

1996 4460 2043 4511 oi
2076 4459 2342 4530 πολέμιοι.
2375 4463 2480 4515 Καὶ
2511 4463 2627 4532 ἅμα
2655 4466 2712 4526 ἐς
2739 4464 2836 4535 τὴν
2863 4466 3154 4537 ὑστεραίαν
3178 4469 3436 4540 τέσσαρες
3466 4474 3559 4524 καὶ

1994 4550 2289 4617 τριάκοντα
2314 4554 2560 4622 τριήρεις
2589 4554 2896 4620 Βενετικαὶ,
2928 4557 3027 4618 τὰς
3059 4557 3316 4625 πολεμίας
3346 4562 3559 4625 ἐκείνας

1994 4640 2058 4692 ἐκ
2103 4641 2304 4694 πολλοῦ
2345 4644 2703 4713 ναυλοχοῦσαι
2725 4687 2739 4711 ,
2774 4647 3117 4702 ἐπέπλευσαν
3149 4666 3208 4701 τε
3249 4653 3339 4704 καὶ⁵
3370 4653 3429 4706 τὸ
3460 4656 3554 4707 τοῦ

1992 4730 2208 4801 λιμένος
2240 4733 2477 4801 ἔφραξαν
2511 4736 2704 4804 στόμα.
2733 4738 2854 4789 Τῶν
2881 4738 2974 4791 οὖν
3005 4740 3387 4794 Γεννουῖτικῶν
3418 4746 3554 4798 νεῶν

1988 4825 2064 4889 ὼς
2103 4829 2162 4880 ἐν
2201 4827 2401 4898 δικτύῳ
2443 4830 2594 4899 παρὰ
2634 4830 2788 4893 δόξαν
2825 4831 2924 4900 ήδη
2973 4824 3456 4898 συγκλεισθεισῶν,
3496 4840 3553 4890 αἱ

1991 4914 2093 4982 μὲν
2122 4914 2384 4986 τέσσαρες
2416 4917 2577 4979 εὐθὺς
2608 4920 3015 4973 ἀναπετάσασαι
3045 4921 3112 4972 τὰ
3147 4922 3306 4983 ἱστία,
3337 4927 3426 4978 καὶ
3461 4946 3555 4980 κα-

1989 5002 2164 5073 θάπερ
2193 5005 2250 5057 ἐν
2281 5004 2593 5069 κύϐοιςτοῦ
2626 5008 2932 5076 προφανοῦς
2960 5009 3051 5062 τὸν
3081 5011 3553 5083 ἀμφιϐαλλόμενον

1987 5092 2340 5163 ἀνθελόμεναί
2382 5113 2443 5148 τε
2492 5099 2587 5148 καὶ
2634 5099 3000 5168 ἀναῤῥίψασαι
3050 5103 3316 5169 κίνδυνον,
3365 5107 3552 5161 ἔλαθον

1985 5184 2290 5247 οὐτωσὶκτὸ
2336 5186 2590 5255 πολέμιον
2635 5189 2912 5257 διαδρᾶναι
2960 5189 3145 5259 ξίφος·
3190 5195 3290 5258 τὰς
3334 5215 3396 5265 γε
3445 5200 3552 5267 μὴν

1984 5275 2323 5341 ἐπιλοίπους,
2359 5276 2499 5347 πλὴν
2531 5277 2725 5345 ὀλίγων
2760 5279 2970 5348 ἀνδρῶν
3006 5284 3061 5344 ἐς
3093 5284 3192 5350 τὴν
3227 5287 3422 5356 χέρσον
3456 5291 3547 5341 ὲκ-

1983 5365 2406 5436 πεπηδηκότων,
2439 5368 2767 5437 αὐτάνδρους
2796 5369 3017 5434 ἁπάσας
3048 5370 3191 5427 εἶλον
3226 5379 3352 5444 πρὶν
3382 5379 3542 5446 ἄρξαι

1981 5459 2180 5523 χειρῶν
2206 5459 2298 5509 καὶ
2329 5458 2647 5526 ναυμαχίας.
2677 5459 2783 5510 Καὶ
2807 5461 2979 5514 ταῦτα
3009 5464 3107 5531 μὲν
3137 5467 3254 5533 τῇδέ
3283 5484 3354 5533 πη
3386 5468 3539 5536 ἔσχεν

1980 5549 2095 5600 ἐκεῖ
2129 5552 2250 5601 κατ’
2276 5552 2480 5601 ἐκεῖνον
2511 5549 2602 5600 τὸν
2637 5551 2826 5619 χρόνον
2853 5568 2866 5581 ⁸
2899 5553 2926 5605 ὃ
2959 5571 3022 5622 γε
3061 5557 3165 5624 μὴν
3195 5557 3286 5609 τοῦ
3327 5560 3538 5613 Βενετι-

1979 5639 2077 5692 κοῦ
2126 5639 2313 5693 στόλου
2359 5639 2648 5711 ναύαρχος,
2695 5644 2751 5706 ἐς
2797 5643 2951 5696 τοῦτο
2994 5645 3160 5715 τύχης
3205 5647 3536 5716 ἐληλυθότων
