4036 6210
320 390 390 451 33
1339 379 1782 442 ΒΥΖΑΝΤΙΝιΕ
1821 379 1906 439 ΠΙ

2016 377 2208 439 DRLE
2248 379 2392 440 LiB.
2437 378 2614 440 XXV.
3503 385 3575 448 34

321 497 469 567 αῦτῷ
503 495 612 549 τῶν
645 494 990 565 πραγμάτων
1011 532 1026 558 ,
1063 493 1132 547 τά
1167 511 1221 548 τε
1262 492 1389 561 περὶ
1422 493 1524 561 τὴν
1559 491 1790 546 Εὔϐοιαν
1825 488 1901 552 ὡς

2016 490 2145 544 velis
2172 490 2350 559 plenis
2382 491 2509 545 inde
2576 495 2726 544 recta
2761 487 3079 560 Byzantium
3130 506 3320 547 versus
3349 509 3574 550 cursum

324 590 456 656 ἐνῆν
485 587 811 657 διῳκήσατο,
843 586 938 639 καὶ
967 584 1082 654 ἅμα
1113 585 1382 654 πλήρεσιν
1413 583 1608 645 ἱστίοις
1639 581 1809 642 λύσας
1838 579 1900 644 ἐξ

328 678 555 738 Ευϐοἰας
587 674 799 744 ἀνήχθη
829 673 959 726 εὐθὺ
992 673 1288 736 Βυζαντίου
1325 670 1646 738 ποιούμενος
1676 667 1776 738 τὴν
1806 683 1902 720 πο-

331 768 505 835 ρείαν.
543 765 692 816 Ἐπεὶ
723 762 780 816 δὶ
820 760 1024 830 μεταξὺ
1053 759 1347 829 γεγένηταί
1379 760 1427 812 οί
1461 758 1651 827 μαθεῖν
1681 757 1738 809 έν
1769 757 1903 808 Θεσ-

329 855 586 925 σαλονίκῃ
613 853 912 923 διατρίϐειν
937 853 1028 906 τὸν
1055 851 1299 923 βασιλέα,
1325 852 1600 920 τέσσαρας
1628 847 1738 901 τῶν
1764 847 1900 900 νεῶν

325 947 732 1016 ἀπολεξάμενος
778 945 868 998 καὶ
911 944 1021 997 τῶν
1068 944 1306 1013 μάλιστά
1346 944 1394 995 οί
1439 941 1775 996 πιστοτάτων
1820 939 1901 992 ἐνὶ

331 1038 638 1109 παραδοὺς,
671 1035 1077 1108 πρεσϐεύσοντα
1105 1036 1314 1105 πέμπει
1346 1035 1479 1105 πρὸς
1512 1033 1740 1104 βασιλέα
1773 1033 1902 1102 περὶ

328 1128 651 1198 συμμαχίας
694 1129 836 1181 κατὰ
878 1127 988 1181 τῶν
1034 1126 1228 1180 κοινῶν
1273 1125 1507 1197 ἐχθρῶν.
1552 1125 1725 1187 Αὐτὸς
1769 1125 1814 1176 δ’
1844 1127 1901 1185 ἐς

326 1221 618 1280 Βυζάντιον
669 1219 890 1290 ἧλαυνε,
937 1219 1295 1290 καρτερήσων
1341 1218 1442 1289 τὴν
1488 1220 1584 1271 τοῦ
1634 1217 1900 1286 βασιλέως

325 1312 532 1381 ἄφιξιν.
1496 1365 1500 1370 ,

399 1403 499 1457 ω’.
559 1401 732 1463 Αὐτὸς
762 1401 809 1456 δ’
847 1401 914 1456 ἂν
948 1400 1147 1469 εἰδείης
1185 1399 1394 1471 βέλτιον
1424 1399 1560 1472 ιμοῦ
1610 1400 1680 1455 τά
1723 1400 1880 1470 ἑξῆς,

328 1493 491 1556 αὑτός
519 1511 578 1545 τε
605 1491 796 1560 παρὼν
841 1493 1149 1562 γινομένοις
1179 1494 1271 1546 καὶ
1301 1492 1538 1562 βλέπων,
1570 1492 1664 1545 καὶ
1695 1492 1902 1560 σφόδρα

326 1587 416 1640 δίά
438 1585 672 1655 σπουδῆς
693 1585 763 1637 τά
786 1585 1006 1637 τοιαῦτα
1044 1584 1386 1654 συγγράφειν
1408 1583 1568 1653 ἔχων.
1619 1583 1763 1652 Ἐγὼ
1788 1585 1900 1655 γὰρ

329 1681 456 1738 τοῦς
487 1679 544 1729 ὲν
587 1677 826 1747 θαλάττῃ
861 1679 1002 1740 τέως
1034 1675 1223 1740 δεδιὼς
1253 1677 1515 1746 θορύϐους
1550 1678 1688 1731 κατά
1715 1678 1898 1748 χώραν

337 1770 521 1834 μένειν
552 1768 741 1838 ἔκρινα
776 1771 887 1822 δεῖν
915 1770 974 1821 ὲν
1021 1768 1221 1838 καιρῷ.
1262 1768 1394 1821 Ὀτε
1425 1769 1489 1836 δὴ
1523 1769 1614 1820 καὶ
1645 1768 1743 1830 τὰς
1770 1769 1900 1820 Γεν-

339 1861 616 1923 νουῖτικάς
649 1861 862 1921 ὲκείνας
884 1860 1149 1929 τέσσαρας
1172 1860 1421 1929 τριήρεις
1439 1859 1905 1929 παλινδρομούσας

336 1951 672 2020 ἐθεασάμην,
718 1951 772 2004 αῖ
820 1953 1106 2019 διαφυγεῖν
1143 1950 1520 2021 ἐδυνήθησαν,
1562 1949 1638 2012 ὡς
1668 1951 1908 2021 εἰρήκει-

335 2057 463 2107 μεν,
505 2043 596 2093 τὸν
629 2041 735 2110 πρὸ
789 2040 1020 2110 βραχέος
1075 2041 1282 2093 ἐκεῖνον
1340 2040 1623 2105 κίνδυνον,
1672 2039 1798 2107 μίαν
1835 2056 1906 2092 «τε

332 2132 471 2184 κατά
513 2133 575 2184 τὸ
605 2131 826 2201 λεληθὸς
854 2133 964 2185 τῶν
1008 2133 1269 2202 παράλων
1308 2132 1534 2195 έλούσας
1572 2132 1909 2186 πλουσιωτά-

332 2242 434 2291 την
465 2225 691 2287 Εὑϐοίας
721 2224 898 2286 πόλιν,
933 2225 1026 2278 καὶ
1056 2224 1681 2296 ἐξανδραποδισαμένους
1711 2227 1774 2278 ἐκ
1813 2225 1907 2278 τοῦ

335 2317 627 2384 αἰφνιδίου,
657 2317 748 2370 καὶ
784 2317 1187 2387 άπεληλυθυίας
1236 2317 1401 2380 εὐθὺς
1433 2315 1556 2387 μεθ’
1576 2311 1652 2370 ὧν
1695 2317 1909 2370 ἀπώλε-

339 2425 439 2460 σαν
470 2410 738 2478 πρότερον
789 2409 1158 2478 στρατιωτῶν,
1195 2408 1272 2478 μὴ
1310 2408 1702 2480 προαισθέσθαι
1747 2409 1910 2480 δυνη-

340 2501 542 2553 θέντων
595 2500 703 2553 τῶν
736 2500 1008 2562 Εὐϐοέων,
1046 2499 1185 2552 ἀλλὰ.
1227 2499 1320 2552 τὸν
1366 2499 1732 2568 Ἐνδυμίωνος
1771 2501 1910 2562 τέως

339 2593 517 2643 εἰπεῖν
546 2590 917 2645 καθευδόντων
948 2589 1118 2644 ὕπνον
1146 2589 1236 2644 διά
1261 2606 1325 2659 γε
1363 2591 1425 2643 τὸ
1464 2589 1696 2661 ἔναγχος
1735 2594 1910 2646 ἐκεῖνο

340 2683 684 2752 προτέρημα.

408 2772 510 2828 1Ε’.
543 2775 618 2827 Οὐ
666 2773 834 2837 πολὺς
882 2772 1085 2843 μεταξὺ
1111 2773 1401 2845 παρερρύη
1431 2777 1651 2845 χρόνος,
1691 2777 1785 2829 καὶ
1811 2775 1910 2838 τὰς

337 2865 629 2926 Βενετικὰς
659 2864 869 2924 ὲκείνας
895 2863 1150 2934 ἐθεώμην
1178 2865 1444 2934 τέτταρας
1475 2865 1568 2916 καὶ
1613 2864 1910 2936 τριάκοντα

339 2959 586 3025 τριήρεις
621 2955 798 3008 οῑκαδε
827 2955 1116 3019 κατιούσας
1156 2956 1474 3025 ἀπράκτους
1508 2957 1574 3008 ἐκ
1610 2955 1910 3018 Βυζαντίου

337 3047 426 3099 διὰ
480 3047 540 3098 τὸ
586 3047 644 3101 ὲν
699 3045 1063 3118 Θεσσαλονίκῃ
1112 3046 1415 3117 τηνικαῦτα
1471 3047 1770 3116 διατρίϐειν
1817 3047 1910 3099 τὸν

2007 575 2266 630 intendit.
2300 576 2516 630 interea
2548 591 2679 630 vero
2713 577 2918 631 certior
2967 578 3146 634 factus
3188 582 3574 651 imperatorem

2008 664 2411 721 Thessalonice
2465 670 2816 732 commorari,
2862 679 3102 739 quatuor
3124 672 3289 742 elegit
3342 689 3409 728 ex
3464 676 3576 729 suis

2009 753 2268 817 navibus,
2303 756 2505 823 quibus
2541 773 2708 811 unum
2741 773 2809 813 ex
2851 759 3188 814 ﬁdelissimis
3239 762 3346 815 sibi
3379 765 3575 831 pra-fe-

2007 846 2082 898 cit
2116 854 2174 898 et
2198 845 2263 898 ad
2299 847 2688 915 imperatorem
2740 850 2807 904 de
2854 851 3123 906 societate
3163 862 3359 907 contra
3392 854 3578 908 hostes

2009 939 2640 1008 communesjungcnda
2680 950 2932 996 acturum
2989 945 3162 999 misit.
3219 945 3340 1013 ipse
3393 958 3574 1001 autem

2006 1027 2328 1097 Byzantium
2361 1045 2591 1084 cursum
2621 1031 2844 1098 direxit,
2896 1032 3249 1102 imperatoris
3279 1035 3576 1091 adventum

2004 1117 2078 1172 ibi
2112 1119 2541 1186 praestolaturus.

2076 1395 2215 1452 XlV.
2248 1396 2328 1451 Tu
2358 1412 2488 1452 vero
2515 1398 2628 1470 jam
2656 1414 2722 1455 ea
2771 1416 2896 1471 quae
2930 1402 3179 1458 insecuta
3238 1413 3392 1466 sunt,
3435 1420 3575 1474 quo-

2005 1489 2170 1542 modo
2205 1504 2324 1543 sese
2356 1489 2615 1555 habeant,
2647 1507 2732 1546 me
2760 1493 2958 1548 melius
2983 1494 3312 1564 cognovisti,
3367 1507 3425 1550 ut
3478 1497 3572 1564 qui

2005 1581 2122 1650 ipse
2150 1581 2318 1636 rebus
2339 1581 2607 1647 adfueris,
2661 1583 2776 1653 ipse
2805 1584 3014 1640 videris
3066 1600 3272 1656 easque
3324 1587 3572 1641 conscri-

2007 1671 2138 1727 bere
2166 1674 2542 1743 maximopere
2579 1676 2830 1731 studeas.
2866 1679 2978 1748 Ego
3011 1692 3142 1732 vero
3168 1680 3457 1744 tumultus,
3480 1679 3573 1748 qui

2007 1776 2155 1816 mare
2195 1767 2653 1833 pcrvagabantur,
2713 1776 2991 1832 metuens,
3029 1768 3082 1821 in
3117 1769 3239 1822 loco
3271 1767 3406 1821 mihi
3459 1784 3572 1821 ma-

2008 1853 2248 1907 nendum
2279 1869 2400 1909 esse
2431 1856 2676 1922 decrevi,
2724 1873 2852 1911 cum
2901 1861 3206 1928 praesertim
3251 1875 3420 1916 naves
3452 1877 3580 1929 qua-

2009 1950 2135 1997 tuor
2161 1944 2299 1998 istas
2327 1944 2670 2009 Genuenses,
2705 1963 2842 2016 quas
2881 1949 3188 2017 periculum
3241 1951 3406 2019 paulo
3449 1962 3577 2004 ante

2007 2035 2391 2106 subterfugere
2425 2039 2667 2106 potuisse
2699 2039 3298 2104 diximus,-recurrere
3331 2051 3388 2097 et
3428 2044 3570 2097 clam

2009 2142 2118 2182 una
2143 2145 2210 2183 ex
2237 2129 2671 2198 opulentissimis
2701 2131 2922 2186 Euboea:
2951 2131 3186 2186 urbibus
3222 2132 3288 2186 ad
3327 2148 3476 2187 mare
3498 2133 3574 2187 si-

2008 2217 2080 2270 tis
2106 2225 2266 2284 capta
2323 2229 2490 2288 atque
2549 2229 2778 2287 repente
2827 2219 3064 2289 direpta,
3125 2236 3250 2275 cum
3311 2222 3580 2275 militibus

2007 2321 2148 2376 quos
2175 2317 2334 2362 antea
2353 2308 2676 2374 amiserant,
2735 2325 2929 2365 rursus
2977 2311 3133 2366 abire
3170 2311 3444 2376 viderem,
3469 2311 3579 2364 Eu-

2008 2398 2329 2455 baaensit-us
2346 2417 2455 2456 non
2481 2402 2583 2457 tale
2608 2403 2740 2473 quid
2765 2403 3266 2473 praesentientibus,
3283 2405 3377 2460 sed
3401 2404 3578 2476 Endy-

2009 2492 2214 2547 mionis
2235 2507 2516 2559 somnum,
2551 2507 2615 2550 ut
2645 2495 2822 2561 aiunt,
2877 2497 2950 2552 ob
2980 2503 3259 2552 recentem
3291 2497 3441 2552 illam
3499 2500 3579 2552 vi-

2011 2583 2242 2638 ctoriam
2276 2584 2709 2642 dormientibus.

2076 2767 2186 2840 45
2217 2769 2333 2826 XV.
2393 2769 2513 2824 Non
2558 2769 2633 2824 ita
2665 2769 2838 2824 multo
2894 2778 3018 2838 post
3051 2770 3214 2824 etiam
3247 2770 3577 2825 Venetorum

2010 2864 2265 2919 triremes
2288 2873 2526 2932 quatuor
2551 2873 2607 2917 et
2659 2863 2854 2932 viginti
2902 2863 3171 2934 Byzantio
3198 2861 3419 2915 domum
3458 2863 3582 2915 red-

2009 2964 2202 3010 euntes
2229 2955 2481 3010 videbam
2517 2970 2575 3009 re
2610 2953 2830 3017 infecta,
2869 2955 3016 3024 quod
3049 2953 3454 3008 Thessalonica:
3481 2953 3583 3006 im-

2013 3054 2235 3116 perator
2267 3057 2379 3101 tum
2410 3046 2757 3100 versabatur.
2812 3045 3000 3101 llieme
3031 3053 3212 3099 autem
3238 3045 3446 3099 interea
3471 3045 3583 3098 ela-

344 3137 593 3206 βασιλέα.
641 3137 794 3189 Ἐπεὶ
845 3138 901 3190 δὲ
955 3137 1048 3191 καὶ
1091 3139 1121 3191 ό
1177 3138 1275 3205 μὲν
1322 3136 1532 3207 χειμὼν
1589 3139 1650 3190 έν
1699 3138 1911 3203 τούτοις

2016 3151 2109 3206 psa
2139 3151 2260 3210 cugn
2287 3137 2398 3206 jam
2430 3137 2586 3190 verni
2624 3137 2756 3190 solis
2786 3135 2935 3191 faces
2962 3136 3417 3201 accenderentur,
3446 3150 3581 3205 qua-

341 3229 542 3298 παρῄει
594 3231 690 3283 καὶ
728 3230 781 3282 αί
825 3229 968 3283 κατὰ
1004 3227 1066 3300 [1⁵.
1115 3227 1217 3282 105
1247 3228 1300 3300 b]
1340 3230 1400 3282 τὸ
1438 3215 1540 3299 κέαρ
1572 3229 1724 3300 ἡλίου
1771 3230 1912 3299 λαμ-ι

340 3321 513 3383 πάδες
543 3322 848 3392 ἀνήπτοντο
875 3363 891 3386 ,
928 3321 1431 3390 τεσσαρεσκαίδεκα
1473 3325 1725 3393 τριήρεις
1755 3322 1911 3386 αὖθις

340 3416 404 3465 ἐκ
441 3413 689 3475 Βενετίας
736 3413 792 3474 ές
840 3413 1138 3477 Βυζάντιον
1186 3413 1335 3475 ὅλαις
1386 3413 1668 3490 ἀνέϐαινον
1699 3412 1912 3474 κώπαις

342 3507 432 3557 καὶ
477 3503 630 3566 ὅλαις
672 3504 865 3574 ὁρμαῖς
903 3506 1000 3573 τῆς
1023 3504 1223 3574 ψυχῆς,
1267 3504 1352 3573 ἐφ’
1376 3497 1419 3570 ᾧ
1460 3503 1554 3556 τδν
1584 3505 1678 3557 τοῦ
1707 3503 1910 3558 Πόντου

347 3594 852 3664 προκατειληφυίας
883 3595 1087 3664 αὐχένα
1119 3596 1218 3657 τὰς
1259 3596 1298 3648 Γ
1302 3597 1609 3660 ενουῖτικάς
1636 3599 1913 3668 ναυλοχεῖν

344 3684 595 3748 ὁλκάδας,
638 3686 691 3737 αἲ
731 3685 830 3755 τὴν
876 3687 1244 3756 σιτοπομπίαν
1275 3688 1483 3742 ἄνωθεν
1511 3691 1575 3741 ἐκ
1602 3688 1699 3742 τοῦ
1731 3689 1914 3754 Εὐξεί-

347 3789 437 3825 νου
463 3773 557 3826 καὶ
587 3773 696 3828 τῶν
726 3773 1008 3826 Σκυθικῶν
1031 3774 1311 3842 παραλίων
1344 3777 1661 3846 έσκομίζειν
1688 3777 1913 3847 ἔμελλον

346 3866 457 3926 τοίς
492 3866 556 3916 έν
582 3864 846 3917 Γαλάτου.
882 3863 1006 3918 Τῶν
1035 3881 1097 3932 γε
1129 3865 1235 3934 μὴν
1265 3866 1391 3935 ἑξῆς
1421 3866 1582 3930 αὐτὸς
1623 3867 1689 3920 ἂν
1715 3868 1914 3934 εἰδείης

350 3953 506 4020 αὖθις
541 3957 775 4010 ἐνταῦθα
803 3958 992 4027 παρὼν
1017 3960 1111 4011 καὶ
1131 3960 1272 4028 ὁρῶν
1303 3960 1550 4028 ἀκριϐῶς
1585 3961 1685 4029 τὴν
1711 3961 1914 4015 ἀπόϐα-

351 4067 460 4103 σιν.
508 4049 660 4120 Ἐμοὶ
695 4051 805 4120 γὰρ
838 4052 1109 4121 άμυδραῖς
1141 4069 1282 4105 τισιν
1317 4052 1506 4114 ἀκοαῖς
1537 4053 1914 4123 μεμαθηκέναι

354 4142 758 4210 συμπέπτωκεν
783 4181 799 4206 ,
859 4143 978 4197 ἐκεῖ
1016 4143 1382 4211 διατρίϐοντι,
1435 4143 1504 4197 τά
1555 4161 1614 4196 τε
1645 4145 1780 4198 ἄλλα
1825 4147 1918 4201 καὶ

351 4232 427 4292 ὼς
458 4229 656 4300 μικροῦ
698 4231 880 4284 πᾶσαν
928 4232 1028 4304 τὴν
1057 4233 1152 4286 τοῦ
1186 4233 1486 4287 Γαλατικοῦ
1521 4238 1784 4306 φρουρίου
1821 4237 1915 4291 δύ-

359 4338 548 4389 ναμιν,
581 4322 694 4374 ἄνω
721 4321 819 4392 μὲν
855 4325 1004 4394 παρὰ
1039 4324 1130 4377 τὸν
1159 4320 1409 4390 Εὗξιινον
1441 4329 1634 4380 πόντον
1665 4327 1919 4382 ἀποκλει-

2015 3226 2320 3282 tuordecim
2352 3243 2519 3282 naves
2553 3242 2744 3282 rursus
2775 3226 3020 3282 Venetiis
3053 3227 3372 3295 Byzantium
3406 3237 3584 3279 venus

2014 3319 2184 3375 remis
2235 3319 2496 3388 omnique
2550 3319 2718 3372 animi
2772 3319 2978 3387 impetu
3029 3319 3477 3383 contenderunt,
3525 3329 3585 3371 ut

2015 3411 2174 3467 Ponti
2203 3410 2454 3465 faucibus
2482 3412 2767 3480 occupatis
2787 3409 3160 3466 Genuensium
3194 3410 3425 3463 navibus
3455 3423 3586 3462 onc-

2014 3505 2178 3560 rariis
2226 3504 2641 3568 insidiarentur,
2694 3518 2818 3573 quae
2856 3502 2928 3556 ab
2984 3502 3367 3572 superioribus
3421 3500 3582 3555 Ponti

2017 3591 2214 3647 Euxini
2252 3591 2365 3646 oris
2395 3601 2450 3644 et
2479 3590 2802 3662 Scytharum
2835 3591 2996 3646 terris
3025 3591 3160 3645 mari
3206 3591 3584 3662 adjacentibus

2015 3683 2268 3739 Galataeis
2333 3692 2698 3738 commeatum
2747 3691 3198 3752 transportatum
3239 3694 3413 3737 erant.
3480 3683 3586 3735 lies

2015 3786 2222 3841 autem,
2252 3793 2373 3848 quae
2401 3779 2659 3832 insecutae
2687 3779 2817 3842 sint,
2849 3792 3012 3846 quem
3037 3777 3239 3829 exitum
3268 3773 3583 3834 habuerint,
3685 3791 3690 3799 ·

2018 3878 2076 3922 tu
2111 3870 2224 3939 ipse
2267 3879 2518 3923 accurate
2570 3868 2698 3930 scis,
2751 3883 2874 3921 cum
2925 3883 3168 3936 praesens
3215 3882 3312 3920 eas
3357 3865 3582 3918 videris.

2016 3960 2127 4030 Ego
2177 3960 2323 4013 enim
2382 3959 2496 4013 illic
2548 3968 2916 4013 commoratus
2972 3969 3178 4011 tantum
3225 3971 3286 4011 ex
3338 3956 3588 4010 obscuris

2018 4050 2351 4120 quibusdam
2389 4050 2705 4104 rumoribus
2753 4065 2876 4103 cum
2932 4049 3036 4102 alia
3085 4057 3195 4100 tum
3243 4050 3350 4102 hoc
3377 4046 3584 4108 audivi,

2017 4142 2256 4198 Venetos
2281 4141 2676 4212 propemodum
2700 4149 2926 4196 cunctas
2949 4139 3155 4196 castelli
3177 4139 3398 4195 Galataei
3423 4153 3589 4193 naves

2016 4236 2194 4291 Ponto
2237 4235 2449 4289 Euxino
2481 4234 2805 4289 interclusas
2841 4233 3070 4303 cepisse,
3109 4248 3230 4288 cum
3274 4232 3436 4286 modo
3495 4232 3594 4286 de-

2018 4330 2386 4392 scendissent,
2422 4337 2474 4383 et
2501 4327 2762 4396 majorem
2799 4326 3017 4396 quidem
3066 4340 3254 4380 earum
3288 4333 3496 4393 partem
3523 4323 3590 4376 ad

353 4411 595 4474 σθεῖσαν,
631 4411 755 4477 ἄρτι
783 4412 841 4465 δὲ
875 4412 1194 4479 κατιοῦσαν,
1251 4416 1446 4480 ἕλοιεν,
1504 4417 1646 4470 κατὰ
1699 4419 1796 4486 μὲν
1826 4420 1912 4472 τὸν

2022 4419 2182 4477 Ponti
2232 4422 2413 4476 fauces
2457 4436 2566 4489 quo
2615 4419 2753 4474 nihil
2804 4418 3035 4488 periculi
3076 4418 3367 4486 suspicata:
3423 4423 3594 4468 vectae

351 4501 555 4568 αὐχένα
586 4499 681 4552 τοῦ
722 4500 921 4554 Πόντου
959 4502 1056 4572 τὴν
1109 4503 1280 4556 πλείω
1331 4503 1623 4557 κατιοῦσαν
1651 4507 1737 4560 διά
1762 4523 1825 4576 γε
1852 4507 1916 4577 δὴ

350 4592 410 4644 τὸ
458 4592 534 4660 μὴ
586 4591 1140 4663 προκισθέσθαιςτὴν
1191 4593 1246 4646 δὲ
1277 4593 1470 4666 λοιπὴν
1503 4596 1760 4665 μείνασαν
1807 4596 1919 4649 διε-

354 4683 710 4750 σπασμένως,
772 4684 880 4752 ὅπη
939 4683 1004 4752 δὴ
1059 4686 1154 4737 καὶ
1205 4684 1358 4754 τύχοι
1415 4687 1662 4756 ὁρμοῦσα
1715 4687 1918 4758 ἑκάστη

357 4773 633 4842 σποράδην
679 4775 817 4824 κατὰ
845 4773 914 4824 τά
936 4773 1032 4825 τοῦ
1065 4775 1268 4826 Πόντου
1301 4775 1540 4838 ἐπίνεια,
1574 4776 1922 4844 παραπλέον-

357 4881 438 4926 τε,
467 4865 717 4932 ὕστερον.
751 4866 906 4918 Ἐπεὶ
937 4865 993 4920 δὲ
1015 4867 1112 4919 καὶ
1151 4865 1441 4936 σύμμαχον
1482 4867 1582 4937 ήδη
1619 4870 1798 4937 σχοῖεν
1831 4867 1922 4923 τὸν

362 4952 585 5020 βασιλέα
611 4953 913 5020 Βενετικοῖ,
943 4957 1007 5009 έκ
1035 4973 1093 5008 τε
1125 4959 1226 5026 γῆς
1255 4957 1347 5008 καὶ
1368 4957 1636 5028 θαλάττης
1662 4947 1928 5030 πλείστην

359 5047 816 5116 εἰσενεγκάμενον
851 5047 1103 5118 δύναμιν,
1129 5051 1224 5100 καὶ
1256 5048 1372 5118 ἅμα
1405 5050 1654 5119 τριήρεις
1688 5050 1922 5119 προσέλ-

357 5137 500 5191 θοιεν
529 5141 714 5207 σφίσιν
765 5143 830 5193 ὲκ
861 5142 1028 5211 νήσου
1068 5144 1165 5210 τῆς
1197 5143 1421 5213 Κρήτης
1469 5139 1616 5195 ὀκτὼ
1650 5142 1927 5212 συμμαχί-

356 5231 465 5296 δες,
495 5233 588 5285 καὶ
616 5234 754 5301 πρὸς
780 5232 990 5294 τούτοις
1018 5232 1242 5296 ὁλκάδες
1273 5233 1700 5285 συσκευασθεῖεν
1733 5233 1791 5299 ἒξ
1821 5233 1926 5287 τῶν

358 5325 499 5375 πάνυ
539 5325 850 5392 μεγίστων,
891 5323 1136 5392 μηχανάς
1184 5324 1531 5387 παντοδαπάς
1569 5326 1662 5377 καὶ
1697 5326 1927 5384 ὁπλίτας

357 5417 616 5486 ἀρίστους
643 5417 904 5483 φέρουσαι
940 5416 1249 5479 πλείστους,
1290 5417 1504 5484 καίριον
1533 5416 1636 5485 ήδη
1666 5416 1928 5486 νομισθῆ-

359 5525 448 5559 ναι
477 5509 593 5567 τοῖς
625 5507 801 5559 ᾶπασι
848 5505 1052 5568 πάσαις
1080 5506 1215 5574 όμοῦ
1257 5507 1523 5577 δυνάμεσι
1555 5509 1929 5576 προσελάσαν-

363 5617 454 5662 τας
490 5599 882 5653 κυκλώσασθαι
911 5600 973 5651 τὸ
1000 5600 1262 5669 φρούριον
1298 5601 1630 5671 αὐθημερόν.
1668 5604 1777 5654 Καὶ
1807 5601 1930 5655 τού-

362 5707 472 5743 των
524 5690 728 5742 ούτωσὶ
780 5690 1189 5759 πεπραγμένων
1241 5691 1536 5762 ἀνυσθῆναι
1574 5693 1726 5760 σφίσι
1758 5693 1927 5764 μηδὲν

363 5781 722 5851 ἠκηκόειμεν,
756 5781 831 5844 ὡς
863 5781 1169 5850 ἀπογνόντα
1193 5781 1384 5836 λοιπὸν
1417 5782 1508 5837 τὸν
1533 5781 1632 5854 τῆς
1665 5783 1928 5854 ναυτικῆς

2024 4524 2230 4572 essent.
2263 4512 2500 4582 reliquas
2531 4527 2664 4566 vero
2711 4511 2988 4579 dispersas
3043 4509 3098 4561 in
3147 4507 3378 4576 singulis
3405 4503 3592 4558 statio-

2023 4604 2188 4657 nibus
2217 4603 2396 4669 Ponti,
2422 4604 2512 4656 uhi
2544 4616 2774 4673 quaeque
2806 4602 2860 4652 in
2886 4598 3102 4652 ancoris
3126 4597 3338 4658 fuisset,
3371 4604 3592 4664 prauor-

2025 4694 2336 4764 navigando
2380 4703 2570 4760 postea
2611 4704 2936 4759 occupasse.
2983 4686 3120 4741 Cum
3165 4694 3348 4740 autem
3398 4683 3590 4740 Veneti

2021 4789 2133 4859 jam
2174 4788 2588 4857 imperatorem,
2624 4783 2717 4853 qui
2751 4791 2896 4834 terra
2927 4778 3173 4848 marique
3217 4779 3479 4830 maximas
3503 4792 3595 4829 co-

2024 4883 2143 4950 pias
2163 4880 2506 4944 contulisset,
2536 4877 2744 4932 socium
2774 4873 2880 4928 sibi
2905 4872 3283 4950 adjunxissent
3315 4870 3590 4925 triremes-

2026 4949 2134 5038 que
2169 4983 2236 5022 ex
2281 4967 2443 5023 Creta
2487 4977 2612 5021 octo
2661 4965 2841 5020 socias
2901 4949 3283 5030 accepissent,
3330 4967 3594 5027 prwtcrea

2027 5057 2138 5130 46
2164 5072 2258 5112 sex
2315 5070 2480 5110 naves
2531 5053 2813 5108 onerarias
2865 5053 3134 5106 maximas
3193 5049 3340 5102 omni
3395 5062 3594 5117 genere

2028 5149 2406 5204 machinarum
2443 5155 2499 5200 et
2548 5146 2732 5215 gravis
2773 5152 3065 5197 armaturae
3105 5138 3373 5193 militibus
3420 5135 3593 5207 pluri-

2028 5242 2132 5296 mis
2167 5239 2592 5306 fortissimisquc
2652 5231 2949 5290 instructas
2997 5241 3430 5300 comparassent,
3483 5230 3593 5300 jam

2030 5333 2289 5388 omnibus
2354 5331 2612 5383 idoneum
2671 5337 2887 5397 tempus
2951 5325 3130 5378 visum
3189 5339 3309 5377 esse
3382 5321 3598 5377 cunctis

2030 5424 2204 5493 copiis
2233 5421 2482 5491 protinus
2498 5419 2778 5474 castellqu
2799 5415 3082 5471 adoricudi
3101 5428 3262 5483 atque
3283 5411 3596 5467 obsidendi.

2031 5515 2148 5569 Tali
2187 5513 2400 5567 ratione
2440 5512 2602 5565 rebus
2631 5509 2897 5563 institutis
2926 5507 3063 5561 nihil
3096 5509 3163 5560 ab
3197 5506 3264 5560 iis
3296 5505 3358 5558 ad
3387 5505 3594 5558 exitum

2031 5599 2328 5655 adductum
2360 5613 2501 5661 esse,
2535 5598 2913 5660 audiebamus,
2964 5597 3035 5649 ita
3071 5605 3130 5649 ut
3156 5595 3348 5649 classis
3378 5593 3599 5647 Venetae

2032 5690 2321 5762 prazfectus
2370 5703 2427 5743 re
2473 5689 2582 5759 jam
2642 5688 2930 5757 desperata
2976 5696 3030 5741 et
3094 5687 3445 5754 imperatore,
3503 5683 3598 5750 qui

2034 5783 2235 5839 bellant
2265 5789 2707 5852 persequeretur,
2743 5780 2957 5848 relicto,
2991 5793 3202 5834 summa
3248 5777 3602 5833 festinatione
