4036 6210
333 363 398 424 3'1
1318 355 1764 419 ΒΥΖᾸΝΤΙΝᾹΞ
1800 356 1895 418 Hi

1999 355 2189 418 )RI/E
2227 355 2368 422 ιῐΒ,
2409 351 2602 422 XXV:
3497 365 3568 432 38

335 476 580 541 ἀγοντες,
624 471 719 524 καὶ
751 467 868 540 ἃμα
921 469 1150 538 διάτὴν
1215 469 1568 542 πολυχειρίαν
1627 472 1757 524 εὐθὺ
1808 471 1895 522 τοῦ

2009 485 2288 539 apponere
2335 473 2476 526 haud
2515 481 2780 536 cessaret,
2820 475 3124 528 certamina
3179 474 3422 530 hot'um
3476 495 3569 533 ex-

336 564 550 633 τείχους
605 561 881 630 διώρυχας
919 559 1203 631 πόρρωθεν
1260 561 1498 630 δρῶντες
1530 602 1545 626 ,
1608 565 1698 617 ἵνα
1756 567 1902 620 δυοῖν

346 655 594 722 θάτερον,
635 653 669 721 ἢ
715 651 806 704 διά
838 651 940 718 τῆς
966 651 1076 702 τῶν
1101 651 1387 719 κλιμάκων
1415 653 1644 706 ἐκείνων
1679 656 1904 726 ἀναδρο-

344 743 474 812 μῆς,
514 742 545 810 ἢ
591 741 680 794 διά
717 739 817 809 τῆς
850 740 962 792 τῶν
1009 740 1297 808 ὑπονόμων
1322 740 1636 813 ὑποδρομῆς
1675 747 1904 797 τουτωνὶ

339 834 579 887 λάθωσιν
621 832 701 894 είς
748 834 846 900 τὴν
908 831 1066 884 πόλιν
1115 833 1601 901 παρεισπεσόντες.
1646 835 1800 888 Ἐπεὶ
1847 835 1903 888 δὲ

337 923 610 992 μηχαναῖς
640 921 890 990 μηχανάς
914 920 943 972 δ
974 919 1084 972 τῶν
1114 910 1418 973 Βενετικῶν
1457 923 1664 985 ἐκεῖνος
1709 923 1906 990 ναύαρ-

333 1014 423 1079 χὸς
461 1027 520 1062 τε
563 1011 658 1063 καὶ
702 1008 925 1078 ἡγεμὼν
961 1008 1171 1061 ἔνδοθεν
1203 1009 1524 1064 ἁνθιστάναι
1555 1011 1655 1064 ούκ
1686 1011 1901 1082 ἠμέλει,

334 1101 650 1153 συνεόαινεν
676 1097 818 1152 εἶναι
846 1099 973 1162 τοὺς
1008 1099 1208 1164 ἐξωθεν
1235 1101 1344 1154 τῶν
1375 1100 1654 1171 πολεμίων
1684 1103 1904 1172 ἀγῶνας

331 1193 672 1260 ἀπράκτους.
716 1190 936 1260 Πρῶτον
983 1190 1082 1259 μὲν
1121 1191 1230 1260 γάρ
1284 1189 1478 1261 βάρεσι
1503 1191 1668 1246 λίθων
1705 1196 1769 1247 ὲκ
1792 1195 1906 1248 τῶν

331 1282 614 1346 ἐπάλξεων
642 1281 735 1334 καὶ
772 1281 952 1349 βέλεσι
1001 1282 1372 1344 παντοδαποῖς
1402 1285 1742 1352 τραυματίας
1773 1286 1905 1339 άπι-

334 1389 492 1440 φαινε
525 1375 663 1440 σφᾶς
693 1374 788 1425 καὶ
819 1373 1100 1427 ἀπεσόϐει.
1121 1373 1270 1444 Ὄπη
1294 1375 1339 1426 δ’
1371 1371 1518 1444 ἑώρα
1552 1375 1648 1427 καὶ
1684 1376 1903 1431 ὑπενόει

333 1464 556 1532 κλίμαξι
597 1464 828 1534 βάσιμον
863 1459 1003 1516 εἶναι
1033 1465 1096 1516 τὸ
1137 1467 1334 1534 τεῖχος,
1372 1465 1505 1536 ὕψος
1536 1465 1717 1519 ίκανδν
1741 1468 1903 1531 εὐθὺς

332 1555 668 1622 προσετίθει,
715 1556 816 1624 τήν
872 1572 932 1606 τε
981 1555 1090 1607 τῶν
1121 1557 1402 1622 ὑπάλξεων
1440 1557 1730 1611 συνάπτων
1785 1558 1902 1611 διέ-

331 1663 513 1715 χειαν,
554 1648 649 1699 καὶ
685 1646 912 1709 ταύταις
946 1646 1290 1716 άνδρόμηκες
1331 1649 1678 1719 οίδωδόμημα
1734 1667 1902 1720 προσ-

331 1735 503 1796 τιθεὶς
531 1735 664 1804 πρὸς
696 1736 790 1801 όξὺ
831 1737 925 1788 καὶ⁵
967 1737 1164 1789 λεπτὸν
1196 1737 1492 1808 ἀπολῆγον,
1527 1739 1602 1802 ὡς
1643 1739 1739 1792 καὶ
1768 1741 1900 1792 ἁνασ

2008 562 2277 616 trinsecns
2311 563 2464 616 irrita
2506 573 2684 617 erant.
2743 563 2984 618 Prlmum
3022 564 3169 618 enim
3212 566 3355 620 saxis
3399 568 3577 637 gravi.-

2005 651 2109 706 bus
2140 661 2195 706 et
2233 653 2380 706 omni
2416 653 2702 708 missilium
2731 652 2927 723 genere
2962 669 3057 708 eos
3091 671 3156 708 ex
3186 670 3413 724 propun-i
3439 672 3570 710 acn-

2003 743 2073 796 lis
2095 743 2372 812 impetitos
2399 746 2664 799 sauciavit
2689 756 2856 813 atque
2898 745 3229 800 deturbavit.
3262 745 3362 802 Ubi
3391 758 3572 803 autem

2005 850 2220 889 murum
2250 837 2412 890 scalis
2439 852 2669 890 ascensu
2707 835 2922 889 facilem
2953 850 3076 890 esse
3120 835 3343 890 videbat
3375 846 3430 892 et
3482 851 3576 890 su-

2005 925 2342 993 spicabatur,
2377 925 2673 980 altitudine
2704 925 2896 980 idonea
2945 926 3128 979 statim
3155 927 3359 990 addita,
3401 927 3574 981 inter-

2003 1017 2142 1069 valla
2173 1017 2316 1070 inter
2346 1016 2558 1085 singula
2593 1017 2997 1084 propugnacula
3033 1017 3340 1086 conjunxit,
3396 1016 3573 1086 iisque

2003 1105 2230 1159 mdificia
2270 1106 2544 1160 adstruxit
2579 1105 2820 1158 hominis
2853 1105 3197 1159 altitudinem
3254 1122 3360 1160 non
3409 1121 3574 1162 exce-

2007 1195 2215 1260 dentia,
2251 1203 2414 1265 atque
2446 1197 2500 1250 in
2530 1205 2750 1251 tenuem
2780 1206 2835 1249 et
2861 1207 3080 1250 acutum
3115 1196 3324 1267 apicem
3366 1212 3573 1251 exeun-

2006 1284 2098 1349 tia,
2132 1294 2192 1338 ut
2243 1285 2492 1339 hostibus
2532 1285 2644 1356 49
2687 1285 2768 1340 vel
2807 1283 2861 1338 in
2921 1300 3136 1339 murum
3183 1286 3352 1339 enisis
3399 1289 3570 1340 ardua

2002 1386 2058 1430 et
2099 1377 2313 1432 incessu
2347 1377 2639 1431 admodum
2671 1378 2978 1446 periculosa
3014 1389 3216 1432 essent.
3247 1377 3452 1438 Deinde
3477 1394 3572 1431 au-

2003 1476 2113 1521 tem
2145 1468 2459 1536 conjectura
2487 1468 2652 1534 facta,
2678 1483 2784 1537 qua
2816 1479 2970 1536 parte
2998 1469 3262 1522 mmnium
3295 1468 3574 1521 subterra-

2001 1571 2141 1611 neus
2185 1556 2276 1610 ille
2311 1557 2604 1610 cuniculus
2639 1573 3000 1626 processurus
3040 1567 3205 1625 atque
3245 1557 3571 1626 proditurus

2000 1657 2172 1707 esset,
2229 1645 2303 1700 ibi
2343 1645 2494 1699 intus
2539 1644 2741 1700 fossam
2799 1654 3162 1699 transversam
3218 1643 3352 1698 fecit
3399 1645 3572 1699 multo

2003 1735 2419 1804 profundiorem
2475 1750 2635 1804 quam
2701 1737 2916 1788 illorum
2955 1746 3076 1789 erat
3120 1735 3446 1798 cuniculus,
3488 1746 3569 1802 nt,

336 1823 469 1877 ὁᾶσι
501 1828 611 1888 τοῖς
654 1825 936 1895 πολεμίοις
979 1826 1247 1896 δύσεργόν
1278 1805 1466 1879 τεκαὶ
1502 1828 1646 1897 μάλα
1688 1827 1895 1880 ἐπικίν-

2003 1839 2128 1878 cum
2165 1825 2386 1879 tandem
2421 1827 2562 1878 intra
2591 1825 2788 1879 muenia
2822 1826 3198 1894 irrepsissent,
3235 1827 3570 1894 necopinato

332 1914 492 1967 δυνον
524 1912 664 1967 εἶναι
692 1914 789 1984 τὴν
815 1915 924 1968 τῶν
957 1915 1132 1969 ποδῶν
1175 1916 1354 1985 βάσιν.
1389 1918 1530 1987 Πρός
1556 1933 1621 1984 γε
1656 1917 1767 1988 μὴν
1807 1918 1898 1970 τὸν

333 2003 654 2074 ὑποχθόνιον
703 2007 909 2058 ἐκεῖνον
963 2007 1262 2076 ὑπόνομον,
1311 2007 1716 2076 στοχασάμενος
1763 2008 1897 2060 ὅπου

329 2095 428 2147 τοῦ
452 2095 668 2164 τείχους
690 2096 1060 2150 διαπεσεῖται
1088 2097 1409 2168 προχωροῦν
1431 2097 1493 2150 τὸ
1517 2098 1614 2167 τῆς
1634 2098 1901 2168 διώρυχος

327 2186 508 2248 τέλος,
558 2187 764 2254 τάφρον
820 2186 1133 2257 κατώρυξεν
1185 2189 1332 2241 ἔνδον
1381 2187 1544 2250 αὐτὸς
1578 2189 1895 2256 ὲγκαρσίαν,

327 2277 391 2330 τὸ
426 2275 591 2348 βάθος
641 2277 1051 2330 πολλαπλασίαν
1102 2279 1136 2350 ἢ
1189 2280 1332 2332 κατὰ
1375 2282 1475 2348 τὴν
1523 2279 1787 2344 ἐκείνων,
1822 2280 1897 2341 ὡς

327 2371 429 2439 ὀψὲ
470 2369 565 2423 τοῦ
592 2369 802 2440 τείχους
830 2370 981 2432 ivro;
1009 2371 1515 2440 παρεισπίπτοντας
1546 2372 1686 2440 σφᾶς
1720 2371 1898 2442 βόθρῳ

330 2462 431 2514 καὶ
463 2461 696 2514 Θανάτου
751 2461 1024 2530 πυθμέσιν
1055 2459 1404 2530 ἐντυγχάνειν
1433 2463 1896 2533 ἁπροσδοκήτουςο

329 2550 791 2618 καταφερομένοις
820 2550 927 2618 γάρ
956 2548 1186 2612 ἐκείνοις
1241 2547 1384 2620 βάρη
1413 2549 1577 2602 λίθων
1611 2548 1674 2620 [ί.
1709 2550 1812 2605 106
1839 2547 1899 2622 b]

328 2639 536 2692 ἀνωθεν
571 2641 723 2692 αὐτοὶ
755 2639 856 2706 μὲν
881 2637 1236 2708 παμπληθεῖς
1273 2639 1436 2702 εὐθὺς
1467 2639 1888 2709 ιπιρρίπτοντες

343 2730 601 2795 ἀφύκτοις
624 2730 857 2783 Θανάτου
883 2728 1120 2791 δικτύοις
1145 2731 1486 2800 παραχρῆμα
1507 2730 1731 2785 ἐδίδουν.
1753 2731 1894 2800 Συχ-

335 2821 443 2874 νῶν
473 2820 515 2872 δ’
542 2821 634 2874 ἐπὶ
662 2820 872 2884 τούτοις
919 2823 1143 2891 ἡμερῶν
1177 2821 1665 2892 παρερρυηκυιῶν,
1699 2825 1896 2891 ἀφῖκτο

330 2914 426 2966 καὶ
457 2913 492 2982 ἡ
518 2913 627 2966 τῶν
667 2913 970 2982 ⁹Δθηναίιιον
1013 2913 1116 2982 ήδη
1158 2915 1254 2965 καὶ
1291 2913 1550 2982 Θηϐαίων
1581 2915 1894 2983 συμμαχία,

327 3005 609 3058 ἐπίλεκτοι
635 3007 734 3075 μὲν
781 3007 966 3068 ἱππεῖς
1006 3005 1336 3075 τριακόσιοι,
1365 3004 1518 3068 πεζοὶ
1547 3003 1593 3058 δ’
1619 3005 1896 3060 ἐθελονταὶ

325 3096 550 3159 πλείους
604 3097 638 3165 ἢ
683 3095 806 3150 κατ’
835 3090 1032 3158 αὑτούς
1056 3111 1072 3127 ο

323 3185 457 3253 ὃλην
484 3184 741 3254 χυθείσης
787 3184 884 3256 τὴν
937 3185 1125 3253 νῆσον,
1181 3184 1508 3253 συνέτρεχον
1561 3185 1895 3255 πανταχόθεν

325 3274 548 3338 πολλοὶ,
605 3275 666 3326 τὸ
717 3275 1026 3344 προστυχὸν
1076 3273 1310 3335 ἕκαστος
1343 3274 1447 3326 άνὰ
1472 3276 1656 3344 χεῖρας
1683 3275 1896 3345 ἔχοντες

327 3366 520 3419 ὅπλον.
567 3365 637 3418 '0
688 3379 753 3431 γε
812 3363 918 3433 μὴν
965 3363 1074 3416 τῶν
1116 3361 1420 3415 Βενετικῶν
1466 3364 1771 3434 στρατηγὸς
1801 3365 1896 3419 καὶ

327 3455 602 3523 ναύαρχος
632 3455 825 3514 νυκτὸς
880 3453 978 3521 μὲν
1017 3451 1239 3522 ἐνέδρας
1271 3453 1330 3505 ὲν
1354 3455 1474 3516 ταῖς
1506 3453 1612 3522 πρὸ
1651 3455 1752 3524 τῆς
1792 3456 1894 3509 πό-

325 3543 465 3606 λεως
496 3543 794 3613 χαράδραις
835 3541 1194 3611 ὑπέσπειρεν,
1242 3541 1358 3610 ἅμα
1390 3541 1436 3594 δ’
1477 3543 1550 3612 ἒῳ
1596 3544 1758 3613 ἐξῆγε
1793 3546 1894 3614 τὴν

323 3631 556 3698 δύναμιν
581 3629 856 3700 ἐμφανῶς,
875 3628 1117 3694 ὁπλίτας,
1141 3627 1704 3696 πελταστάς,τοξότας
1720 3648 1778 3684 τε
1799 3631 1892 3684 καὶ

322 3723 714 3790 λογχολρόρους,
748 3721 844 3772 καὶ
887 3719 1044 3783 ὅσους
1081 3719 1385 3786 τηνικαῦτα
1419 3720 1528 3772 τῶν
1576 3723 1694 3774 ἐκεῖ
1730 3722 1891 3774 πολι-

323 3811 436 3863 τῶν
490 3812 676 3878 εὑρεῖν
722 3811 923 3869 ἱππέας
983 3809 1308 3878 εὐπόρησεν,
1364 3807 1438 3871 ὡς
1493 3808 1736 3876 γίνεσθαι
1793 3811 1892 3879 μὲν

323 3901 476 3970 αὑτῷ
512 3902 611 3969 τὴν
663 3900 1064 3970 στρατεύσιμον
1101 3897 1320 3953 ἃπασαν
1357 3899 1577 3970 ἡλικίαν
1613 3901 1711 3969 οὑχ
1739 3900 1893 3970 ἥσσω

326 3993 794 4062 πεντακισχιλίων
821 3991 1031 4061 ἀνδρῶν
1078 3991 1405 4045 ἐπιλέκτων.
1440 3992 1891 4061 Προσγενομινης

322 4082 370 4132 δ’
399 4082 525 4149 ἄρτι
563 4082 662 4133 καὶ
708 4079 808 4149 τῆς
838 4078 1134 4149 ’Δθηναίων
1175 4080 1272 4132 καὶ
1323 4078 1575 4149 Θηϐαίων
1609 4096 1892 4150 συμμαχιο

324 4171 434 4237 κῆς
473 4168 754 4237 δυνάμεως
805 4167 1116 4238 ἐθάρρησεν
1150 4170 1231 4230 είς
1280 4168 1469 4236 χεῖράς
1497 4184 1555 4221 τε
1586 4170 1681 4222 καὶ
1726 4172 1890 4240 ὁμόσε

326 4264 441 4320 τοῖς
488 4258 769 4327 πολεμίοις
807 4260 944 4311 ἰέναι
980 4259 1078 4327 οὑχ
1106 4254 1273 4330 ἧσσον
1312 4258 1346 4328 ἢ
1390 4257 1694 4322 διπλασίοις
1739 4257 1890 4311 οὑσιν

323 4346 520 4412 αὑτοῦ,
554 4349 756 4416 βέλτιον
787 4349 1030 4417 οίόμενος
1066 4349 1116 4399 εί
1145 4347 1368 4400 δυνατὸν
1396 4347 1706 4417 αὐθημερὸν
1740 4344 1888 4417 αὑτῷ

1124 3096 1218 3148 καὶ
1269 3094 1388 3185 ἄμα
1418 3095 1518 3165 τῆς
1577 3096 1766 3166 φήμης
1815 3098 1967 3185 dcc

2003 1917 2057 1969 in
2091 1917 2304 1970 foveam
2339 1918 2641 1985 mortisque
2671 1918 2987 1985 voraginem
3035 1917 3366 1972 inciderent.
3422 1919 3570 1973 Prteo

1999 2006 2290 2072 cipitantes
2345 2005 2492 2058 enim
2545 2020 2646 2058 eos
2674 2007 2955 2075 'gravibus
3004 2021 3243 2076 superne
3293 2007 3568 2063 devolutis

1999 2098 2144 2151 saxis
2175 2098 2433 2167 protinus
2483 2097 2538 2152 in
2589 2097 2786 2152 mortis
2817 2099 2954 2152 retia
2995 2098 3332 2153 inevitabilia
3366 2099 3569 2168 iniece-

2000 2195 2151 2243 runt.
2183 2186 2377 2240 Multis
2403 2185 2604 2240 deinde
2641 2186 3010 2255 praterlapsis
3041 2186 3238 2240 diebus
3267 2187 3568 2242 Athenien-

1998 2276 2139 2330 sium
2181 2284 2239 2329 et
2307 2274 2695 2330 Thebanorum
2747 2283 3022 2330 venerunt
3081 2277 3306 2338 auxilia.
3367 2277 3567 2332 delecti

1997 2367 2212 2435 equites
2252 2367 2504 2428 trecenti.
2555 2367 2766 2436 pedites
2814 2368 3109 2421 voluntarii
3161 2369 3347 2437 plures
3401 2383 3565 2438 quam

1997 2459 2104 2525 ipsi
2134 2457 2426 2513 habebant.
2462 2458 2620 2512 Fama
2646 2473 2776 2512 vero
2803 2473 2898 2525 per
2923 2466 3088 2512 totam
3113 2458 3346 2512 insulam
3377 2473 3564 2529 sparsa

1999 2548 2243 2627 undique
2270 2548 2428 2602 mniti
2461 2549 2641 2603 obviis
2671 2549 2909 2618 quisque
2939 2549 3110 2604 armis
3135 2549 3388 2606 instructi
3436 2563 3570 2605 con-

1997 2647 2312 2692 currerunt.
2339 2637 2478 2694 Tum
2509 2635 2849 2692 Venetorum
2881 2637 2994 2691 dus
3022 2645 3188 2707 atque
3213 2639 3402 2694 classis
3428 2654 3568 2710 pra:-

1995 2725 2173 2780 fectus
2202 2737 2362 2781 nocte
2391 2727 2606 2781 insidiis
2638 2735 2766 2780 ante
2798 2727 2990 2781 urbem
3017 2729 3073 2781 in
3103 2729 3354 2786 faucibus
3389 2731 3566 2785 collo-

1995 2816 2156 2882 catis,
2186 2817 2397 2872 oriente
2429 2818 2543 2870 sole
2573 2817 2862 2870 manifesto
2886 2818 3073 2886 c0pias
3119 2817 3329 2882 eduxit,
3364 2821 3567 2876 milites

1994 2905 2176 2974 gravis
2233 2915 2290 2960 et
2341 2905 2478 2960 levis
2534 2914 2865 2970 armatura,
2925 2906 3259 2976 sagittarios,
3320 2908 3565 2964 hastatos

1996 2999 2324 3067 equitesque
2356 3013 2496 3066 quos
2545 2997 2769 3067 quidem
2818 2997 2876 3052 iu
2909 2998 3112 3053 civium
3165 3014 3394 3054 numero
3431 3010 3567 3054 tunc

2001 3089 2247 3144 invenire
2280 3090 2457 3158 potuit
2487 3089 2556 3143 ita
2609 3097 2670 3142 ut
2724 3096 2838 3142 tota
2879 3102 3076 3142 manus
3106 3088 3172 3142 ad
3217 3089 3565 3144 militandum

2003 3179 2200 3234 idonea
2233 3194 2344 3233 non
2380 3181 2565 3234 minus
2589 3180 2835 3248 quinque
2861 3179 3029 3233 millia
3059 3181 3301 3235 virorum
3329 3180 3568 3236 deiecto-

2003 3284 2124 3322 rum
2148 3268 2408 3323 elliceret.
2460 3270 2692 3324 Auxiliis
2718 3285 2851 3323 vero
2878 3268 3298 3325 Atheniensium
3333 3281 3390 3324 et
3419 3271 3566 3325 The-

2004 3361 2271 3412 banorum
2344 3359 2507 3413 modo
2565 3359 2866 3429 adjunctis,
2923 3359 3164 3413 audebat
3208 3360 3318 3430 jam
3369 3375 3567 3414 manus

2001 3465 2293 3505 conserere
2323 3459 2382 3505 et
2418 3449 2732 3520 confligere,
2788 3467 3099 3521 quanquam
3145 3468 3411 3508 numerus
3465 3453 3566 3507 hoc

2002 3541 2168 3596 stium
2199 3541 2374 3596 altero
2425 3551 2577 3596 tanto
2623 3543 2797 3613 major
2847 3553 2986 3598 erat.
3045 3544 3229 3599 Salius
3259 3545 3366 3614 50
3415 3545 3564 3602 enim

2000 3647 2120 3686 esse
2155 3631 2330 3698 duxit,
2360 3647 2428 3688 eo
2457 3633 2567 3699 die,
2601 3635 2647 3688 si
2698 3634 2812 3688 fieri
2850 3643 3057 3705 posset,
3109 3637 3165 3690 in
3196 3641 3440 3691 omnium
3475 3652 3561 3692 re-

2002 3738 2123 3776 rum
2163 3722 2459 3779 discrimen
2485 3725 2752 3795 pugnari,
2793 3741 2957 3794 quam
3009 3726 3062 3780 in
3097 3726 3320 3797 longum
3351 3735 3566 3794 tempus

1999 3799 2280 3870 certamen
2326 3815 2592 3884 protrahi,
2625 3815 2878 3870 hostibus
2912 3817 3000 3870 die
3047 3826 3315 3884 nocteque
3355 3826 3567 3871 vastan-

2002 3905 2148 3961 tibus
2175 3921 2355 3974 agros.
2402 3909 2578 3972 Quare
2606 3907 2876 3962 instructo
2899 3911 3143 3962 exercitu
3169 3905 3567 3976 ordinibusque

1999 3997 2312 4052 distributis
2343 4037 2360 4063 ,
2400 3999 2832 4054 Atheniensibus
2887 4010 2941 4054 et
3000 3998 3276 4054 Thebanis
3323 3999 3378 4053 in
3429 3999 3568 4054 iazvo

1998 4101 2170 4140 cornu
2219 4073 2528 4155 collocatis,
2552 4087 2666 4155 ipse
2701 4088 2896 4142 dextro
2937 4102 3108 4144 cornu
3164 4089 3445 4159 imperans
3494 4091 3564 4146 ad

1998 4176 2185 4233 hostes
2206 4177 2585 4247 duxiteosque
2625 4178 2693 4233 ad
2728 4188 3005 4235 certamen
3055 4181 3224 4251 praelii
3271 4197 3567 4237 conseren-

1998 4266 2130 4320 dum
2162 4277 2444 4336 provocat.
2480 4269 2545 4324 Hi
2576 4270 2757 4325 statim
2781 4273 2947 4326 armis
2974 4275 3204 4343 sumptis
3225 4274 3567 4343 navibusque

2000 4356 2114 4412 fere
2156 4359 2345 4415 vacuis
2378 4361 2590 4417 relictis
2638 4363 2809 4418 initio
2857 4364 3080 4432 quidem
3128 4363 3348 4418 fortiter
3394 4365 3565 4417 insta-

321 4437 424 4490 τοῦ
457 4439 655 4500 παντὸς
686 4438 925 4507 πολέμου
963 4441 1024 4489 τὸ
1048 4438 1203 4500 τέλος
1232 4436 1621 4508 κριθήσεσθαι,
1651 4439 1683 4507 ἢ
1721 4437 1890 4490 πολύν

1999 4447 2162 4513 bant;
2204 4449 2401 4504 deinde
2434 4467 2566 4506 vero
2594 4455 2842 4520 equitum
2877 4457 3071 4509 turmis
3096 4456 3353 4509 alacriter
3379 4455 3433 4507 in
3469 4470 3569 4509 eos

319 4546 448 4581 τινα
476 4528 760 4597 τρίῦεσθαι
814 4529 1008 4597 χρόνον
1035 4529 1100 4597 τῇ
1136 4530 1304 4601 μάχῃ,
1336 4529 1444 4581 τῶν
1485 4527 1766 4596 πολεμίων
1806 4528 1894 4599 δῃ-

320 4619 532 4670 ούντων
564 4620 758 4680 νυκτὸς
783 4625 877 4670 καί
909 4618 1123 4686 ἡμέρας
1167 4620 1263 4684 τὴν
1299 4616 1500 4687 χώραν.
1541 4617 1705 4671 Ὅθεν
1734 4618 1896 4671 ἐκτά-

322 4707 420 4770 ξας
453 4707 544 4758 τδν
570 4707 798 4775 στρατὸν
823 4706 919 4758 καὶ
952 4707 1180 4774 μερίσας
1209 4708 1286 4767 είς
1318 4707 1627 4774 φάλαγγας,
1661 4705 1755 4759 καὶ
1780 4709 1890 4770 τοῖς

326 4797 428 4865 μὲν
461 4793 767 4864 Ἀθηναίοις
817 4795 914 4849 καὶ
953 4795 1212 4864 Θηϐαίοις
1245 4796 1306 4848 τὸ
1336 4796 1487 4848 λαιὸν
1529 4797 1698 4866 κέρας
1743 4795 1891 4862 δοὺς,

322 4888 490 4947 αὑτὸς
519 4886 564 4937 δ’
592 4884 731 4954 ἔχων
769 4885 830 4938 τὸ
871 4885 1067 4951 δεξιὸν,
1102 4882 1239 4956 ἦγεν
1269 4887 1362 4938 ὲπί
1393 4886 1455 4938 τὸ
1479 4887 1586 4940 τῶν
1618 4888 1891 4958 πολεμίων

324 4976 693 5048 στρατόπεδον
719 5015 734 5041 ,
819 4978 955 5047 πρὸς
1039 4979 1363 5048 συμπλοκὴν
1445 4978 1890 5050 προκαλούμενος

325 5072 491 5137 σφᾶς.
527 5069 1007 5138 Ἀναπηδήσαντες
1063 5069 1156 5122 οὖν
1201 5070 1363 5134 εὐθὺς
1393 5071 1485 5123 ἐπὶ
1512 5072 1582 5124 τά
1618 5071 1758 5124 ὅπλα
1789 5075 1890 5128 κά·

317 5163 515 5222 κεῖνοι,
563 5160 660 5212 καὶ
709 5158 906 5234 μικροῦ
948 5160 1108 5222 κενάς
1165 5160 1523 5224 ἀπολιπόντες
1569 5163 1670 5225 τάς
1718 5162 1886 5231 ναῦς,

318 5250 612 5320 εὐρώστως
643 5252 744 5320 μὲν
773 5255 1030 5322 ἀπήντων
1059 5255 1114 5304 ὲν
1138 5253 1260 5314 ταῖς
1293 5253 1510 5321 ἀρχαῖς⁹
1537 5253 1706 5306 ἔπειτ’
1733 5253 1890 5324 ἐπιρ-

317 5344 552 5415 ρυείσης
588 5345 685 5413 τῆς
719 5345 890 5397 ἵππου
929 5345 1213 5411 γενναίως,
1247 5347 1342 5396 καὶ
1375 5345 1496 5413 ᾶμα
1521 5345 1622 5415 τῆς
1653 5346 1889 5416 πεζικῆς

319 5437 607 5504 φάλαγγος
637 5437 980 5506 πανταχόθεν
1015 5436 1370 5507 ἐπιχυθείσης
1399 5437 1494 5507 βοῇ
1524 5439 1618 5491 καὶ
1645 5439 1882 5507 άλαλαγ·

317 5530 432 5598 μῷ,
460 5531 539 5597 μὴ
561 5528 848 5595 δυνάμενοι
881 5527 1070 5596 φέρειν
1103 5529 1200 5579 ἐπὶ
1247 5528 1381 5580 πόδα
1427 5529 1756 5598 ἀνεχώρουν,
1791 5545 1887 5581 κα-

310 5620 725 5688 ταπατούμενοί
755 5636 815 5672 τε
845 5620 940 5672 καὶ
967 5619 1424 5690 τιτρωσκόμενοι.
1467 5618 1680 5683 Νυκτὸς
1711 5619 1758 5672 δ’
1791 5620 1883 5673 ἐπὶ

310 5715 528 5774 τούτοις
562 5716 860 5783 γενομένης
897 5714 990 5766 καὶ
1039 5713 1138 5781 τῆς
1180 5713 1356 5783 μάχης
1394 5710 1760 5781 διαλυθείσης,
1788 5713 1882 5766 ἐπὶ

2001 4537 2346 4592 irruentibus
2376 4541 2732 4611 peditumque
2765 4543 3074 4608 legionibus
3116 4542 3187 4594 ab
3215 4542 3366 4595 omni
3410 4554 3567 4610 parte

1999 4629 2238 4682 clamore
2278 4630 2496 4685 sublato
2535 4633 2941 4695 invadentibns,
2997 4633 3259 4700 impetum
3289 4634 3566 4688 sustinere

2000 4735 2108 4775 non
2160 4730 2453 4790 poterant,
2505 4723 2606 4777 sed
2656 4723 2848 4791 pedem
2898 4723 3207 4778 referebant
3263 4725 3566 4794 pt'ocuicati

1999 4821 2163 4880 atque
2191 4812 2483 4869 vulnerati.
2538 4812 2724 4868 Nox-tis
2763 4813 3076 4868 interventu
3117 4817 3308 4885 praelia
3355 4817 3560 4872 direm-

1970 4914 2094 4973 pto
2132 4920 2298 4959 naves
2327 4905 2792 4971 conscenderunt,
2845 4923 3187 4977 nequaquam
3246 4917 3353 4963 tam
3405 4910 3564 4963 multi

1996 5010 2160 5064 quam
2187 5006 2449 5051 venerant
2483 5013 2658 5068 neque
2691 4999 2883 5054 eodem
2915 5000 3107 5054 habitu
3141 4999 3236 5054 sed
3269 5000 3565 5054 admodum

1997 5099 2130 5141 sane
2155 5089 2454 5142 contrario.
2512 5089 2646 5144 Nam
2695 5091 2748 5145 in
2797 5101 2943 5146 terra
2990 5092 3174 5147 hostili
3221 5107 3330 5146 non
3382 5093 3567 5146 minus

1995 5177 2280 5246 quingenti
2321 5179 2572 5234 homines
2600 5183 2940 5245 occiderant,
2979 5198 3158 5252 neque
3204 5183 3386 5238 minor
3416 5184 3564 5237 mili-

1997 5275 2113 5320 tum
2151 5283 2416 5326 numerus
2448 5273 2772 5328 vulneribus
2795 5283 2914 5328 erat
2943 5275 3196 5329 allectus.
3229 5273 3414 5340 Quare
3446 5277 3562 5345 ipsa

1994 5369 2156 5412 noete
2186 5360 2304 5414 sine
2336 5361 2531 5417 ordine
2569 5365 2846 5433 proficisci
2874 5364 3052 5419 coacti
3097 5374 3255 5428 sunt,
3300 5367 3561 5436 quasdam

1994 5461 2162 5503 naves
2196 5451 2493 5519 remigibus
2526 5453 2760 5508 nudatas
2786 5469 2973 5508 secum
3005 5456 3306 5511 trahentes.
3347 5458 3564 5511 Venetae

1993 5547 2174 5592 autem
2195 5539 2381 5593 classis
2405 5541 2691 5608 prmfcctus
2713 5552 2874 5612 atque
2900 5543 3010 5597 dux
3037 5545 3324 5598 celerrime
3349 5543 3565 5597 duabus

1993 5630 2246 5697 navibus,
2278 5646 2398 5700 qum
2424 5648 2533 5700 pra:
2557 5633 2770 5688 caneris
2794 5635 3006 5690 celeres
3019 5650 3078 5690 ct
3093 5637 3356 5702 exiteditm
3379 5643 3559 5698 erant,

1991 5734 2056 5773 ex
2088 5723 2224 5774 mari
2254 5725 2520 5776 extractis
2551 5723 2829 5794 rebusque
2880 5726 3080 5792 obviis,
3135 5734 3398 5795 quantum
3443 5727 3562 5782 tit-ri
