4036 6210
405 342 476 407 47
784 311 788 316 ’
1602 339 2015 400 NICEPIIORI
2056 340 2442 401 GllEGOlUB
3579 335 3651 399 ιε

401 466 874 515 sacrosanctorum
937 455 1197 512 Ecclesia:
1273 455 1590 525 dogmatum
1651 455 1970 512 defensores

2074 460 2261 521 ἀκοήν.
2305 459 2357 510 Ἀ
2371 458 2422 527 φ’
2453 457 2511 509 οὖ
2547 458 2654 528 γὰρ
2682 457 2779 518 τὰς
2808 456 3079 526 ἡμετέρας
3115 455 3280 508 πᾶσιν
3308 452 3642 508 ἀπέκλεισαν

402 550 644 621 perpessi
681 551 850 605 simus
879 590 895 613 ,
923 548 1200 619 quomodo
1233 547 1471 616 denique
1502 547 1638 600 varii
1688 549 1971 603 hominum

400 643 569 696 animi
598 643 714 696 sive
747 639 1008 696 nobilium
1037 629 1152 695 sive
1175 639 1278 693 alia
1310 637 1547 703 fortuna,
1583 653 1803 708 genere,
1840 656 1971 709 pru-

401 732 585 788 dentia
618 735 884 786 utentium
916 739 1098 786 nostra
1139 745 1302 785 causa
1345 730 1525 785 aﬂ‘ecti
1562 731 1708 796 sint,
1740 741 1853 784 tum
1899 747 1970 787 ne

399 841 502 896 ego
523 825 743 897 quidem
767 827 1119 888 cessaverim,
1142 839 1263 894 quae
1293 835 1415 892 apta
1439 833 1587 890 sunt,
1623 825 1717 880 tibi
1745 842 1968 895 respuu-

400 916 531 973 dere
561 917 718 988 etvel
744 916 1071 971 valetudinis
1103 916 1474 972 imbecillitate
1507 917 1785 988 animique
1813 919 1968 986 aegri-

402 1012 591 1068 tudine
625 1010 938 1081 posthabita
990 1018 1137 1064 tuam
1168 1010 1360 1064 audire
1405 1011 1800 1064 narrationem.
1844 1012 1965 1076 Quo

399 1105 545 1160 enim
570 1121 636 1159 ex
664 1115 908 1173 tempore
943 1111 1163 1157 nostras
1197 1102 1342 1157 fores
1367 1101 1624 1157 orunibus
1653 1103 1970 1157 clauserunt

400 1193 570 1248 nostri
603 1203 656 1247 et
693 1193 953 1248 Ecclesia:
991 1193 1296 1256 carniﬁces,
1325 1194 1460 1247 nihil
1491 1195 1716 1248 omnino
1745 1192 1813 1247 de
1847 1195 1969 1248 tati:

401 1282 504 1337 bus
537 1282 699 1337 rebus
732 1298 904 1353 usque
930 1283 997 1338 ad
1023 1283 1173 1338 hunc
1207 1281 1350 1337 diem
1384 1283 1725 1338 accurratius
1756 1283 1968 1339 discere

402 1373 575 1442 potui,
606 1391 920 1444 quanquam
964 1391 1152 1430 earum
1206 1374 1445 1444 cognitio
1477 1375 1714 1428 maxime
1746 1374 1879 1429 mihi
1913 1375 1969 1430 in

400 1466 601 1534 optatis
647 1477 753 1522 est.
795 1469 872 1522 Ad
903 1467 1244 1537 pr0positum
1281 1465 1445 1536 igitur
1476 1481 1760 1535 regressus
1785 1468 1966 1522 omnia

2082 547 2252 616 θύρας
2290 550 2337 601 οἱ
2372 549 2469 616 τῆς
2498 545 2781 608 εὐσεϐείας
2829 546 2923 598 καὶ
2955 543 3112 616 ἡμῶν
3159 543 3366 614 δήμιοι,
3403 544 3465 596 ού
3497 541 3647 596 δεδύο

2079 640 2250 709 νημαί
2298 656 2350 692 τι
2411 640 2577 706 σαφὲς
2624 638 2749 706 περὶ
2793 636 2900 688 τῶν
2940 636 3199 688 τοιούτων
3259 633 3452 701 μαθεῖν
3493 632 3648 685 οὐδὲν

2078 733 2291 803 οὐδαμῆ
2333 749 2420 785 πω
2456 734 2618 802 μέχρι
2655 732 2749 784 καὶ
2791 731 3054 799 τήμερον,
3090 728 3154 799 [ί.
3177 728 3288 792 ,109
3317 744 3349 780 a
3382 724 3401 796 ]
3435 727 3529 778 καὶ
3561 727 3648 793 γί-

2076 825 2226 876 νεταί
2265 841 2354 895 μοι
2403 824 2492 877 διὰ
2527 823 2785 892 πλείστης
2826 822 3068 890 ἐφέσεως
3100 822 3132 889 ἡ
3163 818 3369 872 τούτων
3404 819 3549 887 μάλα
3579 818 3643 884 γέ

2075 935 2126 970 τι
2155 917 2376 985 γνῶσις.
2421 914 2733 971 ’Λναλαϐὼν
2791 909 2886 968 οὖν
2945 929 3035 982 μοι
3077 913 3203 979 λέγε
3249 911 3426 965 ταῦτα
3465 910 3646 964 πάντα

2073 1008 2198 1062 καθ’
2227 1009 2481 1071 ἕκαστον,
2512 1006 2826 1078 προστιθεὶς
2861 1005 2960 1059 καὶ
2987 1006 3079 1058 τὸν
3121 1005 3315 1074 καιρὸν
3347 1002 3484 1071 ὁμοῦ
3514 1001 3640 1056 καθ’

2071 1102 2131 1156 δν
2168 1118 2228 1156 τε
2277 1101 2439 1164 αὐτὸς
2499 1103 2556 1163 ἐς
2601 1100 2892 1165 Βυζάντιον
2919 1094 3076 1169 ἧκες,
3107 1097 3203 1151 καὶ
3257 1098 3392 1167 πρός
3441 1114 3507 1165 γε
3562 1096 3646 1148 ἔτι

2071 1194 2194 1248 καθ’
2228 1193 2286 1247 δν
2314 1195 2523 1246 ἕκαστα
2561 1195 2770 1246 τούτων
2804 1193 3071 1260 ἀκήκοας,
3089 1193 3164 1254 ὼς
3195 1191 3262 1244 ἀν
3295 1188 3420 1242 καθ’
3451 1189 3644 1256 είρμὶν

2072 1287 2284 1341 ἐκεῖθεν
2309 1286 2605 1355 κατιούσης
2638 1285 2736 1354 τῆς
2757 1285 3062 1355 διηγήσεως
3094 1281 3642 1352 εὐπαρακολούθητος

2071 1380 2165 1431 καὶ
2197 1377 2395 1447 ήμῖνή
2439 1376 2548 1429 τῶν
2579 1374 2840 1428 τοιούτων
2885 1367 3191 1442 ἐγγίγνοιτο
3237 1371 3474 1444 μάθησις
3517 1370 3649 1423 ἑκα-

2069 1468 2310 1540 τέρωθεν
2339 1471 2648 1540 ἑκατέροις.
3133 1466 3136 1468 ⁷

405 1560 538 1616 milii
564 1560 878 1630 singulatim
902 1562 1361 1631 exponas,addito
1385 1562 1548 1616 etiam
1573 1573 1838 1632 tempore,
1859 1580 1970 1633 quo
2008 1564 2330 1638 Byzantium
2395 1567 2630 1622 redieris
2664 1575 2718 1621 et
2747 1581 2856 1636 quo
2888 1565 3130 1636 quidque
3193 1562 3491 1626 audiveris,
3539 1562 3650 1633 60

404 1663 464 1709 ut
499 1653 814 1710 narratione
862 1654 987 1710 inde
1028 1672 1094 1710 ex
1133 1658 1325 1713 ordine
1371 1657 1702 1727 procedente
1755 1659 1970 1728 utrique
2007 1673 2260 1718 nostrum
2304 1661 2546 1733 cognitio
2617 1677 2800 1716 rerum
2869 1659 2938 1715 ab
2987 1668 3216 1728 utraque
3249 1667 3402 1727 parte
3436 1655 3651 1726 perspi-

403 1764 507 1806 cua
538 1748 755 1804 evadat.

469 1885 639 1941 XXII.
669 1905 693 1938 1
725 1884 881 1952 Quod
909 1887 973 1940 ad
1009 1895 1224 1956 tempus
1270 1887 1488 1952 attinet,
1526 1887 1728 1955 inquit,
1766 1886 1977 1957 Byzan-
2011 1893 2054 1948 Β

402 1982 536 2036 ιὶιιιιι
565 1989 687 2050 post
711 1979 974 2034 caniculae
999 1986 1182 2033 ortum
1233 1987 1422 2032 aestate
1468 1979 1580 2049 jam
1615 1987 1849 2034 exeunte
1884 1994 1973 2032 re-

397 2085 592 2126 versus
656 2085 798 2125 sum.
853 2069 988 2124 Navi
1051 2084 1308 2139 egressus
1352 2069 1576 2123 domum
1631 2069 1755 2124 veni
1789 2069 1974 2137 ibique

396 2163 712 2235 quindecim
762 2161 1056 2217 continuos
1096 2162 1213 2216 dies
1258 2170 1510 2215 versatus
1558 2175 1645 2214 me
1699 2160 1864 2215 refeci
1919 2169 1976 2216 et

398 2253 692 2325 navigandi
727 2253 1009 2306 molestias
1051 2251 1255 2306 sensim
1304 2252 1680 2321 paulatimque
1715 2252 1969 2306 abstersi.

401 2347 563 2401 Hisce
593 2344 790 2400 diebus
816 2343 940 2397 aliis
983 2343 1120 2398 alias
1157 2343 1345 2398 amicis
1377 2358 1462 2396 me
1513 2343 1975 2398 convenientibus

396 2448 453 2493 et
481 2452 698 2492 meeum
723 2434 1183 2490 conversantibus
1229 2445 1486 2490 accurate
1518 2435 1700 2489 omnia
1728 2434 1973 2504 comperi

396 2533 467 2590 de
507 2532 713 2604 synodo
767 2532 893 2592 ista,
937 2542 1100 2600 quam
1157 2525 1437 2590 dicebant,
1487 2541 1593 2596 qua
1647 2525 1860 2580 ratione
1907 2541 1975 2580 ex

399 2627 862 2694 tempore'coacta
885 2627 1054 2684 esset,
1082 2633 1204 2689 quae
1236 2617 1309 2672 ibi
1337 2633 1366 2672 a
1393 2617 1719 2688 praesidibus
1740 2617 1974 2672 Palamze

399 2711 834 2782 suﬂragantibus
885 2718 942 2764 et
1010 2709 1188 2778 palam
1245 2707 1622 2779 dejerantibus
1689 2707 1973 2777 illegitime

393 2817 567 2877 gesta,
621 2818 730 2876 quo
792 2811 950 2874 pacto
985 2801 1181 2871 dogma
1231 2800 1300 2854 de
1350 2799 1536 2854 multis
1586 2799 1974 2856 divinitatibus

397 2910 576 2954 ratum
607 2896 838 2962 factum,
870 2894 1195 2966 mysterium
1224 2907 1358 2947 vero
1390 2891 1787 2947 incarnationis
1811 2907 1973 2946 ever-

396 3004 518 3044 sum
551 2997 718 3044 esset.
762 2987 966 3042 Praeter
1000 2984 1108 3038 alia
1138 2996 1292 3049 vero,
1324 2997 1445 3052 quae
1491 2996 1560 3035 ne
1592 2981 1821 3036 auribus
1849 2981 1974 3051 qui-

397 3082 524 3136 dem
578 3077 892 3142 bominum,
944 3075 1040 3145 qui
1087 3075 1176 3144 pie
1224 3083 1390 3144 atque
1449 3072 1729 3128 moderate
1790 3072 1976 3128 vivere

400 3171 594 3237 velint,
627 3165 921 3239 ingerenda
951 3174 1100 3230 sunt,
1142 3165 1235 3220 illa
1266 3179 1487 3234 quoque
1538 3163 1820 3228 nimirum,
1853 3179 1975 3234 quae

398 3266 637 3321 barbare
671 3272 728 3318 et
756 3261 982 3316 eﬂ'erate
1033 3258 1144 3324 isti,
1189 3257 1390 3328 quibus
1439 3265 1718 3327 pastorum
1765 3271 1968 3310 munus

394 3355 617 3427 obtigit,
645 3361 955 3426 gesserunt,
1007 3351 1075 3407 de
1100 3352 1302 3421 quibus
1344 3349 1658 3420 pastoribus
1699 3348 1966 3403 Dominus

396 3449 536 3505 dixit
569 3465 585 3504 :
625 3468 645 3501 ι
677 3448 933 3504 Pastores
981 3443 1355 3506 insaniebant,
1396 3451 1644 3511 pastores
1679 3442 1967 3496 vastabant
1997 3469 2000 3472 ~

395 3540 608 3594 vineam
637 3553 812 3594 meam
833 3538 875 3590 ¹.
906 3555 925 3590 ι
953 3535 1205 3604 Comperi
1227 3535 1414 3597 etiam,
1440 3543 1500 3588 ut
1528 3533 1965 3602 persecutionem

397 3632 878 3691 horribilissimam
950 3628 1152 3699 ubique
1211 3627 1576 3682 instituissent
1641 3644 1656 3681 :
1717 3635 1776 3680 ut
1839 3625 1968 3680 dein

395 3726 647 3783 nonnulli
675 3723 923 3796 episcopi
951 3737 1075 3778 cum
1101 3719 1380 3775 nonnullis
1409 3727 1462 3773 et
1488 3733 1677 3772 omnes
1700 3715 1812 3770 fere
1844 3732 1966 3772 cum

396 3819 650 3875 omnibus
675 3815 1055 3878 dissedissent,
1100 3798 1358 3881 tanquam
1403 3809 1724 3879 paenitentia
1757 3809 1883 3862 tacti
1915 3818 1970 3864 et

395 3908 776 3980 magnitudine
821 3905 1092 3960 scelerum
1125 3917 1349 3956 suorum
1382 3900 1489 3970 61
1523 3899 1626 3968 ipsi
1689 3899 1968 3966 perterriti

395 4001 762 4066 contumelias
793 4008 849 4055 et
877 3995 1197 4052 inimicitias
1237 3994 1483 4048 οιιιιιὶιιηι
1518 3993 1884 4064 undecunque
1912 3994 1966 4048 in

393 4106 490 4147 eos
511 4091 774 4146 conﬂatus
799 4089 1023 4142 omnino
1049 4085 1192 4140 ferre
1219 4100 1324 4138 non
1355 4092 1577 4152 possent
1604 4101 1617 4136 :
1644 4091 1702 4136 ut
1731 4082 1970 4152 denique

397 4181 697 4249 imperator
745 4179 801 4232 in
847 4177 1058 4230 medios
1108 4175 1328 4229 irruens
1385 4175 1524 4228 alios
1578 4173 1862 4228 blanditiis
1915 4181 1971 4227 et

401 4267 811 4342 largitionibus,
852 4267 989 4319 alios
1022 4265 1182 4318 minis
1213 4265 1316 4318 sibi
1363 4264 1620 4318 subactos
1653 4263 1704 4314 in
1738 4264 1970 4316 Palam-ae

403 4369 583 4432 partes
615 4359 876 4414 traxisset
905 4367 960 4412 et
992 4356 1284 4420 etiecissct,
1315 4363 1371 4406 ut
1406 4369 1577 4407 novos
1619 4364 1794 4406 tomos
1818 4369 1970 4407 com-

401 4459 668 4522 ponerent
738 4450 939 4520 quibus
989 4447 1325 4516 impietatem
1374 4445 1494 4514 ejus
1555 4445 1966 4498 euntirmarent.

2167 1888 2225 1942 Ὀ
2263 1891 2361 1959 μὲν
2386 1888 2450 1959 δὴ
2490 1888 2679 1959 χρόνος
2718 1886 2844 1941 καθ’
2897 1885 2956 1940 δν
3002 1884 3242 1940 ἐπανιὼν
3277 1883 3642 1948 κατέπλευσα,

2078 1984 2264 2050 φησιν,
2291 1985 2346 2044 ἐς
2373 1981 2692 2046 Βυζάντιον,
2726 1981 2863 2048 μετά
2899 1978 3058 2039 κυνὸς
3087 1979 3332 2048 ὑπῆρχεν
3363 1977 3642 2041 ἐπιτολὰς,

2074 2075 2335 2144 λήγοντος
2373 2074 2474 2144 ήδη
2512 2071 2608 2127 τοῦ
2663 2071 2878 2142 θέρους.
2934 2070 3109 2126 Εὐθὺς
3158 2066 3250 2124 οὖν
3302 2071 3514 2124 ἀποϐὰς
3547 2071 3648 2132 τῆς

2075 2166 2210 2228 νεὼς
2239 2165 2421 2219 οῖκαδε
2448 2165 2856 2234 ἀφικόμην,καὶ
2886 2162 3150 2234 οἰκουρῶν
3179 2163 3562 2218 διετετελέκειν
3582 2163 3649 2233 ἡ·

2075 2255 2222 2317 λίους
2263 2255 2389 2323 ἑξῆς
2420 2255 2836 2318 πεντεκαίδεκα,
2869 2252 3271 2321 ἀναλαμϐάνων
3294 2270 3352 2306 τε
3381 2255 3642 2322 ἐμαυτὸν,

2077 2346 2171 2400 καὶ
2200 2346 2296 2415 τὴν
2338 2347 2402 2398 ὲκ
2453 2344 2726 2414 θαλάττης
2764 2345 2947 2416 ἠρέμα
2979 2345 3243 2398 καὶκατὰ
3288 2344 3484 2414 μικρὶν
3511 2345 3647 2398 ἀπο-

2075 2435 2398 2505 τριϐόμενος
2429 2435 2646 2507 ἀηδίαν.
2685 2437 2795 2489 Καὶ
2823 2436 2921 2506 μὲν
2941 2437 3006 2504 δὴ
3044 2437 3151 2491 τῶν
3181 2437 3404 2508 ἡμερῶν
3437 2436 3642 2507 μεταξῦ

2075 2527 2308 2582 τουτωνὶ
2359 2527 2697 2599 προσιόντων
2739 2527 2918 2582 ἄλλοτ’
2967 2527 3144 2582 ἄλλων
3181 2527 3352 2596 φίλων
3381 2527 3476 2580 καὶ
3523 2526 3648 2596 ὁμι-

2076 2617 2314 2670 λούντων
2366 2619 2499 2687 ἡμῖν
2548 2618 2791 2689 ἀκριϐῶς
2849 2620 3141 2688 ἀκηκοέναι
3189 2637 3279 2690 μοι
3326 2620 3553 2686 γέγονεν
3585 2617 3648 2671 ἃ·

2081 2726 2280 2773 παντα,
2321 2710 2423 2780 τήν
2466 2709 2514 2763 τ’
2565 2710 2972 2780 ὀνομαζομένην
3000 2711 3200 2764 οὑτωσί
3255 2729 3372 2774 πως
3409 2711 3646 2771 σύνοδον.

2077 2804 2225 2867 ὅπως
2275 2821 2334 2856 τε
2370 2803 2733 2874 ἐσχεδίασται,
2777 2805 2874 2857 καὶ
2910 2806 3009 2858 δσα
3056 2805 3370 2874 πέπρακται
3419 2803 3653 2872 παρανό-

2080 2909 2196 2962 μως
2236 2895 2352 2946 ἐκεῖ
2381 2895 2515 2964 πρὸς
2546 2896 2655 2948 τῶν
2689 2897 2968 2967 προέδρων
2998 2897 3104 2950 τῶν
3158 2896 3392 2966 Παλαμᾷ
3426 2912 3654 2963 συμμασ-

2076 2985 2316 3056 χούντων
2342 2987 2436 3038 καὶ
2468 2986 3008 3054 ἀνακεκαλυμμένως
3033 2985 3454 3055 ἐπιορκούντων,
3482 2982 3561 3036 ἔτι
3586 3000 3646 3036 τε

2077 3076 2226 3139 ὅπως
2255 3077 2314 3129 τὸ
2348 3078 2446 3146 μὲν
2485 3079 2587 3148 τῆς
2624 3079 2915 3142 πολυθεῖις
2951 3079 3231 3148 ὴκύρωται
3268 3078 3464 3146 δόγμα,
3500 3076 3560 3128 τὸ
3589 3075 3646 3129 δὲ

2078 3168 2176 3237 τῆς
2213 3170 2482 3239 ὲνσάρκου
2518 3172 2820 3241 μυστήριον
2851 3172 3163 3240 οἰκονομίας
3207 3169 3514 3241 ἀνῄρηταιο
3552 3169 3650 3220 καὶ

2076 3263 2212 3330 πρὸς
2237 3279 2301 3329 γε
2333 3266 2444 3328 τοῖς
2483 3263 2684 3330 ἄλλοις,
2726 3265 2762 3318 ἀ
2795 3265 2914 3333 μηδ’
2948 3265 3084 3334 ἀκοῇ
3123 3263 3426 3335 σωφρονεῖν
3457 3263 3528 3316 δι’
3561 3263 3652 3315 εύ-

2074 3352 2287 3406 σέϐειαν
2340 3356 2754 3430 προαιρουμένῃ
2787 3357 2986 3410 διδόναι
3026 3355 3226 3427 χρεὼν,
3279 3359 3507 3410 κάκεῖνα
3549 3357 3647 3418 δη-

2069 3445 2200 3516 λαδὴ
2229 3447 2329 3500 ὅσα
2381 3448 2740 3534 βαρϐαρικῶς
2789 3465 2845 3500 τε
2882 3450 2974 3502 καί
3020 3448 3302 3517 θηριωδῶς
3354 3449 3649 3518 εἴργασται

2072 3534 2208 3602 πρὸς
2232 3535 2340 3587 τῶν
2371 3540 2681 3605 ποιμαίνειν
2708 3536 2979 3607 λαχόντων
3003 3539 3102 3606 τὴν
3137 3538 3485 3609 Ἐκκλησίαν,
3514 3543 3646 3609 περὶ

2069 3619 2144 3680 ὧν
2171 3629 2197 3679 ὁ
2228 3627 2431 3694 Κύριος
2465 3628 2590 3696 ἔφη,
2628 3646 2646 3678 ι
2692 3629 2956 3698 Ποιμένες
2985 3631 3415 3699 ἡφρονεύσαντο,
3449 3632 3646 3697 ποιμέ-

2072 3733 2159 3779 νες
2191 3717 2509 3788 διέφθειραν
2545 3719 2637 3772 τὸν
2687 3721 2986 3789 ἀμπελῶνά
3019 3739 3142 3790 μου.
3189 3743 3208 3774 ι
3271 3725 3378 3774 Καὶ
3411 3725 3524 3791 ἅμα
3554 3724 3646 3778 τὸν

2073 3808 2165 3860 ἐπὶ
2189 3809 2397 3871 τούτοις
2429 3811 2869 3880 φρικωδέστατον
2900 3815 2990 3865 καὶ
3020 3815 3358 3868 παντοδαπὸν
3381 3815 3643 3882 διωγμὸν,

2071 3899 2312 3954 κᾶπειτα
2345 3902 2493 3964 ὅπως
2524 3919 2583 3954 τε
2619 3902 2981 3973 διηνέχθησαν
3019 3904 3153 3955 ἔνιοι
3195 3905 3316 3956 κατ’
3342 3907 3500 3959 ἐνίων
3526 3907 3648 3958 ἐπί-

2074 4008 2290 4054 σκοποι,
2324 3993 2419 4044 καὶ
2450 3993 2640 4061 σχεδὸν
2691 3992 2934 4056 ἅπαντες
2988 3995 3110 4047 καθ’
3142 3997 3421 4060 ἀπάντων,
3454 3996 3643 4067 ὥσπερ

2073 4081 2137 4132 ὲκ
2179 4081 2490 4148 μεταμέλοι»
2535 4081 2594 4132 τὸ
2628 4080 2860 4150 μέγεθος
2889 4082 2998 4134 τῶν
3047 4085 3327 4152 σφετέρων
3354 4086 3642 4151 ἀτοπημὰ-
3731 4153 3738 4157 _

2071 4189 2182 4224 των
2233 4172 2682 4244 ἐκπεπληγμένοι
2733 4191 2816 4240 τε,
2852 4178 2946 4227 καὶ
2998 4175 3120 4228 οὐδὲ
3155 4178 3343 4244 φέρειν
3390 4177 3646 4242 καθάπαξ

2072 4265 2389 4334 ἀνεχόμενοι
2415 4267 2507 4328 τὰς
2541 4266 2760 4319 πάντων
2782 4267 2868 4320 διὰ
2901 4267 3072 4320 ταῦτα
3103 4269 3440 4338 πανταχόθεν
3463 4269 3644 4338 ὕϐρεις

2075 4357 2172 4408 καὶ
2203 4356 2502 4425 ἀπεχθείας
2525 4373 2539 4388 ο
2574 4361 2667 4410 καὶ
2691 4360 2836 4422 ὅπως
2872 4361 2898 4411 ὁ
2925 4360 3177 4428 βασιλεὺς
3205 4360 3409 4429 μεταξὺ
3437 4378 3650 4430 παρεμο

2077 4446 2260 4500 πεσὼν
2295 4451 2422 4513 τοὺς
2457 4449 2554 4516 μὲν
2596 4449 2861 4510 θωπείαις
2894 4454 2983 4504 καὶ
3014 4453 3314 4522 χρημάτων
3338 4455 3645 4524 διανομαῖς.

396 4545 533 4601 Cum
581 4557 717 4598 vero
767 4542 834 4595 de
863 4539 1076 4594 czcleris
1125 4536 1383 4590 omnibus
1428 4525 1590 4589 rebus
1641 4539 1684 4588 si
1723 4551 1971 4604 qu;crcre

2076 4540 2200 4602 τοὺς
2228 4539 2272 4591 δ’
2304 4541 2556 4605 ἀπειλαῖς
2583 4542 2900 4611 ὑπηγάγετό
2931 4562 2986 4596 τε
3021 4546 3114 4598 καὶ
3139 4546 3214 4613 τῷ
3247 4548 3483 4619 Παλαμᾷ
3515 4565 3652 4616 συμ-

397 4645 565 4706 atque
596 4633 944 4703 percunctari
985 4629 1204 4689 vellem.
1260 4628 1465 4698 majore
1515 4626 1646 4680 mihi
1689 4627 1801 4680 otio
1835 4641 1972 4695 opus

397 4737 564 4791 esset,
600 4728 655 4780 in
685 4726 789 4780 alia
823 4735 1069 4794 tempora
1113 4723 1162 4777 id
1209 4721 1572 4776 diilercndum
1597 4736 1717 4772 esse
1753 4719 1964 4788 putavi,

399 4829 563 4890 atque
590 4817 803 4872 duabus
823 4824 1036 4870 tantum
1070 4814 1219 4868 hisee
1251 4814 1418 4866 rebus
1444 4810 1753 4866 accuratius
1785 4809 1971 4875 explo-

355 4954 357 4957 .
403 4908 591 4965 randis
647 4922 811 4963 omne
863 4907 1108 4961 studium
1173 4916 1229 4958 et
1279 4917 1499 4972 Operam
1564 4899 1842 4970 impendi,
1913 4910 1972 4952 ut

399 5001 635 5072 primum
681 4999 903 5070 quidem
938 5009 1351 5065 cognoscerem,
1405 5009 1504 5045 cur
1557 4991 1610 5044 in
1664 4991 1966 5044 custodiam

397 5094 726 5147 atrociorem
784 5099 834 5144 te
889 5103 1053 5158 quam
1106 5087 1347 5154 reliquos
1402 5083 1791 5139 includendum
1845 5097 1967 5136 esse

397 5190 735 5257 imperantes
779 5182 1202 5239 decrevissent:
1241 5179 1442 5232 deinde
1495 5179 1756 5246 quidnam
1805 5177 1967 5229 novis

398 5278 516 5332 istis
546 5277 710 5331 tomis
737 5275 805 5329 ab
833 5271 1108 5343 episcopis
1152 5281 1210 5324 et
1257 5269 1685 5339 imperatoribus
1730 5267 1969 5336 perscri-

397 5381 550 5441 ptum
585 5376 732 5423 esset
763 5375 817 5420 et
848 5380 1017 5433 quare
1053 5378 1149 5418 eos
1179 5378 1208 5415 a
1241 5377 1298 5416 se
1327 5362 1460 5430 ipsis
1491 5360 1770 5413 confectos
1799 5360 1964 5414 etiam

396 5462 540 5534 apud
573 5473 632 5514 se
678 5457 1009 5520 retinerent,
1045 5453 1386 5523 argumentis
1439 5466 1654 5518 eorum,
1705 5467 1770 5504 ne
1814 5453 1967 5521 quis-

397 5567 562 5624 quam
589 5566 654 5606 ea
686 5547 970 5618 explorare
1015 5556 1218 5616 posset,
1272 5541 1538 5614 profunda
1589 5540 1965 5600 taciturniiate

363 5832 368 5842 '
467 5752 488 5782 '
521 5752 721 5809 Jerem.
766 5766 864 5816 xu,
894 5751 982 5804 10.

2079 4630 2287 4700 μάχους
2345 4627 2484 4684 εἶναι
2545 4633 2807 4686 πέπεικεν
2867 4637 2973 4695 ἀεὶ,
3009 4639 3104 4690 καὶ
3144 4639 3340 4705 τόμους
3401 4639 3648 4691 τίθεσθαι

2075 4721 2322 4783 καινοὺς,
2359 4721 2454 4790 τῆς
2480 4721 2645 4773 αὑτοῦ
2677 4723 2982 4791 βεϐαιωτὰς
3016 4725 3355 4790 δυσσεϐείας.
3395 4728 3515 4780 Τῶν
3550 4729 3647 4796 μὲν

2071 4807 2164 4864 οὖν
2212 4811 2388 4864 ἄλλων
2435 4812 2693 4864 ἁπάντων
2725 4814 2853 4881 πέρι
2902 4815 3088 4884 ζητεῖν
3123 4817 3217 4870 καὶ
3266 4819 3648 4887 διερευνᾶσθαι

2075 4901 2382 4971 βούλεσθαι,
2415 4904 2509 4956 ἆτε
2543 4903 2740 4974 σχολῆς
2768 4905 2996 4975 δεόμενα
3025 4909 3265 4972 πλείονος
3288 4949 3303 4973 ,
3339 4913 3548 4980 ἑτέροις
3592 4913 3644 4965 E-

2077 5010 2261 5062 γνωκα
2313 4997 2424 5062 ¹δεῖν
2459 4998 2817 5067 ταμιεύεσθαι
2849 5004 3090 5069 χρόνοις·
3141 5004 3301 5066 αὐτὸς
3343 5007 3399 5058 δὲ
3460 5007 3647 5073 μόνοις

2075 5086 2192 5139 δυσὶ
2228 5089 2467 5141 τουτοισὶ
2496 5091 2594 5160 τὴν
2620 5093 2802 5144 πᾶσαν
2845 5092 2936 5144 τοῦ
2973 5096 3138 5147 πόθου
3192 5097 3428 5166 σπουδὴν
3458 5101 3615 5165 περιέ
3635 5131 3648 5138 -

2071 5179 2286 5247 κλεισα,
2312 5184 2412 5251 τήν
2440 5200 2499 5235 τε
2527 5184 2807 5258 κὰθειρξιν
2825 5188 2924 5255 τὴν
2946 5187 3044 5256 σὴν
3074 5189 3285 5257 μαθεῖν,
3307 5190 3509 5260 δηλαδὴ
3530 5195 3615 5242 mir
3637 5215 3642 5243 ;

2072 5272 2126 5333 ἐς
2146 5272 2205 5324 τὸ
2233 5272 2538 5344 βιαιότερον
2570 5277 2600 5345 ἢ
2632 5278 2774 5330 κατά
2806 5280 2929 5339 τοὺς
2949 5278 3138 5342 ἄλλους
3171 5281 3646 5350 ἐξενηνέχθαιτοῖς

2069 5361 2334 5431 ἄρχουσιν
2387 5366 2472 5433 εἴη
2505 5365 2896 5436 ἐψηφισμένον,
2934 5370 3028 5422 καὶ
3079 5370 3196 5435 ἅμα
3252 5371 3303 5422 τί
3353 5371 3420 5424 ἂν
3461 5372 3547 5441 εἴη
3579 5375 3646 5426 τὰ

2069 5454 2181 5514 τοῖς
2215 5456 2424 5515 καινοῖς
2463 5457 2598 5522 πρὸς
2647 5457 2754 5509 τῶν
2791 5459 3107 5512 ἐπισκόπων
3138 5462 3232 5514 καὶ
3263 5459 3530 5529 βασιλέων
3556 5463 3648 5529 ἐγη-

2071 5545 2436 5615 γεγρομμένα
2464 5547 2672 5616 τόμοις,
2717 5552 2811 5602 καὶ
2851 5552 2974 5604 ὅτου
3006 5552 3163 5622 χάριν
3205 5553 3359 5606 αὐτοὶ
3394 5553 3514 5608 καθ’
3545 5556 3649 5610 αύ-
