4036 6210
371 329 448 394 IS
1324 335 1772 401 BYZANTlN/E
1810 341 2201 406 ΙΙΙΞΤΟΙὶΙίΕ
2239 347 2384 410 LIB.
2429 351 2597 414 XXV.
3569 359 3640 422 ὅθ

369 451 502 512 τοὺς
530 448 937 514 συντεθεικότες
961 449 1164 514 αὐτοὺς
1185 453 1344 507 αὐτοὶ
1371 457 1466 510 καὶ
1499 459 1794 528 κατέχουσι
1818 457 1954 530 παρ’

2082 462 2343 530 nvolutis,
2387 481 2564 537 neque
2596 467 2662 522 ad
2697 477 2937 524 vestram
2989 470 3240 526 notitiam
3285 487 3348 527 ea
3393 473 3638 543 proferre

371 545 614 610 ἑαυτοῖς,
641 545 952 598 ἀνέκπυστα
979 546 1617 620 τάνδον”σιωπῆς’μυχοίς
1643 551 1958 608 καλύπτον-

375 655 470 698 τες
497 639 591 689 καὶ
619 636 748 707 ὑμῖν
773 638 1094 707 ἐμφανίζειν
1118 641 1181 694 οὐ
1205 641 1350 708 μάλα
1379 643 1713 712 τολμῶντες.

453 729 578 780 ΚΓ.
615 729 754 798 Περὶ
815 729 916 799 μὲν
951 727 1046 782 σοῦ
1077 730 1266 783 πολλοὶ
1318 731 1585 796 πολλάκις
1633 735 1696 787 ἐκ
1743 733 1956 788 πολλῶν

377 823 682 890 ὲὶέχθησαν
723 821 896 890 λόγοι,
927 823 1178 894 διάφοροι
1213 824 1312 894 μὲν
1364 822 1507 880 εἶναι
1549 827 1855 890 δοκοῦντες,
1891 826 1954 899 [Γ.

381 915 486 968 109
514 913 571 984 1)]
603 913 738 984 πρὸς
775 914 822 967 δ’
851 915 949 968 ἕνα
977 915 1180 979 πάντες
1226 917 1518 987 βλέποντες
1550 919 1756 972 σκοπόν
1780 933 1795 948 ⁸
1826 921 1960 986 τάγ-

375 1005 568 1074 κώμια
597 1007 666 1058 τά
691 1008 759 1060 σά
793 1005 1014 1078 δηλαδὴ,
1045 1007 1122 1070 ὡς
1150 1008 1376 1063 ἐκείνων
1409 1009 1624 1082 ἑκάστῳ
1659 1010 1958 1072 διαθέσεως

373 1099 524 1166 ἔχειν
552 1099 688 1167 πρὸς
719 1099 780 1152 σὲ
809 1100 1115 1166 συνέϐαινε,
1143 1102 1240 1154 καὶ
1279 1101 1397 1172 ἅμα
1428 1104 1791 1175 σχολαστικῆς
1821 1107 1960 1177 πρός

374 1207 442 1254 γε
473 1193 540 1243 τά
569 1191 828 1260 δρώμενα
857 1192 1119 1248 διανοίας.
1153 1189 1251 1257 Οἷς
1281 1211 1344 1262 γε
1380 1196 1486 1266 μὴν
1521 1197 1577 1259 ὲς
1615 1197 1683 1250 τά
1720 1199 1962 1266 μάλιστα

375 1284 607 1350 φοιτῶσι
655 1284 888 1356 Παλαμᾷ
913 1303 972 1337 τε
1021 1285 1114 1339 καὶ
1147 1287 1401 1358 Κοκκίνῳ
1427 1289 1504 1358 τῷ
1545 1289 1874 1359 Ἡρακλείας
1909 1292 1963 1343 ὲ-

375 1377 638 1442 ττισκόπῳ
663 1396 736 1431 πα
747 1377 815 1447 ρὰ
845 1377 1052 1431 τούτων
1083 1379 1275 1448 μαθεῖν
1293 1381 1692 1452 ἐναργέστερον
1715 1381 1960 1451 ἐξεγένε-

371 1485 461 1533 το,
495 1469 586 1537 εἴη
607 1470 672 1523 ἂν
699 1469 842 1534 ταδὶ,
875 1469 934 1523 ἓν
966 1473 1065 1542 μὲν
1087 1473 1178 1526 ὅτι
1215 1472 1534 1545 Ῥωμαϊκὴν
1579 1475 1825 1546 ἱστορίαν
1851 1477 1960 1529 τῶν

375 1562 686 1630 γινομένων
711 1563 968 1618 ἁπάντων
999 1565 1373 1634 συγγράφοντι
1399 1583 1482 1619 σοι
1513 1569 1720 1637 σφόδρα
1751 1568 1961 1636 φιλότι-

381 1673 484 1723 μον
509 1655 570 1707 τό
600 1671 664 1722 γε
711 1655 792 1717 είς
829 1655 888 1708 σὲ
929 1649 1088 1726 ἧκον,
1139 1657 1309 1721 εἰκὸς,
1351 1657 1553 1726 μᾶλλον
1587 1660 1632 1713 δ’
1679 1660 1781 1713 οὐκ
1811 1659 1962 1726 είκὺς

379 1747 499 1800 ἀλλ’
524 1748 763 1817 ἀνάγκη,
790 1749 884 1800 καὶ
910 1749 1038 1820 περὶ
1065 1749 1176 1802 τῶν
1199 1749 1680 1820 έκκλησιαστικῶν
1709 1753 1960 1824 συγγρά-

380 1858 506 1905 φειν
533 1841 804 1910 πολέμων.
851 1841 947 1902 Τίς
978 1843 1088 1910 γάρ
1118 1841 1228 1895 τῶν
1256 1842 1427 1912 μηδὲν
1477 1843 1706 1914 μηδαμῆ
1753 1859 1962 1917 προση-

381 1937 592 1989 κόντων
637 1953 720 1988 σοι
760 1935 1038 2006 δημοσίων
1083 1936 1448 2007 πραγμάτων,
1502 1937 1667 2008 φαίην
1690 1937 1734 1991 δ’
1775 1939 1961 1993 ἄνκαὶ

383 2027 818 2096 νείκουμενικῶν,
867 2027 1229 2099 αὐθαιρέτους
1279 2028 1516 2099 μόχθους
1565 2030 1962 2102 ἀναδεχόμενον

383 2121 479 2189 βλέ
493 2139 606 2174 πων
640 2137 698 2173 σε
724 2121 883 2190 δόξης
923 2121 1089 2174 ἕνεκα
1131 2121 1218 2175 δια
1247 2121 1350 2190 γῆς
1381 2121 1749 2192 πλανωμένης
1779 2124 1872 2178 καὶ
1903 2125 1964 2179 τδ

381 2217 534 2284 τινος
561 2217 648 2268 ἐπὶ
673 2212 877 2282 σαθροῦ
910 2231 1052 2278 τινος
1093 2215 1188 2269 καὶ
1211 2215 1368 2268 νόθου
1399 2215 1564 2284 φάναι
1604 2215 1796 2280 κλέους
1817 2219 1966 2286 έρσι-

383 2309 612 2376 δούσης,
642 2307 728 2359 ἵνα
760 2307 966 2377 δηλαδὴ
995 2313 1196 2376 μεστδν
1242 2305 1472 2360 σεαυτοῦ
1508 2306 1600 2361 τὸν
1632 2307 1830 2379 ἐφεξῆς
1861 2325 1962 2362 κα-

379 2393 620 2465 ταλίπῃς
652 2393 849 2459 αἰῶνα,
883 2393 1118 2466 ὑποψίας
1147 2393 1329 2448 ἀθῶον
1385 2397 1606 2465 ἀφεῖναι
1650 2399 1964 2478 ἁνάσχοιτρ,

382 2489 484 2541 καὶ
517 2489 652 2556 μηδὲ
689 2490 872 2542 πᾶσαν
915 2489 1148 2542 ἐνταῦθα
1197 2489 1402 2556 μᾶλλον
1445 2490 1598 2561 ἰσχὺν
1643 2493 1964 2546 καταθεῖναι

385 2596 448 2630 σε
478 2577 776 2633 σπουδάσαι
804 2579 1083 2645 λογίσαιτο
1110 2579 1286 2648 λόγων
1312 2580 1422 2633 τῶν
1451 2581 1582 2647 σῶν,
1609 2582 1696 2636 ἵνα
1717 2585 1810 2636 καὶ
1841 2584 1967 2648 τοὺς

383 2671 667 2734 κλύδωνας
695 2671 806 2724 τῶν
845 2673 1092 2743 πατρίων
1123 2672 1435 2743 δογμάτων,
1463 2674 1588 2726 ὅσον
1618 2675 1858 2743 ἐφικτὸν,
1879 2677 1968 2730 διὰ

389 2767 576 2835 πάσης
627 2765 962 2837 δημοσιεύσῃ
1007 2765 1107 2834 τῆς
1159 2766 1508 2837 οἰκουμένης,
1561 2769 1655 2821 καὶ
1691 2769 1808 2835 ἅμα
1841 2768 1969 2833 τοὺς

391 2861 522 2922 σοὺς
551 2860 695 2930 ὑπὲρ
737 2861 944 2912 τούτων
974 2859 1188 2928 ἀγῶνας
1217 2859 1450 2932 ἐνδείξῃ,
1483 2859 1578 2914 καὶ
1601 2859 1694 2924 οὓς
1722 2861 1808 2914 ἀεὶ
1833 2862 1972 2933 πρὸς

387 2955 502 3007 τῶν
552 2952 858 3018 κακοδόξων
905 2953 1184 3016 κινδύνους
1228 2953 1559 3021 ὲφίστασαι.
1605 2955 1970 3009 παντοδαπῶν

383 3044 694 3109 ἀπόζοντας
719 3043 966 3098 θανάτων
988 3043 1124 3120 ;“¹¹Εν
1157 3044 1256 3115 μὲν
1276 3043 1340 3115 δὴ
1370 3043 1462 3099 οὖν
1502 3045 1660 3099 τοῦτο
1692 3047 1859 3116 φασὶν
1887 3049 1972 3102 αί-

2059 555 2347 612 auderent.

2060 750 2076 760 '
2135 739 2326 794 XXIII.
2377 742 2451 795 De
2511 749 2562 796 te
2597 742 2762 814 igitur
2807 743 2964 798 multi
3009 759 3154 813 szepe
3186 759 3215 798 a
3252 744 3438 799 multis
3491 743 3638 800 fere-

2063 831 2269 885 bantur
2307 847 2609 894 sermones,
2643 833 2735 902 qui
2787 851 3100 904 quanquam
3154 835 3300 890 inter
3345 852 3404 891 se
3437 835 3640 892 diversi

2063 924 2414 988 videbantur,
2449 923 2512 978 ad
2547 941 2713 978 unum
2767 935 2948 980 tamen
2991 943 3185 984 omnes
3225 927 3389 983 linem
3422 936 3638 997 specta-

2063 1016 2218 1078 bant.
2273 1015 2338 1069 ad
2375 1027 2500 1070 tuas
2549 1017 2761 1072 scilicet
2813 1019 3022 1082 laudes,
3063 1031 3226 1088 prout
3273 1022 3510 1090 quisque
3556 1019 3643 1076 vel

2063 1105 2248 1160 animo
2281 1107 2333 1159 in
2374 1115 2424 1160 te
2455 1107 2686 1162 aﬂ‘ectus
2715 1109 2797 1161 vel
2827 1109 3037 1178 judicio
3071 1110 3140 1164 de
3184 1114 3368 1178 rebus,
3397 1127 3520 1180 quae
3546 1126 3644 1180 ge-

2063 1209 2282 1260 runtur,
2313 1199 2576 1267 prmditus
2607 1208 2744 1253 erat.
2783 1201 2884 1266 Qui
2914 1217 3047 1255 vero
3077 1203 3314 1257 maxime
3363 1203 3642 1256 Palamam

2063 1291 2466 1355 etCoccinum,
2509 1291 2781 1346 [lerat-lem
2828 1293 3170 1362 episcopum,
3227 1293 3644 1364 frequentantes

2061 1383 2171 1452 62
2203 1382 2497 1436 dilucidius
2544 1383 2612 1436 ab
2663 1385 2795 1452 ipsis
2851 1399 2940 1439 res
2983 1399 3312 1455 cognoscere
3363 1395 3640 1456 poterant,

2064 1473 2228 1528 hasce
2263 1474 2376 1529 fere
2409 1491 2603 1530 causas
2629 1475 2866 1531 alferunt
2897 1495 2911 1532 :
2948 1478 3184 1546 primum
3221 1477 3463 1547 quidem,
3494 1480 3642 1549 quod

2067 1565 2165 1622 tibi
2203 1565 2489 1622 historiam
2523 1567 2825 1622 Romanam
2867 1570 3116 1623 omnium
3154 1584 3362 1636 rerum,
3393 1585 3516 1640 quae
3553 1585 3648 1642 ge-

2063 1667 2285 1722 runtur,
2342 1669 2609 1727 quantum
2663 1659 2718 1713 in
2757 1669 2808 1714 te
2837 1670 2938 1724 est,
2975 1659 3270 1716 ambitioso
3292 1660 3474 1716 studio
3517 1677 3648 1716 con-

2066 1749 2332 1804 scribenti
2357 1759 2792 1806 consentaneum
2817 1751 2900 1805 vel
2934 1750 3120 1820 potius
3145 1752 3524 1807 necessarium
3549 1752 3644 1816 sit,

2064 1844 2230 1898 etiam
2291 1843 2361 1899 de
2429 1843 2828 1899 certaminibus
2881 1843 3274 1899 ecclesiasticis
3345 1859 3645 1914 exponere.

2064 1933 2199 2000 Quis
2223 1934 2395 2000 enim,
2428 1936 2522 2003 qui
2565 1935 2856 1989 molestum
2911 1951 3002 1988 res
3051 1936 3320 2005 publicas,
3373 1953 3495 2006 qua:
3543 1937 3647 1990 mi-

2065 2029 2213 2081 nime
2249 2027 2316 2081 ad
2352 2037 2402 2081 te
2431 2027 2728 2096 pertinent,
2761 2039 2817 2082 et
2849 2043 3022 2097 prepe
3061 2029 3293 2082 dixerim
3351 2037 3464 2082 toto
3509 2029 3646 2084 orbe

2067 2129 2336 2174 terrarum
2387 2129 2569 2190 gestas
2637 2120 3026 2174 conscribendi
3075 2119 3318 2174 laborem
3387 2129 3440 2174 te
3499 2119 3646 2174 ultro

2067 2210 2463 2280 suscipientem
2515 2209 2700 2264 videat
2755 2209 2940 2278 gloria:
2989 2225 3154 2264 causa
3203 2219 3410 2265 terram
3451 2223 3646 2279 perva-

2068 2303 2249 2374 gantis
2279 2310 2336 2357 et
2361 2301 2654 2373 vestigium
2681 2301 2872 2371 putida
2895 2303 3130 2372 quadam
3155 2311 3230 2367 et,
3263 2311 3322 2356 ut
3343 2301 3418 2356 ita
3441 2302 3646 2366 dicam,

2067 2395 2378 2450 adulterata
2431 2394 2578 2449 fatua
2638 2393 2948 2458 innitentis,
3016 2394 3273 2449 nimirum
3339 2403 3399 2449 ut
3464 2394 3650 2450 futura

2069 2487 2266 2542 saecula
2325 2499 2414 2541 tua
2465 2485 2638 2557 gloria
2688 2485 2848 2556 plena
2898 2484 3201 2556 relinquas,
3231 2493 3283 2540 te
3331 2485 3646 2556 suspicione

2069 2579 2305 2634 liberum
2339 2581 2524 2634 sinere
2543 2579 2865 2644 sustinebit,
2889 2593 3066 2648 neque
3091 2581 3273 2648 potius
3298 2593 3517 2634 omnem
3539 2578 3650 2636 vim

2072 2681 2295 2726 tuorum
2328 2675 2618 2725 verborum
2662 2671 2716 2724 in
2749 2685 2818 2725 eo
2855 2679 2906 2724 te
2937 2685 3144 2740 ponere
3177 2669 3558 2734 arbitrabitur,
3591 2679 3653 2726 ut

2071 2765 2237 2819 etiam
2269 2773 2622 2833 tempestates
2656 2763 2960 2832 patriorum
3005 2762 3346 2833 degmatum,
3377 2771 3650 2832 quantum

2072 2856 2194 2914 ﬂeri
2226 2857 2423 2927 possit,
2457 2873 2556 2928 per
2585 2867 2758 2911 toturn
2786 2855 2978 2910 urbem
3007 2855 3232 2924 evulges
3257 2856 3533 2925 simulque
3557 2865 3649 2911 tua

2072 2951 2374 3008 certamina
2412 2967 2512 3021 pro
2539 2950 2609 3008 iis
2649 2957 2903 3018 suscepta
2953 2962 3116 3018 atque
3164 2947 3426 3016 pericula,
3459 2961 3654 3004 omnes

2077 3056 2282 3101 mortes
2325 3042 2654 3107 redolentia,
2683 3043 2752 3096 ab
2785 3025 3053 3108 improbis
3081 3039 3179 3095 tibi
3215 3053 3435 3110 semper
3469 3039 3654 3094 inten-

385 3151 512 3187 τιον
557 3133 652 3188 τοῦ
687 3151 750 3204 γε
793 3135 860 3205 δὴ
905 3135 1015 3188 τῶν
1046 3135 1223 3189 ἄλλων
1263 3135 1466 3207 μᾶλλον
1491 3137 1633 3191 κατὰ
1668 3139 1764 3192 σοῦ
1801 3143 1971 3196 κινεῖ-

2078 3146 2188 3192 tata
2227 3135 2526 3191 ostendas?
2588 3133 2740 3188 lianc
2801 3147 2966 3186 unam
3001 3145 3122 3186 esse
3173 3145 3394 3186 causam
3437 3129 3652 3194 dicunt,

391 3227 526 3281 σθαι
569 3228 694 3291 τοὺς
749 3227 1084 3295 ἀντιθέτους,
1134 3229 1230 3282 καὶ
1281 3229 1541 3284 τοιούτων
1589 3247 1674 3284 σοι
1706 3231 1970 3301 διηνεκῶς

391 3320 755 3384 συσκευάζειν
787 3319 1033 3373 θανάτων
1055 3319 1340 3391 κρατῆρας
1365 3337 1380 3352 ·
1413 3321 1666 3393 δεύτερον
1688 3323 1734 3377 δ’
1755 3326 1841 3378 ὅτι
1861 3325 1972 3380 τῶν

387 3415 578 3469 ἄλλων
605 3413 900 3484 ἀφρόντιδα
930 3413 1046 3483 βίον
1092 3415 1188 3468 καὶ
1218 3415 1459 3484 άμοχθον
1506 3417 1647 3470 οἴκοι
1671 3419 2003 3490 διατριϐῶν

387 3523 531 3566 των,
562 3509 660 3558 οὐκ
685 3503 910 3574 ἠμέλεις
947 3503 1111 3574 ζήλου
1147 3503 1211 3556 σὺ
1253 3505 1348 3557 καὶ
1379 3505 1608 3574 θορύϐου
1638 3509 1836 3571 παντὸς
1869 3511 1974 3578 έμ-

391 3599 616 3652 πιπλῶν
672 3597 744 3650 τά
804 3597 1071 3668 βασίλεια,
1127 3597 1222 3651 νύν
1275 3599 1397 3666 μὲν,
1433 3597 1526 3662 οὓς
1567 3600 1838 3667 εὐγένειαι
1878 3607 1974 3657 καὶ

391 3691 590 3759 χρόνον
655 3687 818 3757 τύχαι
883 3686 1190 3757 περιοδικαὶ
1245 3687 1561 3756 κοσμοῦσιν,
1601 3687 1820 3760 ἔχεσθαι
1873 3691 1973 3762 μὲν

391 3781 668 3851 λαμπρῶς
707 3782 793 3832 ἀεὶ
824 3779 934 3833 τῶν
975 3781 1219 3850 πατρίων
1251 3780 1520 3834 διδάσκων
1566 3781 1704 3834 ἐθῶν
1745 3785 1840 3835 καὶ
1883 3783 1974 3837 νό-

395 3888 543 3936 μων,
573 3866 880 3938 άπέχεσθαι
927 3867 982 3921 δὲ
1017 3869 1126 3920 τῶν
1165 3869 1418 3938 ἀθέσμων
1449 3869 1540 3922 τοῦ
1583 3871 1820 3940 Παλαμᾶ
1848 3891 1974 3928 και-

391 3960 700 4028 νοφωνιῶν,
751 3957 844 4013 νῦν
873 3959 918 4012 δ’
957 3959 1121 4012 αὐτὸν
1159 3959 1395 4031 ἐλέγχων
1449 3963 1553 4033 ἰδίᾳ
1582 3979 1640 4015 τε
1685 3965 1780 4017 καὶ
1809 3965 1975 4036 δημο-

393 4053 494 4123 σίᾳ
517 4053 610 4104 τὸν
642 4051 893 4122 βασιλέα,
925 4053 1021 4106 καὶ
1055 4052 1150 4107 νῦν
1187 4053 1285 4122 μὲν
1317 4053 1452 4123 ὁμοῦ
1493 4055 1571 4123 τῷ
1605 4057 1976 4126 πατριάρχεύ-

393 4162 558 4198 σαντι
591 4147 719 4215 πρὶν
753 4147 1034 4216 Ἰσιδώρῳ,
1063 4147 1157 4200 νῦν
1200 4147 1246 4201 δ’
1277 4145 1413 4216 ὁμοῦ
1462 4146 1542 4217 τῷ
1569 4148 1820 4201 δυσσεϐεῖ
1864 4151 1976 4204 Πα-

389 4238 576 4310 λαμᾷ,
598 4243 688 4293 καὶ
711 4241 808 4294 νῦν
845 4241 946 4310 μὲν
980 4241 1257 4310 Ἰουλιανῷ
1289 4242 1656 4310 παραϐάλλων
1682 4245 1776 4296 καὶ
1801 4243 1978 4308 Μάξι-

399 4332 606 4402 μιανῷ,
645 4330 740 4384 νῦν
781 4333 826 4385 δ’
859 4333 1254 4404 Εἱκονομάχοις
1285 4335 1381 4386 καὶ
1420 4333 1531 4394 τοῖς
1558 4335 1820 4398 τοιούτοις
1851 4335 1976 4390 διώ-

395 4442 582 4490 κταις.
611 4425 843 4478 Κάπειτ’
869 4426 969 4494 οὐχ
994 4426 1140 4488 ὅπως
1167 4427 1226 4478 ού
1248 4427 1358 4488 τοῖς
1389 4424 1651 4488 τοιούτοις
1676 4425 1974 4496 ἠρκέσθης,

2079 3237 2304 3299 prepter
2344 3243 2508 3298 quam
2539 3225 2842 3280 adversarii
2879 3224 2931 3278 in
2965 3233 3018 3277 te
3053 3221 3456 3288 vehementius,
3487 3237 3654 3292 quam

2078 3320 2132 3374 in
2169 3319 2436 3388 reliquos,
2472 3317 2685 3371 inritati
2721 3317 2832 3370 sint
2885 3315 3096 3386 tibique
3144 3326 3416 3385 perpetuo
3463 3314 3655 3369 morti-

2077 3413 2192 3467 fera
2224 3411 2418 3482 pocula
2469 3417 2814 3479 comparent.
2869 3409 3054 3463 Altera
3116 3421 3283 3462 causa
3333 3416 3440 3472 est,
3483 3405 3654 3476 quod,

2075 3505 2198 3559 aliis
2238 3504 2386 3559 domi
2419 3504 2590 3557 vitam
2623 3517 2874 3558 securam
2910 3511 2967 3557 et
3001 3501 3291 3556 socordem
3343 3499 3656 3571 agentibus,

2079 3607 2133 3653 tu
2171 3614 2278 3653 non
2330 3599 2586 3654 cessabas
2635 3598 2753 3652 zelo
2783 3606 2840 3652 et
2897 3597 3070 3652 turbis
3119 3595 3376 3651 omnibus
3429 3595 3660 3664 implere

2077 3695 2365 3764 palatium,
2397 3707 2522 3749 cum
2555 3692 2772 3760 generis
2809 3691 3094 3746 nobilitate
3126 3699 3182 3746 et
3231 3691 3468 3745 fortuna:
3502 3687 3658 3744 vicis-

2076 3787 2416 3843 situdinibus
2439 3796 2670 3841 ornatos
2692 3785 2978 3856 splendide
3005 3785 3211 3855 patrios
3238 3783 3348 3855 63
3398 3797 3580 3838 mores
3599 3791 3658 3838 et

2077 3881 2226 3952 leges
2263 3894 2483 3950 semper
2509 3880 2787 3948 amplecti.
2817 3878 3123 3949 illegitimis
3147 3886 3329 3931 autem
3359 3875 3658 3930 verborum

2077 3971 2419 4026 novitatibus
2470 3971 2704 4025 Palama:
2753 3969 3035 4023 abstinere
3079 3969 3328 4032 doceres,
3367 3967 3422 4020 in
3475 3966 3657 4034 ipsum

2076 4072 2262 4117 autem
2296 4063 2684 4132 imperatorem
2713 4060 2965 4132 privatim
2995 4072 3160 4130 atque
3190 4057 3409 4130 publice
3451 4071 3657 4128 oppro-

2077 4154 2196 4210 bria
2230 4155 2507 4226 injiceres,
2536 4153 2699 4209 modo
2729 4169 2854 4208 eum
2891 4168 2998 4208 una
3051 4167 3176 4208 cum
3223 4151 3460 4218 Isidoro,
3495 4161 3658 4205 antea

2077 4245 2503 4318 patriarcbicam
2558 4246 2745 4302 sedem
2802 4245 3110 4310 obtinente,
3171 4242 3476 4310 modopuna
3531 4257 3661 4298 cum

2079 4339 2246 4409 impio
2281 4339 2498 4394 Palama
2527 4379 2543 4404 ,
2581 4347 2696 4394 tum
2751 4353 2876 4392 cum
2929 4337 3148 4394 Juliano
3199 4343 3256 4391 et
3302 4334 3658 4397 Maximiano.

2079 4439 2194 4485 tum
2233 4448 2357 4486 cum
2390 4431 2772 4488 lconomacbis
2811 4441 2866 4486 et
2900 4427 3172 4502 ejusmodi
3210 4429 3661 4498 persecutoribus

395 4519 543 4572 ἀλλά
570 4518 760 4589 καύτῷ
797 4519 994 4590 μακρῷ
1037 4519 1300 4589 συνεδρίῳ
1327 4517 1426 4586 τῆς
1455 4519 1660 4571 ἀτόπου
1694 4519 1972 4587 φάλαγγος

2079 4523 2472 4592 comparando.
2529 4523 2736 4590 Deinde
2793 4522 2940 4591 quod
2995 4521 3148 4575 bisce
3200 4535 3308 4573 non
3365 4525 3660 4572 contentus

393 4613 512 4664 τῶν
557 4611 839 4680 ποιμένων
883 4609 1111 4663 ἐκείνων
1159 4609 1689 4682 πεπαρρησιασμένῃ
1715 4609 1806 4663 καὶ
1837 4610 1977 4662 άπα-

395 4703 740 4775 ρακαλύπτῳ
779 4706 846 4776 τῇ
884 4705 1098 4775 γλώττῃ
1131 4703 1547 4773 παρεισκνκλιΐιν
1571 4705 1672 4757 οὐκ
1697 4703 1866 4767 άνίεις
1889 4705 1982 4758 καὶ⁸

397 4797 873 4867 ἐπαναλαμϐάνων
903 4797 1042 4851 αὐτά
1064 4814 1122 4849 τε
1149 4797 1343 4858 ταῦτα,
1373 4797 1578 4864 καὶιόσα
1610 4795 1817 4850 τούτων
1837 4813 1982 4868 παρ-

397 4892 636 4962 ενείρων
675 4891 870 4960 μείζω,
912 4891 1004 4944 καὶ
1028 4890 1448 4959 προσονειδίςων
1477 4891 1621 4960 μάλα
1656 4907 1718 4958 γε
1745 4889 1982 4960 πικρῶς,
2015 4879 2030 4888 ’

399 4987 496 5038 καὶ
547 4984 689 5038 κατὰ
745 4984 944 5038 σαυτοῦ
1001 4981 1174 5054 συχνὰ
1223 4983 1394 5035 ποιῶν
1450 4982 1840 5054 μανικώτερον,
1887 4984 1984 5036 xxi.

401 5075 582 5140 ταῦτ’,
621 5077 781 5144 είπερ
812 5091 898 5136 τις
944 5075 1154 5143 ἕτερος.
1184 5072 1340 5136 εἰδὼς
1387 5073 1569 5138 αὑτὸν,
1602 5073 1677 5137 ὡς
1707 5074 1868 5144 εἴπερ
1891 5073 1982 5127 καὶ

401 5169 664 5237 αὐτῆμαρ
711 5167 1036 5234 καταπέψει,
1089 5165 1227 5220 άλλά
1257 5183 1320 5234 γε
1365 5165 1459 5217 καὶ
1492 5165 1820 5233 μετίπισθεν
1868 5165 1982 5235 ἔχει

403 5259 588 5323 κότον,
623 5259 767 5328 δφρα
797 5259 1046 5330 τελέσσῃ.

483 5355 610 5404 KA'.
640 5351 838 5421 Τρίτον
885 5352 968 5404 ὅτι
1011 5349 1292 5420 χλευάζων
1339 5347 1534 5411 αὐτοὺς
1572 5347 1708 5418 πρὸς
1755 5349 1986 5416 ἀπειλῆς

405 5443 714 5514 ὁνήνεγκας
763 5443 970 5512 σχῆμα,
1003 5443 1188 5509 λόγοις
1233 5441 1641 5512 άντιρῤητικοῖς
1697 5440 1988 5494 καταλύειν

399 5535 499 5587 τὸν
533 5536 724 5606 τόμον,
753 5534 813 5588 ὃν
841 5535 996 5589 αὐτοὶ
1029 5535 1227 5588 νεωστὶ
1258 5537 1352 5587 καὶ
1389 5533 1563 5603 λάθρα
1593 5535 1866 5586 συνθεῖναι
1896 5551 1989 5586 τε·

401 5629 760 5698 τ-ιλμήκεσαν
819 5627 959 5681 κατά
1018 5631 1118 5698 τῆς
1152 5627 1459 5691 εὐσεϐείας,
1497 5628 1988 5696 ἐπαγγειλάμενος.

405 5723 519 5775 Καὶ
555 5721 817 5793 τέταρτον
850 5723 935 5776 ὃτι
988 5723 1198 5792 μακρὸν
1248 5723 1350 5793 ἠδη
1380 5724 1570 5792 χρόνον
1614 5725 1715 5792 τὴν
1755 5719 1990 5792 θύραθεν

408 5817 598 5870 πᾶσαν
631 5817 825 5886 σοφίαν
848 5813 1153 5874 διδάσκοντι
1187 5815 1472 5879 πλείστους
1500 5814 1591 5868 καὶ
1617 5813 1990 5880 παντοδαποὺς

2078 4613 2180 4681 ipsi
2211 4629 2408 4683 magno
2456 4615 2694 4668 concilio
2727 4613 2932 4666 insanae
2976 4611 3196 4666 illorum
3255 4618 3532 4680 pastorum
3565 4623 3662 4664 ca-

2081 4713 2248 4760 terrae
2275 4703 2449 4759 libera
2499 4711 2558 4758 et
2603 4702 2855 4758 intimida
2891 4702 3076 4772 lingua
3125 4701 3346 4757 easdem
3399 4701 3664 4756 calumias

2082 4799 2384 4855 identidem
2432 4801 2683 4872 ingerere
2713 4807 2770 4854 et
2817 4799 2900 4853 vel
2931 4798 2999 4854 iis
3031 4797 3267 4868 majores
3333 4797 3663 4852 iuterserere

2084 4891 2568 4962 acerbissimisque
2613 4890 2924 4946 maledictis
2976 4891 3353 4961 perstringere
3403 4901 3567 4960 atque
3591 4889 3664 4961 ιἰιι

2087 4991 2258 5038 temet
2311 4984 2490 5052 ipsum
2546 4983 2738 5038 smvire
2799 4999 2908 5036 non
2973 4982 3298 5045 desistebas,
3352 4995 3664 5050 quanqu'mi

2089 5073 2238 5130 baud
2287 5090 2420 5129 sane
2465 5075 2745 5144 ignorans,
2795 5090 2946 5142 eum,
2993 5075 3126 5128 licet
3179 5073 3248 5126 ad
3304 5081 3520 5140 tempus
3555 5071 3667 5125 ira-

2089 5169 2348 5225 cundiam
2378 5168 2711 5239 supprimat.
2757 5177 3000 5223 attamen
3051 5167 3120 5222 ad
3173 5165 3418 5219 futurum
3455 5174 3667 5234 tempus

2091 5263 2336 5325 diﬂ’erre,
2377 5261 2555 5318 donec
2591 5261 2658 5316 ad
2693 5261 2856 5315 linem
2883 5259 3142 5312 adducat.

2165 5353 2357 5408 XXIV.
2391 5355 2633 5409 Tertiam
2664 5367 2889 5409 causam
2937 5350 3192 5414 aderunt,
3228 5347 3372 5420 quod
3419 5363 3514 5403 eos
3541 5346 3668 5402 irri-

2094 5446 2231 5501 dens
2269 5446 2408 5502 adeo
2458 5447 2826 5502 cmnminatus
2874 5461 2955 5506 es,
3005 5455 3057 5500 te
3104 5443 3450 5498 orationibus
3499 5439 3667 5493 antir-

2093 5540 2319 5595 rbcticis
2351 5550 2556 5594 tomum
2577 5539 2726 5594 illum
2757 5537 3122 5594 refutaturum
3147 5551 3290 5600 esse,
3314 5550 3474 5605 quem
3495 5547 3668 5600 nuper

2093 5641 2150 5686 et
2177 5631 2487 5686 clanculum
2517 5637 2706 5686 contra
2740 5643 2924 5685 veram
2965 5625 3128 5682 [idem
3184 5639 3515 5694 componere
3545 5625 3668 5678 ausi

2095 5724 2353 5779 fuissent.
2377 5725 2661 5791 Quartum,
2686 5723 2834 5792 quod
2867 5723 2958 5777 diu
2987 5722 3096 5790 jam
3131 5717 3417 5789 profanam
3449 5729 3674 5770 omnem

2097 5816 2425 5887 sapientiam
2487 5815 2742 5872 docendo
2799 5815 2898 5870 tibi
2981 5812 3250 5882 plurimos
3305 5809 3670 5879 undecunque
