  <div class='ocr_page' id='page_1' title='image "/cluster/home/n/w/nwhite01/storage/ocr_20150623/149/hvd.32044073498818/031.png"; bbox 0 0 4036 6210; ppageno 0'>
   <div class='ocr_carea' id='block_1_1' title="bbox 445 300 2043 371">
    <p class='ocr_par' dir='ltr' id='par_1_1' title="bbox 445 300 2043 365">
     <span class='ocr_line' id='line_1_1' title="bbox 445 300 2043 365; baseline 0.006 -8"><span class='ocrx_word' id='word_1_1' title='bbox 445 300 512 357; x_wconf 67' lang='grc'>55</span> <span class='ocrx_word' id='word_1_2' title='bbox 1659 303 2043 365; x_wconf 71' lang='lat' dir='ltr'><strong>NlCEPllOR</strong></span> 
     </span>
    </p>
   </div>
   <div class='ocr_carea' id='block_1_2' title="bbox 2099 300 2496 371">
    <p class='ocr_par' dir='ltr' id='par_1_2' title="bbox 2113 307 2496 371">
     <span class='ocr_line' id='line_1_2' title="bbox 2113 307 2496 371; baseline 0.005 -3"><span class='ocrx_word' id='word_1_3' title='bbox 2113 307 2314 368; x_wconf 75' lang='lat' dir='ltr'>GREG</span> <span class='ocrx_word' id='word_1_4' title='bbox 2328 311 2496 371; x_wconf 73' lang='lat' dir='ltr'><strong>DR/E</strong></span> 
     </span>
    </p>
   </div>
   <div class='ocr_carea' id='block_1_3' title="bbox 857 649 3243 793">
    <p class='ocr_par' dir='ltr' id='par_1_3' title="bbox 857 649 3243 793">
     <span class='ocr_line' id='line_1_3' title="bbox 857 649 3243 793; baseline 0.005 -14"><span class='ocrx_word' id='word_1_5' title='bbox 857 649 1864 785; x_wconf 81' lang='grc' dir='ltr'><strong>ΝΙΚΗΦΟΡΟΥ</strong></span> <span class='ocrx_word' id='word_1_6' title='bbox 1987 654 2337 787; x_wconf 88' lang='grc' dir='ltr'><strong>ΤΟΥ</strong></span> <span class='ocrx_word' id='word_1_7' title='bbox 2450 656 3243 793; x_wconf 87' lang='grc' dir='ltr'><strong>ΓΡΗΓΟΡΑ</strong></span> 
     </span>
    </p>
   </div>
   <div class='ocr_carea' id='block_1_4' title="bbox 2838 505 3316 517">
    <p class='ocr_par' dir='ltr' id='par_1_4' title="bbox 2838 505 3316 517">
     <span class='ocr_line' id='line_1_4' title="bbox 2838 505 3316 517; baseline -0.002 0"><span class='ocrx_word' id='word_1_8' title='bbox 2838 508 2997 517; x_wconf 67' lang='grc' dir='ltr'><strong>..ι-ο</strong></span> <span class='ocrx_word' id='word_1_9' title='bbox 3022 505 3316 517; x_wconf 72' lang='lat'><strong>——————_~</strong></span> 
     </span>
    </p>
   </div>
   <div class='ocr_carea' id='block_1_5' title="bbox 1236 900 2855 1067">
    <p class='ocr_par' dir='ltr' id='par_1_5' title="bbox 1236 900 2855 1067">
     <span class='ocr_line' id='line_1_5' title="bbox 1236 900 2855 1067; baseline 0.004 -55"><span class='ocrx_word' id='word_1_10' title='bbox 1236 900 2043 1019; x_wconf 85' lang='grc' dir='ltr'><strong>ΡΩΜΑΙΚΗΣ</strong></span> <span class='ocrx_word' id='word_1_11' title='bbox 2143 903 2855 1067; x_wconf 74' lang='grc' dir='ltr'><strong>ΙΣΤΟΡΙΑΣ</strong></span> 
     </span>
    </p>
   </div>
   <div class='ocr_carea' id='block_1_6' title="bbox 1723 1119 2388 1232">
    <p class='ocr_par' dir='ltr' id='par_1_6' title="bbox 1723 1119 2388 1232">
     <span class='ocr_line' id='line_1_6' title="bbox 1723 1119 2388 1232; baseline -0.003 -13"><span class='ocrx_word' id='word_1_12' title='bbox 1723 1133 2091 1220; x_wconf 88' lang='grc' dir='ltr'>ΛΟΓΟΣ</span> <span class='ocrx_word' id='word_1_13' title='bbox 2167 1119 2388 1232; x_wconf 61' lang='lat' dir='ltr'><strong>KG&#39;.</strong></span> 
     </span>
    </p>
   </div>
   <div class='ocr_carea' id='block_1_7' title="bbox 1004 1432 3156 1652">
    <p class='ocr_par' dir='ltr' id='par_1_7' title="bbox 1004 1432 3156 1652">
     <span class='ocr_line' id='line_1_7' title="bbox 1004 1432 3156 1652; baseline 0.001 -3"><span class='ocrx_word' id='word_1_14' title='bbox 1004 1492 2053 1651; x_wconf 80' lang='lat' dir='ltr'><strong>NICEPHORI</strong></span> <span class='ocrx_word' id='word_1_15' title='bbox 2186 1432 3156 1652; x_wconf 62' lang='lat' dir='ltr'><strong>GREGORZE</strong></span> 
     </span>
    </p>
   </div>
   <div class='ocr_carea' id='block_1_8' title="bbox 1200 1785 2946 1905">
    <p class='ocr_par' dir='ltr' id='par_1_8' title="bbox 1200 1785 2946 1905">
     <span class='ocr_line' id='line_1_8' title="bbox 1200 1785 2946 1905; baseline 0.002 -6"><span class='ocrx_word' id='word_1_16' title='bbox 1200 1785 2080 1902; x_wconf 75' lang='lat' dir='ltr'><strong>BYZANTlN/E</strong></span> <span class='ocrx_word' id='word_1_17' title='bbox 2213 1786 2946 1905; x_wconf 78' lang='lat' dir='ltr'><strong>HISTORUE</strong></span> 
     </span>
    </p>
   </div>
   <div class='ocr_carea' id='block_1_9' title="bbox 1248 2024 2870 2117">
    <p class='ocr_par' dir='ltr' id='par_1_9' title="bbox 1248 2024 2870 2117">
     <span class='ocr_line' id='line_1_9' title="bbox 1248 2024 2870 2117; baseline 0.002 -5"><span class='ocrx_word' id='word_1_18' title='bbox 1248 2025 1606 2114; x_wconf 79' lang='lat' dir='ltr'><strong>LIBER</strong></span> <span class='ocrx_word' id='word_1_19' title='bbox 1686 2024 2169 2117; x_wconf 86' lang='lat' dir='ltr'><strong>VICESIM</strong></span> <span class='ocrx_word' id='word_1_20' title='bbox 2197 2026 2331 2116; x_wconf 92' lang='lat' dir='ltr'><strong>US</strong></span> <span class='ocrx_word' id='word_1_21' title='bbox 2403 2025 2870 2116; x_wconf 84' lang='lat' dir='ltr'><strong>SEXTUS</strong></span> 
     </span>
    </p>
   </div>
   <div class='ocr_carea' id='block_1_10' title="bbox 492 2344 2043 2433">
    <p class='ocr_par' dir='ltr' id='par_1_10' title="bbox 492 2346 2043 2433">
     <span class='ocr_line' id='line_1_10' title="bbox 492 2346 2043 2433; baseline 0.005 -33"><span class='ocrx_word' id='word_1_22' title='bbox 492 2349 605 2419; x_wconf 77' lang='lat'><strong>68</strong></span> <span class='ocrx_word' id='word_1_23' title='bbox 634 2346 676 2401; x_wconf 88' lang='lat' dir='ltr'><strong>l.</strong></span> <span class='ocrx_word' id='word_1_24' title='bbox 713 2367 730 2400; x_wconf 81' lang='grc' dir='ltr'><strong>ι</strong></span> <span class='ocrx_word' id='word_1_25' title='bbox 760 2348 883 2403; x_wconf 73' lang='lat' dir='ltr'><strong>llaec</strong></span> <span class='ocrx_word' id='word_1_26' title='bbox 926 2348 1091 2418; x_wconf 78' lang='lat' dir='ltr'><strong>igitur</strong></span> <span class='ocrx_word' id='word_1_27' title='bbox 1130 2356 1279 2409; x_wconf 87' lang='lat' dir='ltr'><strong>sunt.</strong></span> <span class='ocrx_word' id='word_1_28' title='bbox 1305 2362 1428 2417; x_wconf 74' lang='lat' dir='ltr'><strong>qua:</strong></span> <span class='ocrx_word' id='word_1_29' title='bbox 1479 2362 1811 2433; x_wconf 71' lang='lat' dir='ltr'><strong>cognoscere</strong></span> <span class='ocrx_word' id='word_1_30' title='bbox 1852 2348 2005 2419; x_wconf 87' lang='lat' dir='ltr'><strong>potui</strong></span> <span class='ocrx_word' id='word_1_31' title='bbox 2037 2394 2043 2408; x_wconf 52' lang='grc' dir='ltr'><strong><em>ι</em></strong></span> 
     </span>
    </p>
   </div>
   <div class='ocr_carea' id='block_1_11' title="bbox 2099 2344 3680 2433">
    <p class='ocr_par' dir='ltr' id='par_1_11' title="bbox 2182 2344 3680 2424">
     <span class='ocr_line' id='line_1_11' title="bbox 2182 2344 3680 2424; baseline 0.003 -23"><span class='ocrx_word' id='word_1_32' title='bbox 2182 2348 2263 2402; x_wconf 85' lang='lat' dir='ltr'><strong>A&#39;.</strong></span> <span class='ocrx_word' id='word_1_33' title='bbox 2301 2348 2435 2418; x_wconf 74' lang='grc' dir='ltr'>Περὶ</span> <span class='ocrx_word' id='word_1_34' title='bbox 2460 2350 2559 2419; x_wconf 77' lang='grc' dir='ltr'><strong>μὲν</strong></span> <span class='ocrx_word' id='word_1_35' title='bbox 2618 2346 2713 2405; x_wconf 80' lang='grc' dir='ltr'>οὖν</span> <span class='ocrx_word' id='word_1_36' title='bbox 2756 2351 2821 2422; x_wconf 84' lang='grc' dir='ltr'>δὴ</span> <span class='ocrx_word' id='word_1_37' title='bbox 2877 2344 2953 2406; x_wconf 83' lang='grc' dir='ltr'><strong>ὧν</strong></span> <span class='ocrx_word' id='word_1_38' title='bbox 3000 2349 3280 2421; x_wconf 74' lang='grc' dir='ltr'>ἐξεγένετό</span> <span class='ocrx_word' id='word_1_39' title='bbox 3320 2370 3412 2423; x_wconf 90' lang='grc' dir='ltr'><strong>μοι</strong></span> <span class='ocrx_word' id='word_1_40' title='bbox 3480 2353 3680 2424; x_wconf 76' lang='grc' dir='ltr'>μαθεῖν</span> 
     </span>
    </p>
   </div>
   <div class='ocr_carea' id='block_1_12' title="bbox 426 2437 2043 2516">
    <p class='ocr_par' dir='ltr' id='par_1_12' title="bbox 426 2437 2011 2506">
     <span class='ocr_line' id='line_1_12' title="bbox 426 2437 2011 2506; baseline 0 -13"><span class='ocrx_word' id='word_1_41' title='bbox 426 2439 493 2493; x_wconf 82' lang='lat' dir='ltr'><strong>de</strong></span> <span class='ocrx_word' id='word_1_42' title='bbox 525 2438 759 2499; x_wconf 75' lang='lat' dir='ltr'><strong>insidiis,</strong></span> <span class='ocrx_word' id='word_1_43' title='bbox 801 2453 940 2506; x_wconf 83' lang='lat' dir='ltr'><strong>quas</strong></span> <span class='ocrx_word' id='word_1_44' title='bbox 984 2438 1193 2492; x_wconf 88' lang='lat' dir='ltr'><strong>inimici</strong></span> <span class='ocrx_word' id='word_1_45' title='bbox 1233 2438 1309 2491; x_wconf 88' lang='lat' dir='ltr'><strong>tui</strong></span> <span class='ocrx_word' id='word_1_46' title='bbox 1358 2438 1409 2492; x_wconf 92' lang='lat' dir='ltr'><strong>in</strong></span> <span class='ocrx_word' id='word_1_47' title='bbox 1448 2437 1839 2493; x_wconf 79' lang='lat' dir='ltr'><strong>te-machinati</strong></span> <span class='ocrx_word' id='word_1_48' title='bbox 1898 2440 2011 2495; x_wconf 86' lang='lat' dir='ltr'><strong>sint</strong></span> 
     </span>
    </p>
   </div>
   <div class='ocr_carea' id='block_1_13' title="bbox 2099 2437 3685 2516">
    <p class='ocr_par' dir='ltr' id='par_1_13' title="bbox 2110 2440 3685 2516">
     <span class='ocr_line' id='line_1_13' title="bbox 2110 2440 3685 2516; baseline 0.005 -25"><span class='ocrx_word' id='word_1_49' title='bbox 2110 2440 2221 2501; x_wconf 80' lang='grc' dir='ltr'>τοῖς</span> <span class='ocrx_word' id='word_1_50' title='bbox 2262 2440 2479 2513; x_wconf 76' lang='grc' dir='ltr'><strong>ἐχθροῖς</strong></span> <span class='ocrx_word' id='word_1_51' title='bbox 2519 2445 2759 2497; x_wconf 78' lang='grc' dir='ltr'>τουτοισὶ</span> <span class='ocrx_word' id='word_1_52' title='bbox 2826 2445 3311 2516; x_wconf 80' lang='grc' dir='ltr'><strong>μεμηχανημένων</strong></span> <span class='ocrx_word' id='word_1_53' title='bbox 3376 2445 3685 2500; x_wconf 73' lang='grc' dir='ltr'>ἐπιϐουλῶν</span> 
     </span>
    </p>
   </div>
   <div class='ocr_carea' id='block_1_14' title="bbox 425 2530 2005 2602">
    <p class='ocr_par' dir='ltr' id='par_1_14' title="bbox 425 2530 2005 2602">
     <span class='ocr_line' id='line_1_14' title="bbox 425 2530 2005 2602; baseline -0.001 -16"><span class='ocrx_word' id='word_1_54' title='bbox 425 2536 603 2602; x_wconf 67' lang='lat' dir='ltr'><strong>tit-que</strong></span> <span class='ocrx_word' id='word_1_55' title='bbox 650 2532 852 2594; x_wconf 82' lang='lat' dir='ltr'><strong>causis,</strong></span> <span class='ocrx_word' id='word_1_56' title='bbox 896 2547 964 2585; x_wconf 75' lang='lat' dir='ltr'><strong>ex</strong></span> <span class='ocrx_word' id='word_1_57' title='bbox 1023 2532 1227 2602; x_wconf 83' lang='lat' dir='ltr'><strong>quibus</strong></span> <span class='ocrx_word' id='word_1_58' title='bbox 1264 2530 1520 2585; x_wconf 83' lang='lat' dir='ltr'><strong>universa</strong></span> <span class='ocrx_word' id='word_1_59' title='bbox 1563 2530 2005 2586; x_wconf 81' lang='lat' dir='ltr'><strong>adversariorum</strong></span> 
     </span>
    </p>
   </div>
   <div class='ocr_carea' id='block_1_15' title="bbox 423 2622 2007 2694">
    <p class='ocr_par' dir='ltr' id='par_1_15' title="bbox 423 2622 2007 2694">
     <span class='ocr_line' id='line_1_15' title="bbox 423 2622 2007 2694; baseline -0.002 -14"><span class='ocrx_word' id='word_1_60' title='bbox 423 2626 590 2680; x_wconf 75' lang='lat' dir='ltr'><strong>factio</strong></span> <span class='ocrx_word' id='word_1_61' title='bbox 619 2640 803 2681; x_wconf 83' lang='lat' dir='ltr'><strong>neretn</strong></span> <span class='ocrx_word' id='word_1_62' title='bbox 838 2626 1104 2680; x_wconf 80' lang='lat' dir='ltr'><strong>anhelans</strong></span> <span class='ocrx_word' id='word_1_63' title='bbox 1138 2622 1426 2694; x_wconf 80' lang='lat' dir='ltr'><strong>variasque</strong></span> <span class='ocrx_word' id='word_1_64' title='bbox 1462 2635 1669 2679; x_wconf 82' lang='lat' dir='ltr'><strong>mortes</strong></span> <span class='ocrx_word' id='word_1_65' title='bbox 1694 2624 1880 2678; x_wconf 91' lang='lat' dir='ltr'><strong>animo</strong></span> <span class='ocrx_word' id='word_1_66' title='bbox 1910 2638 2007 2677; x_wconf 87' lang='lat' dir='ltr'><strong>vo-</strong></span> 
     </span>
    </p>
   </div>
   <div class='ocr_carea' id='block_1_16' title="bbox 424 2716 2007 2788">
    <p class='ocr_par' dir='ltr' id='par_1_16' title="bbox 424 2716 2007 2788">
     <span class='ocr_line' id='line_1_16' title="bbox 424 2716 2007 2788; baseline -0.001 -16"><span class='ocrx_word' id='word_1_67' title='bbox 424 2720 607 2773; x_wconf 87' lang='lat' dir='ltr'><strong>lutans</strong></span> <span class='ocrx_word' id='word_1_68' title='bbox 654 2718 889 2773; x_wconf 82' lang='lat' dir='ltr'><strong>maxime</strong></span> <span class='ocrx_word' id='word_1_69' title='bbox 931 2726 981 2772; x_wconf 79' lang='lat' dir='ltr'><strong>te</strong></span> <span class='ocrx_word' id='word_1_70' title='bbox 1011 2718 1379 2788; x_wconf 71' lang='lat' dir='ltr'><strong>aggrediatur.</strong></span> <span class='ocrx_word' id='word_1_71' title='bbox 1411 2718 1485 2771; x_wconf 88' lang='lat' dir='ltr'><strong>De</strong></span> <span class='ocrx_word' id='word_1_72' title='bbox 1515 2726 1663 2771; x_wconf 91' lang='lat' dir='ltr'><strong>tomo</strong></span> <span class='ocrx_word' id='word_1_73' title='bbox 1694 2727 1878 2771; x_wconf 88' lang='lat' dir='ltr'><strong>autem</strong></span> <span class='ocrx_word' id='word_1_74' title='bbox 1906 2716 2007 2771; x_wconf 87' lang='lat' dir='ltr'><strong>Pa-</strong></span> 
     </span>
    </p>
   </div>
   <div class='ocr_carea' id='block_1_17' title="bbox 422 2808 2005 2881">
    <p class='ocr_par' dir='ltr' id='par_1_17' title="bbox 422 2808 2005 2881">
     <span class='ocr_line' id='line_1_17' title="bbox 422 2808 2005 2881; baseline -0.001 -17"><span class='ocrx_word' id='word_1_75' title='bbox 422 2812 756 2876; x_wconf 85' lang='lat' dir='ltr'><strong>lantitarum,</strong></span> <span class='ocrx_word' id='word_1_76' title='bbox 799 2826 960 2881; x_wconf 83' lang='lat' dir='ltr'><strong>quem</strong></span> <span class='ocrx_word' id='word_1_77' title='bbox 1006 2811 1199 2865; x_wconf 87' lang='lat' dir='ltr'><strong>dicunt</strong></span> <span class='ocrx_word' id='word_1_78' title='bbox 1250 2818 1303 2863; x_wconf 86' lang='lat' dir='ltr'><strong>et</strong></span> <span class='ocrx_word' id='word_1_79' title='bbox 1354 2810 1423 2865; x_wconf 89' lang='lat' dir='ltr'><strong>de</strong></span> <span class='ocrx_word' id='word_1_80' title='bbox 1460 2808 1750 2880; x_wconf 81' lang='lat' dir='ltr'><strong>dogmatis,</strong></span> <span class='ocrx_word' id='word_1_81' title='bbox 1785 2825 1909 2879; x_wconf 64' lang='lat' dir='ltr'><strong>qua!</strong></span> <span class='ocrx_word' id='word_1_82' title='bbox 1947 2817 2005 2864; x_wconf 88' lang='lat' dir='ltr'><strong>et</strong></span> 
     </span>
    </p>
   </div>
   <div class='ocr_carea' id='block_1_18' title="bbox 422 2901 2001 2975">
    <p class='ocr_par' dir='ltr' id='par_1_18' title="bbox 422 2901 2001 2975">
     <span class='ocr_line' id='line_1_18' title="bbox 422 2901 2001 2975; baseline -0.002 -17"><span class='ocrx_word' id='word_1_83' title='bbox 422 2905 602 2975; x_wconf 85' lang='lat' dir='ltr'><strong>qualia</strong></span> <span class='ocrx_word' id='word_1_84' title='bbox 654 2905 705 2957; x_wconf 91' lang='lat' dir='ltr'><strong>in</strong></span> <span class='ocrx_word' id='word_1_85' title='bbox 739 2919 804 2959; x_wconf 92' lang='lat' dir='ltr'><strong>eo</strong></span> <span class='ocrx_word' id='word_1_86' title='bbox 860 2904 1162 2973; x_wconf 50' lang='lat' dir='ltr'><strong>perscripta</strong></span> <span class='ocrx_word' id='word_1_87' title='bbox 1220 2902 1353 2965; x_wconf 89' lang='lat' dir='ltr'><strong>sint,</strong></span> <span class='ocrx_word' id='word_1_88' title='bbox 1410 2902 1455 2956; x_wconf 89' lang='lat' dir='ltr'><strong>si</strong></span> <span class='ocrx_word' id='word_1_89' title='bbox 1511 2901 1695 2956; x_wconf 83' lang='lat' dir='ltr'><strong>omnia</strong></span> <span class='ocrx_word' id='word_1_90' title='bbox 1752 2901 2001 2971; x_wconf 81' lang='lat' dir='ltr'><strong>persequi</strong></span> 
     </span>
    </p>
   </div>
   <div class='ocr_carea' id='block_1_19' title="bbox 422 2993 2003 3064">
    <p class='ocr_par' dir='ltr' id='par_1_19' title="bbox 422 2993 2003 3064">
     <span class='ocr_line' id='line_1_19' title="bbox 422 2993 2003 3064; baseline 0 -17"><span class='ocrx_word' id='word_1_91' title='bbox 422 2997 639 3061; x_wconf 83' lang='lat' dir='ltr'><strong>vellem,</strong></span> <span class='ocrx_word' id='word_1_92' title='bbox 666 2995 849 3064; x_wconf 81' lang='lat' dir='ltr'><strong>longo,</strong></span> <span class='ocrx_word' id='word_1_93' title='bbox 901 2993 1117 3063; x_wconf 85' lang='lat' dir='ltr'><strong>opinor.</strong></span> <span class='ocrx_word' id='word_1_94' title='bbox 1149 3002 1412 3061; x_wconf 88' lang='lat' dir='ltr'><strong>tempore,</strong></span> <span class='ocrx_word' id='word_1_95' title='bbox 1451 3007 1646 3061; x_wconf 80' lang='lat' dir='ltr'><strong>magno</strong></span> <span class='ocrx_word' id='word_1_96' title='bbox 1676 2993 1792 3046; x_wconf 91' lang='lat' dir='ltr'><strong>otio</strong></span> <span class='ocrx_word' id='word_1_97' title='bbox 1822 2993 2003 3047; x_wconf 86' lang='lat' dir='ltr'><strong>omni-</strong></span> 
     </span>
    </p>
   </div>
   <div class='ocr_carea' id='block_1_20' title="bbox 425 3082 2000 3156">
    <p class='ocr_par' dir='ltr' id='par_1_20' title="bbox 425 3082 2000 3156">
     <span class='ocr_line' id='line_1_20' title="bbox 425 3082 2000 3156; baseline -0.002 -15"><span class='ocrx_word' id='word_1_98' title='bbox 425 3086 636 3155; x_wconf 83' lang='lat' dir='ltr'><strong>busque</strong></span> <span class='ocrx_word' id='word_1_99' title='bbox 673 3086 906 3156; x_wconf 79' lang='lat' dir='ltr'><strong>negotiis</strong></span> <span class='ocrx_word' id='word_1_100' title='bbox 945 3094 1001 3138; x_wconf 91' lang='lat' dir='ltr'><strong>et</strong></span> <span class='ocrx_word' id='word_1_101' title='bbox 1049 3083 1411 3137; x_wconf 90' lang='lat' dir='ltr'><strong>inconnnodis</strong></span> <span class='ocrx_word' id='word_1_102' title='bbox 1440 3098 1613 3137; x_wconf 88' lang='lat' dir='ltr'><strong>vacuo</strong></span> <span class='ocrx_word' id='word_1_103' title='bbox 1668 3098 1807 3153; x_wconf 88' lang='lat' dir='ltr'><strong>opus</strong></span> <span class='ocrx_word' id='word_1_104' title='bbox 1840 3082 2000 3139; x_wconf 81' lang='lat' dir='ltr'><strong>foret.</strong></span> 
     </span>
    </p>
   </div>
   <div class='ocr_carea' id='block_1_21' title="bbox 425 3175 2004 3247">
    <p class='ocr_par' dir='ltr' id='par_1_21' title="bbox 425 3175 2004 3247">
     <span class='ocr_line' id='line_1_21' title="bbox 425 3175 2004 3247; baseline -0.002 -14"><span class='ocrx_word' id='word_1_105' title='bbox 425 3180 622 3234; x_wconf 89' lang='lat' dir='ltr'><strong>Dicunt</strong></span> <span class='ocrx_word' id='word_1_106' title='bbox 651 3177 822 3240; x_wconf 83' lang='lat' dir='ltr'><strong>enim,</strong></span> <span class='ocrx_word' id='word_1_107' title='bbox 845 3176 1045 3246; x_wconf 75' lang='lat' dir='ltr'><strong>quibus</strong></span> <span class='ocrx_word' id='word_1_108' title='bbox 1103 3176 1351 3247; x_wconf 72' lang='lat' dir='ltr'><strong>contigit,</strong></span> <span class='ocrx_word' id='word_1_109' title='bbox 1382 3185 1442 3230; x_wconf 91' lang='lat' dir='ltr'><strong>ut</strong></span> <span class='ocrx_word' id='word_1_110' title='bbox 1494 3175 1615 3230; x_wconf 87' lang='lat' dir='ltr'><strong>illos</strong></span> <span class='ocrx_word' id='word_1_111' title='bbox 1648 3176 1717 3231; x_wconf 89' lang='lat' dir='ltr'><strong>de</strong></span> <span class='ocrx_word' id='word_1_112' title='bbox 1745 3190 1810 3231; x_wconf 88' lang='lat' dir='ltr'><strong>eo</strong></span> <span class='ocrx_word' id='word_1_113' title='bbox 1839 3191 2004 3245; x_wconf 60' lang='lat' dir='ltr'><strong>expo.</strong></span> 
     </span>
    </p>
   </div>
   <div class='ocr_carea' id='block_1_22' title="bbox 424 3271 2001 3335">
    <p class='ocr_par' dir='ltr' id='par_1_22' title="bbox 424 3271 2001 3335">
     <span class='ocr_line' id='line_1_22' title="bbox 424 3271 2001 3335; baseline 0 -10"><span class='ocrx_word' id='word_1_114' title='bbox 424 3282 620 3327; x_wconf 82' lang='lat' dir='ltr'><strong>nentes</strong></span> <span class='ocrx_word' id='word_1_115' title='bbox 657 3271 931 3335; x_wconf 82' lang='lat' dir='ltr'><strong>audirent,</strong></span> <span class='ocrx_word' id='word_1_116' title='bbox 968 3271 1264 3333; x_wconf 82' lang='lat' dir='ltr'><strong>niliilsani,</strong></span> <span class='ocrx_word' id='word_1_117' title='bbox 1301 3271 1434 3324; x_wconf 65' lang='lat' dir='ltr'><strong>nihil</strong></span> <span class='ocrx_word' id='word_1_118' title='bbox 1479 3271 1594 3323; x_wconf 86' lang='lat' dir='ltr'><strong>veri</strong></span> <span class='ocrx_word' id='word_1_119' title='bbox 1646 3271 1790 3324; x_wconf 84' lang='lat' dir='ltr'><strong>ineo</strong></span> <span class='ocrx_word' id='word_1_120' title='bbox 1822 3271 2001 3325; x_wconf 81' lang='lat' dir='ltr'><strong>inesse</strong></span> 
     </span>
    </p>
   </div>
   <div class='ocr_carea' id='block_1_23' title="bbox 424 3362 2003 3434">
    <p class='ocr_par' dir='ltr' id='par_1_23' title="bbox 424 3362 2003 3434">
     <span class='ocr_line' id='line_1_23' title="bbox 424 3362 2003 3434; baseline -0.001 -17"><span class='ocrx_word' id='word_1_121' title='bbox 424 3379 605 3434; x_wconf 89' lang='lat' dir='ltr'><strong>neque</strong></span> <span class='ocrx_word' id='word_1_122' title='bbox 660 3379 884 3433; x_wconf 69' lang='lat' dir='ltr'><strong>prorsus</strong></span> <span class='ocrx_word' id='word_1_123' title='bbox 936 3363 1255 3433; x_wconf 80' lang='lat' dir='ltr'><strong>quidquam,</strong></span> <span class='ocrx_word' id='word_1_124' title='bbox 1315 3364 1456 3433; x_wconf 87' lang='lat' dir='ltr'><strong>quod</strong></span> <span class='ocrx_word' id='word_1_125' title='bbox 1516 3364 1721 3417; x_wconf 77' lang='lat' dir='ltr'><strong>dictum</strong></span> <span class='ocrx_word' id='word_1_126' title='bbox 1787 3362 2003 3430; x_wconf 83' lang='lat' dir='ltr'><strong>quodve</strong></span> 
     </span>
    </p>
   </div>
   <div class='ocr_carea' id='block_1_24' title="bbox 423 3454 1998 3525">
    <p class='ocr_par' dir='ltr' id='par_1_24' title="bbox 423 3454 1998 3525">
     <span class='ocr_line' id='line_1_24' title="bbox 423 3454 1998 3525; baseline -0.004 -14"><span class='ocrx_word' id='word_1_127' title='bbox 423 3457 627 3512; x_wconf 67' lang='lat' dir='ltr'><strong>factum</strong></span> <span class='ocrx_word' id='word_1_128' title='bbox 662 3466 753 3520; x_wconf 85' lang='lat' dir='ltr'><strong>st,</strong></span> <span class='ocrx_word' id='word_1_129' title='bbox 788 3458 949 3511; x_wconf 81' lang='lat' dir='ltr'><strong>ullam</strong></span> <span class='ocrx_word' id='word_1_130' title='bbox 991 3458 1258 3510; x_wconf 83' lang='lat' dir='ltr'><strong>rationem</strong></span> <span class='ocrx_word' id='word_1_131' title='bbox 1295 3456 1492 3510; x_wconf 83' lang='lat' dir='ltr'><strong>habere</strong></span> <span class='ocrx_word' id='word_1_132' title='bbox 1520 3456 1658 3525; x_wconf 84' lang='lat' dir='ltr'><strong>ejus,</strong></span> <span class='ocrx_word' id='word_1_133' title='bbox 1696 3454 1998 3509; x_wconf 76' lang='lat' dir='ltr'><strong>secundum</strong></span> 
     </span>
    </p>
   </div>
   <div class='ocr_carea' id='block_1_25' title="bbox 421 3548 2004 3622">
    <p class='ocr_par' dir='ltr' id='par_1_25' title="bbox 421 3548 2004 3622">
     <span class='ocr_line' id='line_1_25' title="bbox 421 3548 2004 3622; baseline -0.002 -18"><span class='ocrx_word' id='word_1_134' title='bbox 421 3551 569 3622; x_wconf 91' lang='lat' dir='ltr'><strong>quod</strong></span> <span class='ocrx_word' id='word_1_135' title='bbox 605 3552 809 3606; x_wconf 90' lang='lat' dir='ltr'><strong>dictum</strong></span> <span class='ocrx_word' id='word_1_136' title='bbox 842 3551 1110 3603; x_wconf 71' lang='lat' dir='ltr'><strong>factumve</strong></span> <span class='ocrx_word' id='word_1_137' title='bbox 1150 3552 1241 3609; x_wconf 68' lang='lat' dir='ltr'><strong>s‘t,</strong></span> <span class='ocrx_word' id='word_1_138' title='bbox 1270 3549 1363 3603; x_wconf 85' lang='lat' dir='ltr'><strong>sed</strong></span> <span class='ocrx_word' id='word_1_139' title='bbox 1399 3550 1689 3602; x_wconf 74' lang='lat' dir='ltr'><strong>I’ala;uitas</strong></span> <span class='ocrx_word' id='word_1_140' title='bbox 1724 3548 1850 3603; x_wconf 87' lang='lat' dir='ltr'><strong>talia</strong></span> <span class='ocrx_word' id='word_1_141' title='bbox 1880 3563 2004 3615; x_wconf 90' lang='lat' dir='ltr'><strong>por-</strong></span> 
     </span>
    </p>
   </div>
   <div class='ocr_carea' id='block_1_26' title="bbox 424 3640 1999 3712">
    <p class='ocr_par' dir='ltr' id='par_1_26' title="bbox 424 3640 1999 3712">
     <span class='ocr_line' id='line_1_26' title="bbox 424 3640 1999 3712; baseline -0.003 -15"><span class='ocrx_word' id='word_1_142' title='bbox 424 3655 571 3698; x_wconf 87' lang='lat' dir='ltr'><strong>tenta</strong></span> <span class='ocrx_word' id='word_1_143' title='bbox 604 3659 704 3697; x_wconf 78' lang='lat' dir='ltr'><strong>suo</strong></span> <span class='ocrx_word' id='word_1_144' title='bbox 737 3654 879 3697; x_wconf 73' lang='lat' dir='ltr'><strong>tonio</strong></span> <span class='ocrx_word' id='word_1_145' title='bbox 911 3642 1303 3712; x_wconf 58' lang='lat' dir='ltr'><strong>conscripsisse</strong></span> <span class='ocrx_word' id='word_1_146' title='bbox 1333 3657 1509 3710; x_wconf 86' lang='lat' dir='ltr'><strong>neque</strong></span> <span class='ocrx_word' id='word_1_147' title='bbox 1552 3640 1777 3694; x_wconf 88' lang='lat' dir='ltr'><strong>omnino</strong></span> <span class='ocrx_word' id='word_1_148' title='bbox 1838 3640 1999 3693; x_wconf 86' lang='lat' dir='ltr'><strong>aliter</strong></span> 
     </span>
    </p>
   </div>
   <div class='ocr_carea' id='block_1_27' title="bbox 419 3733 1996 3808">
    <p class='ocr_par' dir='ltr' id='par_1_27' title="bbox 419 3733 1996 3808">
     <span class='ocr_line' id='line_1_27' title="bbox 419 3733 1996 3808; baseline -0.004 -18"><span class='ocrx_word' id='word_1_149' title='bbox 419 3738 616 3808; x_wconf 81' lang='lat' dir='ltr'><strong>egisse,</strong></span> <span class='ocrx_word' id='word_1_150' title='bbox 642 3752 804 3806; x_wconf 86' lang='lat' dir='ltr'><strong>quam</strong></span> <span class='ocrx_word' id='word_1_151' title='bbox 859 3751 983 3790; x_wconf 88' lang='lat' dir='ltr'><strong>eum</strong></span> <span class='ocrx_word' id='word_1_152' title='bbox 1051 3737 1224 3789; x_wconf 70' lang='lat' dir='ltr'><strong>incofa</strong></span> <span class='ocrx_word' id='word_1_153' title='bbox 1279 3735 1582 3789; x_wconf 81' lang='lat' dir='ltr'><strong>insularum</strong></span> <span class='ocrx_word' id='word_1_154' title='bbox 1632 3733 1996 3798; x_wconf 82' lang='lat' dir='ltr'><strong>Atlantidum,</strong></span> 
     </span>
    </p>
   </div>
   <div class='ocr_carea' id='block_1_28' title="bbox 420 3827 2000 3903">
    <p class='ocr_par' dir='ltr' id='par_1_28' title="bbox 420 3827 2000 3903">
     <span class='ocr_line' id='line_1_28' title="bbox 420 3827 2000 3903; baseline -0.004 -15"><span class='ocrx_word' id='word_1_155' title='bbox 420 3848 762 3903; x_wconf 71' lang='lat' dir='ltr'><strong>quaecunque</strong></span> <span class='ocrx_word' id='word_1_156' title='bbox 798 3848 876 3887; x_wconf 75' lang='lat' dir='ltr'><strong>eze</strong></span> <span class='ocrx_word' id='word_1_157' title='bbox 902 3841 1052 3897; x_wconf 90' lang='lat' dir='ltr'><strong>sunt,</strong></span> <span class='ocrx_word' id='word_1_158' title='bbox 1081 3846 1201 3901; x_wconf 75' lang='lat' dir='ltr'><strong>qua:</strong></span> <span class='ocrx_word' id='word_1_159' title='bbox 1227 3831 1293 3884; x_wconf 94' lang='lat' dir='ltr'><strong>de</strong></span> <span class='ocrx_word' id='word_1_160' title='bbox 1323 3846 1511 3884; x_wconf 91' lang='lat' dir='ltr'><strong>earum</strong></span> <span class='ocrx_word' id='word_1_161' title='bbox 1544 3840 1689 3884; x_wconf 90' lang='lat' dir='ltr'><strong>statu</strong></span> <span class='ocrx_word' id='word_1_162' title='bbox 1716 3844 1779 3883; x_wconf 91' lang='lat' dir='ltr'><strong>ac</strong></span> <span class='ocrx_word' id='word_1_163' title='bbox 1810 3827 2000 3884; x_wconf 86' lang='lat' dir='ltr'><strong>condi-</strong></span> 
     </span>
    </p>
   </div>
   <div class='ocr_carea' id='block_1_29' title="bbox 420 3921 1995 3994">
    <p class='ocr_par' dir='ltr' id='par_1_29' title="bbox 420 3921 1995 3994">
     <span class='ocr_line' id='line_1_29' title="bbox 420 3921 1995 3994; baseline -0.001 -19"><span class='ocrx_word' id='word_1_164' title='bbox 420 3927 568 3980; x_wconf 83' lang='lat' dir='ltr'><strong>tione</strong></span> <span class='ocrx_word' id='word_1_165' title='bbox 610 3924 663 3979; x_wconf 90' lang='lat' dir='ltr'><strong>in</strong></span> <span class='ocrx_word' id='word_1_166' title='bbox 722 3925 999 3994; x_wconf 75' lang='lat' dir='ltr'><strong>explorata</strong></span> <span class='ocrx_word' id='word_1_167' title='bbox 1060 3922 1315 3978; x_wconf 85' lang='lat' dir='ltr'><strong>ementiri</strong></span> <span class='ocrx_word' id='word_1_168' title='bbox 1376 3921 1691 3976; x_wconf 84' lang='lat' dir='ltr'><strong>volentibus</strong></span> <span class='ocrx_word' id='word_1_169' title='bbox 1746 3936 1995 3990; x_wconf 81' lang='lat' dir='ltr'><strong>magnam</strong></span> 
     </span>
    </p>
   </div>
   <div class='ocr_carea' id='block_1_30' title="bbox 421 4016 1995 4089">
    <p class='ocr_par' dir='ltr' id='par_1_30' title="bbox 421 4016 1995 4089">
     <span class='ocr_line' id='line_1_30' title="bbox 421 4016 1995 4089; baseline -0.002 -17"><span class='ocrx_word' id='word_1_170' title='bbox 421 4019 666 4088; x_wconf 63' lang='lat' dir='ltr'><strong>prcebent</strong></span> <span class='ocrx_word' id='word_1_171' title='bbox 696 4018 806 4089; x_wconf 79' lang='lat'><strong>69</strong></span> <span class='ocrx_word' id='word_1_172' title='bbox 842 4019 1135 4083; x_wconf 85' lang='lat' dir='ltr'><strong>licentiam,</strong></span> <span class='ocrx_word' id='word_1_173' title='bbox 1161 4018 1271 4088; x_wconf 82' lang='lat' dir='ltr'><strong>jam</strong></span> <span class='ocrx_word' id='word_1_174' title='bbox 1293 4016 1439 4070; x_wconf 90' lang='lat' dir='ltr'><strong>nulla</strong></span> <span class='ocrx_word' id='word_1_175' title='bbox 1464 4025 1774 4070; x_wconf 88' lang='lat' dir='ltr'><strong>nostrarum</strong></span> <span class='ocrx_word' id='word_1_176' title='bbox 1809 4031 1995 4070; x_wconf 88' lang='lat' dir='ltr'><strong>rerum</strong></span> 
     </span>
    </p>
   </div>
   <div class='ocr_carea' id='block_1_31' title="bbox 422 4108 1996 4179">
    <p class='ocr_par' dir='ltr' id='par_1_31' title="bbox 422 4108 1996 4179">
     <span class='ocr_line' id='line_1_31' title="bbox 422 4108 1996 4179; baseline -0.003 -15"><span class='ocrx_word' id='word_1_177' title='bbox 422 4122 574 4179; x_wconf 82' lang='lat' dir='ltr'><strong>parte</strong></span> <span class='ocrx_word' id='word_1_178' title='bbox 602 4119 699 4164; x_wconf 84' lang='lat' dir='ltr'><strong>aut</strong></span> <span class='ocrx_word' id='word_1_179' title='bbox 728 4112 840 4164; x_wconf 84' lang='lat' dir='ltr'><strong>visa</strong></span> <span class='ocrx_word' id='word_1_180' title='bbox 876 4121 970 4163; x_wconf 88' lang='lat' dir='ltr'><strong>aut</strong></span> <span class='ocrx_word' id='word_1_181' title='bbox 1008 4108 1195 4162; x_wconf 87' lang='lat' dir='ltr'><strong>audita</strong></span> <span class='ocrx_word' id='word_1_182' title='bbox 1231 4122 1289 4163; x_wconf 87' lang='lat' dir='ltr'><strong>se</strong></span> <span class='ocrx_word' id='word_1_183' title='bbox 1319 4108 1518 4161; x_wconf 82' lang='lat' dir='ltr'><strong>melius</strong></span> <span class='ocrx_word' id='word_1_184' title='bbox 1548 4124 1710 4174; x_wconf 89' lang='lat' dir='ltr'><strong>quam</strong></span> <span class='ocrx_word' id='word_1_185' title='bbox 1757 4122 1858 4162; x_wconf 86' lang='lat' dir='ltr'><strong>nos</strong></span> <span class='ocrx_word' id='word_1_186' title='bbox 1902 4124 1996 4160; x_wconf 80' lang='lat' dir='ltr'><strong>t-as</strong></span> 
     </span>
    </p>
   </div>
   <div class='ocr_carea' id='block_1_32' title="bbox 419 4198 1996 4284">
    <p class='ocr_par' dir='ltr' id='par_1_32' title="bbox 419 4198 1996 4284">
     <span class='ocr_line' id='line_1_32' title="bbox 419 4198 1996 4284; baseline -0.003 -28"><span class='ocrx_word' id='word_1_187' title='bbox 419 4201 739 4271; x_wconf 67' lang='lat' dir='ltr'><strong>cognovisse</strong></span> <span class='ocrx_word' id='word_1_188' title='bbox 774 4198 1172 4253; x_wconf 87' lang='lat' dir='ltr'><strong>contenderent</strong></span> <span class='ocrx_word' id='word_1_189' title='bbox 1211 4207 1376 4267; x_wconf 89' lang='lat' dir='ltr'><strong>atquc</strong></span> <span class='ocrx_word' id='word_1_190' title='bbox 1418 4209 1752 4252; x_wconf 84' lang='lat' dir='ltr'><strong>monstrosas</strong></span> <span class='ocrx_word' id='word_1_191' title='bbox 1781 4210 1837 4284; x_wconf 64' lang='lat' dir='ltr'><strong>et</strong></span> <span class='ocrx_word' id='word_1_192' title='bbox 1868 4214 1996 4267; x_wconf 89' lang='lat' dir='ltr'><strong>por-</strong></span> 
     </span>
    </p>
   </div>
   <div class='ocr_carea' id='block_1_33' title="bbox 424 4290 1990 4359">
    <p class='ocr_par' dir='ltr' id='par_1_33' title="bbox 424 4290 1990 4359">
     <span class='ocr_line' id='line_1_33' title="bbox 424 4290 1990 4359; baseline -0.003 -10"><span class='ocrx_word' id='word_1_193' title='bbox 424 4304 665 4349; x_wconf 79' lang='lat' dir='ltr'><strong>tentosas</strong></span> <span class='ocrx_word' id='word_1_194' title='bbox 704 4290 915 4345; x_wconf 80' lang='lat' dir='ltr'><strong>fabulas</strong></span> <span class='ocrx_word' id='word_1_195' title='bbox 955 4291 1353 4359; x_wconf 83' lang='lat' dir='ltr'><strong>contingerent.</strong></span> <span class='ocrx_word' id='word_1_196' title='bbox 1390 4294 1535 4356; x_wconf 80' lang='lat' dir='ltr'><strong>Quas</strong></span> <span class='ocrx_word' id='word_1_197' title='bbox 1564 4290 1711 4343; x_wconf 88' lang='lat' dir='ltr'><strong>enim</strong></span> <span class='ocrx_word' id='word_1_198' title='bbox 1748 4306 1833 4344; x_wconf 89' lang='lat' dir='ltr'><strong>res</strong></span> <span class='ocrx_word' id='word_1_199' title='bbox 1862 4306 1990 4345; x_wconf 88' lang='lat' dir='ltr'><strong>eve-</strong></span> 
     </span>
    </p>
   </div>
   <div class='ocr_carea' id='block_1_34' title="bbox 423 4383 1994 4457">
    <p class='ocr_par' dir='ltr' id='par_1_34' title="bbox 423 4383 1994 4457">
     <span class='ocr_line' id='line_1_34' title="bbox 423 4383 1994 4457; baseline -0.003 -14"><span class='ocrx_word' id='word_1_200' title='bbox 423 4390 568 4443; x_wconf 72' lang='lat' dir='ltr'><strong>nisse</strong></span> <span class='ocrx_word' id='word_1_201' title='bbox 585 4385 805 4457; x_wconf 82' lang='lat' dir='ltr'><strong>quidem</strong></span> <span class='ocrx_word' id='word_1_202' title='bbox 825 4383 1101 4447; x_wconf 80' lang='lat' dir='ltr'><strong>volebant,</strong></span> <span class='ocrx_word' id='word_1_203' title='bbox 1129 4383 1298 4438; x_wconf 83' lang='lat' dir='ltr'><strong>factas</strong></span> <span class='ocrx_word' id='word_1_204' title='bbox 1315 4398 1443 4436; x_wconf 88' lang='lat' dir='ltr'><strong>vero</strong></span> <span class='ocrx_word' id='word_1_205' title='bbox 1465 4398 1587 4438; x_wconf 87' lang='lat' dir='ltr'><strong>esse</strong></span> <span class='ocrx_word' id='word_1_206' title='bbox 1606 4398 1713 4437; x_wconf 85' lang='lat' dir='ltr'><strong>non</strong></span> <span class='ocrx_word' id='word_1_207' title='bbox 1733 4384 1994 4438; x_wconf 81' lang='lat' dir='ltr'><strong>videbant</strong></span> 
     </span>
    </p>
   </div>
   <div class='ocr_carea' id='block_1_35' title="bbox 419 4473 1989 4550">
    <p class='ocr_par' dir='ltr' id='par_1_35' title="bbox 419 4473 1989 4550">
     <span class='ocr_line' id='line_1_35' title="bbox 419 4473 1989 4550; baseline -0.006 -13"><span class='ocrx_word' id='word_1_208' title='bbox 419 4492 514 4537; x_wconf 88' lang='lat' dir='ltr'><strong>aut</strong></span> <span class='ocrx_word' id='word_1_209' title='bbox 548 4495 686 4550; x_wconf 89' lang='lat' dir='ltr'><strong>quas</strong></span> <span class='ocrx_word' id='word_1_210' title='bbox 717 4478 901 4532; x_wconf 82' lang='lat' dir='ltr'><strong>dicere</strong></span> <span class='ocrx_word' id='word_1_211' title='bbox 936 4476 1160 4546; x_wconf 77' lang='lat' dir='ltr'><strong>quidem</strong></span> <span class='ocrx_word' id='word_1_212' title='bbox 1193 4473 1448 4528; x_wconf 86' lang='lat' dir='ltr'><strong>volebant</strong></span> <span class='ocrx_word' id='word_1_213' title='bbox 1479 4488 1655 4543; x_wconf 73' lang='lat' dir='ltr'><strong>neque</strong></span> <span class='ocrx_word' id='word_1_214' title='bbox 1682 4489 1834 4539; x_wconf 89' lang='lat' dir='ltr'><strong>vero,</strong></span> <span class='ocrx_word' id='word_1_215' title='bbox 1867 4491 1989 4528; x_wconf 89' lang='lat' dir='ltr'><strong>cum</strong></span> 
     </span>
    </p>
   </div>
   <div class='ocr_carea' id='block_1_36' title="bbox 420 4567 1989 4640">
    <p class='ocr_par' dir='ltr' id='par_1_36' title="bbox 420 4567 1989 4640">
     <span class='ocr_line' id='line_1_36' title="bbox 420 4567 1989 4640; baseline -0.008 -10"><span class='ocrx_word' id='word_1_216' title='bbox 420 4588 515 4630; x_wconf 90' lang='lat' dir='ltr'><strong>aut</strong></span> <span class='ocrx_word' id='word_1_217' title='bbox 531 4573 715 4630; x_wconf 84' lang='lat' dir='ltr'><strong>statim</strong></span> <span class='ocrx_word' id='word_1_218' title='bbox 733 4572 843 4640; x_wconf 89' lang='lat' dir='ltr'><strong>jam</strong></span> <span class='ocrx_word' id='word_1_219' title='bbox 871 4570 1232 4624; x_wconf 82' lang='lat' dir='ltr'><strong>refutationes</strong></span> <span class='ocrx_word' id='word_1_220' title='bbox 1249 4567 1507 4621; x_wconf 81' lang='lat' dir='ltr'><strong>adessent</strong></span> <span class='ocrx_word' id='word_1_221' title='bbox 1526 4577 1621 4620; x_wconf 89' lang='lat' dir='ltr'><strong>aut</strong></span> <span class='ocrx_word' id='word_1_222' title='bbox 1638 4582 1745 4620; x_wconf 92' lang='lat' dir='ltr'><strong>non</strong></span> <span class='ocrx_word' id='word_1_223' title='bbox 1768 4567 1989 4635; x_wconf 75' lang='lat' dir='ltr'><strong>longum</strong></span> 
     </span>
    </p>
   </div>
   <div class='ocr_carea' id='block_1_37' title="bbox 417 4659 1988 4732">
    <p class='ocr_par' dir='ltr' id='par_1_37' title="bbox 417 4659 1988 4732">
     <span class='ocr_line' id='line_1_37' title="bbox 417 4659 1988 4732; baseline -0.006 -12"><span class='ocrx_word' id='word_1_224' title='bbox 417 4668 610 4721; x_wconf 82' lang='lat' dir='ltr'><strong>abesse</strong></span> <span class='ocrx_word' id='word_1_225' title='bbox 656 4663 1089 4732; x_wconf 86' lang='lat' dir='ltr'><strong>suspicarentur,</strong></span> <span class='ocrx_word' id='word_1_226' title='bbox 1119 4659 1302 4713; x_wconf 88' lang='lat' dir='ltr'><strong>dicere</strong></span> <span class='ocrx_word' id='word_1_227' title='bbox 1349 4668 1625 4727; x_wconf 85' lang='lat' dir='ltr'><strong>poterant,</strong></span> <span class='ocrx_word' id='word_1_228' title='bbox 1658 4673 1751 4711; x_wconf 87' lang='lat' dir='ltr'><strong>eas</strong></span> <span class='ocrx_word' id='word_1_229' title='bbox 1810 4668 1988 4711; x_wconf 86' lang='lat' dir='ltr'><strong>tamen</strong></span> 
     </span>
    </p>
   </div>
   <div class='ocr_carea' id='block_1_38' title="bbox 417 4752 1991 4823">
    <p class='ocr_par' dir='ltr' id='par_1_38' title="bbox 417 4752 1991 4823">
     <span class='ocr_line' id='line_1_38' title="bbox 417 4752 1991 4823; baseline -0.005 -13"><span class='ocrx_word' id='word_1_230' title='bbox 417 4773 609 4811; x_wconf 73' lang='lat' dir='ltr'><strong>omnes</strong></span> <span class='ocrx_word' id='word_1_231' title='bbox 639 4769 829 4823; x_wconf 80' lang='lat' dir='ltr'><strong>magna</strong></span> <span class='ocrx_word' id='word_1_232' title='bbox 877 4768 999 4807; x_wconf 84' lang='lat' dir='ltr'><strong>cum</strong></span> <span class='ocrx_word' id='word_1_233' title='bbox 1036 4752 1345 4823; x_wconf 79' lang='lat' dir='ltr'><strong>arrogantia</strong></span> <span class='ocrx_word' id='word_1_234' title='bbox 1402 4752 1455 4805; x_wconf 93' lang='lat' dir='ltr'><strong>in</strong></span> <span class='ocrx_word' id='word_1_235' title='bbox 1487 4767 1552 4805; x_wconf 90' lang='lat' dir='ltr'><strong>co</strong></span> <span class='ocrx_word' id='word_1_236' title='bbox 1617 4759 1991 4817; x_wconf 75' lang='lat' dir='ltr'><strong>exposuerunt</strong></span> 
     </span>
    </p>
   </div>
   <div class='ocr_carea' id='block_1_39' title="bbox 2108 2533 3684 2603">
    <p class='ocr_par' dir='ltr' id='par_1_39' title="bbox 2108 2533 3684 2603">
     <span class='ocr_line' id='line_1_39' title="bbox 2108 2533 3684 2603; baseline 0.003 -18"><span class='ocrx_word' id='word_1_237' title='bbox 2108 2534 2253 2586; x_wconf 86' lang='grc' dir='ltr'><strong>κατά</strong></span> <span class='ocrx_word' id='word_1_238' title='bbox 2281 2533 2403 2596; x_wconf 82' lang='grc' dir='ltr'><strong>σοῦ.</strong></span> <span class='ocrx_word' id='word_1_239' title='bbox 2432 2534 2530 2588; x_wconf 77' lang='grc' dir='ltr'>καὶ</span> <span class='ocrx_word' id='word_1_240' title='bbox 2556 2534 2623 2587; x_wconf 85' lang='grc' dir='ltr'><strong>δι’</strong></span> <span class='ocrx_word' id='word_1_241' title='bbox 2652 2535 2687 2589; x_wconf 72' lang='grc' dir='ltr'>ἀ.</span> <span class='ocrx_word' id='word_1_242' title='bbox 2722 2536 2959 2603; x_wconf 82' lang='grc' dir='ltr'>μάλιστα</span> <span class='ocrx_word' id='word_1_243' title='bbox 2991 2538 3213 2591; x_wconf 67' lang='grc' dir='ltr'>πάντων</span> <span class='ocrx_word' id='word_1_244' title='bbox 3268 2538 3363 2591; x_wconf 72' lang='grc' dir='ltr'><strong>ἐπὶ</strong></span> <span class='ocrx_word' id='word_1_245' title='bbox 3399 2537 3460 2591; x_wconf 82' lang='grc' dir='ltr'><strong>σὲ</strong></span> <span class='ocrx_word' id='word_1_246' title='bbox 3488 2538 3549 2591; x_wconf 80' lang='grc' dir='ltr'>τὸ</span> <span class='ocrx_word' id='word_1_247' title='bbox 3588 2539 3684 2591; x_wconf 79' lang='grc' dir='ltr'>ἀν-</span> 
     </span>
    </p>
   </div>
   <div class='ocr_carea' id='block_1_40' title="bbox 2105 2625 3684 2701">
    <p class='ocr_par' dir='ltr' id='par_1_40' title="bbox 2105 2625 3684 2701">
     <span class='ocr_line' id='line_1_40' title="bbox 2105 2625 3684 2701; baseline 0.01 -24"><span class='ocrx_word' id='word_1_248' title='bbox 2105 2625 2332 2679; x_wconf 86' lang='grc' dir='ltr'>τίπαλον</span> <span class='ocrx_word' id='word_1_249' title='bbox 2373 2627 2520 2681; x_wconf 77' lang='grc' dir='ltr'>ἅπαν</span> <span class='ocrx_word' id='word_1_250' title='bbox 2549 2628 3005 2699; x_wconf 78' lang='grc' dir='ltr'>ὁλοσχερέστερον</span> <span class='ocrx_word' id='word_1_251' title='bbox 3038 2628 3298 2699; x_wconf 80' lang='grc' dir='ltr'><strong>ὥρμηται</strong></span> <span class='ocrx_word' id='word_1_252' title='bbox 3364 2629 3555 2701; x_wconf 78' lang='grc' dir='ltr'>μέρος,</span> <span class='ocrx_word' id='word_1_253' title='bbox 3590 2630 3684 2698; x_wconf 70' lang='grc' dir='ltr'><strong>φά·</strong></span> 
     </span>
    </p>
   </div>
   <div class='ocr_carea' id='block_1_41' title="bbox 2106 2721 3680 2792">
    <p class='ocr_par' dir='ltr' id='par_1_41' title="bbox 2106 2721 3680 2792">
     <span class='ocr_line' id='line_1_41' title="bbox 2106 2721 3680 2792; baseline 0.001 -18"><span class='ocrx_word' id='word_1_254' title='bbox 2106 2738 2201 2774; x_wconf 92' lang='grc' dir='ltr'><strong>νου</strong></span> <span class='ocrx_word' id='word_1_255' title='bbox 2241 2722 2405 2774; x_wconf 80' lang='grc' dir='ltr'>πνέον</span> <span class='ocrx_word' id='word_1_256' title='bbox 2466 2721 2563 2775; x_wconf 78' lang='grc' dir='ltr'>καὶ</span> <span class='ocrx_word' id='word_1_257' title='bbox 2602 2724 2866 2774; x_wconf 74' lang='grc' dir='ltr'>ποικίλων</span> <span class='ocrx_word' id='word_1_258' title='bbox 2926 2722 3174 2775; x_wconf 78' lang='grc' dir='ltr'><strong>θανάτων</strong></span> <span class='ocrx_word' id='word_1_259' title='bbox 3234 2722 3465 2792; x_wconf 81' lang='grc' dir='ltr'>μελέτας</span> <span class='ocrx_word' id='word_1_260' title='bbox 3535 2724 3680 2791; x_wconf 79' lang='grc' dir='ltr'>ἔχον,</span> 
     </span>
    </p>
   </div>
   <div class='ocr_carea' id='block_1_42' title="bbox 2105 2813 3682 2887">
    <p class='ocr_par' dir='ltr' id='par_1_42' title="bbox 2105 2813 3682 2887">
     <span class='ocr_line' id='line_1_42' title="bbox 2105 2813 3682 2887; baseline -0.001 -18"><span class='ocrx_word' id='word_1_261' title='bbox 2105 2813 2278 2869; x_wconf 79' lang='grc' dir='ltr'>ταῦτά</span> <span class='ocrx_word' id='word_1_262' title='bbox 2309 2815 2449 2868; x_wconf 62' lang='grc' dir='ltr'>ἔστι.</span> <span class='ocrx_word' id='word_1_263' title='bbox 2484 2815 2621 2885; x_wconf 75' lang='grc' dir='ltr'>Περὶ</span> <span class='ocrx_word' id='word_1_264' title='bbox 2642 2815 2699 2868; x_wconf 72' lang='grc' dir='ltr'>δὲ</span> <span class='ocrx_word' id='word_1_265' title='bbox 2728 2816 2824 2869; x_wconf 80' lang='grc' dir='ltr'><strong>τοῦ</strong></span> <span class='ocrx_word' id='word_1_266' title='bbox 2890 2815 3230 2887; x_wconf 82' lang='grc' dir='ltr'>καλουμένου</span> <span class='ocrx_word' id='word_1_267' title='bbox 3274 2819 3388 2879; x_wconf 83' lang='grc' dir='ltr'>τοῖς</span> <span class='ocrx_word' id='word_1_268' title='bbox 3430 2816 3682 2887; x_wconf 82' lang='grc' dir='ltr'>Παλαμί-</span> 
     </span>
    </p>
   </div>
   <div class='ocr_carea' id='block_1_43' title="bbox 2103 2904 3681 2979">
    <p class='ocr_par' dir='ltr' id='par_1_43' title="bbox 2103 2904 3681 2979">
     <span class='ocr_line' id='line_1_43' title="bbox 2103 2904 3681 2979; baseline 0.002 -19"><span class='ocrx_word' id='word_1_269' title='bbox 2103 2923 2227 2972; x_wconf 87' lang='grc' dir='ltr'>ταις</span> <span class='ocrx_word' id='word_1_270' title='bbox 2264 2908 2458 2978; x_wconf 87' lang='grc' dir='ltr'>τόμου,</span> <span class='ocrx_word' id='word_1_271' title='bbox 2490 2908 2587 2962; x_wconf 73' lang='grc' dir='ltr'><strong>καὶ</strong></span> <span class='ocrx_word' id='word_1_272' title='bbox 2645 2909 2747 2962; x_wconf 83' lang='grc' dir='ltr'><strong>ὅσα</strong></span> <span class='ocrx_word' id='word_1_273' title='bbox 2785 2907 2963 2978; x_wconf 88' lang='grc' dir='ltr'>τούτῳ</span> <span class='ocrx_word' id='word_1_274' title='bbox 3020 2910 3114 2962; x_wconf 60' lang='grc' dir='ltr'><strong>καὶ⁵</strong></span> <span class='ocrx_word' id='word_1_275' title='bbox 3163 2904 3252 2962; x_wconf 78' lang='grc' dir='ltr'><strong>οἷα</strong></span> <span class='ocrx_word' id='word_1_276' title='bbox 3300 2910 3681 2979; x_wconf 72' lang='grc' dir='ltr'><strong>ἐγγέγραπται</strong></span> 
     </span>
    </p>
   </div>
   <div class='ocr_carea' id='block_1_44' title="bbox 2103 3000 3675 3072">
    <p class='ocr_par' dir='ltr' id='par_1_44' title="bbox 2103 3000 3675 3072">
     <span class='ocr_line' id='line_1_44' title="bbox 2103 3000 3675 3072; baseline 0.001 -19"><span class='ocrx_word' id='word_1_277' title='bbox 2103 3000 2374 3071; x_wconf 78' lang='grc' dir='ltr'><strong>δόγματα,</strong></span> <span class='ocrx_word' id='word_1_278' title='bbox 2417 3003 2466 3054; x_wconf 89' lang='grc' dir='ltr'><strong>εί</strong></span> <span class='ocrx_word' id='word_1_279' title='bbox 2495 3000 2672 3055; x_wconf 85' lang='grc' dir='ltr'>πάντα</span> <span class='ocrx_word' id='word_1_280' title='bbox 2704 3019 2795 3072; x_wconf 87' lang='grc' dir='ltr'><strong>μοι</strong></span> <span class='ocrx_word' id='word_1_281' title='bbox 2835 3001 3089 3068; x_wconf 80' lang='grc' dir='ltr'>διεξιέναι</span> <span class='ocrx_word' id='word_1_282' title='bbox 3131 3001 3444 3072; x_wconf 77' lang='grc' dir='ltr'>βουλομένῳ</span> <span class='ocrx_word' id='word_1_283' title='bbox 3477 3019 3541 3069; x_wconf 88' lang='grc' dir='ltr'><strong>γε</strong></span> <span class='ocrx_word' id='word_1_284' title='bbox 3562 3002 3675 3071; x_wconf 77' lang='grc' dir='ltr'>εἵη,</span> 
     </span>
    </p>
   </div>
   <div class='ocr_carea' id='block_1_45' title="bbox 2104 3089 3674 3165">
    <p class='ocr_par' dir='ltr' id='par_1_45' title="bbox 2104 3089 3674 3165">
     <span class='ocr_line' id='line_1_45' title="bbox 2104 3089 3674 3165; baseline 0.003 -22"><span class='ocrx_word' id='word_1_285' title='bbox 2104 3090 2307 3145; x_wconf 79' lang='grc' dir='ltr'>πολλοῦ</span> <span class='ocrx_word' id='word_1_286' title='bbox 2338 3092 2489 3162; x_wconf 86' lang='grc' dir='ltr'>μέντ’</span> <span class='ocrx_word' id='word_1_287' title='bbox 2516 3091 2582 3146; x_wconf 80' lang='grc' dir='ltr'>ἂν</span> <span class='ocrx_word' id='word_1_288' title='bbox 2616 3089 2773 3163; x_wconf 69' lang='grc' dir='ltr'>οἶμαι</span> <span class='ocrx_word' id='word_1_289' title='bbox 2813 3094 3030 3163; x_wconf 83' lang='grc' dir='ltr'><strong>δεήσειν</strong></span> <span class='ocrx_word' id='word_1_290' title='bbox 3059 3093 3155 3148; x_wconf 79' lang='grc' dir='ltr'>τοῦ</span> <span class='ocrx_word' id='word_1_291' title='bbox 3196 3094 3416 3165; x_wconf 83' lang='grc' dir='ltr'>χρόνου,</span> <span class='ocrx_word' id='word_1_292' title='bbox 3467 3093 3674 3161; x_wconf 82' lang='grc' dir='ltr'>πολλῆς</span> 
     </span>
    </p>
   </div>
   <div class='ocr_carea' id='block_1_46' title="bbox 2104 3179 3675 3257">
    <p class='ocr_par' dir='ltr' id='par_1_46' title="bbox 2104 3179 3675 3257">
     <span class='ocr_line' id='line_1_46' title="bbox 2104 3179 3675 3257; baseline 0.001 -20"><span class='ocrx_word' id='word_1_293' title='bbox 2104 3182 2152 3238; x_wconf 86' lang='grc' dir='ltr'>δ’</span> <span class='ocrx_word' id='word_1_294' title='bbox 2184 3179 2250 3237; x_wconf 83' lang='grc' dir='ltr'>αὖ</span> <span class='ocrx_word' id='word_1_295' title='bbox 2275 3186 2374 3255; x_wconf 79' lang='grc' dir='ltr'>τῆς</span> <span class='ocrx_word' id='word_1_296' title='bbox 2401 3185 2618 3256; x_wconf 79' lang='grc' dir='ltr'>σχολῆς,</span> <span class='ocrx_word' id='word_1_297' title='bbox 2665 3186 2700 3257; x_wconf 70' lang='grc' dir='ltr'>ἦ</span> <span class='ocrx_word' id='word_1_298' title='bbox 2739 3186 2806 3241; x_wconf 80' lang='grc' dir='ltr'>ἂν</span> <span class='ocrx_word' id='word_1_299' title='bbox 2866 3187 3267 3257; x_wconf 84' lang='grc' dir='ltr'>ἀπηλλαγμένη</span> <span class='ocrx_word' id='word_1_300' title='bbox 3326 3188 3675 3242; x_wconf 77' lang='grc' dir='ltr'>παντάπασιν</span> 
     </span>
    </p>
   </div>
   <div class='ocr_carea' id='block_1_47' title="bbox 2105 3270 3681 3347">
    <p class='ocr_par' dir='ltr' id='par_1_47' title="bbox 2105 3270 3681 3347">
     <span class='ocr_line' id='line_1_47' title="bbox 2105 3270 3681 3347; baseline 0.001 -20"><span class='ocrx_word' id='word_1_301' title='bbox 2105 3274 2193 3339; x_wconf 76' lang='grc' dir='ltr'>εἴη</span> <span class='ocrx_word' id='word_1_302' title='bbox 2231 3275 2573 3345; x_wconf 79' lang='grc' dir='ltr'><strong>πραγμάτων</strong></span> <span class='ocrx_word' id='word_1_303' title='bbox 2603 3274 2701 3329; x_wconf 80' lang='grc' dir='ltr'>καὶ</span> <span class='ocrx_word' id='word_1_304' title='bbox 2740 3276 2949 3346; x_wconf 84' lang='grc' dir='ltr'>ἀωρίας</span> <span class='ocrx_word' id='word_1_305' title='bbox 2986 3276 3232 3347; x_wconf 81' lang='grc' dir='ltr'>ἀπάσης.</span> <span class='ocrx_word' id='word_1_306' title='bbox 3269 3276 3402 3329; x_wconf 73' lang='grc' dir='ltr'>Φασὶ</span> <span class='ocrx_word' id='word_1_307' title='bbox 3463 3277 3573 3347; x_wconf 68' lang='grc' dir='ltr'><strong>γὰρ</strong></span> <span class='ocrx_word' id='word_1_308' title='bbox 3597 3270 3681 3340; x_wconf 73' lang='grc' dir='ltr'><strong>οἷς</strong></span> 
     </span>
    </p>
   </div>
   <div class='ocr_carea' id='block_1_48' title="bbox 2102 3364 3681 3439">
    <p class='ocr_par' dir='ltr' id='par_1_48' title="bbox 2102 3364 3681 3439">
     <span class='ocr_line' id='line_1_48' title="bbox 2102 3364 3681 3439; baseline 0.001 -21"><span class='ocrx_word' id='word_1_309' title='bbox 2102 3364 2413 3431; x_wconf 79' lang='grc' dir='ltr'>διεξιόντων</span> <span class='ocrx_word' id='word_1_310' title='bbox 2449 3364 2678 3420; x_wconf 75' lang='grc' dir='ltr'>ἐκείνων</span> <span class='ocrx_word' id='word_1_311' title='bbox 2699 3367 3003 3437; x_wconf 78' lang='grc' dir='ltr'>ἀκηκοέναι</span> <span class='ocrx_word' id='word_1_312' title='bbox 3047 3368 3342 3439; x_wconf 78' lang='grc' dir='ltr'>τετύχηκε,</span> <span class='ocrx_word' id='word_1_313' title='bbox 3374 3367 3543 3438; x_wconf 74' lang='grc' dir='ltr'>μηδὲν</span> <span class='ocrx_word' id='word_1_314' title='bbox 3576 3384 3681 3437; x_wconf 91' lang='grc' dir='ltr'>μη-</span> 
     </span>
    </p>
   </div>
   <div class='ocr_carea' id='block_1_49' title="bbox 2103 3456 3674 3532">
    <p class='ocr_par' dir='ltr' id='par_1_49' title="bbox 2103 3456 3674 3532">
     <span class='ocr_line' id='line_1_49' title="bbox 2103 3456 3674 3532; baseline 0 -21"><span class='ocrx_word' id='word_1_315' title='bbox 2103 3456 2253 3527; x_wconf 88' lang='grc' dir='ltr'>δαμῆ</span> <span class='ocrx_word' id='word_1_316' title='bbox 2286 3458 2417 3528; x_wconf 79' lang='grc' dir='ltr'>μήθ’</span> <span class='ocrx_word' id='word_1_317' title='bbox 2449 3458 2601 3526; x_wconf 80' lang='grc' dir='ltr'>ὑγιὲς</span> <span class='ocrx_word' id='word_1_318' title='bbox 2634 3458 2762 3529; x_wconf 78' lang='grc' dir='ltr'>μήτ’</span> <span class='ocrx_word' id='word_1_319' title='bbox 2790 3459 3046 3530; x_wconf 80' lang='grc' dir='ltr'><strong>ἀληθείας</strong></span> <span class='ocrx_word' id='word_1_320' title='bbox 3082 3462 3345 3532; x_wconf 73' lang='grc' dir='ltr'>έχόμενον</span> <span class='ocrx_word' id='word_1_321' title='bbox 3374 3456 3515 3515; x_wconf 76' lang='grc' dir='ltr'>εἶναι</span> <span class='ocrx_word' id='word_1_322' title='bbox 3536 3461 3674 3523; x_wconf 72' lang='grc' dir='ltr'>ἐκεῖ,</span> 
     </span>
    </p>
   </div>
   <div class='ocr_carea' id='block_1_50' title="bbox 2106 3548 3673 3622">
    <p class='ocr_par' dir='ltr' id='par_1_50' title="bbox 2106 3548 3673 3622">
     <span class='ocr_line' id='line_1_50' title="bbox 2106 3548 3673 3622; baseline 0.001 -21"><span class='ocrx_word' id='word_1_323' title='bbox 2106 3548 2246 3618; x_wconf 75' lang='grc' dir='ltr'>μήτε</span> <span class='ocrx_word' id='word_1_324' title='bbox 2275 3548 2383 3620; x_wconf 81' lang='grc' dir='ltr'>μὴν</span> <span class='ocrx_word' id='word_1_325' title='bbox 2406 3550 2579 3614; x_wconf 82' lang='grc' dir='ltr'>οὐδὲν,</span> <span class='ocrx_word' id='word_1_326' title='bbox 2606 3550 2719 3605; x_wconf 75' lang='grc' dir='ltr'>οὗθ’</span> <span class='ocrx_word' id='word_1_327' title='bbox 2738 3550 2775 3605; x_wconf 79' lang='grc' dir='ltr'>ἃ</span> <span class='ocrx_word' id='word_1_328' title='bbox 2807 3551 3097 3621; x_wconf 83' lang='grc' dir='ltr'>λελάληται</span> <span class='ocrx_word' id='word_1_329' title='bbox 3130 3551 3255 3622; x_wconf 79' lang='grc' dir='ltr'>μήθ’</span> <span class='ocrx_word' id='word_1_330' title='bbox 3280 3552 3317 3607; x_wconf 77' lang='grc' dir='ltr'><strong>ἃ.</strong></span> <span class='ocrx_word' id='word_1_331' title='bbox 3340 3550 3673 3619; x_wconf 81' lang='grc' dir='ltr'>πέπρακται,</span> 
     </span>
    </p>
   </div>
   <div class='ocr_carea' id='block_1_51' title="bbox 2106 3641 3674 3713">
    <p class='ocr_par' dir='ltr' id='par_1_51' title="bbox 2106 3641 3674 3713">
     <span class='ocr_line' id='line_1_51' title="bbox 2106 3641 3674 3713; baseline 0.001 -20"><span class='ocrx_word' id='word_1_332' title='bbox 2106 3641 2419 3712; x_wconf 81' lang='grc' dir='ltr'>μεμνῆσθαι</span> <span class='ocrx_word' id='word_1_333' title='bbox 2455 3642 2685 3711; x_wconf 79' lang='grc' dir='ltr'>μηδενὸς</span> <span class='ocrx_word' id='word_1_334' title='bbox 2710 3643 2855 3698; x_wconf 86' lang='grc' dir='ltr'><strong>καθά</strong></span> <span class='ocrx_word' id='word_1_335' title='bbox 2882 3662 2934 3698; x_wconf 91' lang='grc' dir='ltr'><strong>τι</strong></span> <span class='ocrx_word' id='word_1_336' title='bbox 2957 3644 3253 3713; x_wconf 83' lang='grc' dir='ltr'>λελάληται</span> <span class='ocrx_word' id='word_1_337' title='bbox 3279 3642 3375 3697; x_wconf 72' lang='grc' dir='ltr'>καὶ</span> <span class='ocrx_word' id='word_1_338' title='bbox 3399 3642 3541 3696; x_wconf 82' lang='grc' dir='ltr'><strong>καθά</strong></span> <span class='ocrx_word' id='word_1_339' title='bbox 3570 3642 3674 3694; x_wconf 82' lang='grc' dir='ltr'>πέ-</span> 
     </span>
    </p>
   </div>
   <div class='ocr_carea' id='block_1_52' title="bbox 2100 3734 3678 3806">
    <p class='ocr_par' dir='ltr' id='par_1_52' title="bbox 2100 3734 3678 3806">
     <span class='ocr_line' id='line_1_52' title="bbox 2100 3734 3678 3806; baseline 0 -19"><span class='ocrx_word' id='word_1_340' title='bbox 2100 3752 2369 3806; x_wconf 84' lang='grc' dir='ltr'>πρακται,</span> <span class='ocrx_word' id='word_1_341' title='bbox 2392 3736 2508 3790; x_wconf 82' lang='grc' dir='ltr'>ἀλλ’</span> <span class='ocrx_word' id='word_1_342' title='bbox 2537 3735 2727 3806; x_wconf 74' lang='grc' dir='ltr'>ὥσπερ</span> <span class='ocrx_word' id='word_1_343' title='bbox 2745 3736 2811 3791; x_wconf 82' lang='grc' dir='ltr'>ἂν</span> <span class='ocrx_word' id='word_1_344' title='bbox 2830 3738 2878 3790; x_wconf 85' lang='grc' dir='ltr'><strong>εί</strong></span> <span class='ocrx_word' id='word_1_345' title='bbox 2913 3738 2964 3790; x_wconf 92' lang='grc' dir='ltr'>οἱ</span> <span class='ocrx_word' id='word_1_346' title='bbox 2987 3736 3085 3799; x_wconf 87' lang='grc' dir='ltr'><strong>τάς</strong></span> <span class='ocrx_word' id='word_1_347' title='bbox 3100 3736 3443 3799; x_wconf 77' lang='grc' dir='ltr'>Ἀτλαντέδας</span> <span class='ocrx_word' id='word_1_348' title='bbox 3462 3734 3678 3788; x_wconf 79' lang='grc' dir='ltr'>οξκοῦν-</span> 
     </span>
    </p>
   </div>
   <div class='ocr_carea' id='block_1_53' title="bbox 2098 3827 3671 3900">
    <p class='ocr_par' dir='ltr' id='par_1_53' title="bbox 2098 3827 3671 3900">
     <span class='ocr_line' id='line_1_53' title="bbox 2098 3827 3671 3900; baseline -0.002 -16"><span class='ocrx_word' id='word_1_349' title='bbox 2098 3847 2191 3893; x_wconf 88' lang='grc' dir='ltr'>τες</span> <span class='ocrx_word' id='word_1_350' title='bbox 2221 3831 2442 3900; x_wconf 77' lang='grc' dir='ltr'>νήσους,</span> <span class='ocrx_word' id='word_1_351' title='bbox 2476 3830 2680 3892; x_wconf 75' lang='grc' dir='ltr'>αἵτινές</span> <span class='ocrx_word' id='word_1_352' title='bbox 2730 3829 2849 3883; x_wconf 84' lang='grc' dir='ltr'>ποτ’</span> <span class='ocrx_word' id='word_1_353' title='bbox 2884 3829 2973 3900; x_wconf 84' lang='grc' dir='ltr'><strong>ἄρ’</strong></span> <span class='ocrx_word' id='word_1_354' title='bbox 3031 3827 3144 3882; x_wconf 85' lang='grc' dir='ltr'>εἷεν</span> <span class='ocrx_word' id='word_1_355' title='bbox 3196 3830 3425 3893; x_wconf 74' lang='grc' dir='ltr'>ἐκεῖναι,</span> <span class='ocrx_word' id='word_1_356' title='bbox 3466 3828 3671 3899; x_wconf 78' lang='grc' dir='ltr'>πολλὴν</span> 
     </span>
    </p>
   </div>
   <div class='ocr_carea' id='block_1_54' title="bbox 2100 3922 3670 3997">
    <p class='ocr_par' dir='ltr' id='par_1_54' title="bbox 2100 3922 3670 3997">
     <span class='ocr_line' id='line_1_54' title="bbox 2100 3922 3670 3997; baseline -0.003 -19"><span class='ocrx_word' id='word_1_357' title='bbox 2100 3924 2473 3997; x_wconf 81' lang='grc' dir='ltr'>παρεχόμεναι</span> <span class='ocrx_word' id='word_1_358' title='bbox 2504 3924 2604 3993; x_wconf 80' lang='grc' dir='ltr'>τὴν</span> <span class='ocrx_word' id='word_1_359' title='bbox 2630 3923 2954 3994; x_wconf 69' lang='grc' dir='ltr'>αὐτονομίαν</span> <span class='ocrx_word' id='word_1_360' title='bbox 2997 3926 3064 3995; x_wconf 77' lang='grc' dir='ltr'><strong>τῇ</strong></span> <span class='ocrx_word' id='word_1_361' title='bbox 3095 3922 3313 3995; x_wconf 83' lang='grc' dir='ltr'>γλώττῃ</span> <span class='ocrx_word' id='word_1_362' title='bbox 3352 3924 3478 3976; x_wconf 83' lang='grc' dir='ltr'>ιτῶν</span> <span class='ocrx_word' id='word_1_363' title='bbox 3544 3924 3670 3977; x_wconf 82' lang='grc' dir='ltr'>ἀνέ-</span> 
     </span>
    </p>
   </div>
   <div class='ocr_carea' id='block_1_55' title="bbox 2098 4013 3671 4088">
    <p class='ocr_par' dir='ltr' id='par_1_55' title="bbox 2098 4013 3671 4088">
     <span class='ocr_line' id='line_1_55' title="bbox 2098 4013 3671 4088; baseline -0.001 -19"><span class='ocrx_word' id='word_1_364' title='bbox 2098 4018 2306 4083; x_wconf 81' lang='grc' dir='ltr'>λεγκτα</span> <span class='ocrx_word' id='word_1_365' title='bbox 2341 4015 2637 4086; x_wconf 76' lang='grc' dir='ltr'>ψεύδεσθαι</span> <span class='ocrx_word' id='word_1_366' title='bbox 2669 4017 2803 4087; x_wconf 78' lang='grc' dir='ltr'>περὶ</span> <span class='ocrx_word' id='word_1_367' title='bbox 2845 4018 2953 4070; x_wconf 82' lang='grc' dir='ltr'><strong>τῶν</strong></span> <span class='ocrx_word' id='word_1_368' title='bbox 2983 4018 3103 4070; x_wconf 77' lang='grc' dir='ltr'>ἐκεῖ</span> <span class='ocrx_word' id='word_1_369' title='bbox 3141 4016 3500 4088; x_wconf 59' lang='grc' dir='ltr'>βουλομένων,</span> <span class='ocrx_word' id='word_1_370' title='bbox 3556 4013 3671 4069; x_wconf 77' lang='grc' dir='ltr'>οῦτ⁹</span> 
     </span>
    </p>
   </div>
   <div class='ocr_carea' id='block_1_56' title="bbox 2102 4108 3673 4182">
    <p class='ocr_par' dir='ltr' id='par_1_56' title="bbox 2102 4108 3673 4182">
     <span class='ocr_line' id='line_1_56' title="bbox 2102 4108 3673 4182; baseline -0.003 -19"><span class='ocrx_word' id='word_1_371' title='bbox 2102 4110 2305 4173; x_wconf 86' lang='grc' dir='ltr'>ίδόντες</span> <span class='ocrx_word' id='word_1_372' title='bbox 2328 4108 2441 4162; x_wconf 75' lang='grc' dir='ltr'>οὔτ’</span> <span class='ocrx_word' id='word_1_373' title='bbox 2471 4109 2808 4172; x_wconf 86' lang='grc' dir='ltr'>ἀκούσαντες</span> <span class='ocrx_word' id='word_1_374' title='bbox 2832 4110 2941 4164; x_wconf 78' lang='grc' dir='ltr'><strong>τῶν</strong></span> <span class='ocrx_word' id='word_1_375' title='bbox 2969 4111 3223 4164; x_wconf 74' lang='grc' dir='ltr'>ἐνταυθοῖ</span> <span class='ocrx_word' id='word_1_376' title='bbox 3253 4111 3438 4182; x_wconf 77' lang='grc' dir='ltr'>μηδὲν,</span> <span class='ocrx_word' id='word_1_377' title='bbox 3471 4108 3673 4179; x_wconf 88' lang='grc' dir='ltr'>παρελ-</span> 
     </span>
    </p>
   </div>
   <div class='ocr_carea' id='block_1_57' title="bbox 2099 4196 3673 4269">
    <p class='ocr_par' dir='ltr' id='par_1_57' title="bbox 2099 4196 3673 4269">
     <span class='ocr_line' id='line_1_57' title="bbox 2099 4196 3673 4269; baseline -0.001 -19"><span class='ocrx_word' id='word_1_378' title='bbox 2099 4197 2287 4260; x_wconf 79' lang='grc' dir='ltr'>θόντες</span> <span class='ocrx_word' id='word_1_379' title='bbox 2326 4196 2420 4250; x_wconf 77' lang='grc' dir='ltr'>οὖν</span> <span class='ocrx_word' id='word_1_380' title='bbox 2461 4198 2662 4250; x_wconf 85' lang='grc' dir='ltr'>εἰδέναι</span> <span class='ocrx_word' id='word_1_381' title='bbox 2693 4198 3019 4251; x_wconf 78' lang='grc' dir='ltr'>διετείνοντο</span> <span class='ocrx_word' id='word_1_382' title='bbox 3073 4198 3284 4269; x_wconf 84' lang='grc' dir='ltr'>βέλτιον</span> <span class='ocrx_word' id='word_1_383' title='bbox 3342 4198 3501 4268; x_wconf 74' lang='grc' dir='ltr'>ἡμῶν</span> <span class='ocrx_word' id='word_1_384' title='bbox 3540 4196 3673 4269; x_wconf 80' lang='grc' dir='ltr'>περὶ</span> 
     </span>
    </p>
   </div>
   <div class='ocr_carea' id='block_1_58' title="bbox 2097 4286 3673 4358">
    <p class='ocr_par' dir='ltr' id='par_1_58' title="bbox 2097 4286 3673 4358">
     <span class='ocr_line' id='line_1_58' title="bbox 2097 4286 3673 4358; baseline 0 -19"><span class='ocrx_word' id='word_1_385' title='bbox 2097 4288 2208 4339; x_wconf 84' lang='grc' dir='ltr'><strong>τῶν</strong></span> <span class='ocrx_word' id='word_1_386' title='bbox 2242 4286 2480 4340; x_wconf 70' lang='grc' dir='ltr'>ἐνταῦθα</span> <span class='ocrx_word' id='word_1_387' title='bbox 2508 4286 2606 4340; x_wconf 75' lang='grc' dir='ltr'>καὶ</span> <span class='ocrx_word' id='word_1_388' title='bbox 2642 4286 3067 4356; x_wconf 75' lang='grc' dir='ltr'>διεμυθολόγουν</span> <span class='ocrx_word' id='word_1_389' title='bbox 3095 4286 3377 4358; x_wconf 78' lang='grc' dir='ltr'>τερατώδη</span> <span class='ocrx_word' id='word_1_390' title='bbox 3426 4288 3549 4341; x_wconf 88' lang='grc' dir='ltr'><strong>τινά</strong></span> <span class='ocrx_word' id='word_1_391' title='bbox 3579 4288 3673 4340; x_wconf 77' lang='grc' dir='ltr'>καὶ</span> 
     </span>
    </p>
   </div>
   <div class='ocr_carea' id='block_1_59' title="bbox 2096 4377 3675 4448">
    <p class='ocr_par' dir='ltr' id='par_1_59' title="bbox 2096 4377 3675 4448">
     <span class='ocr_line' id='line_1_59' title="bbox 2096 4377 3675 4448; baseline -0.001 -16"><span class='ocrx_word' id='word_1_392' title='bbox 2096 4380 2363 4434; x_wconf 85' lang='grc' dir='ltr'>ἀλλόκοτα</span> <span class='ocrx_word' id='word_1_393' title='bbox 2406 4379 2727 4448; x_wconf 77' lang='grc' dir='ltr'>διηγήματα</span> <span class='ocrx_word' id='word_1_394' title='bbox 2750 4394 2767 4411; x_wconf 82' lang='grc'>⁶</span> <span class='ocrx_word' id='word_1_395' title='bbox 2794 4378 2938 4433; x_wconf 79' lang='grc' dir='ltr'>οὕτω</span> <span class='ocrx_word' id='word_1_396' title='bbox 2964 4380 3057 4433; x_wconf 78' lang='grc' dir='ltr'>καὶ</span> <span class='ocrx_word' id='word_1_397' title='bbox 3087 4380 3136 4432; x_wconf 84' lang='lat' dir='ltr'><strong>oi</strong></span> <span class='ocrx_word' id='word_1_398' title='bbox 3182 4378 3311 4448; x_wconf 75' lang='grc' dir='ltr'>περὶ</span> <span class='ocrx_word' id='word_1_399' title='bbox 3351 4378 3442 4431; x_wconf 81' lang='grc' dir='ltr'><strong>τδν</strong></span> <span class='ocrx_word' id='word_1_400' title='bbox 3496 4377 3675 4431; x_wconf 87' lang='grc' dir='ltr'>Παλα-</span> 
     </span>
    </p>
   </div>
   <div class='ocr_carea' id='block_1_60' title="bbox 2100 4470 3673 4542">
    <p class='ocr_par' dir='ltr' id='par_1_60' title="bbox 2100 4470 3673 4542">
     <span class='ocr_line' id='line_1_60' title="bbox 2100 4470 3673 4542; baseline -0.002 -17"><span class='ocrx_word' id='word_1_401' title='bbox 2100 4472 2210 4540; x_wconf 83' lang='grc' dir='ltr'>μᾶν</span> <span class='ocrx_word' id='word_1_402' title='bbox 2237 4471 2624 4542; x_wconf 74' lang='grc' dir='ltr'>ἐπεπράχεσαν</span> <span class='ocrx_word' id='word_1_403' title='bbox 2654 4473 2747 4525; x_wconf 74' lang='grc' dir='ltr'>καὶ</span> <span class='ocrx_word' id='word_1_404' title='bbox 2773 4471 3000 4525; x_wconf 79' lang='grc' dir='ltr'>τοιαῦτα</span> <span class='ocrx_word' id='word_1_405' title='bbox 3055 4470 3131 4539; x_wconf 82' lang='grc' dir='ltr'>τῷ</span> <span class='ocrx_word' id='word_1_406' title='bbox 3163 4470 3348 4541; x_wconf 86' lang='grc' dir='ltr'>οἰκείῳ</span> <span class='ocrx_word' id='word_1_407' title='bbox 3380 4470 3673 4536; x_wconf 81' lang='grc' dir='ltr'>ξυνέθεσαν</span> 
     </span>
    </p>
   </div>
   <div class='ocr_carea' id='block_1_61' title="bbox 2095 4564 3675 4634">
    <p class='ocr_par' dir='ltr' id='par_1_61' title="bbox 2095 4564 3675 4634">
     <span class='ocr_line' id='line_1_61' title="bbox 2095 4564 3675 4634; baseline -0.002 -17"><span class='ocrx_word' id='word_1_408' title='bbox 2095 4565 2269 4633; x_wconf 83' lang='grc' dir='ltr'>τόμῳ.</span> <span class='ocrx_word' id='word_1_409' title='bbox 2312 4567 2379 4616; x_wconf 78' lang='grc' dir='ltr'><strong>’Δ</strong></span> <span class='ocrx_word' id='word_1_410' title='bbox 2408 4565 2514 4634; x_wconf 78' lang='grc' dir='ltr'>γὰρ</span> <span class='ocrx_word' id='word_1_411' title='bbox 2552 4564 2839 4617; x_wconf 62' lang='grc' dir='ltr'>ἐϐούλοντο</span> <span class='ocrx_word' id='word_1_412' title='bbox 2868 4564 3119 4633; x_wconf 81' lang='grc' dir='ltr'>γενέσθαι</span> <span class='ocrx_word' id='word_1_413' title='bbox 3163 4566 3283 4634; x_wconf 77' lang='grc' dir='ltr'>μὲν,</span> <span class='ocrx_word' id='word_1_414' title='bbox 3324 4564 3383 4616; x_wconf 88' lang='grc' dir='ltr'><strong>ού</strong></span> <span class='ocrx_word' id='word_1_415' title='bbox 3415 4565 3675 4631; x_wconf 71' lang='grc' dir='ltr'>γεγένην-</span> 
     </span>
    </p>
   </div>
   <div class='ocr_carea' id='block_1_62' title="bbox 2094 4656 3672 4727">
    <p class='ocr_par' dir='ltr' id='par_1_62' title="bbox 2094 4656 3672 4727">
     <span class='ocr_line' id='line_1_62' title="bbox 2094 4656 3672 4727; baseline -0.001 -17"><span class='ocrx_word' id='word_1_416' title='bbox 2094 4676 2185 4711; x_wconf 87' lang='grc' dir='ltr'><strong>ται</strong></span> <span class='ocrx_word' id='word_1_417' title='bbox 2210 4657 2290 4715; x_wconf 83' lang='grc' dir='ltr'><strong>δὲ.</strong></span> <span class='ocrx_word' id='word_1_418' title='bbox 2320 4656 2471 4709; x_wconf 67' lang='grc' dir='ltr'>καὶᾶ</span> <span class='ocrx_word' id='word_1_419' title='bbox 2502 4656 2685 4723; x_wconf 79' lang='grc' dir='ltr'>λέγειν</span> <span class='ocrx_word' id='word_1_420' title='bbox 2739 4657 3022 4710; x_wconf 76' lang='grc' dir='ltr'>έίούλοντο</span> <span class='ocrx_word' id='word_1_421' title='bbox 3088 4658 3206 4727; x_wconf 83' lang='grc' dir='ltr'>μὲν,</span> <span class='ocrx_word' id='word_1_422' title='bbox 3256 4656 3318 4709; x_wconf 85' lang='grc' dir='ltr'><strong>ού</strong></span> <span class='ocrx_word' id='word_1_423' title='bbox 3358 4656 3672 4726; x_wconf 85' lang='grc' dir='ltr'>δεδύνηνται</span> 
     </span>
    </p>
   </div>
   <div class='ocr_carea' id='block_1_63' title="bbox 2092 4746 3674 4818">
    <p class='ocr_par' dir='ltr' id='par_1_63' title="bbox 2092 4746 3674 4818">
     <span class='ocr_line' id='line_1_63' title="bbox 2092 4746 3674 4818; baseline -0.001 -17"><span class='ocrx_word' id='word_1_424' title='bbox 2092 4750 2171 4815; x_wconf 83' lang='grc' dir='ltr'>δὲ,</span> <span class='ocrx_word' id='word_1_425' title='bbox 2207 4748 2318 4800; x_wconf 85' lang='grc' dir='ltr'><strong>τῶν</strong></span> <span class='ocrx_word' id='word_1_426' title='bbox 2359 4748 2698 4818; x_wconf 84' lang='grc' dir='ltr'>παραχρῆμα</span> <span class='ocrx_word' id='word_1_427' title='bbox 2735 4746 2976 4817; x_wconf 80' lang='grc' dir='ltr'>ἐλέγχων</span> <span class='ocrx_word' id='word_1_428' title='bbox 3016 4751 3130 4812; x_wconf 83' lang='grc' dir='ltr'>τοῖς</span> <span class='ocrx_word' id='word_1_429' title='bbox 3181 4748 3281 4818; x_wconf 75' lang='grc' dir='ltr'>μὶν</span> <span class='ocrx_word' id='word_1_430' title='bbox 3312 4749 3674 4817; x_wconf 72' lang='grc' dir='ltr'>ἐντυγχάνον-</span> 
     </span>
    </p>
   </div>
   <div class='ocr_carea' id='block_1_64' title="bbox 417 4828 2043 4917">
    <p class='ocr_par' dir='ltr' id='par_1_64' title="bbox 417 4828 1985 4917">
     <span class='ocr_line' id='line_1_64' title="bbox 417 4828 1985 4917; baseline -0.004 -16"><span class='ocrx_word' id='word_1_431' title='bbox 417 4828 1162 4917; x_wconf 66' lang='lat' dir='ltr'><strong>temporis&#39;opportunitate</strong></span> <span class='ocrx_word' id='word_1_432' title='bbox 1234 4841 1575 4911; x_wconf 72' lang='lat' dir='ltr'><strong>inexplorata</strong></span> <span class='ocrx_word' id='word_1_433' title='bbox 1650 4841 1985 4895; x_wconf 79' lang='lat' dir='ltr'><strong>ementiendi</strong></span> 
     </span>
    </p>
   </div>
   <div class='ocr_carea' id='block_1_65' title="bbox 2099 4828 3669 4917">
    <p class='ocr_par' dir='ltr' id='par_1_65' title="bbox 2099 4840 3669 4912">
     <span class='ocr_line' id='line_1_65' title="bbox 2099 4840 3669 4912; baseline 0 -18"><span class='ocrx_word' id='word_1_434' title='bbox 2099 4858 2182 4905; x_wconf 83' lang='grc' dir='ltr'><strong>τες</strong></span> <span class='ocrx_word' id='word_1_435' title='bbox 2222 4841 2347 4912; x_wconf 75' lang='grc' dir='ltr'>ἥδη,</span> <span class='ocrx_word' id='word_1_436' title='bbox 2409 4843 2538 4904; x_wconf 75' lang='grc' dir='ltr'>τοὺς</span> <span class='ocrx_word' id='word_1_437' title='bbox 2594 4840 2642 4895; x_wconf 76' lang='grc' dir='ltr'>δ’</span> <span class='ocrx_word' id='word_1_438' title='bbox 2697 4843 3097 4905; x_wconf 79' lang='grc' dir='ltr'>ὑποπτεύοντές</span> <span class='ocrx_word' id='word_1_439' title='bbox 3143 4841 3194 4910; x_wconf 85' lang='grc' dir='ltr'>γ’</span> <span class='ocrx_word' id='word_1_440' title='bbox 3233 4842 3335 4907; x_wconf 78' lang='grc' dir='ltr'>ἔτι,</span> <span class='ocrx_word' id='word_1_441' title='bbox 3379 4846 3550 4894; x_wconf 85' lang='grc' dir='ltr'>ταῦτα</span> <span class='ocrx_word' id='word_1_442' title='bbox 3604 4840 3669 4909; x_wconf 78' lang='grc' dir='ltr'>δὴ</span> 
     </span>
    </p>
   </div>
   <div class='ocr_carea' id='block_1_66' title="bbox 417 4933 2043 5017">
    <p class='ocr_par' dir='ltr' id='par_1_66' title="bbox 417 4933 2043 5017">
     <span class='ocr_line' id='line_1_66' title="bbox 417 4933 2043 5017; baseline -0.004 -23"><span class='ocrx_word' id='word_1_443' title='bbox 417 4940 573 4995; x_wconf 83' lang='lat' dir='ltr'><strong>valde</strong></span> <span class='ocrx_word' id='word_1_444' title='bbox 608 4938 730 4994; x_wconf 80' lang='lat' dir='ltr'><strong>freti</strong></span> <span class='ocrx_word' id='word_1_445' title='bbox 766 4948 822 4991; x_wconf 88' lang='lat' dir='ltr'><strong>et</strong></span> <span class='ocrx_word' id='word_1_446' title='bbox 873 4954 933 4994; x_wconf 85' lang='lat' dir='ltr'><strong>se</strong></span> <span class='ocrx_word' id='word_1_447' title='bbox 962 4949 1191 5002; x_wconf 84' lang='lat' dir='ltr'><strong>tomum,</strong></span> <span class='ocrx_word' id='word_1_448' title='bbox 1228 4946 1288 4991; x_wconf 86' lang='grc' dir='ltr'><strong>ιιι</strong></span> <span class='ocrx_word' id='word_1_449' title='bbox 1323 4936 1482 4989; x_wconf 87' lang='lat' dir='ltr'><strong>nobis</strong></span> <span class='ocrx_word' id='word_1_450' title='bbox 1524 4949 1649 4987; x_wconf 90' lang='lat' dir='ltr'><strong>eum</strong></span> <span class='ocrx_word' id='word_1_451' title='bbox 1717 4933 1986 5001; x_wconf 79' lang='lat' dir='ltr'><strong>inspicere</strong></span> <span class='ocrx_word' id='word_1_452' title='bbox 2016 4959 2043 5017; x_wconf 63' lang='grc' dir='ltr'>ί</span> 
     </span>
    </p>
   </div>
   <div class='ocr_carea' id='block_1_67' title="bbox 2099 4933 3665 5017">
    <p class='ocr_par' dir='ltr' id='par_1_67' title="bbox 2099 4933 3665 5006">
     <span class='ocr_line' id='line_1_67' title="bbox 2099 4933 3665 5006; baseline 0.001 -21"><span class='ocrx_word' id='word_1_453' title='bbox 2099 4935 2237 5003; x_wconf 86' lang='grc' dir='ltr'><strong>μετά</strong></span> <span class='ocrx_word' id='word_1_454' title='bbox 2275 4935 2478 5005; x_wconf 81' lang='grc' dir='ltr'>πολλῆς</span> <span class='ocrx_word' id='word_1_455' title='bbox 2510 4935 2759 5002; x_wconf 75' lang='grc' dir='ltr'>ἐξέθεντο</span> <span class='ocrx_word' id='word_1_456' title='bbox 2794 4935 2895 5005; x_wconf 82' lang='grc' dir='ltr'>τῆς</span> <span class='ocrx_word' id='word_1_457' title='bbox 2940 4936 3222 4998; x_wconf 70' lang='grc' dir='ltr'>αὐθαδείας</span> <span class='ocrx_word' id='word_1_458' title='bbox 3270 4938 3409 4999; x_wconf 77' lang='grc' dir='ltr'>ἐκεῖ,</span> <span class='ocrx_word' id='word_1_459' title='bbox 3463 4938 3530 5006; x_wconf 77' lang='grc' dir='ltr'>τῇ</span> <span class='ocrx_word' id='word_1_460' title='bbox 3572 4933 3665 4987; x_wconf 72' lang='grc' dir='ltr'><strong>τοῦ</strong></span> 
     </span>
    </p>
   </div>
   <div class='ocr_carea' id='block_1_68' title="bbox 416 5026 1990 5099">
    <p class='ocr_par' dir='ltr' id='par_1_68' title="bbox 416 5026 1990 5099">
     <span class='ocr_line' id='line_1_68' title="bbox 416 5026 1990 5099; baseline -0.004 -13"><span class='ocrx_word' id='word_1_461' title='bbox 416 5049 527 5086; x_wconf 90' lang='lat' dir='ltr'><strong>non</strong></span> <span class='ocrx_word' id='word_1_462' title='bbox 553 5031 763 5094; x_wconf 76' lang='lat' dir='ltr'><strong>liceret,</strong></span> <span class='ocrx_word' id='word_1_463' title='bbox 785 5030 928 5099; x_wconf 88' lang='lat' dir='ltr'><strong>apud</strong></span> <span class='ocrx_word' id='word_1_464' title='bbox 961 5045 1019 5084; x_wconf 87' lang='lat' dir='ltr'><strong>se</strong></span> <span class='ocrx_word' id='word_1_465' title='bbox 1041 5045 1320 5083; x_wconf 85' lang='lat' dir='ltr'><strong>reservare</strong></span> <span class='ocrx_word' id='word_1_466' title='bbox 1355 5042 1514 5096; x_wconf 74' lang='lat' dir='ltr'><strong>posse</strong></span> <span class='ocrx_word' id='word_1_467' title='bbox 1543 5026 1755 5081; x_wconf 79' lang='lat' dir='ltr'><strong>conﬁsi.</strong></span> <span class='ocrx_word' id='word_1_468' title='bbox 1790 5026 1990 5080; x_wconf 90' lang='lat' dir='ltr'><strong>Dicunt</strong></span> 
     </span>
    </p>
   </div>
   <div class='ocr_carea' id='block_1_69' title="bbox 414 5119 1989 5188">
    <p class='ocr_par' dir='ltr' id='par_1_69' title="bbox 414 5119 1989 5188">
     <span class='ocr_line' id='line_1_69' title="bbox 414 5119 1989 5188; baseline -0.003 -12"><span class='ocrx_word' id='word_1_469' title='bbox 414 5130 598 5176; x_wconf 88' lang='lat' dir='ltr'><strong>autem</strong></span> <span class='ocrx_word' id='word_1_470' title='bbox 640 5122 911 5175; x_wconf 78' lang='lat' dir='ltr'><strong>l’alamam</strong></span> <span class='ocrx_word' id='word_1_471' title='bbox 952 5120 1017 5173; x_wconf 87' lang='lat' dir='ltr'><strong>ad</strong></span> <span class='ocrx_word' id='word_1_472' title='bbox 1073 5119 1321 5174; x_wconf 83' lang='lat' dir='ltr'><strong>fraudem</strong></span> <span class='ocrx_word' id='word_1_473' title='bbox 1375 5120 1771 5188; x_wconf 87' lang='lat' dir='ltr'><strong>sitnpliciorum</strong></span> <span class='ocrx_word' id='word_1_474' title='bbox 1830 5127 1885 5172; x_wconf 91' lang='lat' dir='ltr'><strong>et</strong></span> <span class='ocrx_word' id='word_1_475' title='bbox 1922 5119 1989 5172; x_wconf 90' lang='lat' dir='ltr'><strong>ad</strong></span> 
     </span>
    </p>
   </div>
   <div class='ocr_carea' id='block_1_70' title="bbox 412 5211 1985 5283">
    <p class='ocr_par' dir='ltr' id='par_1_70' title="bbox 412 5211 1985 5283">
     <span class='ocr_line' id='line_1_70' title="bbox 412 5211 1985 5283; baseline -0.002 -16"><span class='ocrx_word' id='word_1_476' title='bbox 412 5213 855 5269; x_wconf 89' lang='lat' dir='ltr'><strong>conciliationem</strong></span> <span class='ocrx_word' id='word_1_477' title='bbox 912 5213 1293 5283; x_wconf 86' lang='lat' dir='ltr'><strong>episcoporum</strong></span> <span class='ocrx_word' id='word_1_478' title='bbox 1355 5212 1405 5265; x_wconf 90' lang='lat' dir='ltr'><strong>ci</strong></span> <span class='ocrx_word' id='word_1_479' title='bbox 1467 5211 1801 5264; x_wconf 70' lang='lat' dir='ltr'><strong>oﬂ&#39;cnsorum</strong></span> <span class='ocrx_word' id='word_1_480' title='bbox 1862 5226 1985 5264; x_wconf 82' lang='lat' dir='ltr'><strong>cum</strong></span> 
     </span>
    </p>
   </div>
   <div class='ocr_carea' id='block_1_71' title="bbox 412 5300 1990 5372">
    <p class='ocr_par' dir='ltr' id='par_1_71' title="bbox 412 5300 1990 5372">
     <span class='ocr_line' id='line_1_71' title="bbox 412 5300 1990 5372; baseline -0.001 -16"><span class='ocrx_word' id='word_1_481' title='bbox 412 5302 520 5357; x_wconf 58' lang='lat' dir='ltr'><strong>alia</strong></span> <span class='ocrx_word' id='word_1_482' title='bbox 570 5302 769 5367; x_wconf 77' lang='lat' dir='ltr'><strong>facere,</strong></span> <span class='ocrx_word' id='word_1_483' title='bbox 797 5312 908 5358; x_wconf 89' lang='lat' dir='ltr'><strong>tum</strong></span> <span class='ocrx_word' id='word_1_484' title='bbox 950 5303 1213 5372; x_wconf 83' lang='lat' dir='ltr'><strong>quasdam</strong></span> <span class='ocrx_word' id='word_1_485' title='bbox 1276 5300 1642 5369; x_wconf 83' lang='lat' dir='ltr'><strong>blaspltctnias</strong></span> <span class='ocrx_word' id='word_1_486' title='bbox 1688 5302 1990 5355; x_wconf 84' lang='lat' dir='ltr'><strong>sententias</strong></span> 
     </span>
    </p>
   </div>
   <div class='ocr_carea' id='block_1_72' title="bbox 416 5393 1984 5465">
    <p class='ocr_par' dir='ltr' id='par_1_72' title="bbox 416 5393 1984 5465">
     <span class='ocr_line' id='line_1_72' title="bbox 416 5393 1984 5465; baseline -0.001 -16"><span class='ocrx_word' id='word_1_487' title='bbox 416 5398 574 5450; x_wconf 82' lang='lat' dir='ltr'><strong>novis</strong></span> <span class='ocrx_word' id='word_1_488' title='bbox 610 5398 771 5451; x_wconf 84' lang='lat' dir='ltr'><strong>tomis</strong></span> <span class='ocrx_word' id='word_1_489' title='bbox 803 5412 1133 5465; x_wconf 85' lang='lat' dir='ltr'><strong>componere</strong></span> <span class='ocrx_word' id='word_1_490' title='bbox 1163 5393 1367 5463; x_wconf 80' lang='lat' dir='ltr'><strong>quippe</strong></span> <span class='ocrx_word' id='word_1_491' title='bbox 1418 5408 1542 5446; x_wconf 85' lang='lat' dir='ltr'><strong>cum</strong></span> <span class='ocrx_word' id='word_1_492' title='bbox 1574 5393 1813 5462; x_wconf 78' lang='lat' dir='ltr'><strong>episcopi</strong></span> <span class='ocrx_word' id='word_1_493' title='bbox 1849 5393 1984 5447; x_wconf 86' lang='lat' dir='ltr'><strong>nihil</strong></span> 
     </span>
    </p>
   </div>
   <div class='ocr_carea' id='block_1_73' title="bbox 413 5486 1985 5556">
    <p class='ocr_par' dir='ltr' id='par_1_73' title="bbox 413 5486 1985 5556">
     <span class='ocr_line' id='line_1_73' title="bbox 413 5486 1985 5556; baseline 0 -17"><span class='ocrx_word' id='word_1_494' title='bbox 413 5487 652 5556; x_wconf 86' lang='lat' dir='ltr'><strong>amplius</strong></span> <span class='ocrx_word' id='word_1_495' title='bbox 683 5489 827 5541; x_wconf 88' lang='lat' dir='ltr'><strong>scire</strong></span> <span class='ocrx_word' id='word_1_496' title='bbox 862 5488 1091 5555; x_wconf 82' lang='lat' dir='ltr'><strong>possint,</strong></span> <span class='ocrx_word' id='word_1_497' title='bbox 1128 5501 1291 5553; x_wconf 86' lang='lat' dir='ltr'><strong>quam</strong></span> <span class='ocrx_word' id='word_1_498' title='bbox 1324 5500 1476 5538; x_wconf 89' lang='lat' dir='ltr'><strong>erasa</strong></span> <span class='ocrx_word' id='word_1_499' title='bbox 1519 5499 1659 5547; x_wconf 69' lang='lat' dir='ltr'><strong>esse,</strong></span> <span class='ocrx_word' id='word_1_500' title='bbox 1694 5500 1813 5552; x_wconf 71' lang='lat' dir='ltr'><strong>qua:</strong></span> <span class='ocrx_word' id='word_1_501' title='bbox 1846 5486 1985 5539; x_wconf 87' lang='lat' dir='ltr'><strong>male</strong></span> 
     </span>
    </p>
   </div>
   <div class='ocr_carea' id='block_1_74' title="bbox 414 5578 1985 5648">
    <p class='ocr_par' dir='ltr' id='par_1_74' title="bbox 414 5578 1985 5648">
     <span class='ocr_line' id='line_1_74' title="bbox 414 5578 1985 5648; baseline 0.001 -19"><span class='ocrx_word' id='word_1_502' title='bbox 414 5579 591 5647; x_wconf 87' lang='lat' dir='ltr'><strong>posita</strong></span> <span class='ocrx_word' id='word_1_503' title='bbox 624 5589 783 5632; x_wconf 84' lang='lat' dir='ltr'><strong>erant</strong></span> <span class='ocrx_word' id='word_1_504' title='bbox 810 5597 823 5645; x_wconf 91' lang='lat'><strong>;</strong></span> <span class='ocrx_word' id='word_1_505' title='bbox 855 5594 1017 5648; x_wconf 87' lang='lat' dir='ltr'><strong>quam</strong></span> <span class='ocrx_word' id='word_1_506' title='bbox 1048 5588 1232 5632; x_wconf 85' lang='lat' dir='ltr'><strong>autem</strong></span> <span class='ocrx_word' id='word_1_507' title='bbox 1264 5578 1370 5631; x_wconf 84' lang='lat' dir='ltr'><strong>vim</strong></span> <span class='ocrx_word' id='word_1_508' title='bbox 1406 5578 1486 5631; x_wconf 85' lang='lat' dir='ltr'><strong>vel</strong></span> <span class='ocrx_word' id='word_1_509' title='bbox 1519 5593 1673 5630; x_wconf 81' lang='lat' dir='ltr'><strong>erasa</strong></span> <span class='ocrx_word' id='word_1_510' title='bbox 1704 5578 1784 5631; x_wconf 86' lang='lat' dir='ltr'><strong>vel</strong></span> <span class='ocrx_word' id='word_1_511' title='bbox 1808 5578 1985 5645; x_wconf 86' lang='lat' dir='ltr'><strong>posita</strong></span> 
     </span>
    </p>
   </div>
   <div class='ocr_carea' id='block_1_75' title="bbox 415 5670 1983 5741">
    <p class='ocr_par' dir='ltr' id='par_1_75' title="bbox 415 5670 1983 5741">
     <span class='ocr_line' id='line_1_75' title="bbox 415 5670 1983 5741; baseline 0.002 -20"><span class='ocrx_word' id='word_1_512' title='bbox 415 5671 675 5736; x_wconf 79' lang='lat' dir='ltr'><strong>habeant,</strong></span> <span class='ocrx_word' id='word_1_513' title='bbox 709 5674 759 5725; x_wconf 84' lang='lat' dir='ltr'><strong>id</strong></span> <span class='ocrx_word' id='word_1_514' title='bbox 787 5688 886 5725; x_wconf 81' lang='lat' dir='ltr'><strong>nec</strong></span> <span class='ocrx_word' id='word_1_515' title='bbox 924 5672 1235 5741; x_wconf 74' lang='lat' dir='ltr'><strong>intelligunt</strong></span> <span class='ocrx_word' id='word_1_516' title='bbox 1266 5688 1367 5727; x_wconf 92' lang='lat' dir='ltr'><strong>nec</strong></span> <span class='ocrx_word' id='word_1_517' title='bbox 1400 5683 1615 5724; x_wconf 89' lang='lat' dir='ltr'><strong>curant.</strong></span> <span class='ocrx_word' id='word_1_518' title='bbox 1650 5670 1983 5725; x_wconf 80' lang='lat' dir='ltr'><strong>Testitnonia</strong></span> 
     </span>
    </p>
   </div>
   <div class='ocr_carea' id='block_1_76' title="bbox 414 5762 1981 5837">
    <p class='ocr_par' dir='ltr' id='par_1_76' title="bbox 414 5762 1981 5837">
     <span class='ocr_line' id='line_1_76' title="bbox 414 5762 1981 5837; baseline 0.001 -23"><span class='ocrx_word' id='word_1_519' title='bbox 414 5762 575 5816; x_wconf 87' lang='lat' dir='ltr'><strong>etiam</strong></span> <span class='ocrx_word' id='word_1_520' title='bbox 609 5780 674 5820; x_wconf 80' lang='lat' dir='ltr'><strong>ex</strong></span> <span class='ocrx_word' id='word_1_521' title='bbox 728 5765 897 5820; x_wconf 83' lang='lat' dir='ltr'><strong>sacris</strong></span> <span class='ocrx_word' id='word_1_522' title='bbox 942 5764 1242 5837; x_wconf 78' lang='lat' dir='ltr'><strong>Scripturis</strong></span> <span class='ocrx_word' id='word_1_523' title='bbox 1301 5764 1547 5836; x_wconf 76' lang='lat' dir='ltr'><strong>proferre.</strong></span> <span class='ocrx_word' id='word_1_524' title='bbox 1594 5763 1815 5830; x_wconf 77' lang='lat' dir='ltr'><strong>dicitur,</strong></span> <span class='ocrx_word' id='word_1_525' title='bbox 1874 5778 1981 5817; x_wconf 89' lang='lat' dir='ltr'><strong>non</strong></span> 
     </span>
    </p>
   </div>
   <div class='ocr_carea' id='block_1_77' title="bbox 2094 5028 3665 5100">
    <p class='ocr_par' dir='ltr' id='par_1_77' title="bbox 2094 5028 3665 5100">
     <span class='ocr_line' id='line_1_77' title="bbox 2094 5028 3665 5100; baseline -0.001 -19"><span class='ocrx_word' id='word_1_526' title='bbox 2094 5032 2290 5098; x_wconf 82' lang='grc' dir='ltr'>καιροῦ</span> <span class='ocrx_word' id='word_1_527' title='bbox 2352 5032 2492 5100; x_wconf 76' lang='grc' dir='ltr'>ῥοπῇ</span> <span class='ocrx_word' id='word_1_528' title='bbox 2555 5030 2617 5082; x_wconf 74' lang='grc' dir='ltr'><strong>τὸ</strong></span> <span class='ocrx_word' id='word_1_529' title='bbox 2665 5031 2968 5098; x_wconf 84' lang='grc' dir='ltr'>ἀνέλεγκτα</span> <span class='ocrx_word' id='word_1_530' title='bbox 3023 5028 3317 5097; x_wconf 74' lang='grc' dir='ltr'>ψεύδεσθαι</span> <span class='ocrx_word' id='word_1_531' title='bbox 3379 5029 3524 5099; x_wconf 76' lang='grc' dir='ltr'>μάλα</span> <span class='ocrx_word' id='word_1_532' title='bbox 3574 5045 3665 5079; x_wconf 86' lang='grc' dir='ltr'>τε·-</span> 
     </span>
    </p>
   </div>
   <div class='ocr_carea' id='block_1_78' title="bbox 2095 5119 3671 5192">
    <p class='ocr_par' dir='ltr' id='par_1_78' title="bbox 2095 5119 3671 5192">
     <span class='ocr_line' id='line_1_78' title="bbox 2095 5119 3671 5192; baseline 0.001 -21"><span class='ocrx_word' id='word_1_533' title='bbox 2095 5119 2456 5191; x_wconf 70' lang='grc' dir='ltr'>θαρρηκότες,</span> <span class='ocrx_word' id='word_1_534' title='bbox 2497 5122 2590 5175; x_wconf 75' lang='grc' dir='ltr'>καὶ</span> <span class='ocrx_word' id='word_1_535' title='bbox 2626 5122 2689 5174; x_wconf 91' lang='grc' dir='ltr'><strong>τό</strong></span> <span class='ocrx_word' id='word_1_536' title='bbox 2728 5139 2790 5190; x_wconf 89' lang='grc' dir='ltr'><strong>γε</strong></span> <span class='ocrx_word' id='word_1_537' title='bbox 2830 5123 2979 5192; x_wconf 85' lang='grc' dir='ltr'><strong>παρά</strong></span> <span class='ocrx_word' id='word_1_538' title='bbox 3037 5122 3222 5191; x_wconf 84' lang='grc' dir='ltr'>σφίσιν</span> <span class='ocrx_word' id='word_1_539' title='bbox 3285 5121 3470 5185; x_wconf 77' lang='grc' dir='ltr'>αὐτοῖς</span> <span class='ocrx_word' id='word_1_540' title='bbox 3506 5122 3671 5174; x_wconf 85' lang='grc' dir='ltr'>ἀνέκ-</span> 
     </span>
    </p>
   </div>
   <div class='ocr_carea' id='block_1_79' title="bbox 2094 5196 3703 5285">
    <p class='ocr_par' dir='ltr' id='par_1_79' title="bbox 2094 5196 3703 5285">
     <span class='ocr_line' id='line_1_79' title="bbox 2094 5196 3703 5285; baseline -0.001 -20"><span class='ocrx_word' id='word_1_541' title='bbox 2094 5230 2239 5283; x_wconf 80' lang='grc' dir='ltr'>φορα</span> <span class='ocrx_word' id='word_1_542' title='bbox 2276 5214 2424 5284; x_wconf 80' lang='grc' dir='ltr'>ἔχειν</span> <span class='ocrx_word' id='word_1_543' title='bbox 2476 5215 2615 5268; x_wconf 79' lang='grc' dir='ltr'>αὐτὰ</span> <span class='ocrx_word' id='word_1_544' title='bbox 2666 5215 2758 5269; x_wconf 71' lang='grc' dir='ltr'>καὶ</span> <span class='ocrx_word' id='word_1_545' title='bbox 2834 5217 2964 5285; x_wconf 76' lang='grc' dir='ltr'>ἡμῖν</span> <span class='ocrx_word' id='word_1_546' title='bbox 3022 5215 3244 5268; x_wconf 86' lang='grc' dir='ltr'>ἀθέατα.</span> <span class='ocrx_word' id='word_1_547' title='bbox 3295 5215 3437 5267; x_wconf 79' lang='grc' dir='ltr'>Φασὶ</span> <span class='ocrx_word' id='word_1_548' title='bbox 3484 5213 3529 5266; x_wconf 78' lang='grc' dir='ltr'>δ’</span> <span class='ocrx_word' id='word_1_549' title='bbox 3575 5196 3703 5265; x_wconf 61' lang='grc' dir='ltr'>οὖν</span> 
     </span>
    </p>
   </div>
   <div class='ocr_carea' id='block_1_80' title="bbox 2094 5290 3671 5380">
    <p class='ocr_par' dir='ltr' id='par_1_80' title="bbox 2094 5290 3671 5380">
     <span class='ocr_line' id='line_1_80' title="bbox 2094 5290 3671 5380; baseline -0.001 -21"><span class='ocrx_word' id='word_1_550' title='bbox 2094 5290 2365 5377; x_wconf 81' lang='grc' dir='ltr'>Παλαμᾶν</span> <span class='ocrx_word' id='word_1_551' title='bbox 2393 5307 2462 5361; x_wconf 78' lang='grc' dir='ltr'>τά</span> <span class='ocrx_word' id='word_1_552' title='bbox 2494 5325 2554 5360; x_wconf 83' lang='grc' dir='ltr'><strong>τε</strong></span> <span class='ocrx_word' id='word_1_553' title='bbox 2592 5308 2729 5363; x_wconf 81' lang='grc' dir='ltr'>ἄλλα</span> <span class='ocrx_word' id='word_1_554' title='bbox 2762 5308 2899 5379; x_wconf 75' lang='grc' dir='ltr'>πρὸς</span> <span class='ocrx_word' id='word_1_555' title='bbox 2931 5310 3151 5378; x_wconf 77' lang='grc' dir='ltr'>ἀπάτην</span> <span class='ocrx_word' id='word_1_556' title='bbox 3172 5310 3306 5380; x_wconf 79' lang='grc' dir='ltr'>δρᾷν</span> <span class='ocrx_word' id='word_1_557' title='bbox 3336 5309 3444 5360; x_wconf 80' lang='grc' dir='ltr'>τῶν</span> <span class='ocrx_word' id='word_1_558' title='bbox 3465 5307 3671 5359; x_wconf 58' lang='grc' dir='ltr'>ἀπὶου-</span> 
     </span>
    </p>
   </div>
   <div class='ocr_carea' id='block_1_81' title="bbox 2093 5398 3668 5471">
    <p class='ocr_par' dir='ltr' id='par_1_81' title="bbox 2093 5398 3668 5471">
     <span class='ocr_line' id='line_1_81' title="bbox 2093 5398 3668 5471; baseline -0.001 -20"><span class='ocrx_word' id='word_1_559' title='bbox 2093 5400 2327 5468; x_wconf 81' lang='grc' dir='ltr'>στέρων,</span> <span class='ocrx_word' id='word_1_560' title='bbox 2361 5401 2457 5452; x_wconf 71' lang='grc' dir='ltr'>καὶ</span> <span class='ocrx_word' id='word_1_561' title='bbox 2487 5398 2783 5467; x_wconf 82' lang='grc' dir='ltr'>θεραπείας</span> <span class='ocrx_word' id='word_1_562' title='bbox 2812 5401 2975 5471; x_wconf 76' lang='grc' dir='ltr'>δῆθεν</span> <span class='ocrx_word' id='word_1_563' title='bbox 3017 5402 3126 5453; x_wconf 81' lang='grc' dir='ltr'>τῶν</span> <span class='ocrx_word' id='word_1_564' title='bbox 3160 5398 3668 5467; x_wconf 64' lang='grc' dir='ltr'>σκανδαλιζομὲεων</span> 
     </span>
    </p>
   </div>
   <div class='ocr_carea' id='block_1_82' title="bbox 2095 5488 3668 5564">
    <p class='ocr_par' dir='ltr' id='par_1_82' title="bbox 2095 5488 3668 5564">
     <span class='ocr_line' id='line_1_82' title="bbox 2095 5488 3668 5564; baseline -0.004 -18"><span class='ocrx_word' id='word_1_565' title='bbox 2095 5494 2215 5547; x_wconf 80' lang='grc' dir='ltr'>κατ’</span> <span class='ocrx_word' id='word_1_566' title='bbox 2256 5492 2425 5546; x_wconf 75' lang='grc' dir='ltr'>αὐτοῦ</span> <span class='ocrx_word' id='word_1_567' title='bbox 2463 5494 2807 5548; x_wconf 82' lang='grc' dir='ltr'>ἐπισκόπων.</span> <span class='ocrx_word' id='word_1_568' title='bbox 2853 5495 2964 5547; x_wconf 69' lang='grc' dir='ltr'><strong>Καὶ</strong></span> <span class='ocrx_word' id='word_1_569' title='bbox 2996 5495 3094 5564; x_wconf 77' lang='grc' dir='ltr'>μὲν</span> <span class='ocrx_word' id='word_1_570' title='bbox 3128 5492 3192 5562; x_wconf 85' lang='grc' dir='ltr'>δὴ</span> <span class='ocrx_word' id='word_1_571' title='bbox 3230 5495 3321 5545; x_wconf 72' lang='grc' dir='ltr'>καὶ</span> <span class='ocrx_word' id='word_1_572' title='bbox 3379 5492 3486 5543; x_wconf 81' lang='grc' dir='ltr'>τῶν</span> <span class='ocrx_word' id='word_1_573' title='bbox 3515 5488 3668 5556; x_wconf 82' lang='grc' dir='ltr'><strong>αύτῴ</strong></span> 
     </span>
    </p>
   </div>
   <div class='ocr_carea' id='block_1_83' title="bbox 2096 5580 3666 5652">
    <p class='ocr_par' dir='ltr' id='par_1_83' title="bbox 2096 5580 3666 5652">
     <span class='ocr_line' id='line_1_83' title="bbox 2096 5580 3666 5652; baseline 0.003 -19"><span class='ocrx_word' id='word_1_574' title='bbox 2096 5582 2607 5652; x_wconf 75' lang='grc' dir='ltr'>βλασφημηθέντων</span> <span class='ocrx_word' id='word_1_575' title='bbox 2665 5584 2782 5636; x_wconf 69' lang='grc' dir='ltr'>ἔνια</span> <span class='ocrx_word' id='word_1_576' title='bbox 2845 5586 3117 5638; x_wconf 78' lang='grc' dir='ltr'>κόπτοντα</span> <span class='ocrx_word' id='word_1_577' title='bbox 3190 5600 3247 5635; x_wconf 90' lang='grc' dir='ltr'><strong>τε</strong></span> <span class='ocrx_word' id='word_1_578' title='bbox 3312 5584 3403 5635; x_wconf 75' lang='grc' dir='ltr'>καὶ</span> <span class='ocrx_word' id='word_1_579' title='bbox 3457 5580 3666 5645; x_wconf 80' lang='grc' dir='ltr'>ξέοντα.</span> 
     </span>
    </p>
   </div>
   <div class='ocr_carea' id='block_1_84' title="bbox 2095 5667 3669 5740">
    <p class='ocr_par' dir='ltr' id='par_1_84' title="bbox 2095 5667 3669 5740">
     <span class='ocr_line' id='line_1_84' title="bbox 2095 5667 3669 5740; baseline -0.004 -16"><span class='ocrx_word' id='word_1_580' title='bbox 2095 5670 2398 5724; x_wconf 76' lang='grc' dir='ltr'>ξυντιθέναι</span> <span class='ocrx_word' id='word_1_581' title='bbox 2446 5670 2543 5723; x_wconf 79' lang='grc' dir='ltr'>νῦν</span> <span class='ocrx_word' id='word_1_582' title='bbox 2573 5672 2632 5723; x_wconf 82' lang='grc' dir='ltr'>ὲν</span> <span class='ocrx_word' id='word_1_583' title='bbox 2664 5672 2850 5737; x_wconf 75' lang='grc' dir='ltr'>ἄλλαις</span> <span class='ocrx_word' id='word_1_584' title='bbox 2879 5672 3058 5737; x_wconf 72' lang='grc' dir='ltr'>λέξεαι</span> <span class='ocrx_word' id='word_1_585' title='bbox 3094 5673 3185 5723; x_wconf 60' lang='grc' dir='ltr'><strong>τὸν</strong></span> <span class='ocrx_word' id='word_1_586' title='bbox 3243 5667 3669 5740; x_wconf 64' lang='grc' dir='ltr'>βλασφημοῦνῑσ</span> 
     </span>
    </p>
   </div>
   <div class='ocr_carea' id='block_1_85' title="bbox 2093 5759 3668 5833">
    <p class='ocr_par' dir='ltr' id='par_1_85' title="bbox 2093 5759 3668 5833">
     <span class='ocr_line' id='line_1_85' title="bbox 2093 5759 3668 5833; baseline -0.003 -17"><span class='ocrx_word' id='word_1_587' title='bbox 2093 5762 2219 5825; x_wconf 71' lang='grc' dir='ltr'>νοῦν</span> <span class='ocrx_word' id='word_1_588' title='bbox 2250 5766 2359 5828; x_wconf 74' lang='grc' dir='ltr'>τοῖς</span> <span class='ocrx_word' id='word_1_589' title='bbox 2384 5762 2527 5825; x_wconf 86' lang='grc' dir='ltr'>νέοις</span> <span class='ocrx_word' id='word_1_590' title='bbox 2561 5763 2751 5833; x_wconf 74' lang='grc' dir='ltr'>τόμοῑς</span> <span class='ocrx_word' id='word_1_591' title='bbox 2786 5765 2977 5831; x_wconf 79' lang='grc' dir='ltr'>αὑτοῦ,</span> <span class='ocrx_word' id='word_1_592' title='bbox 3027 5764 3113 5818; x_wconf 80' lang='grc' dir='ltr'><strong>ἆτ’</strong></span> <span class='ocrx_word' id='word_1_593' title='bbox 3157 5765 3257 5818; x_wconf 81' lang='grc' dir='ltr'>οὐκ</span> <span class='ocrx_word' id='word_1_594' title='bbox 3318 5764 3513 5816; x_wconf 71' lang='grc' dir='ltr'>εἰδέναι</span> <span class='ocrx_word' id='word_1_595' title='bbox 3563 5759 3668 5813; x_wconf 79' lang='grc' dir='ltr'>τῶν</span> 
     </span>
    </p>
   </div>
  </div>
