4036 6210
278 322 340 385 57
1282 329 1723 392 ΒῩΖΑΝἹΊΝᾹΞ
1767 332 1814 390 Η
1829 333 1868 391 ιε

1973 334 2148 393 ὶΒῑιΈ
2192 335 2331 398 ΜΒ.
2379 336 2584 399 XXVI.
3478 333 3549 398 58

276 438 598 489 ετιικ³πων
630 438 863 508 ἐχόντων
914 440 1077 496 πλέον
1115 443 1268 497 οὐδὲν
1326 448 1358 518 ἢ
1401 448 1483 500 δτι
1540 449 1759 514 ὲξεσται
1825 449 1861 503 ά

1973 453 2055 508 illa
2098 454 2320 523 quidem
2356 471 2483 510 sana
2512 469 2674 527 atque
2702 458 2931 529 integra.
2967 455 3062 510 sed
3096 454 3293 525 partim
3327 455 3551 509 incisio-

278 530 467 591 κακῶς
496 532 760 593 τέθειται,
784 529 873 588 οἷα
902 535 947 587 δ’
981 535 1017 589 ἃ
1060 538 1161 608 μὲν
1212 538 1432 603 ἒξεσται
1490 536 1579 593 οἷα
1607 541 1654 595 δ’
1694 539 1760 596 αὖ
1822 541 1856 595 ἀ

275 623 521 676 τέθειται
550 624 651 695 τὴν
682 626 911 696 δύναμίν
940 628 1080 691 ἐστι,
1136 631 1344 685 τούτων
1373 631 1417 684 δ’
1464 630 1580 685 οὒτ’
1634 634 1852 687 ἐπαΐειν

274 716 413 778 ὅλως
445 714 571 769 οὔτε
618 720 953 789 φροντίζειν.
1008 722 1319 793 Προφέρειν
1362 724 1472 792 γὰρ
1529 726 1613 777 καῖ
1658 742 1858 794 γραφι-

277 808 381 869 κὰς
404 809 629 876 λέγεται
685 815 1022 883 μαρτυρίας,
1071 817 1167 884 οὐχ
1221 816 1297 878 ὠς
1350 816 1568 887 ἔχουσιν
1622 818 1856 883 ὑγιείας,

275 899 412 952 ἀλλά
440 903 887 973 παραφθεφοντα
918 905 994 974 πῆ
1023 907 1123 972 μὲν
1154 911 1271 971 ταῖς
1287 909 1541 977 ἐντομαῖς
1567 911 1657 960 καὶ
1690 927 1807 980 παρ

1966 540 2132 595 nibus
2193 554 2247 598 et
2303 548 2849 607 commutationibus.
2914 547 3111 615 partim
3138 544 3427 598 fallacibus
3492 553 3549 597 et

1965 636 2149 703 pravis
2179 636 2725 706 interpretationibus
2758 649 3043 707 corrupta.
3070 637 3338 704 Quorum,
3364 638 3407 690 si
3449 636 3547 689 tibi

1964 730 2170 783 volenti
2218 742 2323 795 est,
2357 733 2611 800 equidem
2655 750 2761 786 non
2816 733 3165 797 cessaverim,
3214 732 3310 787 tibi
3372 732 3545 783 otium

1968 821 2077 890 70
2105 824 2287 890 agenti
2329 826 2587 879 nonnulla
2620 826 2870 895 proferre
2914 836 2970 880 et
3026 826 3211 881 brevis
3267 822 3546 893 cujusdam

1967 911 2315 968 refutationis
2341 931 2501 969 causa
2540 932 2871 986 preponere.

275 998 552 1063 ὠλάξεσι,
613 999 690 1069 πῆ
736 1001 797 1054 δὲ
864 1005 980 1065 ταῖς
1029 1002 1093 1074 [f.
1145 1004 1241 1059 iii
1294 1004 1346 1078 b]
1397 1005 1818 1076 παρεξαγωγαῖς
1875 1007 2010 1075 ὁμοῦ
2044 1026 2102 1060 τε
2145 1011 2238 1061 καὶ
2265 1008 2859 1081 παρεξηγήσεσιν.⁷Ων,
2887 1017 2935 1067 εί
2965 1014 3305 1085 βουληθείης,
3346 1013 3447 1066 οὐκ
3482 1013 3550 1066 ἂν

277 1091 446 1160 ἔγωγ’
480 1093 775 1163 ὀκνήσαιμι
798 1096 993 1165 σχολὴν
1014 1099 1203 1162 ἄγοντι
1247 1100 1344 1151 νῦν
1382 1101 1678 1169 προφέρειν
1711 1101 1825 1152 ἔνια
1848 1103 1937 1152 καὶ
1968 1101 2283 1173 προτιθέναι
2304 1121 2384 1157 σοι
2410 1106 2668 1175 βραχείας
2691 1109 2831 1169 τινὸς
2860 1110 3231 1180 ἀντιρρήσεως
3254 1109 3545 1179 πρόφασιν.

352 1187 445 1255 Τῷ
478 1188 578 1256 μὲν
608 1188 673 1260 δὴ
701 1190 854 1259 τόμῳ
884 1193 1077 1259 ἐκείνῳ
1110 1191 1210 1259 τῆς
1228 1192 1510 1245 anian
1550 1192 1854 1262 δυνάμεως,

290 1278 694 1348 ’Δγαοάγγελε,
731 1283 827 1336 νῦν
849 1284 1057 1349 ἀωρίαν
1088 1278 1233 1335 είναι
1271 1284 1489 1353 μακράν
1526 1284 1858 1351 ἀντιλέγειν,

284 1374 510 1427 σκοπῶν
549 1375 798 1444 ἀκριϐῶς
840 1375 950 1428 οὐδ’
979 1377 1143 1439 αὐτὸς
1194 1376 1491 1446 ἀρνηθείης
1540 1376 1626 1430 ἄν·
1673 1378 1862 1429 πολλοὶ

286 1468 391 1538 γὰρ
424 1468 577 1535 ἡμᾶς
608 1468 874 1537 ἐλλοχῶσι
907 1469 1187 1536 πολέμιοι,
1225 1469 1326 1530 τὰς
1353 1468 1482 1521 κύκ)
1497 1488 1542 1538 ῳ
1598 1469 1863 1537 παρόδους

280 1559 531 1630 ἀκριόῶς
606 1561 955 1629 κατέχοντες,
1029 1562 1122 1612 καὶ
1168 1560 1357 1613 πολλοὶ
1428 1561 1528 1629 τῆς
1589 1562 1862 1631 ἡμετέρας

279 1651 541 1721 γλώττης
573 1652 854 1704 ὲπίὸουλοι
888 1652 1181 1721 κάθηνται,
1242 1652 1460 1723 ἔφεδροί
1489 1671 1637 1716 τινες
1686 1655 1861 1707 εἰπεῖν

281 1745 516 1835 φρουροὶ
564 1746 660 1797 καὶ
698 1744 1097 1814 ἡμεροσκόποι,
1176 1745 1406 1812 ίνδαλμά
1456 1763 1510 1798 τι
1567 1746 1862 1816 ζητοῦντες

283 1812 619 1900 πδοφάσεως
649 1812 874 1886 οίασούν
914 1834 1219 1901 είληφέναι,
1270 1830 1342 1886 ἶν’
1365 1836 1512 1905 ἡμᾶς
1552 1812 1863 1889 ἀναιδέστε-
1896 1812 1935 1867 Β

289 1936 379 1990 ρον
415 1919 743 1989 ὑϐρίσαντες
777 1919 917 1990 δμοῦ
952 1922 1051 1973 καὶ
1076 1920 1177 1990 τῆς
1200 1921 1485 1991 παρούσης
1512 1921 1661 1990 ζωῆς
1687 1922 1861 1974 ἀπαλ-

284 2010 514 2075 λάξωσι,
546 2012 634 2063 καὶ
666 2011 869 2078 δόξωσι
925 2012 1183 2083 λατρείαν
1243 2014 1552 2084 προσάγειν
1602 2016 1715 2078 τοῖς
1766 2014 1863 2066 νῦν

285 2102 550 2173 ἡγεμόσι.
604 2103 791 2172 Κάμοὶ
821 2103 921 2173 μὲν
976 2104 1208 2159 θανάτου
1252 2106 1409 2176 μέλει
1471 2104 1581 2158 οὐδ’
1631 2104 1812 2158 ότιοῦν
1846 2123 1862 2136 ·

285 2195 547 2264 συμφυὴς
571 2194 703 2265 γὰρ,
735 2196 830 2248 καὶ
855 2196 905 2248 εί
934 2194 1009 2267 μὴ
1042 2197 1309 2267 τήμερον,
1336 2197 1453 2251 ἀλλ’
1512 2195 1701 2266 αὔριον
1734 2198 1863 2258 ἴσως

283 2289 503 2358 ἀδήλοις
529 2289 689 2341 ποσὶν
720 2288 1079 2345 δπικείσςται.
1145 2291 1268 2344 Τῶν
1294 2292 1340 2345 δ’
1401 2287 1498 2345 οὖν
1555 2291 1864 2345 διωκόντων

286 2381 478 2449 φειδοῖ,
515 2380 593 2451 μὴ
644 2380 927 2450 πρόφασιν
976 2384 1128 2451 ἡμᾶς
1188 2382 1503 2454 ποιούμενοι
1563 2382 1665 2454 τὴν
1709 2383 1862 2436 θείαν

282 2474 440 2526 αὐτοὶ
472 2473 595 2527 καθ’
625 2473 806 2528 αὐτῶν
858 2474 1032 2545 ὀργὴν
1061 2475 1375 2543 ὲρεθίζωσι,
1426 2475 1634 2530 τούτων
1690 2474 1736 2528 δ’
1768 2474 1863 2528 οὖν

284 2567 452 2621 ἕνεκα
476 2569 637 2640 σιγᾷν
676 2568 918 2639 ἀνάγκη,
948 2570 1044 2623 καὶ
1077 2568 1299 2640 μάλισθ’
1335 2569 1420 2624 δτι
1459 2569 1585 2640 μηδ’
1618 2568 1723 2623 ἀνά
1756 2570 1868 2638 χεῖ-

292 2678 391 2730 ρας
421 2661 568 2729 ἔχειν
620 2663 770 2732 ἡμᾶς
805 2662 1216 2729 ξυνεπεπτώκει
1268 2660 1362 2715 τδν
1407 2663 1574 2731 τόμον
1628 2662 1864 2725 δκεῖνον,

293 2756 384 2809 ῖνα
406 2749 624 2817 πάντως
670 2755 864 2825 βέῦαια
891 2756 986 2807 καὶ
1032 2754 1107 2823 μὴ
1135 2752 1299 2821 κωφά
1341 2752 1411 2806 τά
1449 2752 1868 2823 προϐαλλόμενα

295 2839 353 2914 ᾖ.
397 2842 647 2896 Ἐπειδὰν
664 2842 711 2897 δ’
740 2844 769 2896 δ
794 2842 894 2912 τῆς
928 2843 1147 2911 αἰθρίας
1173 2839 1469 2912 ἀναλάμψει
1521 2839 1715 2910 καιρὸς
1775 2839 1868 2892 καὶ

293 2939 325 3003 ἡ
355 2938 713 3006 προσήκουσα
770 2936 837 3005 τῇ
874 2934 1088 3005 γλώττῃ
1134 2932 1426 3006 παρρησία
1491 2933 1866 3003 προσγένηται

290 3030 385 3094 ξύν
408 3048 477 3099 γε
502 3029 649 3100 Θεῷ,
681 3028 804 3082 τότε
828 3028 893 3099 δὴ
926 3026 1087 3093 κάγὼ
1126 3028 1265 3095 μετά
1323 3026 1520 3097 σχολῆς
1578 3026 1868 3079 ἀναλαϐὼν

288 3121 553 3187 θρηνήσω
582 3118 674 3171 τὸν
711 3117 905 3187 νεκρόν
938 3135 1064 3186 μου,
1120 3116 1215 3170 καὶ
1253 3117 1375 3169 τότε
1442 3114 1754 3186 κλαύσομαι
1783 3133 1869 3168 m-

286 3210 439 3280 κρῶς
469 3211 563 3262 ἐπὶ
597 3210 660 3262 τὸ
696 3198 1015 3279 σύντριμμα
1068 3210 1164 3262 τοῦ
1214 3209 1404 3277 γένους
1478 3226 1603 3279 μου,
1640 3208 1871 3262 καταδέ-

288 3314 452 3367 σμοις
492 3298 659 3363 φάναι
695 3299 794 3350 καὶ
824 3297 1143 3368 φαρμάκοις
1172 3299 1435 3368 ἰατρικοῖς
1473 3314 1585 3349 τισι
1638 3298 1738 3365 τὴν
1774 3297 1865 3349 τοῦ

286 3391 553 3445 τοσούτου
588 3390 796 3454 πάθους
820 3390 895 3454 ῶς
935 3387 1048 3444 οἶόν
1092 3408 1151 3444 τε
1185 3388 1528 3461 πειρώμενος
1560 3389 1870 3460 φλεγμονὴν

290 3484 643 3557 θεραπεύειν.
684 3486 822 3555 Περί
866 3502 930 3554 γε
970 3485 1074 3558 μὴν
1114 3485 1226 3538 τῶν
1284 3484 1379 3538 νῦν
1420 3485 1739 3538 ἐπισκόπων
1807 3483 1869 3536 ού

290 3582 401 3649 χρη
450 3595 509 3631 σε
552 3576 859 3647 θαυμάζειν
908 3579 993 3631 ὅτι
1062 3576 1198 3649 μηδὲ
1258 3577 1358 3640 τὰς
1413 3575 1635 3647 πρώτας
1693 3577 1872 3646 ἀρχάς

292 3672 406 3724 τῶν
438 3670 724 3741 στοιχείων
758 3672 808 3723 oi
842 3668 1067 3732 πλείους
1119 3668 1301 3723 ῐσασιν
1336 3669 1506 3737 ὑγιῶς
1542 3670 1870 3733 συντιθέναι,

294 3767 409 3828 τοῖς
441 3762 658 3826 πολλοῖς
694 3762 823 3831 γοῦν
852 3762 961 3816 τῶν
985 3761 1203 3833 βρεφῶν
1228 3762 1323 3814 xxi.
1353 3762 1564 3831 νηπίων
1612 3760 1702 3813 ἐπ’
1725 3762 1868 3830 ἴσης,

290 3857 820 3929 ἀλλ’ἀγροικότερον
848 3855 1050 3925 τρόπον
1085 3855 1153 3908 τὰ
1176 3854 1284 3907 τῶν
1321 3854 1481 3907 θείων
1510 3853 1869 3922 δογμάτων...

287 3956 397 4025 τὴν
452 3951 638 4003 πᾶσαν
690 3946 945 4002 κενοῦσιν
1011 3945 1273 4013 σπουδήν.
1337 3944 1472 3997 Οὐδὲ
1522 3943 1871 4013 μεταπείθειν

290 4044 593 4115 στερεῖσθαι
630 4042 857 4114 μηδένα,
913 4039 1051 4109 μηδὲ
1116 4036 1625 4107 συναναμίγνυσθαι
1665 4036 1871 4088 τούτων

290 4138 481 4189 οὐδέσι
519 4134 640 4205 μηδ’
678 4132 858 4186 ὁτιοῦν
885 4146 899 4159 ’
942 4130 1135 4201 μεστοὶ
1192 4131 1304 4199 γάρ
1345 4130 1582 4191 ἂπαντες
1614 4128 1868 4197 ὑποψίας.

293 4231 407 4281 Καὶ
464 4227 590 4279 ὅσον
609 4228 665 4286 ἐς
699 4224 762 4277 τδ
795 4222 962 4277 καλὸν
1018 4219 1265 4289 κάγαθὸν
1313 4218 1535 4289 τυφλῶς
1590 4235 1650 4270 τε
1684 4218 1869 4288 έχουσι

290 4322 392 4372 καὶ
444 4317 695 4387 ἀμαθῶς,
751 4313 979 4368 τοσοῦτο
1033 4311 1337 4380 δολιότητός
1400 4326 1461 4362 τε
1512 4310 1607 4361 καὶ⁵
1672 4309 1870 4377 φθόνου

294 4409 513 4481 μεστοί.
552 4411 661 4463 Καὶ
711 4409 886 4479 ῥᾷστα
908 4405 1199 4477 παριόντες
1247 4401 1562 4456 διαϐαλοῦσί
1621 4417 1680 4453 σε
1733 4399 1871 4471 πρὸς

2042 1196 2106 1250 ll.
2161 1196 2567 1252 Rcl’ntationem
2659 1202 2790 1254 tomi
2862 1201 3118 1255 factionis
3186 1203 3544 1266 adversariae,

1968 1286 2357 1358 Agathangele,
2413 1306 2560 1345 nunc
2617 1307 2778 1360 quam
2826 1294 3057 1346 maxime
3107 1293 3544 1361 intempestivam

1970 1378 2108 1441 fore,
2138 1391 2393 1434 accurate
2419 1382 2462 1434 si
2496 1396 2609 1434 rem
2631 1368 3166 1451 perpendcris,haud
3189 1382 3545 1442 dilliteberis;

1964 1470 2118 1523 multi
2155 1471 2302 1524 enim
2346 1472 2552 1525 inimici
2582 1474 2742 1527 nobis
2801 1474 3152 1538 insidiantur,
3197 1488 3389 1527 omnes
3440 1474 3549 1526 cir-

1963 1565 2235 1617 cumcirca
2284 1564 2467 1618 aditus
2514 1565 2808 1635 diligenter
2856 1566 3256 1629 custodientes,
3286 1574 3342 1618 et
3390 1563 3546 1617 multi

1964 1664 2280 1708 nostrorum
2311 1655 2605 1709 verborum
2647 1666 2960 1725 captatores
2989 1657 3232 1711 assident
3289 1662 3547 1724 tanquam

1964 1745 2231 1799 stationes
2250 1755 2304 1799 et
2343 1747 2608 1813 excubim,
2641 1763 2822 1802 causa:
2855 1746 3061 1817 aliquid
3092 1747 3272 1801 simile
3301 1762 3552 1814 qua-ren-

1968 1846 2071 1903 tes,
2109 1847 2167 1892 ut
2198 1839 2555 1908 impudenter
2578 1850 2636 1895 et
2689 1840 3091 1895 contumeliose
3142 1855 3243 1893 nos
3291 1846 3554 1892 tractatos

1967 1929 2081 1982 vita
2102 1929 2325 1998 insuper
2352 1931 2600 1998 privent,
2625 1942 2788 1998 atque
2829 1930 2895 1983 iis
2925 1929 3018 1997 qui
3053 1944 3200 1983 nunc
3232 1942 3414 1981 rerum
3459 1942 3555 1996 po-

1970 2022 2056 2077 titi
2081 2032 2229 2085 sunt,
2264 2022 2501 2078 cilicium
2527 2023 2801 2092 quoddam
2860 2022 3183 2093 praestitisse
3238 2022 3549 2075 videantur.

1970 2115 2099 2169 Mihi
2131 2116 2348 2184 quidem
2388 2132 2538 2170 mors
2574 2115 2816 2170 uiinima:
2853 2131 2999 2171 cura:
3031 2124 3155 2180 est;
3188 2113 3371 2167 fatalis
3400 2113 3550 2168 enim

1968 2216 2057 2260 est
2083 2217 2138 2260 et
2165 2207 2208 2261 si
2239 2221 2345 2260 non
2380 2208 2564 2273 hodie,
2586 2216 2641 2261 at
2670 2207 2902 2261 fortasse
2929 2208 3168 2261 crasdno
3210 2205 3299 2260 die
3327 2205 3555 2260 incertis

1969 2299 2230 2366 gradibus
2259 2314 2358 2352 nos
2383 2299 2623 2353 invadet.
2654 2297 3113 2352 Persecutorihus
3139 2312 3271 2351 vero
3292 2296 3552 2366 quoniam

1973 2403 2199 2458 parcere
2233 2388 2503 2453 volumus,
2542 2405 2611 2443 ne
2648 2397 2835 2443 nostra
2867 2403 3030 2442 causa
3088 2387 3332 2440 divinam
3383 2386 3435 2439 in
3497 2400 3556 2439 se

1972 2481 2107 2535 iram
2137 2482 2432 2546 concitent,
2461 2496 2685 2535 necesse
2709 2491 2793 2536 est
2846 2489 3051 2544 tacere,
3076 2480 3377 2548 praesertim
3430 2494 3555 2533 cum

1973 2586 2044 2625 ne
2081 2572 2133 2625 in
2166 2574 2420 2626 manibus
2450 2572 2673 2643 quidem
2707 2573 3009 2627 habeamus
3043 2582 3252 2627 tomum
3292 2572 3468 2635 illum,
3498 2581 3559 2625 ut

1974 2664 2234 2718 refutatio
2282 2665 2429 2717 omni
2471 2680 2535 2717 ex
2570 2674 2719 2733 parte
2751 2665 2903 2718 firma
2958 2680 3137 2735 neque
3165 2666 3365 2720 debilis
3392 2674 3557 2735 atque

1973 2756 2168 2810 obtusa
2194 2756 2354 2810 foret.
2384 2756 2624 2811 Simulac
2652 2772 2781 2810 vero
2795 2759 3112 2812 serenitatis
3139 2757 3558 2827 exsplendescet

1976 2858 2194 2915 tempus
2223 2857 2277 2901 et
2309 2846 2454 2916 justa
2491 2846 2688 2917 lingua:
2712 2848 2931 2902 Iicvntia
2964 2849 3073 2902 Deo
3107 2849 3400 2918 adjuvante
3428 2862 3558 2916 ευρ-

1976 2948 2144 3009 petet,
2174 2949 2303 2991 tunc
2333 2954 2434 3006 ego
2474 2939 2529 2993 in
2564 2939 2679 2993 otio
2706 2955 2908 3009 enrpus
2941 2955 3122 2994 meum
3164 2948 3440 2992 mortuum
3471 2952 3557 2991 re-

1979 3028 2169 3082 ﬁciens
2197 3028 2395 3098 lugebo
2421 3039 2475 3083 et
2506 3031 2726 3099 generis
2760 3030 2865 3083 mei
2913 3031 3303 3085 contritionem
3360 3028 3555 3084 acerbe

1975 3121 2211 3180 deﬂebo.
2246 3120 2631 3190 alligatnentis,
2660 3133 2717 3176 nt
2743 3120 2819 3175 ita
2852 3121 3055 3184 dicam,
3094 3130 3149 3176 et
3181 3120 3553 3174 medicamen—

1974 3218 2044 3269 tis
2078 3215 2179 3283 71
2235 3214 2397 3282 hujus
2446 3213 2692 3267 vulneris
2739 3213 3244 3276 inﬂammationem,
3292 3222 3554 3281 quantum

1975 3308 2091 3361 fieri
2125 3307 2344 3382 poterit,
2372 3322 2566 3361 curare
2613 3316 2851 3361 tentatas.
2883 3307 3037 3373 Quoi
3097 3306 3294 3361 attinet
3328 3305 3394 3359 ad
3436 3306 3554 3375 epi-

1973 3412 2200 3467 scopos,
2231 3399 2322 3468 qui
2356 3414 2502 3452 nunc
2543 3408 2692 3462 sunt,
2727 3414 2838 3453 non
2867 3400 3033 3454 debet
3057 3397 3271 3461 mirari,
3311 3398 3456 3468 quod
3487 3414 3556 3452 ne

1974 3493 2149 3560 prima
2219 3492 2441 3559 quidem
2519 3490 2920 3546 elementorum
2987 3490 3253 3561 principia
3308 3491 3554 3559 plerique

1974 3582 2276 3649 prudenter
2326 3597 2660 3653 componere
2702 3584 2905 3648 sciunt,
2956 3585 3142 3640 tnultis
3205 3585 3279 3639 illi
3333 3585 3553 3653 quidem

1974 3671 2141 3726 rebus
2168 3673 2414 3741 parvulis
2471 3674 2776 3730 infantibus
2830 3674 3062 3740 similes,
3087 3674 3181 3729 sed
3241 3673 3435 3727 rndius
3496 3674 3552 3727 in

1972 3764 2156 3820 divina
2181 3765 2434 3835 dogmata
2466 3781 2625 3821 suum
2650 3783 2811 3824 oume
2840 3769 3083 3823 studium
3110 3768 3454 3836 impendunt.
3474 3766 3553 3820 Nc

1971 3873 2163 3912 eorum
2187 3874 2518 3929 quemquam
2555 3861 2608 3914 in
2643 3861 2922 3914 meliorem
2955 3862 3286 3915 sententiam
3319 3859 3556 3913 deduci--

1976 3964 2032 4004 re
2059 3964 2326 4004 conemur
2352 3966 2490 4005 neve
2524 3967 2648 4005 eum
2675 3966 2949 4020 quoquam
2984 3950 3069 4003 vel
3105 3950 3389 4003 minimam
3423 3965 3557 4003 con-

1971 4041 2323 4096 suetudinem
2391 4043 2680 4097 ineamus!
2744 4042 2896 4095 Pleni
2959 4041 3106 4095 enim
3170 4056 3365 4095 omnes
3422 4050 3555 4095 sunt

1971 4133 2283 4203 suseipione
2303 4144 2359 4189 et
2384 4144 2589 4204 quanta
2629 4135 2696 4187 ad
2734 4150 2819 4188 res
2868 4134 3128 4189 honestas
3166 4142 3223 4188 et
3253 4133 3425 4188 bonas
3450 4147 3556 4187 ca?-

1970 4227 2136 4282 citate
2162 4237 2217 4283 et
2240 4226 2458 4281 inscitia
2492 4226 2705 4297 praediti
2734 4238 2880 4293 sunt,
2911 4235 3060 4282 tanta
3098 4226 3468 4282 frauduleniia
3500 4234 3554 4278 et

1972 4318 2175 4373 invidia
2206 4328 2422 4374 scatent
2466 4329 2631 4389 atque
2686 4320 2941 4374 facillime
2993 4329 3043 4374 te
3085 4320 3227 4390 apud
3276 4319 3555 4390 principes

1971 4411 2680 4468 criminahuntur.'Multum
2718 4416 2863 4467 enim
2888 4412 3066 4477 abest,
3093 4422 3151 4467 ut
3176 4429 3299 4467 cum
3321 4412 3552 4466 istorum

290 4505 427 4566 τοὺς
470 4502 762 4570 ἡγεμόνας.
798 4497 1006 4553 Πολλοῦ
1043 4499 1152 4568 γὰρ
1196 4490 1341 4550 εἶναι
1391 4495 1501 4548 δεῖν
1544 4496 1612 4565 τῇ
1661 4492 1868 4546 τούτων

1974 4504 2215 4571 nequitia
2236 4505 2475 4559 conferri
2501 4506 2669 4571 possit
2695 4507 2778 4560 vel
2800 4515 3048 4559 veterum
3069 4506 3152 4559 vel
3180 4505 3552 4558 recentiorqu

292 4591 636 4662 παραδαλεῖν
689 4587 857 4658 κακίᾳ
913 4588 1099 4640 πᾶσαν
1154 4585 1405 4639 παλαιῶν
1468 4599 1529 4636 τε
1584 4587 1679 4637 καὶ
1737 4582 1873 4636 νέων

292 4683 515 4754 ἀνδρῶν
546 4680 914 4751 κακοτρόπων
950 4677 1172 4732 κακίαν.
1224 4676 1290 4729 Ei
1341 4676 1399 4729 δὲ
1446 4676 1522 4747 μὴ
1565 4676 1750 4747 ῥᾴδιον
1810 4676 1874 4729 ὲκ

294 4775 525 4847 πρώτης
552 4774 793 4844 συνορᾷν
842 4771 1063 4842 ὁμιλίας
1093 4770 1231 4840 μηδὲ
1262 4768 1360 4822 τοῦ
1399 4768 1475 4840 τῷ
1506 4767 1742 4839 κριτικῷ
1775 4768 1875 4837 τῆς

293 4867 480 4938 ψυχῆς
514 4862 918 4933 ταμιευομένου
955 4860 1313 4929 δικαστηρίου
1345 4860 1445 4919 τὰς
1468 4857 1685 4927 ψήφους
1739 4858 1876 4910 tiva-

294 4960 532 5013 κύπτειν
569 4955 737 5018 εὐθὺς
770 4953 1087 5023 ἐλευθερίας
1120 4950 1215 5004 καὶ
1240 4950 1601 5012 ἀδεκάστους,
1647 4948 1766 5001 ἀλλ’
1782 4944 1875 5002 οὗν

294 5052 391 5106 διά
410 5050 508 5120 τῆς
547 5047 645 5101 τοῦ
684 5047 879 5117 χρόνου
915 5043 1113 5115 πείρας
1144 5041 1357 5107 ἔξεστιν
1408 5042 1531 5110 ἴχνη
1575 5041 1876 5111 λάμεάνειν

294 5146 451 5211 τινὰ,
478 5145 578 5213 τῆς
614 5141 833 5211 φύσεως
863 5133 975 5191 οἷον
1014 5135 1375 5205 ἀναδιδούσης
1432 5136 1681 5207 ἀμυδρὰς
1724 5139 1878 5189 εἰκα-

297 5237 451 5300 σίας,
487 5235 588 5289 οὐκ
619 5234 686 5286 ἐκ
723 5230 981 5301 προνοίας
1029 5228 1151 5298 μὲν,
1180 5228 1245 5279 ὲκ
1294 5226 1390 5280 τοῦ
1450 5231 1793 5299 παρήκοντος
1832 5227 1877 5280 δ’

294 5324 423 5390 οὖν,
462 5328 521 5379 ὲν
543 5318 625 5388 οἷς
655 5322 827 5376 ὲνίοτε
862 5321 956 5375 καὶ
979 5322 1013 5391 η
1064 5319 1283 5388 γλῶττα
1314 5318 1657 5373 λανθάνουσα
1686 5322 1879 5392 προδό-

296 5440 387 5485 τις
417 5421 671 5481 ἀκούσιος
728 5418 943 5486 γίνεται
1006 5414 1114 5467 τῶν
1163 5414 1262 5482 τῆς
1306 5411 1487 5483 ψυχῆς
1547 5414 1879 5484 ἀπορρήτων

300 5512 783 5588 ἀρρωστημάτων,
815 5506 988 5575 θυμοῦ
1030 5522 1177 5567 τινος
1218 5505 1556 5575 ἐρεθίζοντος
1585 5505 1716 5566 ἴσως
1776 5523 1880 5558 κα-

301 5612 488 5677 θάπερ
529 5607 845 5672 πνεύματος
880 5602 983 5672 τὴν
1026 5598 1229 5669 ψυχὴν,
1264 5599 1296 5666 ἢ
1334 5600 1731 5668 πραγματικῆς
1760 5600 1880 5664 οἵας

296 5707 365 5775 δή
427 5717 575 5764 τινος
625 5697 825 5763 ἔξωθεν
874 5694 1138 5765 ἐπιρροῆς
1191 5692 1286 5745 καὶ
1354 5692 1624 5760 ἀδοκήτου
1682 5696 1881 5762 φορᾶς.

313 5799 552 5854 Ὀπόσαι
592 5795 700 5865 γάρ
730 5790 840 5845 τῶν
887 5786 1219 5858 σωματικῶν
1252 5784 1314 5858 [f.
1352 5784 1453 5841 112
1482 5786 1537 5860 α]
1571 5788 1878 5857 χρωμάτων

1975 4593 2177 4647 malitia
2202 4604 2257 4649 et
2285 4595 2631 4665 improbitas,
2661 4612 2825 4665 quam
2877 4596 3094 4651 etiamsi
3149 4612 3258 4649 non
3290 4596 3449 4649 facile
3482 4596 3554 4649 sit

1973 4700 2041 4740 ex
2096 4684 2268 4754 prima
2331 4703 2524 4741 eorum
2582 4688 2999 4742 conversatione
3060 4703 3415 4759 cognoscere.
3472 4698 3551 4750 ut.

1976 4792 2228 4846 quaenam
2261 4778 2317 4831 in
2348 4778 2545 4832 animis
2593 4794 2783 4833 eorum
2829 4780 3039 4849 judicia
3096 4781 3381 4836 recondita
3417 4781 3553 4847 sint,

1978 4869 2231 4937 protinus
2278 4868 2511 4938 ingenua
2553 4879 2605 4923 et
2650 4870 2966 4940 incorrupta
2991 4873 3252 4942 suffragia
3295 4873 3553 4939 evadant,

1978 4970 2217 5015 attamen
2252 4963 2512 5031 temporis
2545 4962 2894 5031 procedentis
2918 4966 3295 5033 exploratione
3329 4964 3555 5036 vestigia

1978 5054 2225 5123 quaedam
2256 5064 2441 5107 tenere
2473 5054 2682 5121 licebit,
2717 5067 2908 5110 natura
2942 5058 3137 5111 indicia
3172 5058 3419 5127 quaedam
3456 5059 3557 5112 ob-

1979 5157 2139 5196 scura
2176 5158 2285 5196 non
2342 5145 2618 5209 consulto,
2655 5147 2747 5200 sed
2780 5147 2961 5200 obiter
3014 5149 3248 5213 edente;
3278 5148 3555 5204 interdum

1979 5236 2145 5287 etiam
2174 5234 2356 5304 lingua
2384 5250 2481 5289 sua
2524 5247 2716 5304 sponte
2742 5240 2878 5293 clam
2910 5240 3092 5307 prodit
3136 5240 3302 5293 animi
3352 5257 3554 5296 arcana

1979 5326 2111 5381 vitia
2140 5327 2341 5380 adfectu
2370 5328 2605 5397 quodam
2636 5330 2863 5384 fortasse
2910 5340 3165 5401 tauquam
3221 5332 3349 5388 ﬂatu
3380 5344 3472 5388 aut
3506 5334 3555 5388 vi

1981 5420 2214 5489 quadam
2253 5420 2454 5474 ellicaci
2486 5423 2831 5477 extrinsecus
2880 5425 3026 5480 illata
3060 5436 3115 5480 et
3142 5426 3421 5497 inopinata
3453 5429 3557 5497 72

1983 5511 2349 5566 concitatione
2390 5513 2634 5567 animum
2695 5514 3029 5583 impellente.
3062 5518 3207 5584 Quot
3235 5520 3382 5573 enim
3428 5531 3558 5573 sunt

1985 5602 2298 5656 hominibus
2322 5605 2572 5673 corporis
2598 5605 2844 5658 colorum
2876 5616 2930 5659 et
2959 5608 3175 5662 habitus
3200 5609 3557 5673 mutationes.

1987 5703 2066 5747 tot
2098 5695 2259 5746 etiam
2295 5695 2458 5748 animi
2493 5697 2788 5750 affectuum
2831 5698 3181 5759 dillerentim.
3221 5716 3360 5768 quos
3390 5699 3441 5753 in
3475 5700 3562 5755 in-

1987 5787 2198 5841 finitum
2222 5795 2276 5843 et
2308 5787 2637 5845 immensum
2670 5792 2891 5847 extendi
2938 5794 3093 5851 facile
3130 5793 3350 5861 videris,
3380 5797 3455 5852 ita
3498 5806 3563 5855 ut
