4036 6210
451 247 522 310 63
1644 260 2058 325 NICEPHCRI

2175 263 2486 325 {EGORE
3618 264 3688 326 64

454 370 765 418 commotus
794 363 861 418 ad
897 379 991 420 eos
1034 365 1177 421 misit
1224 367 1451 438 legatos,
1506 385 1602 439 per
1633 387 1772 441 quos
1813 373 2024 444 jureju-
2055 381 2072 436 Δ

2175 377 2252 437 ὡς
2281 377 2426 429 ἔνδον
2451 377 2671 445 κατεῖχε
2698 375 2987 437 Λατίνους.
3025 375 3114 426 At};
3145 371 3507 443 πρεσϐεύεται
3552 381 3692 445 πρὶς

457 455 629 510 rando
653 458 976 525 interposito
1009 459 1280 526 promisit,
1325 475 1383 514 se
1420 476 1516 516 eos
1552 463 1774 533 impune
1831 465 2021 520 dimis-

2175 468 2322 531 ὅτοῦς
2356 467 2644 534 ἐλεήσαςὸ
2702 467 2976 535 βασιλεὺς,
3033 466 3098 518 δι’
3125 467 3306 536 ὅρκων
3363 467 3503 534 σφᾶς
3554 468 3694 531 ἀζη-

457 566 648 605 surum
685 565 828 611 esse.
863 553 980 606 sive
1003 551 1075 605 ibi
1110 553 1398 608 considere
1443 557 1664 615 vellent.
1689 562 1804 614 sive
1849 560 2023 622 abire.

2175 559 2286 622 ίους
2313 559 2546 629 βεὸαιών
2582 558 2822 628 ἀφιέναι,
2876 558 2976 611 εἴτ’
3021 558 3209 610 αύτόθι
3245 559 3515 627 καθῆσθαι
3566 558 3691 627 βού-

457 641 804 704 quolibcret,
833 642 1028 696 deletis
1073 651 1250 696 tamen
1280 655 1436 698 antea
1495 648 1768 702 moenibus
1819 651 2024 705 castelli

2175 667 2322 714 itvto,
2386 649 2484 702 εἴτ’
2539 645 2632 702 οῦν
2697 649 3029 718 πορεύεσθαι
3086 650 3192 717 ὅπη
3249 648 3544 716 βούλοιντο,
3598 666 3694 702 κα-

463 747 656 786 recens
675 733 985 785 exstructis.
1036 730 1115 783 Ad
1145 731 1261 783 hac
1311 732 1384 786 illi
1417 735 1714 803 gloriantes
1745 753 1867 791 cum
1922 738 2024 792 alia

2175 741 2470 809 ιιρεθὲντος

461 824 770 892 arrogantia
825 821 1142 876 etiamnunc
1174 823 1369 877 usitata
1418 828 1771 895 respondere,
1839 839 1949 883 tum
1981 831 2026 884 si

464 915 682 978 quidem
713 931 880 968 unum
931 917 1097 969 Deum
1160 930 1341 970 rerum
1385 919 1764 974 universitatis
1812 931 2023 974 creato-

466 1021 580 1056 rem
609 1006 834 1071 coleret,
877 1009 1028 1064 ﬁrma
1077 1012 1337 1065 memoria
1385 1011 1745 1080 jurisjuraudi
1805 1013 2029 1082 pignora

469 1097 875 1155 includentibus
933 1103 1036 1156 sibi
1079 1119 1328 1157 securam
1358 1103 1524 1156 vitam
1583 1104 1746 1157 etiam
1802 1103 1856 1156 in
1910 1104 2034 1158 loco

468 1204 575 1242 non
612 1192 822 1246 munito
853 1193 1016 1248 licere
1077 1195 1307 1264 degere;
1362 1195 1618 1263 quoniam
1680 1210 1806 1249 vero
1858 1196 2036 1250 nesci-

2543 742 2808 812 πρότερον
2839 741 2934 794 τοῦ
2985 741 3044 794 τὸ
3107 740 3366 811 φρούριον
3423 740 3694 810 τειχίζον-

2127 850 2216 896 τσς
2275 832 2576 898 νεοπαγοῦς
2627 832 2937 902 περιϐόλου.
3003 832 3142 900 Πρὸς
3199 830 3235 885 ἃ
3290 830 3702 898 τερατευσαμέ-

2131 943 2256 988 νους
2306 927 2549 986 ἐκείνους
2606 925 2676 977 τά
2725 942 2786 977 τε
2828 924 2963 978 ἄλλα
3016 928 3114 992 τῆς
3163 922 3420 984 εἰωθυίας
3461 923 3553 974 καί⁵
3601 921 3700 976 νῦν

2133 1016 2338 1086 όφρίος
2369 1017 2808 1086 ἀποκρίνασθαι,
2851 1017 2945 1068 καὶ
2987 1018 3084 1084 μὲν
3117 1015 3180 1084 δὴ
3221 1017 3318 1070 καὶ
3365 1015 3468 1078 ὅτι,
3511 1016 3570 1067 Εἰ
3598 1021 3701 1084 μὲν

2135 1107 2217 1160 ἑνὶ
2245 1107 2362 1177 Θεῷ
2389 1108 2466 1176 τῷ
2529 1106 2623 1160 τοῦ
2656 1107 2854 1169 παντὸς
2888 1107 3177 1172 ὲλάτρευες
3232 1110 3427 1176 ποιητῇ
3476 1106 3700 1177 δηλαδὴ,

2137 1192 2206 1268 ἦν
2248 1198 2314 1252 ἂν
2345 1198 2628 1268 ὡρισμένῃ
2686 1199 2878 1269 μνήμῃ
2917 1197 3015 1259 τὰς
3055 1197 3164 1249 τῶν
3197 1198 3376 1266 ὅρκων
3401 1197 3704 1264 ἀσφαλείας

469 1290 612 1347 rent,
641 1285 858 1336 cuinam
904 1285 1409 1349 innumerabilium,
1477 1301 1616 1354 quos
1656 1298 2036 1354 veneraretur,

468 1371 698 1426 deorum
731 1373 854 1428 ﬁdei
890 1376 1239 1442 sponsionem
1293 1377 1534 1439 fecisset,
1585 1376 1777 1431 timere
1813 1392 1895 1440 se,
1949 1391 2037 1440 ne,

471 1463 636 1515 simili
678 1464 839 1533 hujus
872 1465 964 1518 Dei
1001 1467 1221 1520 nomine
1251 1477 1304 1520 et
1329 1467 1696 1537 appellatione
1755 1467 1918 1520 unius
1944 1467 2040 1522 Dei

473 1555 702 1610 auribus
733 1558 972 1611 lnductis
1014 1558 1069 1612 in
1115 1558 1386 1620 fraudem,
1443 1561 1496 1613 in
1536 1559 1640 1628 77
1678 1559 1886 1633 infinita
1952 1560 2043 1614 illa

470 1647 726 1703 aestuat-ia
755 1649 991 1704 immersi
1024 1649 1332 1719 ingentibus
1350 1651 1650 1705 animarum
1678 1659 1734 1705 et
1751 1666 2044 1719 corporum

2141 1288 2517 1356 ὲγκλείοντας,
2553 1286 2850 1357 ἀφρόντιδα
2884 1285 3000 1354 βίον
3048 1286 3108 1337 ὲν
3162 1284 3453 1355 ἀτειχίστῳ
3497 1285 3708 1352 διάγειν

2142 1381 2348 1451 χωρίῳ.
2407 1381 2522 1434 Νῦν
2573 1381 2619 1432 δ’
2654 1381 2754 1433 οὐκ
2812 1380 2976 1433 εἰδόσι
3022 1381 3128 1432 τίνι
3179 1378 3288 1430 τῶν
3337 1378 3581 1446 ἀπείρων
3625 1370 3710 1440 οἷς

2143 1471 2429 1542 λατρεύεις
2467 1470 2611 1536 θεοῖς
2645 1471 2740 1534 τὰς
2761 1471 2860 1539 τῆς
2888 1469 3125 1533 πίστεως
3149 1470 3338 1536 νέμεις
3373 1471 3603 1536 ἐγγύας,
3623 1469 3714 1522 δε-

2144 1561 2315 1612 διέναι
2351 1559 2426 1628 μὴ
2463 1559 2923 1629 συναρπασθεῖσιν
2959 1557 3150 1610 ἔπειτα
3174 1556 3274 1620 τὰς
3309 1557 3481 1619 ἀκοὰς
3535 1557 3624 1610 διά
3652 1573 3714 1610 τε

2147 1651 2244 1720 τῆς
2276 1651 2594 1720 ὁμωνυμίας
2640 1653 2732 1704 καὶ
2769 1655 2869 1720 τῆς
2923 1650 3017 1703 τοῦ
3061 1650 3224 1720 μόνου
3255 1649 3390 1703 Θεοῦ
3436 1665 3717 1718 προσηγο-

478 1737 778 1806 naulragiis
801 1740 1188 1794 obruerentur.
1240 1741 1395 1804 Quod
1433 1758 1556 1794 eum
1607 1743 1914 1796 audivisset
1947 1742 2049 1796 im-

2175 1743 2296 1807 νίας,
2333 1743 2390 1804 ἐς
2409 1743 2506 1811 τὴν
2534 1743 2632 1810 τῆς
2681 1741 2940 1810 ἀπειρίας
2987 1742 3203 1811 ἐκείνης
3244 1742 3507 1812 ἀνάχυσιν
3549 1759 3721 1794 καταο

479 1840 720 1896 perator,
767 1832 1104 1886 mortiferam
1165 1831 1316 1886 cordi
1357 1848 1457 1885 suo
1510 1834 1722 1901 plagam
1781 1831 2045 1885 inmt-tam

480 1931 633 1974 ratus
657 1938 756 1991 pro
784 1924 980 1990 quavis
1010 1924 1112 1977 alia
1143 1924 1414 1977 medicina
1449 1922 1830 1977 Alexandrina:
1859 1933 1916 1976 et
1941 1924 2050 1976 Au-

482 2014 699 2068 tim-hia!
723 2015 1063 2082 patriarchas
1088 2024 1246 2068 antea
1293 2016 1401 2084 ja'u
1451 2031 1517 2070 ex
1552 2015 1852 2084 longinquo
1893 2014 2050 2067 donis

477 2107 885 2161 circumventos
926 2117 1152 2176 tumque
1201 2108 1290 2161 hic
1344 2119 1746 2161 commorantes
1785 2121 1850 2159 co
1875 2106 2053 2160 addu-

479 2213 607 2251 cere
634 2197 866 2260 studuit,
888 2209 947 2252 ut
988 2199 1140 2251 novis
1175 2198 1557 2268 et,illegititnis
1589 2197 1752 2250 tomis
1775 2196 2054 2264 subscrip-

485 2287 634 2341 tione
675 2289 953 2357 astipulati
982 2289 1033 2341 in
1064 2289 1308 2342 futurum
1343 2304 1528 2343 secum
1574 2289 1716 2341 idem
1762 2288 2052 2350 sentirent,

483 2387 740 2446 spectans
774 2381 977 2450 quippe
1040 2381 1106 2435 ad
1159 2397 1370 2436 morum
1419 2380 1828 2450 simplicitatem
1885 2387 1941 2432 et
1972 2379 2054 2431 in-

479 2473 681 2525 eallida
763 2473 1150 2542 incmuptaqne
1204 2489 1394 2528 eorum
1455 2473 1703 2527 doetrina
1743 2471 1938 2533 fretus,
1997 2479 2057 2524 ttt

491 2564 820 2630 purticulare
882 2565 1013 2618 illud
1067 2577 1234 2634 atque
1316 2564 1709 2634 przedatoriutn
1764 2563 2057 2617 concilium

472 2657 595 2722 jam
627 2657 952 2711 catholicam
1014 2658 1286 2728 synodum
1338 2659 1646 2721 nominare,
1697 2655 1801 2710 sibi
1861 2669 2064 2725 oppro-

490 2749 609 2802 bria
636 2749 899 2803 facientes
943 2747 996 2803 in
1034 2750 1276 2804 futurum
1329 2761 1388 2805 ut
1438 2750 1658 2804 insanos
1703 2757 2062 2803 contemnere

475 2857 555 2896 'ac
583 2842 733 2895 nullo
765 2850 924 2910 pacto
957 2842 1276 2908 conturbari
1329 2851 1532 2910 posset.
1585 2841 1663 2895 Ita
1701 2840 1849 2894 nulla
1906 2854 2068 2908 pror-

491 2949 588 2988 sus
619 2933 820 2988 divina:
848 2933 1209 3003 providentia:
1239 2932 1427 2986 habita
1465 2932 1678 2986 ratione
1735 2947 1834 2986 sua
1887 2931 2065 3000 ipsius

492 3029 809 3095 cognitione
841 3028 1084 3082 conlisus
1105 3026 1287 3080 omnia
1312 3027 1652 3080 moderatur.

2147 1836 2369 1897 δύντας,
2401 1834 2652 1904 ἀπείροις
2701 1832 3146 1904 περιαντλεῖσθαι
3177 1833 3402 1902 γένηται
3435 1833 3720 1899 ναυαγίοις

2149 1923 2308 1994 ήμῶν
2366 1923 2559 1985 αὑταῖς
2612 1922 2813 1991 ψυχαῖς
2884 1923 2983 1974 καὶ
3029 1921 3211 1983 αὐτοῖς
3266 1919 3502 1990 σώμασι.
3549 1918 3724 1974 Ταῦτ’

2151 2014 2370 2070 ἀκούων
2397 2015 2425 2068 ό
2461 2013 2719 2084 βασιλεὺς
2770 2015 3014 2083 καιρίαν,
3073 2015 3263 2082 φησὶν,
3321 2012 3540 2082 ἐνόμιζε
3571 2013 3726 2081 δέχε-

2155 2108 2280 2160 σθαι
2330 2106 2474 2160 κατά
2516 2105 2614 2168 τῆς
2654 2104 2881 2175 καρδίας
2932 2104 3167 2174 πληγὴν,
3217 2105 3310 2157 καὶ
3349 2104 3726 2174 μεμελέτηκεν

2155 2197 2272 2251 ἀντ’
2302 2197 2468 2252 ἄλλου
2527 2196 2847 2265 φαρμάκου,
2889 2191 2982 2249 τόν
3042 2212 3103 2248 τε
3155 2194 3564 2265 Ἀλεξανδρείας
3615 2213 3724 2249 πα-

2155 2289 2427 2358 τριάρχην
2489 2287 2582 2340 καὶ
2617 2287 2733 2354 ἅμα
2773 2290 2864 2341 τδν
2897 2289 2995 2355 τῆς
3030 2287 3362 2358 Ἀντιοχείας
3407 2287 3602 2358 δώροις
3629 2305 3732 2340 πε-

2162 2377 2389 2449 ριελθὼν
2425 2379 2522 2432 καὶ
2553 2378 2862 2450 πόρρωθεν,
2899 2378 3322 2449 ἐνδημήσαντας
3370 2378 3583 2432 πείθειν
3637 2378 3732 2431 ιν-

2158 2470 2354 2524 ταυθοῖ
2403 2470 2694 2524 συνθέσθαι
2743 2471 2855 2534 τοῖς
2911 2473 3054 2525 νέοις
3089 2472 3184 2524 καὶ
3242 2470 3585 2542 παρανόμοις
3638 2471 3734 2522 τό-

2164 2570 2320 2630 μοις,
2382 2562 2479 2615 καὶ
2535 2561 2965 2633 ὑπογράψαντας
3021 2556 3162 2614 εἶναι
3233 2560 3328 2614 καὶ
3393 2561 3594 2622 αὐτοὺς
3638 2558 3734 2612 τοῦ

2161 2654 2350 2708 λοιποῦ
2387 2672 2452 2726 γε
2491 2655 2829 2725 ὁμόφρονας,
2879 2657 2937 2718 ὲς
2966 2654 3026 2708 τὸ
3085 2653 3195 2707 τῶν
3256 2653 3471 2723 τρόπων
3509 2653 3736 2704 ἐκείνων

2163 2747 2375 2801 ἀπιδὼν
2411 2751 2508 2802 καὶ
2536 2747 2824 2819 θαρρήσας
2856 2745 3066 2801 ἀπλοῦν
3100 2747 3192 2798 καὶ
3218 2746 3280 2798 τὸ
3315 2745 3426 2798 τῶν
3445 2744 3736 2816 γραφικών

2168 2841 2413 2912 μεθόδων
2450 2840 2760 2905 ἁποίκιλον,
2785 2839 2880 2892 καὶ
2913 2835 3210 2906 καθολικὴν
3257 2835 3494 2890 ἐνταῦθα
3527 2836 3588 2889 τὸ
3642 2853 3740 2904 με-

2171 2932 2321 3002 ρικδν
2371 2932 2548 2985 ἐκεῖνο
2591 2930 2686 2984 καὶ
2748 2928 3045 3000 λῃστρικὴν
3091 2927 3381 2996 ὀνομάζειν
3452 2925 3596 2995 ἔχειν
3634 2925 3740 2996 ήδη

2173 3024 2452 3094 συνέδριον
2481 3021 2729 3088 σύνοδον,
2757 3022 2854 3074 καὶ
2872 3018 3020 3073 οὕτω
3048 3017 3144 3072 τοῦ
3180 3017 3370 3072 λοιποῦ
3401 3017 3510 3071 τῶν
3543 3017 3748 3070 ὀνειδι-

492 3121 697 3184 ζόντων
749 3123 1109 3191 καταφρονεῖν
1157 3120 1234 3185 ώς
1285 3121 1553 3188 ἀφρόεων,
1611 3121 1704 3172 καὶ
1755 3121 1980 3190 μηδαμῆ
2039 3116 2545 3189 καταπλήττεσθαι.
2581 3114 2739 3171 Οὕτω
2794 3117 2860 3185 τῇ
2915 3112 3112 3168 ἑαυτοῦ
3170 3111 3444 3166 πιστεύων
3498 3111 3747 3166 εὐθύνειν

497 3214 717 3267 ἅπαντα
739 3215 956 3280 γνώσει,
996 3212 1342 3267 παντάπασιν
1378 3211 1599 3283 ἀμελῶν
1625 3211 1820 3281 δρᾶται
1863 3208 2122 3280 προνοίας
2149 3207 2311 3264 Θεοῦ.

573 3311 655 3365 VI.
682 3311 992 3365 Autumnus
1022 3325 1154 3362 vero
1179 3325 1301 3363 cum
1336 3308 1445 3376 jam
1473 3309 1620 3363 circa
1655 3319 1834 3362 ortutn
1863 3307 2072 3361 Arcturi

2267 3303 2360 3373 ς’.
2393 3305 2536 3374 Ἤδη
2565 3304 2623 3358 δὲ
2670 3304 2768 3358 τοῦ
2800 3303 3144 3375 φθινοπώρου
3189 3303 3319 3373 περὶ
3359 3301 3458 3366 τάς
3505 3302 3602 3357 τοῦ
3650 3303 3756 3375 ἀρ’

501 3411 668 3462 esset,
695 3416 914 3455 rumore
940 3401 1208 3469 disperso,
1239 3399 1470 3454 Venetas
1497 3399 1750 3452 triremes
1785 3398 1907 3465 plus
1939 3412 2074 3451 cen-

509 3503 623 3546 tum
663 3492 845 3545 sinmn
883 3491 1094 3544 Ionium
1128 3501 1545 3560 prmtervectas,
1593 3489 1729 3542 mari
1766 3486 2080 3542 lladriatieo

502 3580 693 3635 dextra
726 3581 916 3634 relicto
935 3579 998 3631 ad
1037 3571 1443 3649 Corcyrteorutn
1474 3588 1530 3631 et
1564 3576 1984 3649 Zacynthiorum
2018 3589 2083 3628 ac

509 3672 866 3740 Peloponnesi
898 3671 1060 3724 urbes
1077 3669 1463 3738 adnavigautes
1495 3668 1694 3722 milites
1712 3666 2084 3721 mercenarius

508 3765 758 3820 et:etatis
794 3764 983 3824 robur,
1036 3763 1180 3832 quod
1223 3777 1371 3816 arma
1401 3762 1543 3814 ferre
1575 3771 1778 3830 posset,
1827 3759 1956 3814 inde
2014 3757 2082 3812 ad

513 3857 856 3909 militandum
888 3855 1142 3910 mercede
1170 3854 1373 3923 ingenti
1401 3866 1634 3906 evocare
1695 3856 1888 3918 (naves
1936 3851 2082 3904 enim

513 3950 620 4003 illae
672 3957 834 4002 erant
879 3949 1150 4010 maxume,
1204 3955 1264 3999 ut
1319 3943 1550 4012 singula:
1600 3956 1831 3996 numero
1883 3941 2086 4011 majore

514 4055 678 4105 quam
729 4048 1075 4092 trecenorum
1136 4035 1419 4089 hominum
1496 4033 1850 4103 indigerent),
1921 4046 2089 4086 naves

514 4131 889 4199 εροιτιῑςιιιπίευ
948 4129 1140 4182 classis
1212 4128 1585 4182 Genuensiunt
1640 4127 1750 4196 78
1783 4126 1849 4178 de
1910 4140 1974 4178 ea
2031 4139 2088 4177 re

517 4225 782 4275 certiores
816 4222 990 4283 factm,
1032 4235 1192 4289 quam
1217 4221 1499 4273 celerrime
1549 4218 1746 4270 Chium
1793 4215 2093 4270 contende-

522 4322 672 4375 runt,
705 4311 960 4366 nuntium
994 4326 1062 4364 eo
1117 4310 1410 4379 perlatum!
1465 4322 1705 4374 suosque
1752 4305 2086 4368 exvitaturaz,

525 4416 585 4460 ttt
619 4405 764 4459 nulla
797 4419 947 4458 mora
982 4401 1304 4470 interposita
1337 4401 1529 4454 eodem
1558 4399 1648 4452 die
1684 4399 1920 4452 navibus
1945 4398 2094 4451 solu-

522 4500 595 4553 tis
642 4498 812 4552 remis
871 4494 1046 4549 ventis
1099 4493 1418 4564 Byzantium
1470 4493 1780 4550 tendi-rent,
1818 4490 1891 4543 ibi
1943 4491 2090 4544 enim

525 4593 722 4646 melius
744 4606 865 4646 esse
908 4589 1150 4644 hostium
1209 4589 1516 4656 ingressum
1569 4597 1910 4655 exspectare.
1966 4599 2091 4639 cum

525 4685 812 4738 castellum
852 4681 1057 4738 Galatae
1091 4681 1291 4733 multas
1347 4680 1510 4748 atque
1542 4677 1720 4730 varias
1769 4677 2095 4745 opportuni-

529 4786 671 4830 tates
709 4775 1065 4845 przebiturutn
1091 4783 1258 4826 esset.
1291 4772 1422 4826 Inde
1479 4771 1647 4839 igitur
1669 4769 1888 4822 ancoris
1915 4766 2103 4819 subla-

535 4872 603 4924 tis
633 4886 756 4924 cunt
793 4866 1022 4937 integris
1049 4868 1330 4936 sexaginta
1363 4864 1594 4918 navibus
1627 4862 1865 4932 primttm
1916 4859 1981 4912 ad
2017 4861 2102 4912 iu-

533 4964 756 5017 troiluru
810 4960 935 5016 freti
985 4959 1376 5028 llellespontici
1440 4962 1731 5014 venerunt,
1791 4950 2099 5006 deindead

531 5055 815 5110 Tenedum
875 5069 1044 5108 naves
1123 5052 1556 5105 constituerunt.
1645 5045 1972 5112 Complures
2029 5042 2103 5096 ibi

534 5148 856 5200 commorati
885 5145 1005 5199 dies
1033 5145 1178 5198 nulla
1213 5159 1270 5196 re
1307 5141 1490 5194 hostili
1555 5151 1650 5193 aut
1702 5137 1897 5191 bellica
1953 5151 2102 5190 com-

537 5239 724 5295 missa.
774 5238 867 5291 sed
915 5243 1225 5288 commeatu
1282 5233 1450 5297 petito
1497 5240 1659 5299 atque
1701 5237 1926 5296 accepto
1975 5242 2100 5280 cum

538 5346 673 5401 race
701 5329 827 5383 inde
858 5327 1069 5381 abiere.
1111 5324 1227 5378 Tali
1298 5324 1510 5376 ratione
1558 5321 1723 5373 etiam
1792 5323 1857 5372 al
1913 5331 2108 5370 omnes

2181 3395 2418 3465 κτούρου
2435 3395 2690 3458 ἐπιτολὰς
2721 3397 3042 3466 γενομένου,
3080 3397 3267 3466 φήμης
3306 3396 3527 3466 ῥυείσης
3544 3401 3620 3458 ὡς
3649 3397 3754 3449 Βε-

2183 3489 2400 3540 νετικαὶ
2429 3488 2680 3557 τριήρεις
2708 3487 2848 3557 ὑπὲρ
2887 3489 2985 3550 τὰς
3025 3487 3220 3540 ἑκατὸν
3253 3489 3345 3540 τὸν
3404 3487 3590 3541 Ἰόνιον
3647 3505 3756 3541 πα-

2190 3577 2524 3647 ραλλὰξασαι
2570 3579 2789 3640 κόλπον,
2837 3579 2933 3632 καὶ
2987 3578 3048 3631 τὸ
3103 3577 3444 3646 ’Δδριατικὺν
3485 3578 3547 3629 ὲν
3604 3577 3756 3647 δεξιᾷ

2185 3671 2637 3724 καταλελοιπυίαι
2692 3671 2956 3739 πέλαγος,
2993 3672 3092 3734 τὰς
3131 3669 3497 3739 Κερκυραίων
3532 3668 3628 3721 καὶ
3653 3671 3757 3722 Ζα-

2186 3763 2426 3817 κυνθίων
2464 3764 2558 3817 καὶ
2600 3763 3052 3833 Πελοποννησίων
3107 3761 3490 3832 παραπλέουσι
3547 3761 3754 3823 πόλεις,

2190 3857 2570 3923 ξενολογοῦσαί
2595 3873 2654 3910 τε
2682 3857 2776 3909 καὶ
2806 3856 2916 3908 τῶν
2939 3855 3150 3908 ἐκεῖθεν
3176 3855 3361 3924 ἀκμὴν
3389 3854 3489 3923 τῆς
3521 3851 3759 3922 ήλικίας,

2186 3949 2366 4019 ὁπόση
2403 3945 2802 4018 στρατεύσιμος
2831 3948 2942 4018 εῖη,
2988 3946 3184 4017 μισθοῦ
3219 3945 3614 4016 στρατεύεσθαι
3644 3942 3766 3996 πεί-

2189 4043 2380 4094 θουσαι
2413 4042 2560 4108 μάλα
2599 4057 2654 4092 τι
2717 4037 2995 4109 βρίθοντος
3029 4038 3275 4109 (μεγέθει
3321 4038 3429 4107 γὰρ
3470 4031 3611 4087 εἶναι
3663 4049 3767 4103 με-

2191 4134 2380 4201 γίστας
2421 4132 2640 4194 ὲκείνας
2671 4132 2770 4192 τὰς
2799 4132 2953 4194 ναῦς,
3000 4130 3104 4183 καὶ
3134 4127 3504 4198 πληρώματος
3553 4123 3766 4176 δεῖσθαι

2195 4224 2442 4294 μείζονος
2475 4223 2509 4294 ἢ
2539 4221 2870 4293 τριακοσίων
2900 4221 3140 4289 ἑκάστην
3161 4219 3418 4288 ἀνδρῶν),
3450 4218 3507 4272 αἰ
3549 4232 3770 4285 προφυ-

2191 4317 2409 4379 λακίδες
2427 4317 2678 4386 τριήρεις
2701 4313 2802 4383 τῆς
2832 4312 3098 4381 ναυτικῆς
3133 4311 3243 4364 τῶν
3273 4309 3605 4363 Γεννουῖτῶν
3663 4308 3766 4361 δυ-

2192 4411 2410 4479 νάμεως
2433 4409 2738 4476 πυθόμεναι
2777 4407 2875 4476 τὴν
2910 4408 3177 4474 ταχίστην
3206 4399 3343 4476 ἧκον
3374 4403 3765 4470 ἀγγέλλουσαι,

2195 4506 2290 4557 καὶ
2321 4504 2437 4574 ἅμα
2472 4502 2795 4572 ότρύνουσαι
2839 4499 3010 4568 μηδὲν
3054 4496 3433 4568 μελλήσαντας
3461 4493 3524 4566 [ί.
3563 4495 3662 4548 1ίό
3694 4491 3765 4564 ὸ]

2195 4597 2328 4649 Χίου
2348 4593 2664 4665 αὐθημερόν
2691 4609 2752 4646 τε
2782 4589 3229 4646 ἀπαλλάττεσθαι
3248 4587 3342 4641 καὶ
3371 4587 3523 4650 ὅλαις
3553 4585 3773 4648 κώπαις

2200 4687 2332 4741 εὐθὺ
2368 4685 2670 4752 Βυζαντίου
2729 4684 3010 4739 ὲλαύνεινο
3049 4680 3192 4736 εἶναι
3240 4681 3350 4751 γὰρ
3399 4679 3610 4749 βέλτιον
3656 4678 3776 4731 late!

2200 4779 2299 4850 τὴν
2337 4778 2452 4830 τῶν
2485 4777 2764 4848 πολεμίων
2808 4775 2998 4846 ἔφοδον
3035 4775 3381 4845 περιμένειν,
3429 4773 3538 4842 ὅπη
3574 4771 3639 4842 δὴ
3678 4771 3774 4823 καὶ

2200 4872 2261 4924 τὸ
2291 4869 2690 4938 Γαλατώνυμον
2722 4865 2982 4938 φρούριον
3015 4866 3103 4935 εἴη
3148 4865 3213 4918 ἂν
3248 4863 3452 4932 πολλήν
3495 4878 3620 4914 τινα
3677 4861 3774 4914 καὶ

2203 4960 2555 5030 παντοδαπὴν
2580 4961 2821 5032 παρέχον
2855 4955 3148 5026 ὠφέλειαν.
3173 4955 3445 5024 Ἀραντες
3483 4947 3578 5006 οῦν
3612 4950 3776 5014 εὐθὺς

2204 5051 2416 5106 ἐκεῖθεν
2472 5051 2737 5121 ἑξήκοντα
2799 5049 2922 5109 ταῖς
2997 5044 3202 5108 πάσαις
3255 5043 3450 5097 ναυσὶν
3519 5040 3779 5109 ἀφίκοντο

2210 5145 2426 5215 πρῶτον
2453 5143 2584 5212 ἄχρι
2633 5142 2729 5194 καὶ
2772 5142 2828 5203 ις
2872 5139 2932 5194 τὸ
2974 5138 3071 5192 τοῦ
3127 5135 3551 5205 Ἐλλησποντίου
3601 5131 3781 5202 στόμα

2211 5235 2486 5309 πορθμοῦ,
2518 5235 2611 5288 καὶ
2667 5233 2898 5287 αὐτόθεν
2930 5233 2988 5296 ἐς
3045 5230 3276 5287 Τένεδον
3331 5226 3781 5299 καθωρμίσαντο.

2214 5330 2383 5382 Ἔνθα
2463 5327 2666 5396 συχνὰς
2713 5325 3150 5386 διατετελεκότες
3209 5321 3447 5392 ἡμέρας,
3519 5318 3783 5390 πολέμιον

548 5423 921 5476 Romanorum
954 5419 1117 5473 urbes
1148 5415 1451 5470 maritimas
1479 5412 1736 5481 paulatim
1771 5409 2114 5464 atlvehEbau-

545 5525 656 5575 ιίτ,
694 5513 872 5565 donec
905 5508 1248 5570 Perinthum,
1284 5521 1406 5576 qure
1437 5505 1600 5558 etiam
1641 5503 1897 5557 lleraelea
1925 5502 2114 5568 appel-

547 5607 711 5667 latur,
737 5604 1010 5656 venirent.
1034 5601 1136 5656 Ubi
1158 5617 1279 5655 cum
1300 5615 1400 5653 uec
1415 5598 1650 5666 benigne
1681 5609 1781 5648 nec
1810 5593 2118 5647 humaniter

547 5713 634 5750 te:
661 5703 998 5749 necessarias
1028 5691 1244 5748 emendi
1275 5692 1484 5762 copiam
1519 5692 1896 5759 impetrarent,
1920 5698 2113 5754 magna

2213 5419 2420 5489 ἔφηναν
2449 5417 2660 5485 οὐδαμῆ
2684 5416 2746 5468 τὸ
2773 5415 3038 5485 παράπαν
3091 5413 3202 5466 οὐδ’
3236 5411 3463 5465 ἔνοπλον
3492 5412 3652 5480 ἔργον
3689 5408 3786 5461 ού-

2213 5512 2336 5565 δένο
2395 5510 2514 5564 ἀλλ’
2565 5509 2774 5578 ἀγορὰν
2841 5509 3176 5577 αἰτήσαντες
3223 5505 3317 5556 καὶ
3367 5501 3624 5565 λαϐόντες
3668 5497 3788 5569 μετ’

2217 5607 2441 5676 εἰρήνης
2471 5603 2682 5656 ἐκεῖθεν
2743 5602 3084 5673 ἀπήλλαξαν.
3121 5601 3230 5651 Καὶ
3290 5594 3449 5648 τοῦτο
3508 5593 3793 5656 ποιοῦντες

2217 5699 2398 5766 ἡρέμα
2428 5697 2524 5760 τὰς
2552 5696 2609 5749 ὲν
2657 5694 2898 5764 θαλάττῃ
2974 5691 3289 5760 Ῥωμαῖκᾶς
3345 5685 3656 5757 παρέπλεον
3686 5687 3792 5738 πό-
