4036 6210
260 323 331 382 ηδ
1239 315 1678 376 ltYZANTIN/E
1715 315 2101 376 HISTORle
2137 315 2278 376 LIB.
2307 317 2510 380 XXVI.
3425 319 3498 384 ὃὸ

257 441 373 500 λεις
403 435 649 500 ἁπάσας,
675 435 805 505 ἄχρι
853 435 947 487 καὶ
985 405 1041 498 ἐς
1101 429 1202 504 τὴν
1251 433 1537 502 ιῐείρινθον
1587 433 1688 501 τὴν
1737 435 1833 488 καὶ

1958 433 2120 489 ιίΐοοίί
2161 433 2482 490 difﬁcultate
2513 435 3018 499 commorabantur,
3055 451 3122 492 ex
3167 435 3368 492 Galatae
3409 455 3503 494 ca-

271 527 610 599 Ἡράκλειαν
639 527 1010 596 καλουμένην.
1058 524 1342 578 Ἐνταυθοῖ
1369 523 1415 577 δ’
1444 525 1545 576 οὐκ
1571 523 1834 594 εὐμενοῦς

256 624 384 674 οὐδὲ
420 619 810 690 φιλανθρώπου
843 622 942 686 τῆς
993 619 1199 687 ἀγορᾶς
1230 617 1340 670 τῶν
1389 616 1714 682 ἐπιτηδείων
1743 633 1835 668 τυ-

259 715 478 782 χόντες,
527 711 765 780 ἔστησαν
810 710 1064 772 ἀλύοντές
1095 726 1154 761 τε
1210 708 1302 760 καὶ
1356 709 1549 776 μαθεῖν
1602 707 1836 776 περιμέ-

257 823 448 867 νοντες
477 806 540 856 ὲκ
567 803 662 856 τοῦ
691 803 1098 870 Γαλατωνύμου
1139 799 1424 871 φρουρίου,
1471 800 1520 852 εἰ
1555 799 1654 866 τὴν
1705 798 1837 850 ὑπο-

261 896 431 965 δοχὴν
459 895 618 960 ἀξίαν
641 895 737 947 τοῦ
783 894 973 946 στόλου
1023 892 1512 958 παρεσκευάσαντο
1537 907 1552 922 ·
1589 889 1838 959 φθάσαν-

261 1004 356 1050 τες
379 988 490 1056 γὰρ
529 988 646 1039 ἐκεῖ
675 989 926 1055 τριερεις
983 981 1355 1054 προῦπεμψαν
1405 981 1558 1034 δέκα.
1615 978 1838 1044 Μεταξὺ

260 1077 324 1131 δὲ
353 1078 566 1145 λάχανα
595 1077 954 1146 παρεξιόντες
981 1073 1267 1142 ξυνέλεγον
1314 1075 1402 1124 καὶ
1437 1073 1672 1141 βοτάνην
1705 1071 1838 1124 ἔνιοι

261 1168 366 1234 τῆς
401 1167 668 1234 ναυτικῆς
712 1166 997 1233 δυνάμεως
1059 1166 1123 1218 ὲκ
1155 1165 1254 1234 τῆς
1298 1162 1500 1232 χώρας,
1535 1162 1840 1230 ἡμερήσιον

263 1260 523 1314 ἐντεῦθεν
554 1263 620 1330 τῇ
661 1260 862 1327 γαστρὶ
914 1258 1314 1326 μνηστεύοντες
1359 1255 1675 1324 τράπεζαν·
1735 1271 1840 1322 μα·-

267 1353 392 1421 κρῷ
423 1353 530 1422 γάρ
557 1367 663 1402 τινι
695 1351 792 1402 καὶ
843 1349 1179 1418 πολιιημέρῳ
1232 1348 1614 1416 δαπανώμενοι
1669 1345 1840 1398 διετέ-

265 1445 401 1495 λουν
426 1441 592 1512 λιμῷ.
625 1441 694 1494 Oi
721 1457 785 1508 γε
823 1439 928 1510 μὴν
979 1439 1382 1504 Ἡρακλεῶται,
1420 1436 1672 1506 καθάπερ
1716 1436 1844 1502 θεη-

265 1536 419 1604 λάτῳ
453 1534 751 1602 πληγέντες
778 1534 973 1602 ἀγνοίᾳ
1003 1533 1094 1585 τὸν
1129 1531 1281 1590 νοῦν,
1315 1528 1430 1582 ἀντ’
1457 1529 1625 1597 ἄλλης
1661 1526 1843 1592 ξενίας

271 1627 500 1696 ἐνέδραν
525 1627 643 1678 ἐκεῖ
673 1623 1062 1693 προλοχίζουσι
1096 1621 1202 1690 πρὸ
1256 1622 1353 1674 τοῦ
1397 1622 1586 1674 στόλου
1623 1620 1840 1685 νυκτὸς,

271 1718 394 1788 ἃμα
421 1717 467 1768 δ’
489 1717 566 1786 ἕῳ
597 1715 826 1784 συχνοὺς
857 1714 1057 1767 οὑτωσὶ
1093 1713 1202 1766 τῶν
1237 1713 1482 1766 Λατίνων
1521 1711 1844 1780 συνειληφό-

268 1829 364 1874 τες
403 1811 758 1864 ἀπέκτειναν.
788 1805 962 1860 Τοῦτο
1003 1806 1138 1874 πρὸς
1187 1805 1368 1870 ὀξεῖαν
1403 1805 1545 1873 σφᾶς
1588 1803 1846 1874 ἠρέθισεν

271 1902 470 1973 ὀργὴν,
507 1901 686 1954 καίτοι
741 1897 836 1951 καὶ
889 1897 1248 1968 βουλομένους
1310 1899 1490 1966 μάχης
1541 1895 1846 1966 ἀπέχεσθαι

275 1995 486 2062 πάσης,
517 1993 678 2062 ἄχρις
715 1990 1084 2059 ἀφικομένους
1141 1991 1198 2052 ἐς
1235 1988 1535 2052 Βυζάντιον
1591 1987 1721 2056 περὶ
1770 1986 1848 2038 εί-

280 2087 453 2156 ρήνης
495 2081 959 2154 πρεσϐεύσασθαι,
1017 2081 1109 2135 καὶ
1160 2081 1294 2134 πᾶσι
1328 2079 1552 2150 τρόποις
1607 2079 1848 2148 ἐπαγγε-

277 2176 412 2228 λιῶν
443 2177 536 2228 καὶ
579 2174 782 2236 πάσαις
811 2172 993 2226 δόσεσι
1041 2173 1342 2241 χρημάτων
1395 2171 1848 2241 περιεληλυθέναι

277 2271 370 2322 τὸν
399 2266 657 2338 βασιλέα,
714 2267 810 2320 καὶ
857 2267 1046 2318 πεῖσαι
1087 2266 1184 2326 τὰς
1214 2266 1320 2316 τῶν
1360 2264 1662 2317 Βενετικῶν
1689 2281 1852 2316 σπον-

281 2361 374 2424 δάς
407 2358 793 2427 ἀπειπάμενον
821 2356 1144 2410 ἀνθελέσθαι
1167 2357 1267 2419 τὰς
1317 2359 1488 2425 σφῶν.
1539 2357 1704 2412 Ὅθεν
1755 2358 1851 2411 ἐπὶ

285 2450 490 2515 πολλὰς
518 2449 620 2504 τὰς
647 2449 800 2519 ὧρας
829 2448 1290 2520 γνωσιμαχήσασι
1340 2447 1462 2501 καθ’
1494 2449 1724 2512 ἑαυτοὺς
1757 2450 1852 2502 καὶ

287 2541 432 2612 μάλα
455 2541 518 2608 γέ
551 2557 607 2593 τι
643 2538 848 2592 ἀνεκτά
870 2538 1042 2590 ιδόκει
1094 2535 1482 2604 σιωπήσαντας
1529 2537 1590 2588 τὸ
1634 2537 1852 2604 συμϐὰν

290 2633 730 2707 παρεληλυθέναι
761 2632 1044 2700 ἀτόπημα,
1093 2629 1192 2683 καὶ
1255 2629 1492 2699 μάλιστα
1525 2628 1624 2695 τῆς
1663 2645 1854 2680 ναυτι-

289 2730 390 2794 κῆς
447 2728 544 2781 καὶ
596 2725 935 2794 ωλυμιγοῦς
992 2723 1261 2792 ἀναρχίας
1323 2721 1718 2790 ἑκριπιζούσης
1759 2722 1855 2774 καὶ

295 2817 702 2886 ἀναφλεγούσης
736 2815 828 2867 τὸν
890 2813 1150 2884 πόλεμον.
1194 2813 1393 2882 Διόπερ
1427 2812 1484 2872 ἐς
1534 2810 1633 2880 τὴν
1695 2811 1858 2864 ὑστε-

298 2911 458 2982 ραίαν
499 2908 670 2962 ἱωθεν
692 2907 742 2961 οἱ
771 2905 1038 2976 ναύαρχοι
1064 2906 1132 2958 τὰ
1167 2905 1444 2972 πολεμικὰ
1474 2902 1582 2956 τῶν
1615 2901 1858 2972 σημείων

291 3005 672 3058 ἐνεκελεύοντο
732 2999 798 3070 δὴ
856 3001 970 3060 τοῖς
1029 2997 1388 3064 σαλπιγκταῖς
1430 2994 1857 3064 ἀνακρούεσθαι,

1935 524 2120 586 stello.
2172 539 2284 594 quo
2339 535 2500 579 antea
2551 525 2742 580 decem
2802 527 3054 584 triremes
3103 528 3500 597 prazmiserant.

1937 617 2189 672 nuntium
2221 627 2621 686 exspectantes,
2667 633 2800 670 num
2861 599 3119 674 idoneum
3165 619 3356 676 classis
3413 637 3507 675 re-

1938 709 2276 776 ceptaculum
2306 717 2610 778 parassent.
2648 709 2857 764 Interea
2889 721 3068 764 autem
3121 713 3368 767 nonnulli
3399 714 3507 767 mi-

1939 799 2095 852 litum
2136 800 2548 854 classicorume
2582 802 2814 856 navibus
2872 803 3076 872 egressi
3137 803 3285 858 olera
3342 813 3506 874 atque

1941 891 2224 959 pabularia
2255 906 2320 944 ex
2352 907 2484 960 agro
2513 891 2900 960 quotidianum
2959 895 3266 949 ventriculo
3317 897 3504 951 cibum

1941 991 2190 1051 petentes
2219 983 2569 1050 colligebant,
2603 1001 2796 1053 magna
2820 986 3023 1054 quippe
3053 1002 3152 1056 per
3197 991 3509 1059 complures

1941 1075 2059 1130 dies
2081 1075 2218 1129 fame
2289 1076 2563 1131 exhausti.
2617 1075 2951 1130 l-leracleota:
3005 1085 3186 1132 autem
3249 1088 3506 1149 tanquam

1941 1165 2216 1218 dementia
2251 1167 2358 1235 79
2387 1165 2649 1220 divinitus
2677 1166 2920 1220 immissa
2947 1169 3142 1236 perciti
3180 1185 3278 1238 pro
3319 1170 3509 1240 hospi-

1943 1255 2150 1308 talitate
2185 1255 2400 1308 insidiis
2433 1267 2598 1309 noctu
2655 1265 2779 1310 ante
2823 1258 3051 1312 cla~setn
3109 1260 3337 1314 structis
3392 1263 3506 1315 sole

1944 1346 2154 1398 oriente
2181 1347 2382 1400 n'inltos
2403 1364 2468 1400 ex
2503 1348 2708 1402 Latinis
2734 1360 2924 1417 captos
2963 1351 3321 1406 interficiunt.
3377 1353 3509 1418 Qua:

1943 1438 2164 1506 quidem
2199 1454 2284 1492 res
2313 1456 2490 1492 acrem
2509 1440 2659 1494 hisce
2687 1441 2820 1495 iram
2847 1441 3036 1502 movit,
3055 1457 3180 1495 cum
3207 1443 3508 1510 praesertim

1945 1530 2094 1581 enini
2149 1531 2450 1583 certamine
2516 1530 2790 1584 abstinere
2845 1534 3282 1597 constituissent,
3338 1534 3512 1588 donec

1947 1618 2262 1690 Byzantium
2291 1621 2566 1684 venirent.
2620 1632 2680 1675 ut
2709 1623 2774 1677 dc
2803 1639 2934 1690 pace
2978 1635 3201 1695 agerent
3258 1637 3310 1680 et
3361 1627 3510 1680 omni

1946 1727 2150 1780 genere
2207 1712 2666 1782 pollicitationum
2713 1723 2770 1768 et
2820 1717 3064 1784 pecunize
3130 1717 3514 1785 largitionibus

1950 1804 2334 1870 imperatorem
2391 1805 2828 1861 circumventum
2912 1823 2980 1862 eo
3049 1809 3406 1875 adducerent,
3451 1821 3513 1866 ut

1947 1893 2158 1948 foedere
2189 1908 2312 1946 cum
2345 1893 2568 1950 Venetis
2589 1906 2772 1962 spreto
2801 1914 2994 1952 secum
3026 1902 3346 1954 societatem
3403 1901 3513 1954 ini-

1949 1993 2054 2040 ret.
2082 1984 2260 2050 Quare
2283 1986 2484 2040 multas
2513 1989 2736 2056 quidem
2769 1990 2931 2044 horas
2952 1969 3512 2059 pendebantanim'is:

1949 2087 2192 2136 attamen
2236 2091 2344 2130 non
2381 2079 2663 2134 ferendum
2699 2081 3009 2143 videbatur.
3067 2083 3111 2136 si
3141 2081 3404 2152 ﬂagitium
3459 2085 3515 2139 in

1950 2187 2010 2226 se
2041 2170 2398 2226 commissum
2448 2170 2778 2238 impunitum
2835 2173 3092 2227 omittere
3127 2175 3348 2238 vellent,
3377 2177 3518 2228 clas-

1951 2267 2084 2321 sicis
2115 2263 2420 2334 prarsertim
2453 2266 2602 2321 varie
2625 2266 3084 2321 tumultuantibus
3125 2267 3363 2336 bellique
3397 2283 3521 2322 cer-

1954 2368 2134 2414 tamen
2191 2361 2543 2416 moventibus
2595 2368 2654 2414 et
2703 2358 3153 2414 accendentibus.
3205 2359 3516 2427 Insequenti

1955 2451 2121 2522 igitur
2178 2453 2268 2508 die
2293 2454 2426 2509 solis
2469 2461 2592 2508 ortu
2651 2467 2776 2506 cuni
2835 2450 3076 2520 praefecti
3143 2450 3336 2505 classis
3389 2449 3518 2504 belli

1955 2543 2108 2612 signa
2146 2543 2298 2598 tubis
2322 2543 2412 2598 edi
2443 2543 2758 2613 iussissent,
2801 2557 2997 2596 on‘mes
3019 2541 3212 2594 armati
3260 2540 3324 2592 ad
3359 2541 3522 2592 ultio-

1955 2649 2088 2688 nem
2119 2637 2444 2690 sumendam
2478 2635 2682 2704 egressi
2716 2634 2908 2687 urbem
2933 2634 3158 2701 cingunt
3183 2641 3240 2685 et
3265 2631 3524 2685 omnibus
3619 2697 3626 2710 '

1958 2723 2133 2794 portis
2188 2723 2431 2778 eﬂ‘ractis
2473 2724 2708 2776 duarum
2765 2722 3025 2775 horarum
3071 2720 3250 2789 spatio
3301 2722 3522 2788 capiunt

1959 2817 2172 2876 urbem,
2199 2814 2454 2868 refertam
2485 2829 2590 2866 non
2619 2813 2797 2866 solum
2854 2813 3132 2866 veteribus
3165 2811 3378 2874 incolis,
3423 2810 3520 2865 sed

1958 2905 2123 2961 etiam
2155 2905 2226 2960 iis
2253 2903 2347 2972 qui
2393 2905 2596 2958 exteris
2658 2902 2905 2958 Thraciae
2961 2903 3097 2957 vicis
3154 2911 3378 2972 propter
3399 2917 3522 2956 cre-

1960 2998 2090 3053 bras
2119 2997 2402 3066 gentilium
2437 2995 2777 3051 incursiones
2809 2996 3014 3050 relictis
3065 3009 3132 3049 eo
3183 2994 3342 3048 sedes
3397 3008 3522 3047 cum

297 3100 392 3153 καὶ
427 3097 604 3159 οὕτως
625 3096 707 3156 είς
739 3094 952 3162 ἄμυναν
1001 3089 1214 3143 ἔνοπλοι
1269 3089 1469 3152 πάντες
1519 3087 1857 3158 ἐκπηδήσαν-

1963 3091 2175 3162 magnis
2199 3090 2406 3145 divitiis
2439 3090 2852 3144 transtulerant.
2898 3088 3123 3142 lrruunt
3166 3086 3234 3138 ab
3267 3085 3524 3139 omnibus

295 3209 384 3252 τες
405 3184 1049 3260 περιεστρατοπέδευσαν
1095 3180 1192 3251 τὴν
1239 3181 1413 3233 πόλιν.
1461 3180 1572 3232 Καὶ
1607 3178 1723 3248 ἅμα
1760 3179 1860 3242 τὰς

295 3282 476 3343 πύλας
535 3265 1045 3348 ἀναμοχλεύσαντες
1120 3271 1320 3334 πάσας,
1373 3271 1432 3322 έν
1479 3269 1651 3340 ὥραις
1717 3264 1862 3322 εἶλον

293 3373 418 3425 δυσὶ
455 3371 662 3440 μεστὴν
689 3366 852 3420 οὖσαν
877 3365 940 3418 ού
983 3365 1146 3434 μόνον
1193 3361 1303 3415 τῶν
1332 3361 1502 3415 πάλαι
1557 3361 1860 3430 οἰκητόρων

293 3465 495 3530 αὐτῆς,
525 3459 664 3512 ἀλλὰ
694 3460 785 3512 καὶ
809 3459 926 3511 ὅσοι
956 3459 1058 3520 τὰς
1090 3456 1195 3520 ἔξω
1255 3455 1448 3523 κώμας
1484 3455 1584 3520 τῆς
1638 3453 1862 3523 Θρᾴκης

293 3556 384 3606 διὰ
431 3555 632 3619 συχνὰς
671 3551 780 3603 τῶν
837 3549 1006 3602 ἐθνῶν
1066 3546 1289 3612 ἑφόδους
1345 3543 1596 3605 λιπόντες
1657 3544 1716 3594 ὲν
1751 3545 1864 3604 τοῖς

293 3643 468 3710 αὐτῆς
523 3639 965 3710 μετῳκίσθησαν,
1035 3635 1266 3688 πλοῦτον
1337 3632 1680 3687 παντοδαπὸν
1745 3633 1865 3684 ius!

297 3735 772 3802 συμρορήσαντες.
847 3731 956 3782 Καὶ
1001 3727 1100 3792 μὲν
1135 3728 1199 3796 δὴ
1263 3727 1356 3779 καὶ
1397 3726 1696 3795 είσεχέοντο
1731 3724 1866 3778 πάν-

293 3840 390 3884 τες
442 3821 821 3890 ἁπαντιχόθεν
867 3820 1108 3884 Λατῖνοι,
1163 3819 1256 3870 καὶ
1303 3817 1482 3870 πᾶσαν
1539 3816 1864 3886 ἠνδραποδί-

297 3914 456 3978 ζοντο
483 3913 704 3982 ἠλικίαν
733 3909 1006 3975 ἐλεεινῶς,
1045 3909 1145 3976 ὅση
1173 3908 1248 3976 μὴ
1285 3907 1518 3977 δρασμῷ
1561 3909 1664 3976 τὴν
1691 3923 1867 3978 σωτη-

297 4000 428 4066 ρίαν
464 3997 600 4067 έςθη
635 3997 984 4066 πορίσασθαι.
1015 3995 1331 4065 Τηνικαῦτα
1382 3994 1427 4048 δ’
1486 3996 1636 4068 ἀπῆν
1685 3999 1714 4050 ό
1763 3997 1866 4066 τῆς

299 4089 512 4150 πόλεως
554 4087 926 4148 ἐπισκοπικῶς
957 4085 1324 4156 προΐστασθαι
1357 4085 1540 4156 λαχὼν
1575 4087 1862 4151 Κόκκινος·

297 4181 444 4231 οὓτω
471 4179 580 4247 γὰρ
611 4179 849 4230 ἐκαλεῖτο
878 4179 964 4231 διὰ
990 4178 1046 4229 τὸ
1096 4177 1343 4243 πυρῶδες
1389 4181 1485 4231 καὶ
1523 4178 1720 4248 ἄγριον
1760 4181 1862 4250 τῆς

298 4269 475 4337 ὅψεως
509 4271 538 4320 ό
571 4271 880 4336 ποιμενικὸς
928 4269 1138 4337 πατήρ.
1181 4268 1375 4336 Ἔτυχε
1407 4267 1516 4338 γὰρ
1563 4269 1624 4319 έν
1655 4269 1868 4332 Βυζαν-

296 4361 424 4428 τίῳ,
461 4362 578 4421 ταῖς
606 4359 704 4422 μὲν
736 4359 830 4410 τοῦ
865 4359 1092 4426 Ιιαλαμᾶ
1136 4357 1511 4424 καινοιρωνίαις
1539 4359 1690 4428 πάσῃ
1727 4359 1868 4426 γνώ-

1962 3183 2212 3254 partibus
2259 3182 2438 3235 Latini
2493 3191 2550 3235 et
2615 3195 2808 3234 omnes
2861 3180 3042 3234 orunis
3093 3178 3268 3233 aetatis
3326 3175 3524 3232 misera

1963 3275 2228 3330 servitute
2251 3271 2516 3336 alliciunt,
2549 3274 2641 3342 qui
2677 3287 2782 3326 non
2815 3272 2937 3337 fuga
2969 3270 3200 3324 salutem
3247 3269 3352 3322 sibi
3377 3285 3528 3338 quiv-

1962 3367 2222 3422 siveraut.
2261 3365 2372 3434 80
2399 3366 2554 3418 Tunc
2583 3364 2774 3417 aberat
2799 3362 3090 3426 Coccinus,
3120 3362 3212 3430 qui
3239 3361 3527 3427 episcopa-

1965 3468 2076 3512 tum
2115 3458 2268 3512 urbis
2300 3457 2530 3512 sortitus
2562 3465 2700 3510 erat.
2745 3453 3014 3508 Coccinus
3048 3453 3196 3506 enim
3253 3451 3528 3520 pastorius

1965 3560 2118 3620 pater
2145 3550 2214 3604 ab
2246 3549 2405 3618 igneo
2433 3555 2484 3604 el
2523 3549 2750 3603 eﬂ‘erato
2776 3546 2929 3598 vultu
2967 3543 3366 3611 appellabatur.
3394 3543 3530 3596 Ver-

1965 3639 2187 3694 sabatur
2223 3647 2338 3692 tum
2372 3637 2632 3706 temporis
2663 3635 2930 3705 Byzantii,
2973 3633 3064 3686 ubi
3103 3631 3262 3685 novis
3301 3629 3530 3685 Palama:

1965 3735 2288 3788 commentis
2327 3732 2472 3786 omni
2505 3733 2692 3785 animo
2723 3743 2885 3798 atque
2920 3728 3102 3783 studio
3135 3729 3377 3790 deditus,
3409 3743 3531 3796 gre-

1965 3824 2048 3892 gis
2083 3826 2167 3880 sui
2205 3839 2396 3892 parum
2427 3824 2610 3877 habita
2647 3824 2879 3884 ratione,
2921 3837 3066 3873 ver-.e
3097 3820 3220 3873 ﬁdei
3273 3833 3536 3888 persecu-

1968 3917 2170 3970 tionem
2201 3914 2551 3974 accendebat,
2611 3912 2930 3980 imperatori
2987 3923 3118 3963 vero
3179 3925 3246 3963 ex
3298 3909 3530 3964 somniis

1965 4016 2021 4061 et
2051 4006 2264 4074 tripode
2290 4003 2476 4058 nescio
2503 4017 2614 4070 quo
2653 3999 2912 4054 vaticinio
2951 4013 3174 4068 magnas
3207 4013 3336 4052 sane
3361 4005 3530 4066 atque

1969 4095 2268 4150 ineffabiles
2297 4109 2385 4147 res
2417 4092 2798 4160 pollicebatur,
2831 4089 3046 4158 imperii
3105 4089 3364 4162 nimirum
3417 4103 3532 4142 am-

1967 4185 2375 4258 plificationem.
2439 4181 2685 4235 Orientis
2760 4190 2817 4234 et
2879 4179 3193 4234 Occidentis
3243 4179 3532 4244 ditionem,

1966 4294 2087 4348 qua:
2120 4275 2270 4330 nullo
2303 4273 2520 4343 negotio
2573 4272 3006 4342 persecutionem
3039 4289 3068 4327 e
3101 4273 3326 4341 vestigio
3389 4273 3538 4328 inse-

1968 4377 2161 4422 cutura
2192 4375 2356 4420 esset.
2387 4365 2458 4419 At
2486 4365 2770 4420 enimvero
2799 4381 2923 4420 cum
2953 4365 3176 4420 Coccini
3201 4365 3530 4434 praesagium

301 4465 384 4520 μη
413 4451 502 4500 καὶ
535 4449 738 4518 σπουδῇ
783 4449 1108 4516 συμμαχῶν,
1161 4448 1252 4500 τού
1311 4448 1366 4500 δὲ
1406 4450 1662 4517 ποιμνίου
1699 4451 1857 4520 μικρᾶ

1972 4475 2198 4528 prorsus
2247 4473 2406 4512 secus
2458 4456 2700 4518 caderet,
2769 4456 2823 4510 in
2882 4471 3102 4525 magnas
3159 4457 3389 4525 injectus
3451 4465 3533 4510 est

298 4539 630 4610 φροντίζων,
655 4542 746 4591 καὶ
767 4541 859 4591 τον
889 4541 986 4606 μὲν
1018 4540 1158 4592 κατά
1187 4542 1284 4607 τῆς
1303 4541 1581 4603 εύσ;6είας
1607 4540 1668 4612 μ’.
1695 4542 1716 4594 1
1737 4545 1751 4596 ι
1771 4543 1793 4594 ί
1811 4540 1866 4614 a]

299 4630 681 4701 ἀναρριπίζων
717 4629 970 4682 ἐνταυθοῖ
998 4629 1256 4696 διωγμὸν,
1285 4629 1362 4699 τῷ
1397 4629 1452 4681 δὲ
1501 4630 1709 4700 βασιλεί
1737 4648 1869 4690 προ-

301 4723 702 4788 φοιϐαζόμενος
736 4721 792 4786 ἐξ
823 4721 1069 4789 ὀνείρων,
1105 4718 1212 4794 κάκ
1247 4720 1338 4770 τοῦ
1379 4721 1623 4774 τοιούτου
1679 4738 1870 4788 μαντι-

305 4813 406 4863 κοῦ
457 4811 714 4881 τρίποδος
777 4810 1211 4882 ὑπισχνούμενος
1261 4814 1328 4863 τὰ
1405 4811 1620 4878 μεγάλα
1669 4827 1729 4862 τε
1780 4811 1872 4864 καὶ

307 4903 624 4971 ἀπόρρητα,ρ
659 4901 890 4970 κλήρους
919 4903 1092 4971 ἀρχῆς
1123 4900 1319 4970 δηλαδὴ
1347 4901 1730 4968 καινοτέρους,
1777 4903 1874 4952 καὶ

305 4995 490 5061 πάσης
515 4994 658 5063 ἑῴας
683 4999 776 5044 καί
812 4994 1068 5062 ἑσπερίου
1093 4993 1300 5064 λήξεως
1343 4995 1698 5062 ἐπικράτειαν
1742 4993 1874 5062 ἀμο-

307 5088 443 5156 χθον
477 5089 676 5138 οὑτικα
727 5087 870 5156 μάλα
921 5101 975 5138 τι
1029 5085 1297 5153 ἐψομένην
1325 5085 1399 5150 τῷ
1440 5083 1682 5154 διωγμῷ.
1717 5073 1872 5140 Ἀλλὰ

307 5185 422 5246 γὰρ
481 5179 672 5248 ἐπειδὴ
711 5183 846 5248 πρὸς
894 5180 1000 5230 πᾶν
1053 5180 1363 5230 τούναντίον
1433 5177 1628 5250 ἐχώρει
1677 5179 1735 5230 τὸ
1779 5178 1872 5231 τοῦ

310 5273 582 5322 Κοκκίνου
614 5272 923 5340 μάντευμα,
957 5271 1160 5342 πολλὴν
1219 5276 1442 5342 παρεῖχε
1484 5276 1581 5342 την
1639 5271 1874 5342 ἀπορίαν

311 5361 390 5429 τῷ
437 5360 670 5429 βασιλεῖ,
715 5361 863 5413 καὶᾶ
893 5361 1014 5429 χθὲς
1064 5365 1157 5413 καὶ
1185 5363 1453 5432 προτριτα
1508 5363 1764 5432 προσίετό
1816 5379 1874 5414 τε

311 5455 408 5504 καὶ
437 5454 643 5520 σφόδρα
667 5453 918 5521 ἀσμένως
969 5455 1241 5516 ἐπίστευε,
1281 5453 1374 5505 νῦν
1425 5456 1480 5516 ἐς
1541 5453 1876 5522 ἀμφιϐόλους

309 5545 572 5615 ἔρριπτεν
611 5543 837 5608 ἐννοίας,
867 5549 956 5596 καὶ
986 5547 1282 5615 τρικυμῖαν
1306 5541 1417 5616 εἶχε
1457 5544 1754 5613 λογισμῶν,
1786 5547 1879 5600 καὶ

305 5635 600 5688 ἀπεσείετο
621 5637 748 5698 τοὺς
783 5635 984 5705 λήρους
1025 5639 1293 5700 ἐκείνους,
1325 5639 1416 5690 καὶ
1465 5638 1687 5699 πολλαῖς
1731 5639 1880 5689 ἐπει-

311 5727 448 5797 ρᾶτο
477 5725 724 5804 μέμψεσι
756 5727 1040 5796 βαπτίζειν
1072 5729 1192 5792 τοὺς
1238 5727 1409 5792 οὕτως
1444 5727 1530 5782 ἐπ’
1570 5729 1880 5800 αὐτοφώρῳ

1975 4550 2320 4604 difﬁcultates
2376 4548 2690 4614 imperator,
2741 4547 2970 4614 utquod
3034 4547 3149 4599 beri
3205 4547 3288 4600 vel
3334 4545 3536 4599 nudius

1979 4641 2170 4693 tertius
2197 4637 2418 4691 admisit
2468 4647 2523 4690 et
2571 4635 2946 4689 lubentissime
2995 4635 3256 4696 credidit,
3323 4634 3376 4688 id
3422 4635 3534 4703 jam

1976 4729 2246 4798 ambiguis
2302 4735 2547 4782 versaret
2605 4725 3024 4796 cogitationibus
3065 4732 3122 4779 et
3169 4725 3540 4780 vehementis-

1899 4871 1902 4874 λ
1976 4822 2112 4875 sima
2143 4820 2500 4874 consiliorum
2531 4819 2884 4872 fluctuatione
2919 4820 3156 4884 agitatus
3191 4833 3366 4889 nugas
3406 4820 3542 4874 istas

1975 4913 2236 4980 abjiccret
2269 4923 2454 4980 atque,
2504 4926 2642 4981 quos
2679 4925 2788 4964 non
2817 4910 3049 4980 puderet
3083 4912 3140 4965 in
3197 4922 3305 4964 tam
3365 4913 3542 4965 mani-

1978 5003 2128 5058 festis
2203 5004 2506 5058 mendaciis
2557 5003 2918 5071 deprebendi.
2988 5003 3176 5058 multis
3229 5003 3540 5073 opprobriis

1977 5093 2212 5148 obruere
2239 5089 2552 5150 conaretur.
2606 5093 2714 5148 Sed
2763 5110 2956 5148 rursus
3009 5095 3101 5148 ille
3151 5095 3538 5163 praesagiorum

1978 5193 2168 5238 auctor
2220 5185 2286 5240 ad
2341 5201 2464 5238 eum
2512 5185 2768 5250 accedit;
2819 5187 3104 5238 veritatem
3166 5185 3301 5239 falso
3373 5187 3540 5240 inter-

1980 5280 2246 5348 pretando
2272 5289 2328 5332 et
2357 5289 2562 5332 certam
2617 5278 3024 5346 simplicitatem
3109 5279 3538 5332 transcurrendo

1978 5386 2102 5427 eum
2152 5370 2255 5424 sibi
2307 5370 2664 5436 reconciliat;
2719 5368 2858 5424 hanc
2911 5368 3208 5422 adversarii
3255 5367 3540 5434 cujusdam

1979 5461 2204 5530 spiritus
2237 5474 2358 5516 esse
2397 5462 2506 5511 vim
2545 5459 2704 5521 divit,
2733 5460 2824 5528 qui
2883 5457 3134 5512 ardorem
3165 5458 3384 5527 pietatis
3453 5471 3544 5510 re-

1982 5552 2258 5618 stinguere
2304 5559 2360 5604 et
2420 5550 2824 5618 persecutionis
2893 5563 3116 5602 cursum
3171 5547 3546 5601 fraudulenter

1983 5643 2228 5708 inhibere
2285 5641 2436 5697 velit.
2524 5641 2646 5696 Haec
2701 5642 2866 5694 etiam
2921 5639 3228 5709 exploratio
3291 5637 3540 5706 qumdam

1980 5730 2324 5801 cst,iuquit,
2357 5747 2386 5786 a
2421 5733 2534 5792 Deo
2595 5732 2840 5786 instituta
2883 5741 2940 5786 et
2997 5729 3252 5801 praelusio
3308 5730 3546 5790 fortasse
