4036 6210
478 307 545 374 71
625 312 632 321 ‘
1684 302 2102 366 NICEPllOltl
2146 303 2536 367 GREGORE
3677 312 3749 376 τε

483 428 650 484 aliter
682 425 777 498 qui
835 423 1089 491 rediret,
1124 421 1427 478 foedissima
1480 436 1615 476 nece
1666 424 1919 492 punitum
1954 424 2020 477 iri
2050 467 2066 491 ,

2172 424 2265 476 θεν
2305 427 2785 493 προστεταγμένον
2815 424 2965 479 δυοῖν
2988 425 3240 495 θάτερον,
3284 427 3317 497 ἦ
3350 427 3579 498 νικητάς
3610 432 3748 484 ἐπα·
3834 442 3841 449 “

484 535 610 591 qua:
640 518 794 574 nullo
825 524 1091 589 przctextu
1117 514 1380 582 nullaque
1407 513 1575 567 causa
1603 512 1778 567 averti
1810 525 1997 583 posset
2022 516 2064 581 ),

486 627 611 665 cum
634 610 714 665 sic
737 624 798 665 se
821 609 986 680 igitur
1007 622 1096 661 res
1120 605 1370 670 haberet,
1396 619 1589 659 omnes
1608 603 1799 659 eadem
1824 604 2068 659 necessi-

487 714 599 757 tate
631 703 807 758 coacti
841 700 1083 770 undique
1109 697 1276 752 simili
1311 696 1544 752 consilio
1581 706 1728 751 recta
1747 698 2064 768 Byzantium

487 810 709 849 cursum
736 795 1007 849 direxere.
1046 790 1123 845 lta
1171 789 1376 843 factum
1411 797 1518 855 est,
1552 799 1615 843 ut
1647 804 1714 843 ex
1749 789 2067 845 triremibus

489 887 598 943 illis
627 886 829 940 multos
862 884 982 938 dies
1014 879 1289 952 dispersis
1340 882 1620 952 octoginta
1654 880 1777 936 duze
1807 881 2069 937 conveni—

491 990 636 1044 rent.
663 995 785 1048 quze
825 976 978 1032 brevi
1018 984 1265 1044 tempore
1306 972 1636 1043 interposito
1679 974 1767 1027 vix
1809 988 2066 1043 aegreque

489 1071 773 1126 Tenedum
828 1067 1129 1131 tenebant,
1179 1080 1311 1120 cum
1346 1064 1548 1121 iterum
1582 1065 1636 1120 in
1682 1073 2063 1144 tempestatem

493 1160 835 1225 inciderent,
896 1158 1170 1213 modicam
1234 1156 1491 1228 quidem,
1536 1157 1636 1212 sed
1685 1167 2065 1228 tempestatem

490 1264 695 1309 tamen.
732 1253 812 1308 lbi
855 1252 1069 1321 aliquot
1115 1250 1237 1306 dies
1284 1250 1611 1306 commorati
1661 1266 1786 1304 cum
1833 1266 1899 1305 ex
1930 1259 2068 1305 tem-

489 1354 759 1418 pestatum
817 1343 1194 1423 ﬂuctuumque
1245 1343 1595 1408 calamitate,
1629 1353 1893 1412 quantum
1946 1342 2064 1398 ﬂeri

488 1439 690 1508 potuit,
732 1454 854 1491 sese
917 1444 1298 1501 recreassent,
1364 1443 1553 1489 austro
1608 1435 1854 1488 secundo
1902 1433 2066 1490 ﬂante

486 1532 701 1583 oriente
727 1530 840 1582 snle
865 1528 917 1582 in
955 1529 1125 1581 altum
1153 1528 1397 1597 provecti
1437 1538 1600 1593 sunt;
1638 1527 1742 1581 sub
1776 1542 2063 1597 vesperam

486 1630 672 1674 autem
704 1620 935 1675 adversa
995 1629 1319 1686 tempestate
1375 1631 1566 1674 exorta
1610 1621 1943 1690 appulerunt
1995 1620 2064 1676 ad

490 1715 684 1770 urbem
711 1713 1005 1784 quamdam
1030 1714 1082 1766 in
1118 1713 1470 1767 Cherroneso
1496 1718 1657 1764 suam
1679 1751 1694 1770 .
1727 1727 1846 1780 quae
1874 1711 2064 1767 Sestus

486 1810 716 1865 dicitur.
768 1806 899 1861 lnde
948 1804 1137 1860 multis
1163 1804 1370 1874 elapsis
1398 1803 1596 1858 diebus
1628 1804 1927 1859 disoessere
1951 1805 2064 1875 εδ

486 1898 705 1971 placido
763 1906 955 1950 austro
993 1895 1152 1949 ittitiu
1207 1896 1429 1963 quidem
1475 1894 1668 1957 ﬂante,
1722 1905 1943 1963 postero
1976 1896 2065 1951 die

485 2002 671 2046 autem
706 2004 885 2058 usque
934 1987 1075 2042 adeo
1112 1986 1586 2050 increbrescente,
1623 1998 1678 2039 ut
1712 2001 1855 2054 aegre
1888 1985 1955 2040 ad
1981 1986 2067 2041 in-

488 2084 641 2138 sulas
671 2079 1026 2151 Propontidis
1051 2093 1178 2133 cum
1219 2078 1498 2147 sexaginta
1522 2085 1648 2131 octo
1681 2077 1915 2133 navibus
1945 2092 2068 2148 per-

488 2175 680 2230 venire
721 2180 951 2245 possent
982 2178 1220 2225 exeunte
1246 2170 1427 2224 hieme
1456 2180 1511 2224 et
1541 2168 1873 2238 aequinoctio
1895 2183 2066 2225 verno

481 2265 708 2335 jatnjam
740 2270 1055 2333 appetente.
1103 2259 1243 2315 Cum
1280 2275 1413 2313 vero
1454 2269 1669 2327 portus,
1726 2259 1819 2329 qui
1859 2268 2065 2313 tantam

487 2358 720 2412 classem
753 2369 953 2422 capere
1006 2363 1213 2422 posset,
1246 2352 1352 2407 illis
1383 2351 1578 2405 insulis
1617 2366 1726 2405 non
1761 2361 1929 2416 esset,
1965 2367 2068 2421 per

489 2448 723 2505 duorum
755 2447 969 2501 dierum
1003 2446 1359 2515 noctiumque
1387 2444 1624 2512 spatium
1648 2444 1702 2497 in
1732 2444 1843 2498 alto
1876 2458 2068 2500 omnes

491 2556 661 2596 naves
706 2548 913 2594 temere
969 2538 1024 2591 in
1065 2536 1284 2592 ancoris
1315 2536 1628 2601 fluitabant,
1661 2536 1830 2592 ﬂuctu
1861 2536 1932 2591 ab
1957 2536 2068 2593 imo

493 2633 900 2686 intumescente
957 2643 1142 2699 neque
1191 2637 1519 2699 tempestate
1584 2645 1825 2700 unquam
1883 2630 2069 2686 consi-

493 2726 679 2780 dente.
715 2724 857 2779 Fieri
886 2724 1053 2780 etiam
1093 2722 1294 2788 potuit,
1328 2731 1390 2776 ut
1413 2722 1739 2778 Genuenses
1768 2722 2069 2792 derepente

494 2817 549 2871 in
577 2830 674 2870 eos
699 2829 924 2870 cursum
961 2812 1337 2877 intenderent,
1368 2813 1460 2882 qui
1480 2811 1589 2882 jam
1625 2812 1718 2866 diu
1748 2810 1802 2866 id
1833 2812 2070 2881 agebant

489 2919 656 2982 atque
683 2908 975 2981 parabant.
1003 2915 1066 2961 ut
1090 2921 1188 2962 eos
1220 2906 1366 2961 inter
1389 2904 1759 2976 navigandum
1801 2904 2069 2975 defatiga-

494 3016 584 3063 tos
618 3003 994 3059 adorirentur.
1028 3000 1156 3055 llzcc
1187 3000 1410 3068 quidem
1450 3013 1540 3052 res
1564 2996 1645 3052 sic
1666 3012 1724 3053 se
1750 2998 1870 3065 fere,
1900 2997 2069 3053 hahe-

2171 514 2348 567 νιέναι
2379 514 2488 567 νῶν
2519 513 2819 585 πολεμίων,
2854 516 2888 586 ἢ
2924 515 3213 588 πολεμίοις
3249 519 3279 574 ἃ
3291 537 3364 590 μα
3395 518 3608 584 πάντας
3630 520 3751 575 ἐκε.

2173 608 2450 676 σφαγῆναι
2482 605 2667 675 χερσὶ,
2711 606 2791 677 τῷ
2836 606 2884 661 δ’
2936 607 3116 672 ἄλλως
3181 610 3462 664 ἐπανιόντι
3515 609 3750 664 θάνατον

2171 692 2314 751 εἶναι
2365 698 2458 750 τὸν
2505 699 2786 767 αῐσχιστον
2840 700 3213 771 τούπιτίμιον,
3261 702 3483 772 ἀπάσης
3533 704 3752 771 προφά-

2170 808 2307 854 σεως
2342 790 2464 845 λίαν
2492 792 2842 862 ὑπέρτερον),
2871 794 2953 857 είς
3010 794 3261 862 ἀνάγκας
3301 794 3472 866 ⁴ᾔεσαν
3532 796 3749 850 ἅπασαι

2168 884 2266 946 τὰς
2299 885 2494 949 αὐτὰς,
2553 885 2684 939 εὐθύ
2738 886 3038 950 Βυζαντίου
3079 887 3329 940 ἐλαύνειν
3377 870 3750 959 ἑκασταχόθεν

2168 973 2388 1038 ἁπάσας
2437 977 2494 1029 ἐν
2518 976 2684 1047 ὁμοίᾳ
2714 979 2781 1046 τῇ
2806 978 3022 1049 γνώμῃ.
3061 979 3269 1050 Συνέϐη
3312 981 3497 1034 τοίνυν
3532 981 3747 1051 συχνῶν

2171 1067 2400 1137 ἡμερῶν
2457 1069 2735 1140 σποράδας
2783 1071 3069 1141 ἡθροῖσθαι
3117 1073 3370 1143 τριήρεις
3417 1074 3481 1126 ἐκ
3540 1076 3748 1128 τούτων

2167 1160 2261 1214 δύο
2290 1161 2384 1214 καὶ
2404 1161 2759 1231 ὁγδοήκοντα,
2790 1164 2846 1217 αἳ
2862 1164 2926 1233 δὴ
2954 1166 3050 1218 καὶ
3081 1165 3220 1235 μετὰ
3241 1166 3418 1237 βραχὺ
3444 1168 3750 1224 κατέπλευ-

2178 1268 2278 1306 σαν
2304 1253 2359 1316 ἐς
2385 1253 2609 1307 Τένεδον
2642 1252 2789 1323 μάλα
2824 1255 2997 1324 μόλιςο
3022 1256 3256 1326 χειμῶνι
3280 1266 3391 1328 γαρ
3423 1258 3746 1329 περιέτυχον

2172 1342 2358 1409 αὖθις,
2417 1347 2624 1415 μετρίῳ
2667 1346 2788 1415 μὲν,
2849 1348 3100 1417 ἐνέτυχον
3133 1348 3177 1402 δ’
3229 1344 3342 1402 οὖν.
3399 1348 3646 1419 Ἡμέρας
3699 1351 3747 1404 δ’

2169 1437 2288 1488 ἐκεῖ
2320 1438 2521 1507 συχνὰς
2557 1440 2977 1509 περιμείναντες
3007 1441 3100 1493 τοῦ
3124 1441 3410 1511 χειμερίου
3445 1442 3743 1507 κλύδωνος,

2169 1528 2295 1579 ὅσον
2320 1530 2564 1595 ἐιιςικτδν,
2592 1529 2789 1593 ἐαυτὰς
2816 1530 3214 1600 ἀνελάμϐανον.
3249 1532 3460 1586 Νοτίων
3486 1532 3531 1585 δ’
3549 1534 3746 1587 ἔπειτα

2170 1621 2334 1672 πνοαί
2393 1620 2452 1685 ἐξ
2481 1621 2674 1690 οὐρίας
2697 1624 3012 1693 γενομένων
3041 1623 3357 1694 ἀνήχθησαν
3385 1623 3576 1680 ἕωθεν.
3607 1619 3746 1696 Περὶ

2168 1711 2225 1764 δέ
2275 1712 2458 1782 δείλην
2499 1713 2662 1783 ὀψίαν
2716 1715 3031 1779 ὁντιπνοίας
3084 1720 3387 1788 γενομένης
3438 1719 3623 1788 σφίσιν
3680 1723 3747 1773 ἐκ

2170 1805 2418 1876 πρώρας,
2457 1809 2511 1870 ἐς
2563 1808 2696 1879 μίαν
2718 1808 2828 1862 τῶν
2863 1811 2921 1863 ἐν
2955 1811 3285 1883 Χερρονήσῳ
3325 1812 3536 1866 πόλεων
3570 1830 3736 1884 προσ-

2166 1900 2525 1968 ωρμίσθησαν
2550 1940 2567 1964 ,
2602 1900 2948 1972 καλουμένην
2979 1903 3209 1973 Σηστόν.
3256 1904 3526 1959 Κάκεῖθεν
3587 1904 3746 1968 αὖθις

2171 1990 2311 2060 μετά
2346 1990 2547 2055 πολλὰς
2589 1993 2686 2056 τὰς
2720 1994 2938 2064 ἡμέρας
2978 1996 3339 2061 ἐξέπλευσαν,
3383 1999 3537 2052 νότου
3568 1999 3747 2067 μαλαο

2169 2081 2268 2136 κοῦ
2311 2084 2413 2152 μὲν
2442 2084 2544 2156 τὴν
2571 2085 2749 2158 ἀρχὴν
2779 2088 3099 2156 γενομένου,
3147 2089 3543 2160 τραχυνθέντος
3586 2091 3633 2144 δ’
3684 2094 3746 2155 ἐς

2166 2175 2267 2244 τὴν
2301 2177 2596 2247 ὑστεραίαν
2625 2177 2883 2234 τοσοῦτον
2911 2179 3054 2234 ὥστε
3088 2182 3243 2250 μόλις
3262 2183 3602 2255 ἐδυνήθησαν
3616 2186 3743 2249 ταῖς

2168 2270 2265 2335 τῆς
2291 2269 2656 2338 Προποντίδος
2677 2272 3144 2344 προσεληλυθέναι
3171 2274 3376 2344 νήσοις,
3418 2276 3563 2330 δυοῖν
3590 2277 3745 2330 δέου-

2171 2376 2263 2413 σαι
2314 2360 2710 2432 ἐϐδομήκοντα,
2763 2363 2860 2418 τοῦ
2916 2364 3113 2436 χρόνον
3159 2365 3464 2437 τηνικαῦτα
3496 2368 3594 2432 τὰς
3645 2369 3745 2423 τοῦ

2169 2451 2440 2522 χειμῶνος
2500 2453 2761 2523 ἐσχατιάς
2820 2458 3214 2527 παραθέοντος,
3280 2458 3377 2513 καὶ
3455 2461 3748 2530 μέλλοντος

2169 2542 2293 2597 ὅσον
2335 2542 2547 2599 οὐδέπω
2592 2545 2692 2609 τὰς
2747 2547 2858 2617 τῆς
2905 2549 3101 2620 ήρινῆς
3156 2551 3450 2623 ἰσημερίας
3501 2550 3745 2623 ἀνίσχειν

2170 2637 2397 2707 τροπάς.
2426 2638 2679 2711 Κάπειδὴ
2724 2639 2892 2709 λιμὴν
2945 2644 3070 2706 ταῖς
3115 2644 3307 2712 νήσοις
3356 2646 3599 2709 ἐκείναις
3640 2646 3745 2700 οὐκ

2167 2723 2237 2800 ἦν
2287 2730 2501 2800 οὐδαμῆ
2562 2732 2803 2802 τοσούτῳ
2871 2735 3043 2807 στόλῳ
3090 2738 3409 2807 προσήκων,
3469 2739 3743 2810 μετέωροι

2169 2810 2540 2888 νυχθημέροις
2580 2820 2734 2873 δυσὶν
2794 2822 3165 2893 ἐπ’άγκυρῶν
3220 2825 3476 2881 ἐσάλευον
3532 2827 3745 2884 ἅπασαι

2172 2909 2238 2982 [ί.
2277 2911 2388 2976 “5
2411 2911 2466 2984 b]
2499 2913 2640 2966 πάνυ
2666 2931 2719 2967 τι
2752 2915 3122 2986 πλημμελῶς,
3155 2916 3251 2971 τοῦ
3276 2936 3335 2973 τε
3368 2919 3617 2990 κύματος
3642 2924 3741 2976 κά-

2169 3003 2345 3058 τωθεν
2371 3005 2729 3073 ἀνοιδοῦντος,
2764 3010 2858 3063 καὶ
2884 3007 2980 3063 τοῦ
3027 2997 3339 3080 πνεύματος
3389 3012 3600 3081 οὐδαμῆ
3654 3031 3748 3066 πω

500 3098 616 3153 bat.
642 3095 782 3152 Cum
809 3107 945 3147 vero
972 3092 1117 3146 haud
1150 3089 1363 3144 diutius
1388 3104 1513 3143 cum
1543 3088 1680 3143 mari
1706 3097 1871 3158 atque
1900 3087 2067 3143 ﬂucti-

2175 3096 2383 3167 λήξεως
2416 3099 2794 3169 μεμνημένου.
2832 3095 2910 3155 Ἦ
2933 3102 3044 3174 γὰρ
3096 3103 3163 3157 ἂν
3192 3103 3318 3174 ἐνῆν
3350 3106 3446 3158 καὶ
3497 3105 3749 3159 Γεννουῖ-

496 3188 623 3251 bus,
672 3183 1013 3255 tempestatis
1063 3183 1112 3234 vi
1170 3195 1276 3233 non
1337 3179 1695 3242 remittente,
1757 3177 2064 3234 conﬂictari

498 3283 748 3348 possent,
799 3274 1023 3329 ancoris
1055 3272 1290 3327 sublatis
1314 3271 1444 3327 inde
1494 3270 1738 3341 provecti
1766 3271 1931 3326 tertio
1974 3270 2066 3326 die

495 3367 604 3425 sub
629 3381 915 3437 vesperam
965 3363 1120 3420 tarde
1150 3374 1315 3433 atque
1346 3378 1489 3433 aegre
1521 3363 1575 3417 in
1614 3370 1831 3431 portum
1862 3362 2069 3432 Byzan-

494 3462 672 3514 tinum
712 3457 1079 3531 navigabant,
1110 3466 1238 3511 octo
1270 3455 1594 3511 triremibus
1638 3455 1903 3510 Romanis
1949 3465 2065 3509 tra-

493 3550 676 3605 hendo
704 3559 762 3605 et
795 3548 1053 3603 ducendo
1094 3548 1385 3618 appulsum
1420 3548 1475 3601 in
1509 3558 1726 3617 portum
1755 3545 2067 3616 adjuvanti-

492 3645 598 3700 bus
631 3651 688 3697 et
730 3640 1173 3697 sublevantibus.
1211 3638 1412 3694 Verum
1453 3639 1781 3709 priusquam
1822 3638 2066 3709 appelle-

493 3744 654 3802 rent,
711 3737 968 3792 triremes
1020 3732 1345 3789 Genui-uses
1387 3734 1498 3802 jam
1534 3732 1626 3787 diu
1683 3733 1749 3786 iis
1795 3731 2066 3786 insidiata:

492 3839 720 3900 repente
752 3827 1104 3895 adnavigant.
1134 3824 1313 3893 Atque
1344 3824 1583 3893 primum
1633 3822 1856 3891 quidem
1893 3836 2069 3892 expe-

495 3921 628 3978 ditis
650 3920 882 3975 navibus
911 3919 1057 3974 binis
1080 3929 1139 3973 et
1168 3916 1340 3970 ternis
1364 3931 1431 3969 ex
1462 3913 1751 3969 intervallo
1780 3914 1832 3968 in
1853 3928 2067 3984 puppes

492 4030 684 4069 eorum
714 4011 1015 4083 praemissis
1064 4025 1190 4065 cum
1235 4008 1493 4063 omnibus
1522 4006 1756 4063 navibus
1779 4007 1928 4061 omni
1954 4007 2065 4077 87

494 4106 785 4161 celeritate
822 4117 879 4159 et
909 4101 1097 4158 studio
1138 4101 1348 4156 incitati
1387 4115 1416 4152 a
1447 4108 1602 4169 tergo
1626 4099 1750 4154 illos
1775 4099 2064 4165 invadunt,

501 4205 561 4249 ut
591 4195 787 4250 Veneti
826 4207 1143 4261 quanquam
1175 4191 1335 4245 valde
1379 4187 1582 4243 defessi
1617 4190 1671 4243 in
1709 4190 1843 4243 mari
1892 4188 2070 4243 ﬂucti-

493 4288 598 4342 bus
646 4284 1133 4340 vehementissiute
1175 4292 1307 4336 tunc
1354 4278 1574 4335 turbato
1617 4279 1873 4348 prmlium
1916 4293 2070 4333 com-

2171 3207 2293 3255 ταις
2328 3192 2419 3246 ἐπὶ
2454 3198 2596 3261 σφᾶς
2627 3191 2889 3265 ἐξαίφνης
2924 3193 3300 3259 πλευσεῖσθαι,
3357 3197 3524 3252 πάλαι
3583 3197 3748 3252 τοῦτο

2178 3286 2474 3355 μελετηθέν
2498 3286 2684 3350 αὐτοῖς
2715 3288 2810 3340 καὶ
2850 3288 3305 3356 παρασκευασθὲν
3331 3290 3747 3361 κεκοπωμένοις

2172 3378 2525 3431 ἐπεισπεσεῖν
2579 3379 2720 3433 κατὰ
2752 3379 2843 3432 τὸν
2895 3379 3191 3434 ἀνάπλουν.
3257 3382 3367 3435 Kal
3424 3381 3596 3435 ταῦτα
3643 3382 3745 3454 μιν

2173 3469 2300 3539 τῇδέ
2327 3486 2404 3539 πη
2432 3469 2619 3540 ἔσχενο
2680 3470 2796 3525 ἀλλ’
2860 3470 3161 3542 ἐπειδήπερ
3208 3473 3308 3527 οὐκ
3349 3469 3418 3545 ἦν
3469 3477 3526 3538 ἐς
3579 3474 3745 3529 πλέον

2178 3559 2293 3613 οὐδ’
2325 3561 2579 3615 ἐνταυθοῖ
2610 3561 2940 3632 καθημένοις
2973 3562 3211 3638 θαλάττῃ
3243 3566 3340 3628 κα).
3395 3564 3603 3636 κύμασι
3639 3566 3746 3637 μά-

2172 3652 2364 3721 χεσθαι
2404 3654 2496 3706 καὶ
2538 3654 2813 3724 πνεύματι
2842 3673 2869 3707 τ
2880 3657 3233 3728 ραχυνομένῳ
3261 3657 3551 3728 διηνεκῶς,
3575 3660 3746 3729 ἀραν-

2169 3761 2262 3808 τες
2287 3746 2500 3798 ἐκεῖθεν
2531 3750 2765 3817 τριταῖοι
2820 3749 2949 3818 περὶ
3008 3748 3190 3819 δείλην
3242 3750 3402 3818 ὀψίαν
3463 3750 3741 3822 κατῄεσαν

2169 3836 2358 3907 ἠρέμα
2392 3837 2486 3892 καὶ
2508 3838 2800 3910 μοχθηρῶς
2828 3842 2885 3901 ἐς
2916 3838 3005 3894 τδν
3028 3844 3137 3894 τῶν
3163 3840 3476 3904 Βυζαντίων
3519 3842 3740 3912 λιμένα.

2171 3929 2282 3982 Καὶ
2323 3927 2442 3999 αμα
2471 3930 2719 3999 τριήρεις
2753 3930 3007 3984 ἐντεῦθεν
3045 3928 3192 3985 ὀκτὼ
3230 3932 3556 4003 ἀναχθεῖσαι
3599 3934 3740 3988 Ῥω-

2174 4025 2370 4091 μαϊκαὶ
2398 4024 2747 4104 συνδιέφερον
2785 4023 2884 4094 τήν
2937 4025 3274 4096 καταγωγήν
3320 4027 3414 4080 καὶ
3483 4026 3740 4096 συνεκρό-

2169 4126 2319 4172 τουν,
2355 4108 2695 4177 προάγουσαι
2750 4113 2844 4164 καὶ
2877 4113 3345 4182 χειραγωγοῦσαι.
3394 4113 3560 4168 Ἀλλὰ
3608 4115 3737 4183 πρὶν

2170 4187 2563 4269 ἀψνσθαιγῆς,
2596 4203 2952 4257 ἐπιπλέουσιν
2993 4203 3254 4273 ἐξαίφνης
3290 4203 3482 4269 αὐταῖς
3509 4207 3563 4259 αἱ
3610 4205 3742 4258 Γεν-

2170 4292 2442 4346 νουῒτιγαὶ
2471 4292 2740 4365 τριήρεις,
2769 4294 3159 4365 ἐφεδρεύουσαι
3209 4295 3378 4350 πάλαι
3405 4296 3576 4351 πολύν
3616 4313 3742 4350 τινα

496 4377 717 4432 mittere
770 4373 1085 4429 necessario
1143 4379 1497 4442 cogerentur.
1537 4367 1862 4423 Genuenses
1904 4368 2067 4439 igitur

2171 4383 2380 4452 χρόνον.
2433 4384 2545 4438 Καὶ
2595 4384 2790 4454 πρῶτα
2838 4386 2939 4456 μὲν
2997 4387 3245 4456 τριήρεις
3295 4373 3744 4458 ταχυναυτούσας

492 4483 619 4524 cum
650 4482 748 4522 eos
772 4466 884 4537 jam
929 4464 984 4518 in
1030 4478 1091 4519 se
1139 4476 1334 4533 proras
1360 4467 1747 4517 convertentcs
1792 4460 2065 4525 viderent,

2173 4474 2368 4528 σύνδυο
2416 4476 2510 4528 καὶ
2562 4476 2817 4546 σύντρεις
2840 4479 2901 4529 ἐκ
2949 4475 3316 4545 διαστήματος
3356 4480 3434 4547 ’ξς
3481 4479 3745 4549 πρύμνλν

496 4560 769 4632 puppibus
797 4555 1090 4612 confestim
1112 4553 1405 4611 retroactis
1423 4554 1713 4610 celerrima
1734 4552 1856 4622 fuga
1882 4552 2069 4610 fauces

497 4654 654 4710 Ponti
697 4660 754 4707 et
781 4650 977 4708 solitos
1010 4658 1206 4719 portus
1252 4646 1484 4717 petiere.
1515 4645 1598 4701 llli
1639 4655 1823 4700 autem
1864 4646 2069 4701 acriter

497 4746 768 4800 instantes
798 4756 837 4797 a
875 4750 1028 4811 tergo
1052 4755 1149 4795 eos
1186 4738 1490 4805 caedebant,
1526 4748 1767 4808 quatuor
1799 4736 2067 4798 navibus.

495 4852 616 4907 quae
663 4833 924 4890 ﬂuctibus
954 4832 1021 4886 ad
1072 4845 1200 4885 saxa
1262 4830 1318 4884 in
1375 4842 1527 4883 mare
1578 4825 1877 4883 eminentia
1928 4838 2068 4892 pene

501 4933 690 4985 [κίοιτε
715 4939 895 4991 erant,
920 4926 985 4982 ad
1021 4935 1239 4996 portum
1272 4924 1497 4980 relictis.
1520 4922 1639 4979 Una
1663 4936 1786 4975 cum
1819 4920 2067 4974 iisetiam

502 5025 765 5078 ltmnanaa
817 5022 922 5076 illa:
964 5019 1218 5090 triremes
1256 5029 1490 5088 egressa:
1523 5014 1734 5067 animos
1763 5026 1957 5066 eorum
2001 5009 2069 5064 ad

501 5131 738 5187 pugnam
776 5111 1189 5168 inﬂammahant
1215 5119 1381 5179 atque
1423 5104 1819 5160 accendebant.
1856 5101 2070 5158 Accidit

500 5223 653 5272 vero,
707 5214 765 5259 ut
794 5202 1200 5260 contenderent
1233 5203 1380 5255 inter
1409 5213 1467 5252 se
1494 5213 1562 5249 eo
1592 5196 1734 5258 loco,
1782 5194 1874 5248 ubi
1928 5192 2070 5247 bina:

499 5301 771 5356 columine
802 5313 914 5366 ερει
934 5297 1041 5350 iem
1084 5293 1324 5363 sepulcri
1363 5289 1649 5359 cujusdam
1677 5286 1961 5342 exhibent.
1991 5283 2069 5339 lbi

502 5392 649 5447 enim
711 5387 1012 5444 terribilem
1073 5386 1127 5440 in
1189 5383 1413 5438 modum
1478 5396 1690 5435 sununa
1748 5379 2071 5433 fortitudine

506 5482 789 5553 congressi
832 5479 1088 5550 prmlium
1148 5475 1339 5530 navale
1387 5472 1834 5534 commiserunt;
1878 5483 2072 5524 omnes

502 5587 639 5629 vero
677 5570 957 5642 pugnandi
1010 5569 1208 5623 ardore
1239 5581 1346 5621 una
1392 5580 1458 5620 ex
1507 5573 1661 5634 parte
1695 5564 1972 5628 Catelani,
2003 5577 2072 5616 ex

498 5666 673 5720 altera
704 5672 859 5733 parte
885 5660 1172 5732 quingenti
1202 5658 1279 5713 illi
1313 5655 1662 5726 Leucophori
1694 5656 2069 5724 superabant:

504 5757 724 5828 utrique
769 5768 912 5825 smpc
974 5768 1039 5809 cx
1080 5752 1197 5808 suis
1247 5750 1479 5807 navibus
1518 5748 1572 5802 in
1607 5748 1832 5804 hostiles
1874 5762 2073 5801 excur-

1426 5840 1499 5846 _.._
1512 5838 1592 5846 .._o-

1992 5831 2161 5842 μου-

2172 4567 2397 4620 ἐκείνων
2426 4566 2819 4638 προῦπεμψαν,
2864 4569 3101 4622 κᾶπειτα
3138 4570 3584 4638 ἐσπουδασμένην
3615 4572 3744 4625 τινὰ

2174 4659 2266 4710 καὶ
2302 4659 2447 4725 μάλα
2469 4675 2523 4709 τι
2553 4659 2758 4729 σφόδρα
2806 4663 3035 4714 κατόπιν
3080 4662 3259 4727 ὀξεῖαν
3308 4663 3366 4715 al
3418 4663 3590 4715 πᾶσαι
3642 4665 3745 4729 τὴν

2171 4747 2359 4816 ἔφοδον
2386 4747 2688 4809 ἐποιοῦντο,
2738 4747 2813 4810 ὡς
2852 4751 2909 4812 ἐς
2948 4750 3192 4816 ἀνάγκας
3226 4751 3361 4804 ίέναι
3396 4752 3742 4816 Ιίενετικοὺς,

2171 4841 2377 4909 καίπερ
2404 4838 2546 4893 οὕτω
2572 4842 3000 4910 κεκοπωμένους
3029 4842 3124 4895 καὶ
3156 4846 3216 4895 ἐν
3248 4842 3392 4895 οὕτω
3427 4844 3739 4915 άστατούσῃ

2172 4931 2411 5003 θαλάττῃ
2441 4931 2528 4984 διὰ
2559 4931 2650 4984 τὸν
2689 4933 2809 4985 τότε
2836 4931 3104 4997 κλύδωνα,
3140 4934 3374 5004 συνάψαι
3421 4937 3521 5004 τὴν
3557 4937 3743 5005 μάχην

2173 5021 2385 5076 αὐτόθι.
2419 5020 2766 5091 Στρέψαντας
2814 5018 2910 5074 οὖν
2947 5023 3037 5074 ἐπὶ
3070 5025 3210 5089 σφᾶς
3241 5024 3345 5093 ήδη
3400 5024 3524 5084 τοὺς
3582 5024 3745 5077 πολε-

2176 5111 2334 5180 μίους
2371 5112 2421 5164 οί
2453 5110 2772 5165 Γεννουῗται
2812 5113 2911 5174 τὰς
2962 5114 3190 5183 πρώρας
3242 5114 3438 5176 ἰδόντες
3485 5114 3743 5184 πρύμνας

2170 5219 2229 5255 τε
2264 5202 2592 5273 ὲκρούσαντο
2640 5203 2824 5268 εὐθὺς,
2854 5205 2949 5257 καὶ
2982 5206 3431 5275 ἀμετραστρεπτὶ
3469 5211 3618 5274 παρά
3646 5207 3740 5259 τὸν

2173 5294 2376 5361 αὐχένα
2406 5291 2502 5346 τοῦ
2536 5293 2742 5345 Πόντου
2781 5293 2876 5346 καὶ
2903 5295 3025 5356 τοὺς
3069 5297 3319 5364 συνήθεις
3352 5295 3576 5363 λιμένας
3607 5314 3743 5348 κατι-

2172 5382 2422 5449 έφευγον.
2461 5383 2524 5434 Οἱ
2549 5380 2596 5434 δ’
2621 5383 2906 5438 ἐπέκειντο
2932 5383 3220 5449 διώκοντές
3248 5403 3306 5439 τε
3334 5386 3429 5439 καὶ
3456 5385 3745 5456 βάλλοντες

2176 5474 2318 5526 κατὰ
2342 5473 2537 5528 νώτου.
2571 5474 2852 5545 Τέτταρας
2878 5476 3044 5537 αὐτοῦ
3091 5478 3242 5547 παρὰ
3291 5479 3381 5530 τὸν
3425 5480 3618 5547 λιμένα
3651 5479 3741 5533 διὰ

2172 5565 2262 5618 τὸν
2287 5564 2534 5619 κλύδωνα
2572 5567 2774 5638 μικρόν
2801 5586 2852 5621 τι
2890 5571 3156 5639 ραγείσας
3187 5574 3246 5623 ἐν
3284 5574 3402 5632 ταῖς
3433 5574 3551 5625 ἐκεῖ
3598 5587 3743 5641 προ-

2174 5655 2337 5727 ϐλῆσι
2378 5657 2486 5710 τῶν
2521 5661 2740 5728 πετρῶν
2791 5661 3248 5725 καταλελοιπότες
3302 5664 3588 5736 τριήρειςέ
3632 5664 3744 5717 Kal

2176 5747 2270 5813 ξύν
2301 5765 2364 5817 γε
2421 5750 2617 5815 αὐταῖς
2664 5751 2722 5803 ai
2776 5750 3085 5821 Ῥωμαϊκαὶ
3137 5753 3450 5819 omnisiva
3509 5753 3741 5822 ἐκεῖναι,
