4036 6210
506 282 572 350 ’Π
653 288 660 297 ’
1712 289 2131 352 NlCEi’llOlll
2174 292 2563 358 GREGOR.’E
3702 312 3780 376 7g

509 404 676 460 aliter
709 402 804 475 qui
863 402 1116 471 rediret,
1151 403 1453 459 fmdissitna
1506 420 1643 460 nece
1693 410 1946 477 punitum
1981 411 2047 465 iri

2199 412 2291 465 θεν
2332 421 2811 485 προστεταγμένον
2842 418 2991 473 δυοῖν
3014 421 3265 491 θάτερον,
3310 425 3343 494 ἢ
3377 425 3605 496 νικητάς
3636 430 3779 484 ἕπετ’
3856 444 3863 451 ‘

510 510 635 567 quae
666 495 820 551 nullo
851 504 1116 567 praetextu
1144 496 1405 565 nullaque
1433 497 1600 550 causa
1629 498 1804 552 averti
1837 512 2022 569 posset
2049 503 2090 569 ),

511 603 636 640 cum
659 587 739 642 sic
762 601 824 643 se
847 587 1012 658 igitur
1032 601 1122 641 res
1146 586 1395 652 haberet,
1422 601 1614 643 omnes
1634 588 1825 644 eadem
1850 591 2094 647 necessi-

512 689 624 733 tate
655 680 831 734 coacti
867 679 1107 749 undique
1133 678 1301 733 simili
1335 680 1568 735 consilio
1606 691 1753 736 recta
1772 683 2089 753 Byzantium

511 786 733 825 cursum
759 772 1030 826 direxere.
1070 770 1146 825 Ita
1195 770 1400 825 factmn
1434 781 1542 838 est,
1576 782 1638 828 ut
1672 789 1737 828 ex
1773 776 2091 833 triremibus

512 863 620 918 illis
650 863 853 918 multos
886 863 1006 917 dies
1038 861 1311 933 dispersis
1363 865 1644 936 octoginta
1677 865 1800 921 dum
1830 869 2092 923 conveni-

513 967 657 1020 rent,
685 972 807 1026 qua:
848 955 1001 1010 brevi
1040 965 1288 1025 tempore
1329 955 1659 1027 interposito
1702 959 1788 1012 vix
1832 975 2088 1030 aegreque

510 1048 794 1102 Tenedum
850 1046 1151 1111 tenebant,
1201 1060 1332 1101 cum
1368 1046 1569 1104 iterum
1604 1048 1658 1105 in
1704 1058 2085 1131 tempestatem

513 1137 856 1203 inciderent,
917 1138 1190 1193 modicam
1255 1139 1512 1209 quidem,
1557 1142 1656 1196 sed
1706 1152 2086 1213 tempestatem

510 1239 715 1285 tamen.
751 1231 832 1286 lbi
876 1230 1089 1301 aliquot
1135 1231 1257 1287 dies
1304 1234 1631 1289 commorati
1681 1250 1806 1290 cum
1852 1253 1919 1292 ex
1951 1247 2088 1292 tem-

508 1331 778 1394 pestatum
835 1321 1213 1403 lluetnumque
1264 1324 1615 1392 calamitate,
1648 1339 1913 1397 qnantmn
1965 1329 2083 1385 ﬁeri

506 1415 708 1483 potuit,
751 1430 874 1469 sese
935 1426 1317 1483 recreassent,
1383 1427 1571 1472 austro
1627 1421 1872 1474 secundo
1920 1419 2084 1477 flante

504 1508 720 1559 oriente
744 1507 858 1560 snlc
883 1506 935 1560 in
973 1508 1143 1561 altum
1171 1511 1416 1578 prnvecti
1455 1521 1617 1578 sunt;
1657 1513 1760 1566 sub
1794 1529 2081 1584 vesperam

502 1607 690 1651 autent
721 1598 952 1654 adversa
1012 1609 1337 1667 tempestate
1393 1614 1583 1658 exorta
1628 1606 1960 1675 appulerunt
2013 1608 2081 1663 ad

506 1691 700 1746 urbem
727 1692 1021 1762 quamdam
1047 1694 1098 1746 itt
1135 1693 1487 1748 Cherroneso
1514 1705 1673 1749 suam
1695 1737 1711 1755 ,
1744 1712 1863 1765 quas
1891 1697 2081 1755 Sestus

501 1786 732 1841 dicitur.
784 1783 916 1839 lnde
964 1785 1153 1839 multis
1179 1785 1386 1856 elapsis
1414 1786 1612 1842 diebus
1643 1789 1944 1846 discessere
1966 1792 2080 1862 86

502 1875 720 1946 placido
778 1884 971 1928 austro
1008 1875 1167 1929 initiu
1222 1878 1444 1945 quidem
1490 1877 1683 1941 flante,
1737 1891 1958 1948 postero
1991 1883 2081 1938 die

499 1978 686 2021 autem
721 1982 899 2035 usque
949 1967 1090 2021 adeo
1127 1967 1600 2033 increbrescente,
1637 1982 1692 2023 ut
1726 1987 1869 2039 aegre
1902 1972 1969 2026 ad
1996 1973 2082 2028 in-

501 2059 655 2113 sulas
684 2058 1039 2128 Pr0pontidis
1065 2073 1192 2113 cum
1233 2060 1512 2129 sexaginta
1536 2068 1662 2114 octo
1695 2062 1929 2119 navibus
1959 2080 2082 2134 per-

501 2151 693 2207 venire
734 2159 964 2221 possent
995 2158 1233 2205 exeunte
1259 2150 1440 2206 hieme
1469 2163 1525 2207 et
1554 2152 1886 2222 aequinoctio
1908 2170 2078 2211 verno

493 2241 720 2310 jamjam
752 2248 1067 2310 appetente.
1116 2238 1256 2295 Cum
1293 2256 1425 2295 vero
1467 2252 1681 2309 portus,
1738 2244 1832 2313 qui
1871 2254 2077 2301 tantam

499 2334 732 2387 classem
765 2337 965 2400 capere
1018 2343 1224 2401 posset,
1258 2333 1364 2388 illis
1395 2334 1589 2389 insulis
1629 2350 1738 2389 non
1773 2347 1941 2402 esset,
1977 2354 2080 2408 per

499 2423 734 2480 duorum
765 2424 979 2479 dierum
1014 2426 1370 2496 noctiumque
1398 2427 1635 2495 spatium
1659 2428 1713 2482 in
1742 2429 1855 2483 alto
1886 2444 2079 2487 omnes

502 2532 672 2571 naves
716 2525 923 2571 temere
980 2516 1033 2570 in
1075 2518 1295 2573 ancoris
1326 2518 1638 2585 ﬂuitabant,
1671 2520 1840 2576 ﬂuctu
1872 2523 1943 2577 ab
1968 2523 2078 2580 imo

503 2608 910 2663 intumescente
967 2623 1151 2679 neque
1201 2619 1529 2681 tempestate
1594 2629 1835 2684 unquam
1893 2617 2079 2672 consi-

502 2701 688 2756 dente.
723 2701 865 2756 Fieri
895 2702 1061 2758 etiam
1101 2703 1303 2768 potuit,
1338 2713 1400 2757 ttt
1422 2703 1748 2763 Gennenses
1777 2707 2078 2777 derepente

502 2792 557 2846 in
585 2807 682 2846 eos
707 2807 932 2846 cursum
969 2791 1345 2857 intenderent,
1376 2795 1468 2864 qui
1488 2794 1598 2865 jam
1634 2796 1726 2849 diu
1757 2795 1811 2851 id
1842 2797 2079 2867 agebant

497 2895 664 2957 atque
691 2886 982 2957 parabant.
1011 2894 1073 2940 ut
1098 2901 1195 2941 eos
1228 2887 1373 2942 inter
1397 2888 1766 2958 navigandum
1808 2890 2077 2962 defatiga-

500 2991 591 3038 tos
625 2980 1000 3036 adorirentur.
1035 2979 1162 3034 lltec.
1194 2982 1417 3049 quidem
1457 2996 1546 3035 res
1571 2980 1651 3036 sic
1673 2996 1730 3037 se
1757 2983 1877 3051 fere
1907 2983 2077 3040 hahe-

2197 503 2374 557 νιέναι
2405 505 2514 558 νῶν
2546 505 2844 577 πολεμίων,
2880 510 2913 581 ἢ
2950 511 3239 583 πολεμίοις
3274 515 3305 570 ἃ
3316 534 3389 587 μα
3420 516 3632 582 πάντας
3655 520 3779 574 tu.

2199 598 2474 665 σφαγῆναι
2508 598 2692 666 χερσὶ,
2736 599 2816 670 τῷ
2862 600 2909 655 δ’
2962 602 3141 667 ἄλλως
3207 606 3779 663 ἐπανιόντιθάνατον

2195 682 2338 740 εἶναι
2390 688 2483 741 τὸν
2530 691 2810 760 αῐσχιστον
2865 694 3237 766 τούπιτίμιον,
3286 698 3507 769 ἀπάσης
3557 704 3780 771 προφά-

2194 796 2332 844 σεως
2366 780 2487 835 λίαν
2515 783 2866 856 ὑπέρτερον),
2895 789 2976 852 είς
3033 789 3285 858 ἀνάγκας
3324 791 3495 863 ᾔεσαν
3555 795 3777 871 ἅπασαι

2192 873 2290 935 τὰς
2322 876 2517 940 αὐτὰς,
2576 877 2706 932 εὐθὺ
2761 880 3060 944 Βυζαντίου
3101 882 3351 937 ἐλαύνειν
3400 886 3776 958 ἑκασταχόθεν

2191 963 2411 1029 ἀπάσας
2460 968 2516 1019 ἐν
2540 968 2706 1039 ὁμοία
2737 972 2803 1040 τῇ
2828 972 3045 1044 γνώμῃ.
3083 975 3290 1047 Συνέϐη
3335 978 3520 1031 τοίνυν
3554 980 3774 1050 συχνῶν

2193 1056 2421 1126 ήμερῶν
2480 1062 2757 1133 σποράδας
2804 1066 3090 1135 ἡθροῖσθαι
3139 1070 3391 1140 τριήρεις
3438 1072 3502 1124 ἐκ
3562 1074 3774 1127 τούτων

2188 1149 2283 1203 δύο
2311 1151 2404 1205 καὶ
2425 1152 2780 1223 ὁγδοήκοντα,
2811 1157 2867 1210 αἲ
2883 1158 2947 1228 δὴ
2974 1161 3070 1214 καὶ
3101 1161 3240 1231 μετά
3261 1163 3439 1234 βραχὺ
3465 1167 3776 1222 κατέπλευο

2198 1258 2298 1295 σαν
2325 1243 2379 1306 ἐς
2406 1244 2629 1299 Τένεδον
2662 1245 2809 1316 μάλα
2845 1249 3016 1318 μόλις·
3042 1253 3275 1321 χειμῶνι
3300 1263 3411 1326 γαρ
3443 1257 3771 1328 περιέτυχον

2191 1331 2377 1399 αὖθις,
2435 1339 2643 1407 μετρίῳ
2686 1339 2808 1408 μὲν,
2869 1343 3120 1412 ἐνέτυχον
3152 1345 3197 1397 δ’
3249 1341 3361 1399 οὖν.
3418 1345 3665 1417 ⁹Βριέρας
3720 1351 3771 1404 δ’

2188 1426 2308 1477 ἐκεῖ
2340 1430 2540 1498 συχνὰς
2576 1434 2996 1501 περιμείναντες
3025 1437 3119 1488 τοῦ
3142 1438 3429 1507 χειμερίου
3464 1442 3766 1507 κλύδωνος,

2186 1516 2314 1569 ὅσον
2338 1521 2582 1586 ἐφικτὸν,
2611 1522 2807 1586 ἑαυτὰς
2834 1524 3232 1595 ἀνελάμῦανον.
3268 1529 3478 1583 Νοτίων
3505 1531 3549 1584 δ’
3567 1533 3767 1587 ἔπειτα

2188 1612 2375 1662 πνοαῖ
2411 1611 2469 1677 ἐξ
2499 1614 2691 1682 οὐρίας
2714 1618 3029 1686 γενομένων
3059 1619 3375 1690 ἀνήχθησαν
3403 1621 3593 1679 ἔωθεν.
3625 1628 3768 1695 Περὶ

2185 1700 2242 1753 δὲ
2292 1702 2475 1772 δείλην
2515 1705 2678 1775 ὀψίαν
2732 1709 3049 1775 ὁντιπνοίας
3101 1716 3403 1786 γενομένης
3455 1718 3639 1787 σφίσιν
3698 1723 3766 1773 ἐκ

2186 1794 2433 1865 πρώρας,
2473 1800 2527 1861 ἐς
2579 1800 2712 1870 μίαν
2735 1802 2844 1855 τῶν
2880 1806 2937 1857 ἐν
2971 1806 3301 1879 Χερρονήσῳ
3341 1810 3551 1864 πόλεων
3585 1830 3755 1884 προσ-

2181 1890 2539 1957 ωρμίσθησαν
2565 1931 2582 1956 ,
2618 1893 2963 1966 καλουμένην
2994 1898 3224 1968 Σηστόν.
3272 1902 3542 1955 Κάκεῖθεν
3601 1903 3764 1968 αὖθις

2185 1979 2325 2048 μετά
2360 1980 2561 2046 πολλὰς
2604 1985 2700 2048 τὰς
2735 1988 2953 2058 ¹ἡμέρας
2993 1991 3353 2058 ἐξέπλευσαν,
3398 1997 3552 2050 νότου
3582 1998 3763 2066 μαλαο

2183 2070 2282 2124 κοῦ
2325 2075 2427 2141 μιν
2456 2075 2558 2147 τὴν
2585 2078 2763 2149 ἀρχὴν
2792 2083 3113 2151 γενομένου,
3161 2087 3557 2156 τραχυνθέντος
3600 2090 3647 2143 δ’
3698 2094 3761 2155 ἐς

2179 2164 2280 2233 τὴν
2314 2167 2610 2237 ὑστεραίαν
2639 2170 2896 2227 τοσοῦτον
2923 2173 3067 2228 ὥστε
3101 2178 3257 2246 μόλις
3276 2179 3616 2252 ἐδυνήθησαν
3630 2187 3758 2250 ταῖς

2181 2259 2277 2323 τῆς
2303 2259 2668 2328 Προποντίδος
2690 2265 3157 2338 προσεληλυθέναι
3184 2271 3389 2340 νήσοις,
3430 2273 3575 2328 δυοῖν
3603 2276 3760 2330 δέου-

2183 2364 2274 2402 σαι
2325 2350 2722 2423 ἐόδομήκοντα,
2775 2357 2871 2411 τοῦ
2927 2358 3124 2430 χρόνον
3170 2362 3476 2433 τηνικαῦτα
3507 2367 3605 2431 τὰς
3656 2369 3758 2422 τοῦ

2180 2440 2451 2511 χειμῶνος
2510 2445 2772 2515 ἐσχατιὰς
2831 2452 3224 2521 παραθέοντος,
3292 2455 3388 2510 καὶ
3466 2460 3759 2527 μέλλοντος

2178 2531 2303 2585 ὅσον
2346 2532 2557 2589 οὐδέπω
2602 2536 2703 2601 τάς
2758 2540 2869 2610 τῆς
2915 2544 3112 2614 ήρινῆς
3167 2548 3461 2620 ἰσημερίας
3511 2550 3757 2622 ἀνίσχειν

2179 2627 2407 2695 τροπάς.
2436 2628 2688 2703 Κάπειδὴ
2733 2631 2902 2701 λιμὴν
2954 2639 3079 2701 ταῖς
3124 2640 3316 2708 νήσοις
3366 2643 3609 2708 ἐκείναις
3650 2647 3756 2701 οὐκ

2176 2711 2246 2788 ἦν
2286 2719 2510 2811 οὐδαμῆ
2571 2724 2812 2795 τοσούτῳ
2880 2728 3052 2801 στόλῳ
3099 2735 3418 2804 προσήκων,
3479 2739 3752 2811 μετέωροι

2177 2800 2548 2878 νυχθημέροις
2588 2811 2741 2865 δυσὶν
2803 2800 3173 2888 ἐπ’ἀγκυρῶν
3227 2800 3490 2879 ἐσάλευον
3540 2800 3753 2884 ἅπασαι

2180 2896 2245 2970 [f.
2286 2900 2396 2966 “5
2418 2901 2473 2974 ὁ]
2507 2904 2647 2958 πάνυ
2673 2923 2727 2959 τι
2761 2908 3130 2981 πλημμελῶς,
3162 2913 3259 2968 τοῦ
3284 2933 3343 2970 τε
3375 2917 3623 2988 κύματος
3650 2924 3748 2976 κά·

2176 2992 2351 3047 τωθεν
2378 2994 2736 3066 ἀνοιδοῡντος,
2772 3001 2986 3057 καὶτοῦ
3034 3008 3346 3077 πνεύματος
3395 3009 3605 3080 οὐδαμῆ
3660 3030 3753 3066 πω

505 3072 621 3129 bat.
648 3071 787 3128 Cum
816 3086 951 3125 vero
978 3071 1122 3125 haud
1156 3069 1370 3124 diutius
1395 3086 1520 3126 cum
1550 3072 1687 3126 mari
1712 3082 1877 3143 atque
1906 3072 2073 3129 ﬂucti-

2182 3084 2388 3156 λήξεως
2422 3091 2800 3160 μεμνημένου.
2838 3088 2915 3149 Ἦ
2940 3096 3050 3169 γὰρ
3102 3069 3452 3170 ἇνυένῆννκαὶ
3503 3069 3753 3158 έεννουῖο

501 3163 627 3227 bus,
677 3162 1018 3233 tempestatis
1068 3162 1117 3214 vi
1175 3175 1282 3214 non
1343 3162 1701 3226 remittente,
1763 3162 2070 3220 conﬂictari

502 3261 752 3322 possent,
803 3253 1027 3307 ancoris
1059 3253 1295 3309 sublatis
1319 3253 1448 3309 inde
1499 3254 1742 3324 provecti
1771 3256 1936 3311 tertio
1979 3256 2070 3312 die

499 3342 609 3399 sub
634 3359 918 3414 vesperam
969 3343 1124 3399 tarde
1154 3354 1319 3414 atque
1350 3361 1493 3415 aegre
1525 3345 1578 3400 in
1619 3355 1835 3415 portmn
1866 3347 2073 3418 Byzan-

497 3438 676 3489 tinutn
716 3435 1083 3508 navigabant,
1113 3446 1241 3491 octo
1273 3438 1598 3493 triremibus
1642 3439 1906 3495 Romanis
1952 3451 2068 3496 tra-

496 3524 679 3581 hendo
708 3535 765 3581 et
797 3526 1056 3582 ducendo
1096 3529 1387 3598 appulsum
1423 3530 1477 3583 in
1511 3541 1729 3600 portum
1758 3531 2070 3601 adjuvanti-

494 3620 598 3675 bns
632 3627 690 3673 et
732 3620 1175 3675 sublevantibus.
1213 3619 1414 3675 Verum
1456 3622 1784 3692 priusquam
1824 3623 2068 3694 appelle-

494 3720 654 3779 rent,
713 3714 969 3768 triremes
1021 3712 1346 3768 Genttenses
1388 3716 1500 3783 jam
1536 3715 1627 3770 diu
1684 3717 1751 3770 iis
1796 3717 2067 3772 insidiata:

492 3815 721 3875 repente
753 3805 1104 3873 adnavigaut.
1134 3803 1314 3874 Atque
1345 3806 1583 3874 primum
1633 3807 1857 3875 quidem
1894 3823 2069 3878 expe-

494 3897 627 3953 ditis
650 3898 882 3952 navibus
910 3897 1057 3953 binis
1080 3909 1139 3952 ct
1168 3897 1340 3952 ternis
1364 3913 1431 3951 ex
1462 3896 1752 3953 intervallo
1779 3899 1832 3953 in
1854 3915 2067 3969 puppes

490 4005 683 4044 eorum
714 3990 1014 4060 praemissis
1063 4006 1189 4044 cum
1234 3990 1492 4045 omnibus
1521 3991 1755 4047 navibus
1778 3993 1927 4047 omni
1953 3994 2064 4064 87

491 4082 784 4137 celeritate
821 4095 877 4136 et
908 4080 1095 4137 studio
1137 4082 1346 4137 incitati
1386 4098 1414 4135 τι
1446 4091 1600 4153 tergo
1625 4083 1749 4139 illos
1774 4084 2062 4153 invadunt,

498 4181 559 4225 ut
588 4172 784 4227 Veneti
823 4186 1140 4240 quanquam
1173 4173 1333 4226 valde
1377 4170 1580 4227 defessi
1615 4175 1669 4227 in
1706 4176 1841 4229 mari
1889 4175 2067 4230 flucti-

490 4263 595 4318 bus
643 4263 1130 4316 vehementissime
1171 4273 1304 4317 tunc
1351 4262 1571 4317 turbato
1615 4265 1870 4333 prmlium
1913 4280 2067 4319 eont-

492 4353 713 4406 mittere
766 4351 1081 4407 necessario
1139 4361 1493 4422 eugerentur.
1533 4351 1858 4408 Genuenses
1900 4354 2066 4425 igitur

488 4458 614 4498 eum
645 4458 742 4498 eos
767 4443 879 4514 jam
924 4443 978 4496 in
1026 4457 1086 4499 se
1135 4457 1329 4513 proras
1355 4452 1742 4499 convertentes
1788 4445 2060 4512 viderent,

2177 4462 2364 4517 σύνδυο
2412 4466 2506 4519 καὶ

491 4536 763 4608 puppibus
791 4534 1085 4590 confestim
1106 4535 1399 4591 retroactis
1418 4537 1707 4592 celerrima
1729 4536 1851 4607 fuga
1877 4538 2063 4596 fauces

491 4630 648 4685 Ponti
691 4638 748 4684 et
774 4629 971 4686 solitos
1005 4638 1200 4699 portus
1247 4628 1477 4698 petiere.
1508 4628 1592 4684 llli
1633 4640 1817 4683 autem
1858 4633 2063 4687 acriter

490 4720 761 4775 instantes
799 4734 830 4775 a
868 4729 1021 4790 tergo
1045 4735 1143 4775 eos
1180 4719 1484 4787 caedebant,
1520 4732 1761 4790 quatuor
1792 4722 2060 4785 navibus.

488 4827 609 4882 quae
655 4810 916 4866 ﬂuctibus
946 4811 1014 4865 ad
1065 4825 1194 4865 saxa
1255 4811 1312 4865 in
1368 4825 1520 4865 mare
1572 4810 1869 4866 eminentia
1921 4825 2060 4878 pene

492 4907 682 4961 fracta:
707 4917 887 4969 erant,
912 4904 977 4960 ad
1012 4914 1232 4975 portmn
1265 4905 1488 4962 relictis.
1513 4904 1631 4962 Una
1655 4921 1778 4960 cum
1811 4906 2058 4960 iisetiam

492 4999 756 5053 Romana:
809 4998 914 5053 illa:
956 4997 1210 5069 triremes
1248 5011 1481 5068 egressa:
1515 4998 1726 5051 animos
1754 5012 1948 5050 eorum
1991 4996 2059 5051 ad

492 5107 729 5161 pugnant
767 5088 1180 5144 inllammabant
1206 5097 1371 5157 atque
1414 5088 1810 5143 accendebant.
1846 5087 2060 5143 Accidit

489 5198 643 5247 vero,
697 5190 755 5234 ut
784 5178 1190 5236 contenderent
1224 5179 1370 5234 inter
1399 5194 1457 5234 se
1484 5195 1551 5231 eo
1582 5179 1723 5243 loco,
1773 5179 1865 5232 ubi
1917 5178 2059 5235 bina:

488 5274 760 5330 columnae
791 5273 1030 5341 speciem
1074 5272 1313 5340 sepulcri
1353 5270 1638 5340 cujusdam
1666 5270 1949 5325 exhibent.
1980 5270 2059 5325 lbi

491 5365 638 5420 enim
700 5362 1001 5418 terribilem
1062 5364 1115 5418 in
1179 5362 1402 5417 modum
1466 5378 1679 5417 smuma
1736 5363 2060 5417 fortitudine

494 5457 777 5526 congressi
820 5455 1076 5526 praelium
1136 5456 1327 5510 navale
1375 5453 1821 5517 commiserunt;
1867 5470 2061 5509 omnes

490 5562 625 5604 vero
665 5546 944 5618 pugnandi
997 5547 1195 5602 ardore
1226 5561 1333 5601 una
1379 5561 1445 5601 ex
1494 5554 1648 5616 parte
1683 5546 1959 5614 Catelani,
1991 5563 2060 5603 ex

483 5640 659 5695 altera
690 5649 846 5709 parte
871 5638 1157 5711 quingenti
1187 5638 1265 5694 illi
1299 5637 1648 5709 Leueopltori
1681 5641 2057 5708 superabant:

490 5732 709 5803 utrique
754 5746 898 5803 saepe
960 5746 1024 5787 cx
1065 5732 1182 5789 suis
1233 5732 1464 5789 navibus
1504 5731 1558 5785 in
1593 5730 1818 5787 hostiles
1861 5748 2059 5787 excur-

1202 5821 1313 5829 -σ-λΑ-
1336 5823 1483 5830 ...η-..-
1498 5822 1575 5829 οσ-ο-

1791 5820 1855 5828 ομη-
1900 5818 2143 5830 ν-..-.-‹--,,

2177 3196 2299 3244 ταις
2333 3180 2424 3236 ἐπὶ
2460 3189 2602 3251 σφᾶς
2633 3183 2895 3259 ἐξαίφνης
2929 3186 3305 3255 πλευσεῖσθαι,
3362 3194 3530 3250 πάλαι
3588 3197 3753 3253 τοῦτο

2182 3276 2478 3344 μελετηθέν
2503 3276 2689 3341 αὐτοῖς
2720 3280 2815 3332 καὶ
2855 3284 3309 3350 παρασκευασθὲν
3336 3290 3750 3359 κεκοπωμένοις

2176 3365 2529 3421 ἑπεισπεσεῖν
2582 3371 2724 3423 κατὰ
2756 3372 2847 3424 τὸν
2899 3372 3194 3430 ἀνάπλουν.
3261 3379 3371 3432 Kal
3428 3380 3599 3434 ταῦτα
3647 3382 3749 3454 μὲν

2176 3457 2303 3527 τῇδέ
2331 3476 2407 3528 πη
2435 3459 2622 3530 ἔσχεν·
2682 3462 2800 3516 ἀλλ’
2863 3464 3165 3538 ἐπειδήπερ
3211 3469 3311 3524 οὐκ
3353 3467 3422 3543 ἦν
3472 3475 3531 3536 ἐς
3584 3474 3748 3528 πλέον

2181 3547 2295 3600 οὐδ’
2326 3551 2581 3605 ἐνταυθοῖ
2613 3553 2943 3625 καθημένοις
2975 3557 3214 3634 θαλάττῃ
3245 3563 3341 3624 καὶ
3397 3563 3606 3633 κύματι
3642 3566 3748 3637 μά-

2174 3640 2367 3709 χεσθαι
2406 3644 2497 3695 καὶ
2540 3646 2814 3715 πνεύματι
2844 3653 3235 3724 τραχυνομένῳ
3262 3654 3553 3724 διηνεκῶς,
3578 3660 3747 3729 ἄραν-

2170 3749 2263 3796 τες
2288 3735 2501 3788 ἐκεῖθεν
2532 3742 2766 3807 τριταῖοι
2822 3742 2950 3812 περὶ
3010 3743 3191 3814 δείλην
3242 3746 3402 3814 ὀψίαν
3464 3749 3743 3822 κατῄεσαν

2169 3825 2358 3895 ἡρέμα
2392 3827 2486 3882 καὶ
2509 3829 2801 3902 μοχθηρῶς
2828 3835 2885 3895 ἐς
2916 3832 3006 3888 τὸν
3029 3839 3137 3888 τῶν
3163 3837 3476 3900 Βυζαντίων
3520 3841 3740 3912 λιμένα.

2171 3917 2282 3971 Kal
2322 3916 2441 3989 ἅμα
2471 3921 2719 3989 τριήρεις
2753 3924 3007 3978 ἐντεῦθεν
3045 3924 3192 3981 ὀκτὼ
3231 3929 3556 3999 ἀναχθεῖσαι
3600 3933 3739 3988 Ῥω-

2173 4014 2369 4079 μαϊκαὶ
2397 4014 2747 4095 συνδιέφερον
2785 4016 2883 4088 τὴν
2936 4021 3274 4092 καταγωγὴν
3321 4025 3413 4077 καὶ
3483 4027 3737 4095 συνεκρόε

2167 4114 2318 4161 τουν,
2353 4090 2695 4182 προάγουσαι
2748 4106 2842 4157 καὶ
2875 4090 3345 4176 χειραγωγοῦσαι.
3393 4110 3556 4165 Ἀλλά
3605 4090 3734 4182 πρὶν

2168 4189 2412 4258 ἆψτσθαι
2434 4177 2560 4259 γῆς,
2594 4194 2950 4249 ἐπιπλέουσιν
2991 4198 3253 4268 ἐξαίφνης
3289 4201 3479 4267 αὐταῖς
3506 4204 3561 4257 αἱ
3608 4177 3738 4257 Γεν-

2167 4282 2439 4334 νουῖτιγαὶ
2468 4283 2736 4355 τριήρεις,
2766 4288 3157 4357 ἐφεδρεύουσαι
3207 4292 3376 4346 πάλαι
3402 4294 3573 4349 πολύν
3613 4312 3736 4350 τινα

2166 4371 2376 4439 χρόνον.
2430 4374 2541 4429 Καὶ
2592 4376 2786 4446 πρῶτα
2835 4379 2935 4449 μὲν
2994 4382 3241 4452 τριήρεις
3292 4371 3737 4455 ταχυναυτούσας

2558 4467 2812 4538 σύντρεις
2836 4472 2896 4522 ἐκ
2945 4468 3313 4542 διαστήματος
3352 4478 3431 4544 ’ξς
3478 4478 3738 4547 πρύμναν

2167 4556 2392 4609 ἐκείνων
2421 4557 2814 4630 προῦπεμψαν,
2859 4562 3097 4618 κᾶπειτα
3133 4567 3580 4635 ἐσπουδασμένην
3611 4571 3735 4625 τινὰ

2168 4647 2260 4698 καὶ
2296 4648 2441 4713 μάλα
2463 4666 2517 4700 ’τι
2546 4652 2752 4721 σφόδρα
2800 4657 3030 4709 κατόπιν
3075 4658 3253 4722 ὀξεῖαν
3303 4660 3361 4712 αἱ
3414 4661 3585 4713 πᾶσαι
3637 4665 3737 4729 τὴν

2165 4736 2353 4804 ἔφοδον
2380 4738 2681 4801 ἐποιοῦντο,
2731 4740 2807 4803 ὡς
2846 4746 2902 4806 ἐς
2941 4745 3185 4811 ἀνάγκας
3219 4747 3355 4799 ίέναι
3390 4749 3733 4815 Ιῖενετικοὺς,

2165 4829 2370 4897 καίπερ
2397 4828 2538 4883 οὕτω
2565 4828 2993 4902 κεκοπωμένους
3021 4837 3117 4888 καὶ
3149 4841 3209 4889 ἐν
3241 4838 3385 4892 οὕτω
3420 4842 3730 4914 ἀστατούσῃ

2164 4919 2403 4992 θαλάττῃ
2433 4921 2521 4974 διὰ
2550 4922 2642 4975 τὸν
2681 4925 2801 4977 τότε
2828 4924 3096 4991 κλύδωνα,
3132 4931 3366 5000 συνάψαι
3413 4934 3512 5001 τὴν
3549 4935 3734 5004 μάχην

2164 5009 2377 5064 αὐτόθι.
2410 5011 2757 5082 Στρέψαντας
2805 5010 2901 5067 οὗν
2938 5016 3028 5069 ἐπὶ
3061 5020 3201 5084 σφᾶς
3233 5020 3337 5089 ήδη
3392 5021 3515 5081 τοὺς
3574 5024 3734 5075 πολε-

2167 5099 2325 5168 μίους
2363 5102 2412 5153 οί
2446 5101 2762 5156 Γεννουῖται
2804 5105 2902 5166 ’τὰς
2952 5108 3181 5176 πρώρας
3233 5110 3429 5173 ἰδόντες
3476 5112 3732 5182 πρύμνας

2160 5208 2219 5243 τε
2254 5192 2582 5262 ἐκρούσαντο
2630 5195 2814 5260 εὐθὺς,
2843 5197 2939 5263 καὶ
2972 5199 3422 5270 ἀμετραττρεπτὶ
3460 5208 3608 5272 παρά
3636 5206 3727 5258 τὸν

2162 5282 2365 5349 αὐχένα
2396 5281 2492 5335 τοῦ
2526 5283 2732 5337 Πόντου
2771 5286 3015 5351 καὶτοὺς
3058 5292 3308 5359 συνήθεις
3342 5292 3566 5361 λιμένας
3597 5312 3731 5345 κατ-

2161 5370 2410 5438 έφευγον.
2450 5373 2513 5424 0i
2538 5370 2585 5424 δ’
2609 5374 2894 5430 ἐπέκειντο
2921 5376 3209 5445 διώκοντές
3237 5398 3296 5435 τε
3323 5385 3419 5437 καὶ
3446 5384 3733 5454 βάλλοντες

2163 5463 2306 5514 κατά
2331 5463 2525 5518 νώτου.
2559 5465 2840 5537 Τέτταρας
2866 5471 3032 5523 αὐτοῦ
3079 5474 3230 5541 παρὰ
3279 5476 3370 5526 τὸν
3414 5477 3606 5545 λιμένα
3639 5477 3728 5532 διὰ

2160 5553 2250 5605 τὸν
2274 5554 2521 5608 κλύδωνα
2559 5559 2761 5630 μικρόν
2789 5579 2840 5614 τι
2876 5565 3143 5632 ραγείσας
3173 5569 3232 5618 ἐν
3272 5570 3389 5629 ταῖς
3422 5571 3540 5622 ἐκεῖ
3586 5586 3730 5640 προ-

2161 5643 2324 5715 6λῆσι
2365 5647 2473 5700 τῶν
2507 5652 2726 5720 πετρῶν
2778 5654 3234 5721 καταλελοιπότες
3288 5661 3574 5735 τριήρεις,
3619 5662 3731 5716 Kal

2162 5735 2256 5800 ξύν
2287 5754 2350 5806 γε
2408 5740 2602 5806 αὐταῖς
2651 5742 2707 5794 al
2762 5742 3070 5813 Ῥωμαϊκαὶ
3123 5749 3436 5814 συνεξέθ;ον
3496 5752 3727 5820 ἐκεῖναι,
