4036 6210
308 307 386 374 73
1307 298 1748 363 llYZANTIN/E
1791 300 2170 364 ilISTOerE
2207 296 2347 363 LIB.
2390 302 2598 365 XXVI-
3476 299 3548 362 74

307 419 404 474 τὸν
439 414 668 471 ἐκείνων
689 413 859 486 θυμὸν
890 409 1350 481 ἀναζωπυωῦσαί
1379 428 1436 465 τε
1492 413 1583 464 καὶ
1647 411 1878 481 ἀναφλέ-

1987 427 2127 474 rere.
2171 421 2296 467 tum
2338 429 2403 468 ex
2463 414 2565 467 hac
2595 423 2747 484 parte
2807 411 2862 469 in
2893 409 3071 480 illam,
3114 423 3226 472 tum
3275 432 3340 472 ex
3373 417 3458 474 illa
3491 419 3547 474 in

304 526 507 581 γουσαι
565 508 708 580 πρὸς
764 508 856 560 τὶν
903 507 1160 574 πόλεμον.
1202 505 1304 559 Καὶ
1356 504 1457 574 μὲν
1505 504 1571 577 δὴ
1605 504 1873 574 τετύχηκε

309 603 650 674 συρραγῆναι
682 601 824 669 σφᾶς
850 598 969 651 κατ’
991 597 1238 667 ἀλλήλων
1299 597 1408 682 ὅπη
1463 597 1644 657 κίονες
1698 595 1877 649 διπλοῖ

309 695 496 765 σχῆμα
525 694 696 760 τάφου
751 694 895 752 τινος
917 692 1202 758 ἀνέχοντες
1255 689 1526 743 ἵστανται.
1567 688 1717 741 Ἑκεῖ
1766 686 1876 757 γὰρ

306 788 395 841 ἐπ’
444 785 700 854 ἀλλήλους
743 785 891 854 μάλα
939 801 991 836 τι
1042 780 1509 850 καταπληκτικῶς
1563 781 1658 833 καὶ
1711 778 1882 850 εὑρώ-

305 893 451 939 στως
477 876 821 945 ὁρμήσαντες
849 872 1216 942 ἐναυμάχουν,
1258 872 1354 924 καὶ
1395 871 1634 938 μάλιστα
1658 868 1876 923 πάντων

300 969 454 1020 ἔνθεν
486 970 587 1036 μὲν
616 969 666 1020 oi
707 965 1031 1032 Κατελάνοι,
1096 965 1306 1017 ἐκεῖθεν
1361 965 1407 1018 δ’
1438 966 1487 1018 oi
1526 964 1874 1018 πεντακόσιοι

300 1059 649 1127 λευχείμονες
713 1061 931 1122 ἐκεῖνοι,
1005 1058 1176 1128 συχνὰ
1232 1056 1588 1120 ἐπεκθέοντες
1639 1059 1703 1110 ὲκ
1755 1056 1866 1108 τῶν

303 1151 452 1204 ίδίων
475 1151 532 1212 ἐς
566 1149 664 1212 τὰς
691 1149 1028 1210 ἀντιπάλους
1060 1151 1313 1218 ἑκάτεροι
1346 1149 1500 1212 ναῦς,
1531 1148 1625 1201 καὶ
1656 1148 1752 1200 νῦν
1772 1149 1873 1214 μὲν

299 1243 555 1295 ἐντεῦθεν
590 1245 794 1306 ἐκεῖσε,
827 1242 923 1295 νῦν
971 1243 1015 1295 δ’
1046 1215 1261 1296 ἐκεῖθεν
1293 1241 1529 1295 ἐνταῦθα
1561 1239 1872 1310 περιειλού·

1989 503 2129 559 hanc
2159 514 2369 574 partem
2407 506 2610 576 urgeri,
2663 507 2867 561 celeres
2900 509 3256 564 excursiones
3306 513 3546 565 subitas-

1986 611 2094 666 que
2127 597 2475 653 incursiones
2511 598 2804 665 conticere,
2830 602 3129 656 crudeliter
3155 617 3276 658 sese
3313 603 3545 658 invicem

1986 688 2218 754 crdere,
2246 689 2330 744 sui
2355 690 2638 761 sanguinis
2658 701 2715 747 et
2743 695 2992 764 corporis
3017 695 3173 764 quasi
3203 695 3365 751 alieni
3397 706 3546 750 atro-

1988 779 2126 834 citer
2153 791 2210 835 et
2241 782 2460 837 elferate
2497 785 2702 838 nullam
2749 801 2974 854 proreus
3006 787 3206 842 habere
3255 789 3544 842 rationein.

1984 871 2099 927 Nisi
2136 874 2313 929 noctis
2345 875 2654 930 interventu
2691 877 2839 932 brevi
2879 886 3123 947 tempore
3155 881 3266 949 88
3299 881 3545 949 przelium

1983 965 2117 1019 illud
2171 966 2361 1021 navale
2418 967 2748 1036 diremptum
2793 979 2959 1033 esset,
2993 985 3184 1027 omnes
3215 973 3374 1028 facile
3410 973 3518 1026 invi

1984 1069 2101 1110 cem
2141 1057 2320 1128 gladio
2350 1069 2403 1113 et
2438 1059 2574 1112 mari
2602 1059 2877 1128 absumpti
2928 1061 3268 1117 interissent.
3310 1063 3547 1119 Dirime-

1983 1147 2187 1203 bantur
2235 1162 2418 1204 autem
2451 1150 2595 1205 haud
2630 1166 2761 1206 sane
2810 1150 3020 1208 lubenti
3070 1155 3254 1208 animo
3307 1156 3548 1210 secunda

1982 1238 2097 1294 fere
2119 1249 2175 1296 et
2202 1243 2361 1296 tertia
2405 1247 2534 1298 liora
2567 1245 2768 1301 noctis.

301 1352 478 1405 μενοι,
548 1336 644 1387 καὶ
693 1336 1094 1406 ἀγχιστρόφους
1137 1335 1422 1397 τελοῦντες
1491 1334 1587 1395 τὰς
1637 1331 1908 1404 ἐκδρομὰς
1946 1333 2043 1384 καὶ⁵
2105 1335 2479 1406 καταδρομάς,
2522 1339 2610 1391 καὶ
2645 1339 2882 1408 ἀφειδῶς
2925 1341 3018 1395 ὑπ’
3053 1342 3299 1413 ἀλλήλων
3343 1341 3547 1414 ῥηγνύ-

298 1426 454 1496 μειοί
480 1443 540 1477 τε
567 1428 660 1480 καὶ
702 1425 1022 1495 ῥηγνύντες.
1061 1427 1155 1478 καὶ
1189 1426 1299 1477 τῶν
1333 1426 1480 1478 ἰδίων
1552 1424 1802 1492 αἱμάτων
1863 1439 1922 1475 τε
1962 1423 2056 1476 καὶ
2091 1426 2313 1494 σαρκῶν
2343 1426 2418 1490 ὡς
2471 1429 2768 1500 ἀλλοτρὶων
2829 1431 3176 1499 ἀφειδοῦντες
3228 1435 3397 1504 ὠμῶς
3451 1432 3548 1491 καὶ

296 1520 605 1590 θηριωδῶς.
643 1522 754 1574 Καὶ
780 1523 830 1573 εί
862 1521 934 1588 μὴ
966 1519 1063 1584 νὺξ
1091 1520 1148 1571 ὲν
1184 1518 1376 1588 βραχεῖ
1399 1516 1652 1584 διέκοψεν
1682 1513 1912 1567 ἐπιοῦσα
1943 1516 2043 1586 τὴν
2070 1518 2376 1588 ναυμαχίαν
2434 1522 2672 1594 ἐκείνην,
2743 1525 2863 1594 τάχ’
2894 1526 2959 1581 ἂν
3026 1527 3117 1580 ὑπ’
3174 1528 3421 1598 ἀλλήλων
3454 1535 3548 1584 aut

295 1615 398 1680 τῆς
435 1614 706 1682 Θαλάττης
736 1614 852 1664 ἐκεῖ
903 1612 1280 1681 διεφθείροντο
1339 1610 1572 1672 πάντεςο
1608 1608 1938 1678 διελύθησαν
1978 1610 2086 1679 γὰρ
2121 1611 2181 1664 οὐ
2205 1613 2348 1682 μάλα
2382 1615 2595 1679 ἑκόντες
2647 1618 2931 1692 ἑκατέρων
2951 1620 3204 1692 ἑκάτεροι
3253 1625 3383 1694 περὶ
3423 1623 3548 1678 δευ-

295 1707 465 1777 τέραν
505 1705 664 1773 μόγις
718 1723 821 1759 που
862 1705 954 1758 καὶ
993 1703 1186 1773 τρίτην
1230 1702 1381 1773 ὥραν
1413 1703 1509 1772 τῆς
1561 1700 1624 1774 [ί.
1665 1701 1766 1755 HG
1815 1697 1869 1770 α]
1905 1702 2120 1758 νυκτός.

371 1801 448 1853 Θ¹.
481 1799 594 1869 Τῆς
623 1797 670 1851 δ’
701 1796 995 1868 ὑστεραίας
1037 1795 1300 1863 ἐπιούσης
1330 1794 1424 1846 καὶ
1471 1793 1536 1844 τὰ
1573 1793 1672 1862 τῆς
1707 1790 1870 1843 ἑσπέ-

2044 1790 2141 1847 ΙΧ.
2164 1794 2390 1850 Postero
2415 1797 2503 1854 die
2535 1816 2658 1853 rum
2690 1818 2774 1856 tes
2797 1805 2883 1860 illa
2903 1821 3126 1876 vespera
3153 1823 3317 1877 tresue
3342 1814 3518 1868 τεῖνε-1η
3536 1846 3551 1856 ο

305 1911 407 1959 ρας
438 1893 657 1962 ἐκείνης
690 1888 1182 1960 ἀνακαλυπτούσης
1209 1889 1366 1961 ἔργα,
1405 1886 1669 1955 ὤφθησαν
1693 1886 1749 1937 αἱ
1778 1884 1875 1954 μὲν

299 1986 587 2037 Βενετικαὶ
615 1986 868 2054 τριήρεις
897 1983 1010 2037 ἅνω
1041 2000 1142 2034 που
1175 1983 1302 2051 περὶ
1333 1980 1426 2032 τὸν
1457 1979 1750 2046 Θεραπέαν
1787 1975 1876 2029 λε-

299 2077 538 2144 γόμενον
577 2076 787 2128 οὕτωσί
814 2090 928 2136 πως
955 2073 1174 2142 λιμένα,
1217 2070 1446 2140 πλησίον
1481 2069 1575 2122 τοῦ
1610 2068 1755 2137 ἱεροῦ
1780 2068 1876 2120 τοῦ

298 2167 957 2239 Σαράπιδοςςόρμοῦσαι.
991 2169 1048 2220 ai
1107 2167 1153 2219 δ’
1212 2164 1280 2220 αὖ
1337 2162 1707 2216 Γεννουῖτικαὶ
1738 2160 1876 2227 πρὶς

295 2262 374 2311 ἕω
405 2259 552 2328 παρὰ
579 2260 678 2319 τὰς
729 2259 892 2326 ὄχθας
925 2257 1021 2326 τῆς
1064 2253 1432 2325 Χαλκηδονίας
1481 2254 1746 2322 μετέωροι
1777 2270 1878 2305 σα-

298 2351 586 2415 λεύουσαι,
627 2351 826 2420 μικρὸν
874 2349 1142 2418 ἐνδοτέρω
1201 2347 1300 2417 τῆς
1355 2347 1606 2416 ψάμμου.
1655 2346 1728 2398 Τὸ
1774 2346 1876 2414 γὰρ

298 2445 560 2513 ἑσπέριον
599 2441 942 2511 πεφόϐηνται
977 2440 1178 2510 μᾶλλον
1233 2438 1400 2509 μέρος
1455 2437 1488 2505 ἢ
1519 2436 1580 2488 τὸ
1616 2435 1750 2505 πρὸς
1803 2435 1878 2487 ἓω

297 2536 391 2589 διά
416 2552 478 2603 γε
510 2535 574 2588 τὸ
611 2533 902 2603 Ῥωμαίοις
941 2534 1038 2596 μὲν
1087 2531 1321 2584 ἐνταῦθα
1368 2529 1662 2600 πολεμίους
1715 2525 1875 2592 εἶναι,

300 2627 599 2697 βαρὸάροις
622 2626 668 2678 δ’
701 2623 1024 2685 ἐνσπόνδους
1089 2624 1208 2676 έκεί
1238 2623 1335 2676 καὶ
1363 2622 1708 2692 συμμάχους,
1753 2620 1877 2673 ὅσον

304 2717 547 2784 ὲφικτδν,
599 2714 1070 2787 ὲπιρῤωννύουσιν
1112 2713 1312 2779 ἔξωθεν
1368 2713 1464 2765 καὶ
1523 2709 1879 2782 ἐπικροτοῦσι

310 2811 514 2877 φωναῖς
561 2808 916 2878 συχνοτέραις
965 2805 1061 2859 καὶ
1119 2804 1358 2872 ἀσήμοις
1426 2795 1539 2854 οἷον
1584 2801 1876 2868 κλαγγαῖς,

304 2902 402 2954 καὶ
431 2899 652 2970 μάλισθ’
683 2899 767 2952 ὄτι
797 2899 894 2951 καὶ
953 2895 1159 2966 πλῆθος
1197 2894 1493 2965 Ῥωμαίων
1534 2893 1642 2964 πρὸ
1690 2892 1877 2961 δείλης

299 2991 447 3062 ἑῴας
475 2991 761 3044 τεθέανται
799 2989 944 3058 μάλα
989 2987 1160 3057 συχνὰ
1203 2985 1349 3039 κατὰ
1395 2985 1678 3056 ποταμοὺς
1724 2984 1878 3056 ἑπιρ-

299 3085 426 3153 ῥέον
461 3081 521 3147 ἐξ
551 3081 783 3150 ἠπείρου
815 3079 953 3148 πρὸς
992 3076 1269 3129 Θάλασσαν
1317 3074 1572 3145 βοηθείας
1604 3090 1664 3127 τε
1715 3074 1878 3126 ἕνεκα

297 3180 406 3230 τῶν
426 3171 756 3239 Βενετικῶν,
785 3170 881 3224 καὶ
903 3169 1018 3239 ἃμα
1048 3168 1159 3222 τῶν
1192 3169 1256 3221 ὲκ
1289 3167 1553 3237 ναυαγίου
1587 3164 1864 3237 λαφύρων.

300 3265 722 3320 Συνεπεπτώκει
773 3261 819 3316 δ’
871 3261 930 3314 ού
995 3258 1210 3331 μικρῶς
1263 3259 1376 3322 τοῖς
1461 3257 1872 3327 στρατεύμασιν

296 3360 588 3428 ἑκατέροις
616 3354 978 3426 ζημιωθῆναι.
1041 3350 1414 3405 Γεννουϊτικαὶ
1451 3351 1552 3421 μὲν
1575 3352 1682 3420 γὰρ
1713 3349 1873 3403 ἀπώ-

297 3454 455 3506 λοντο
484 3451 580 3504 δύο
617 3451 715 3504 κα)⁵
759 3447 934 3502 εἴκοσι
990 3447 1142 3516 νῆες,
1181 3445 1468 3498 Βενετικαὶ
1519 3443 1564 3497 δ’
1597 3442 1875 3496 ὀκτωκαί-

295 3549 456 3609 δεκα,
490 3537 566 3597 ὧν
596 3543 655 3596 αί
697 3541 917 3604 πλείους
942 3535 1083 3611 ἦσαν
1104 3538 1214 3591 τῶν
1237 3537 1569 3592 Κατελάνων
1615 3538 1874 3606 κραταιό-

297 3657 459 3709 τερον
501 3633 990 3705 ἁγωνισαμένωνῆ
1025 3631 1167 3685 κατὰ
1201 3631 1435 3693 πάντας.
1479 3630 1640 3684 Κατὰ
1694 3631 1872 3698 στόμα

303 3737 417 3805 γὰρ
481 3737 594 3796 τοῖς
631 3728 938 3800 πολεμίοις.
983 3725 1058 3791 ὡς
1115 3727 1350 3797 είρηται,
1385 3724 1867 3790 ἐπεισπίπτοντες,

312 3829 562 3897 ναυάρχῳ
587 3825 866 3896 ναύαρχος
894 3822 989 3874 καὶ
1017 3820 1187 3891 ναύτῃ
1225 3819 1450 3889 ναύτης,
1475 3821 1566 3872 καὶ
1600 3820 1871 3890 συστάδην

305 3920 381 3984 ὡς
412 3920 503 3973 ἐπὶ
525 3920 698 3990 ξηρᾶς
728 3915 1054 3988 μαχόμενοι,
1099 3915 1266 3966 πολιν
1321 3913 1653 3984 εἰργάσαντο
1709 3913 1871 3982 φόνον

303 4014 414 4066 τῶν
452 4011 754 4082 πολεμίων.
790 4008 866 4071 ὡς
922 4005 1216 4060 καταδῦναι
1259 4006 1358 4075 μὲν
1407 4006 1501 4059 καὶ
1549 4003 1685 4074 νῆας
1724 4005 1873 4068 ἐνίας

306 4101 640 4170 αὐτάνδρους
679 4099 784 4151 ὑπὸ
831 4095 1053 4167 βρίθους
1085 4096 1195 4148 τῶν
1246 4095 1499 4166 ἀλλήλοις
1558 4096 1875 4165 ἐπιπηδῶν-

302 4212 413 4246 των
443 4193 773 4260 άπροὸπτως
825 4193 884 4244 ἐν
913 4191 1098 4243 σκότει
1149 4189 1246 4242 καὶ
1279 4189 1456 4242 νυκτί.
1507 4183 1690 4242 Ἦσαν
1725 4190 1771 4243 δ’
1815 4190 1873 4244 αἳ

303 4287 401 4340 καὶ
435 4285 657 4354 ἀπειρίᾳ
681 4285 778 4337 καὶ
826 4284 1023 4353 ἀγνοίᾳ
1067 4282 1284 4352 χωρίων
1311 4283 1368 4345 ὲς
1404 4281 1582 4352 βράχη
1609 4285 1874 4354 συνερρή-

303 4376 508 4447 γνυντό
539 4391 595 4428 τε
629 4375 724 4428 καὶ
749 4375 829 4438 είς
856 4375 958 4444 γῆν
976 4376 1102 4438 τοὺς
1130 4374 1654 4445 άνδραςὲρῤἰπτουν,
1675 4372 1878 4426 ὠθοῦν-

1981 1894 2194 1950 rentur,
2234 1903 2397 1942 naves
2425 1888 2640 1945 Venetae
2673 1899 2958 1961 superiore
2989 1901 3208 1969 regione
3242 1903 3386 1958 circa
3421 1922 3549 1974 por-

1980 1983 2094 2027 tum
2132 1976 2497 2047 'Ilicrapeam,
2528 1983 2616 2051 qui
2646 1983 2868 2048 dicitur,
2905 2003 3073 2054 prope
3109 1990 3292 2044 fanum
3327 1993 3548 2064 Sarapi-

1979 2066 2065 2119 dis
2097 2067 2150 2120 in
2189 2073 2408 2125 aue-oris
2466 2078 2782 2129 constitute
2821 2081 3327 2150 COIlSplClCllﬂlllllf,
3360 2085 3550 2141 Genu-

1978 2172 2141 2211 enses
2167 2170 2349 2212 autem
2379 2165 2643 2216 orientem
2690 2182 2883 2222 versus
2926 2169 2990 2222 ad
3024 2187 3147 2226 oras
3169 2173 3552 2230 Chalcedonii:

1980 2247 2034 2301 in
2079 2250 2191 2304 alto
2246 2253 2380 2306 mari
2434 2256 2596 2322 paulo
2654 2258 2879 2326 propius
2910 2277 2937 2312 a
2977 2261 3158 2317 littore
3195 2265 3526 2324 ﬂuctuantes

1983 2343 2198 2398 Partem
2253 2349 2400 2399 enini
2453 2349 2517 2400 ad
2563 2363 2816 2404 occasum
2857 2363 3195 2421 Spectantcm
3242 2358 3412 2428 magis
3440 2378 3555 2412 ine-

1985 2437 2213 2491 luebant
2264 2454 2428 2508 quant
2483 2440 2806 2496 orientalem
2883 2457 3170 2515 propterea
3240 2451 3384 2518 quod
3439 2451 3552 2508 illic

1983 2526 2249 2580 Romanis
2294 2529 2482 2582 hostes
2505 2540 2685 2594 erant,
2720 2532 2807 2585 hic
2835 2545 3018 2588 autem
3053 2536 3302 2592 barbaris
3340 2541 3474 2594 socii
3498 2552 3554 2594 et
3599 2533 3604 2536 ’

1981 2615 2258 2682 fmderati,
2300 2620 2418 2688 qui,
2455 2629 2720 2688 quantum
2784 2623 2901 2676 lteri
2955 2626 3167 2693 potuit,
3207 2630 3554 2684 extrinsecus

1982 2710 2199 2764 animos
2229 2712 2298 2766 iis
2332 2713 2606 2766 addebant
2657 2713 2978 2784 crebrisque
3014 2718 3242 2772 vocibus
3272 2729 3328 2774 et
3380 2721 3552 2777 fuscis

1982 2801 2311 2870 quibusdam
2357 2803 2768 2873 inconditisquc
2809 2789 3160 2876 clangoribus
3208 2810 3550 2878 strepebant,

1981 2907 2105 2947 cum
2182 2895 2482 2964 praesertim
2560 2895 2774 2951 turbam
2840 2897 3210 2953 Romanorum
3281 2903 3553 2956 matutino

1985 2996 2230 3057 tempore
2287 2988 2608 3043 ﬂuminibus
2664 3002 2730 3044 ex
2764 2991 3069 3046 continenti
3109 3001 3252 3046 terra
3287 2992 3353 3047 ad
3401 3009 3554 3050 mare

1983 3079 2219 3134 subinde
2259 3078 2453 3133 devehi
2482 3083 2961 3151 conspicarentur,
3007 3093 3067 3136 ut
3091 3084 3315 3140 Venetis
3351 3085 3554 3140 auxilio

1989 3183 2175 3226 essent
2223 3172 2497 3242 simulque
2541 3174 2714 3242 spolia
2754 3191 2817 3230 ex
2862 3177 3152 3248 naufragio
3208 3181 3554 3251 colligerent.

1993 3264 2148 3320 [laud
2180 3266 2377 3336 exiguo
2405 3275 2586 3319 autem
2617 3266 2820 3321 damno
2848 3279 3084 3341 uterque
3112 3273 3393 3330 exercitus
3417 3291 3558 3345 pra:-

1987 3358 2064 3413 lio
2087 3358 2318 3414 allectus
2347 3366 2506 3424 erat;
2541 3357 2913 3415 Genuensium
2940 3364 3086 3417 enim
3118 3366 3336 3422 navium
3367 3367 3487 3422 dum
3503 3381 3559 3423 et

1992 3451 2183 3522 viginti
2242 3451 2478 3522 periere,
2508 3453 2840 3508 Vcnetaruin
2889 3455 3289 3524 duodeviginti,
3323 3475 3554 3529 quarum

1990 3539 2164 3610 major
2193 3555 2320 3608 pars
2351 3547 2475 3595 erat
2495 3539 2905 3606 Catelanorum,
2932 3544 3026 3614 qui
3061 3541 3258 3601 fortius
3291 3558 3346 3603 et
3372 3549 3558 3607 emea-

1989 3633 2110 3689 cius
2143 3647 2310 3703 quam
2361 3649 2553 3688 omnes
2609 3646 3006 3705 pugnaverant.
3043 3635 3240 3695 Hostes
3269 3641 3416 3696 enim
3447 3643 3560 3714 89

1989 3739 2058 3780 ex
2092 3724 2327 3780 adverso
2349 3764 2364 3788 ,
2418 3734 2478 3779 ut
2520 3740 2684 3794 supra
2719 3727 2982 3792 diximus,
3036 3729 3236 3796 adorti,
3270 3732 3559 3802 praefectus

1987 3817 2180 3873 classis
2205 3818 2545 3887 praefectum,
2579 3823 2747 3874 na‘uta
2775 3829 2998 3875 nautam
3033 3821 3396 3893 cominusque
3441 3833 3560 3879 tan-

1987 3925 2152 3979 quam
2200 3925 2378 3980 pugna
2422 3909 2663 3964 terrestri
2699 3912 2951 3967 manibus
2977 3915 3269 3982 consertis,
3316 3915 3556 3971 hostium

1995 4013 2232 4071 stragem
2264 4003 2373 4057 late
2402 4002 2716 4070 ediderunt,
2753 4004 2826 4058 ita
2867 4013 2928 4059 ut
2957 4005 3235 4060 nonnullae
3265 4022 3433 4064 naves
3473 4010 3560 4063 ni-

1993 4096 2096 4149 mis
2138 4103 2376 4149 oneratze
2421 4109 2545 4149 cum
2601 4095 2922 4151 hominibus
2968 4096 3444 4169 demergerentur,
3502 4101 3559 4157 in

1991 4187 2237 4242 tenebris
2284 4187 2464 4244 noctis
2510 4187 2621 4242 alio
2653 4188 2707 4241 in
2743 4189 2912 4243 alium
2946 4189 3261 4247 inconsulto
3287 4193 3557 4249 irruente.

1987 4281 2276 4337 Nonnulla:
2329 4295 2458 4335 vero
2494 4281 2766 4351 imperitia
2815 4291 2872 4336 et
2923 4281 3266 4352 ignoratione
3308 4284 3558 4339 locorum

1993 4375 2050 4430 in
2081 4374 2270 4428 brevia
2293 4372 2430 4427 vada
2465 4374 2760 4442 compulsa:
2810 4373 3014 4428 milites
3044 4373 3304 4428 ﬂuetibus
3333 4375 3562 4430 truden-

304 4487 397 4531 τος
437 4467 531 4520 τοῦ
562 4466 831 4537 κύματος,
860 4465 936 4528 ὡς
966 4467 1061 4519 καὶ
1103 4468 1161 4529 ἐς
1187 4465 1284 4537 τὴν
1314 4464 1611 4536 ὑστεραίαν
1644 4466 1876 4534 ὁρᾶσθαι

1987 4467 2135 4522 tibus
2166 4474 2223 4520 et
2248 4465 2574 4535 urgentibus
2596 4467 2649 4519 in
2673 4473 2874 4520 tetram
2893 4466 3194 4534 ejecerunt,
3217 4482 3327 4535 quo
3355 4465 3559 4520 factum

306 4564 415 4614 τῶν
446 4559 776 4614 Κατελάνων
825 4558 1053 4620 πολλοὺς
1097 4557 1492 4627 πλανωμένου-ἲ
1541 4559 1598 4610 ὲν
1631 4558 1697 4628 τῇ
1751 4557 1884 4612 Ῥω“

307 4657 484 4723 μαίων
523 4656 618 4724 γῇ.
653 4655 748 4704 καὶ
788 4651 860 4721 μὴ
912 4650 1195 4711 συνιέντας
1243 4649 1486 4718 γλώττης
1539 4649 1882 4720 Ἑλληνικῆς,

311 4745 438 4813 μήθ’
467 4743 576 4811 ὅπη
605 4745 710 4812 γῆς
748 4744 877 4805 εἰσι,
906 4742 1035 4811 μήθ’
1065 4742 1174 4810 ὅπη
1205 4741 1312 4811 χρὴ
1353 4742 1759 4811 πορευομένους
1785 4743 1885 4810 τὴν

313 4835 590 4904 σωτηρίαν
621 4833 964 4902 πορίζεσθαι.
1015 4828 1197 4885 Ἶισαν
1253 4833 1299 4885 δ’
1331 4831 1380 4886 οἳ
1423 4836 1532 4885 κάκ
1566 4834 1674 4885 τῶν
1713 4849 1884 4903 τραυ-

314 4929 501 4994 μάτων
555 4924 1016 4995 λειποψυχοῦντες
1082 4925 1336 4978 ἔπιπτον.
1380 4927 1442 4978 Οἱ
1486 4924 1532 4977 δ’
1581 4923 1881 4998 ἡμιθνῆτες

310 5020 542 5070 ἔπιπτον
572 5018 719 5071 κατὰ
749 5018 846 5086 τῆς
873 5017 1132 5085 ψάμμου,
1166 5017 1217 5069 οί
1249 5017 1294 5069 δ’
1324 5016 1760 5078 ὲκπεπνευκότες
1783 5015 1884 5086 ἤδη

311 5110 512 5171 τελέως
543 5108 754 5176 ἀναμὶξ
777 5109 1058 5178 ἑκατέρων
1095 5109 1206 5160 τῶν
1255 5109 1712 5178 στρατευμάτων.
1761 5107 1887 5158 Ἐκ·

305 5202 708 5270 ϐρασσομένων
759 5202 866 5268 γὰρ
895 5201 1003 5251 τῶν
1035 5200 1170 5252 νεῶν
1209 5199 1314 5252 ὑπὸ
1351 5200 1446 5252 τοῦ
1495 5199 1739 5267 κύματος
1777 5199 1884 5264 ἔξω

301 5293 462 5361 παρὰ
494 5293 594 5360 τὴν
639 5292 745 5359 γῆν
788 5291 1086 5355 ἐξέπιπτον
1147 5290 1244 5359 μὲν
1303 5291 1398 5341 καὶ
1457 5288 1638 5353 αὐτοὶ,
1684 5288 1784 5358 τῆς
1829 5289 1885 5342 δὲ

303 5384 630 5454 συμπλοκῆς
659 5384 759 5436 ούκ
811 5384 1075 5452 ⁴ἠμέλουν,
1133 5381 1247 5434 ἀλλ’
1315 5381 1504 5444 ὅπλοις
1566 5381 1885 5435 άντετίθουν

301 5481 446 5532 ὃπὶξα
469 5478 565 5528 καὶ
611 5475 848 5543 φάλαγξι
881 5475 1166 5543 φάλαγγας
1225 5472 1486 5537 πεζικὰς,
1517 5472 1595 5534 ὡς
1631 5471 1879 5538 γίνεσθαι

303 5569 530 5623 διπλοῦν
569 5569 778 5621 ἐκεῖνον
806 5567 1128 5636 ουμόαίνειν
1158 5565 1248 5618 τὸν
1269 5565 1529 5634 πόλεμον,
1567 5565 1884 5634 ναυμαχίαν

305 5679 367 5717 τε.
420 5664 531 5730 καὶ,
576 5660 922 5731 πεζομαχίαν
983 5661 1124 5714 κατὰ
1173 5661 1390 5714 ταυτόν.
1442 5658 1797 5729 Τραυματίαι
1835 5658 1882 5711 δ’

299 5757 421 5812 ὅσοι
459 5755 704 5827 βαδίζειν
750 5754 1030 5812 ἐδύναντο.
1078 5751 1237 5813 ἄλλος
1275 5751 1421 5821 ἄλλῳ
1471 5749 1708 5822 ἡγεμόσι
1751 5767 1886 5822 χρηο

631 5851 906 5911 Ρηιιοι.
951 5851 1063 5910 Gn.
1104 5846 1369 5909 CXLIX.

1983 4565 2088 4616 est.
2125 4563 2185 4610 ut
2209 4564 2428 4624 postero
2479 4554 2568 4610 die
2622 4557 2779 4609 multi
2813 4555 3202 4610 Catelanorum
3263 4557 3317 4609 in
3358 4556 3560 4611 Roma-

1982 4665 2182 4704 norqu
2209 4657 2351 4702 terra
2377 4649 2703 4703 oberrantes
2727 4647 3202 4717 conspicerentur,
3232 4650 3323 4719 qui
3356 4651 3560 4720 lingua:

1983 4743 2186 4798 Graeca:
2227 4740 2467 4809 imperiti
2503 4755 2607 4794 nec
2639 4738 2731 4793 ubi
2769 4747 3040 4793 terrarum
3071 4749 3282 4809 essent,
3317 4755 3417 4796 nec
3447 4755 3558 4811 quo

1983 4833 2215 4901 profecti
2250 4834 2483 4888 saiutem
2539 4832 2642 4887 sibi
2673 4841 3005 4901 quzererent,
3038 4831 3171 4887 satis
3209 4833 3556 4903 exploratum

1987 4925 2285 4980 habebant.
2318 4921 2424 4977 Alii
2462 4936 2590 4976 vero
2613 4937 2677 4975 ex
2704 4921 3028 4976 vulneribus
3057 4923 3343 4992 linquente
3378 4923 3559 4978 anima

1987 5016 2444 5079 collabebantur;
2499 5013 2590 5068 alii
2636 5014 2981 5069 semiiuortui
3036 5016 3087 5068 in
3143 5031 3310 5070 arena
3349 5017 3558 5070 marina

1986 5105 2349 5159 concidebant
2375 5122 2388 5170 ;
2419 5104 2511 5158 alii
2545 5105 2703 5174 plane
2730 5105 2909 5160 anima
2943 5106 3218 5174 exspirata
3248 5105 3562 5176 promiscue

1984 5214 2052 5254 ex
2087 5209 2318 5268 utroque
2365 5197 2608 5252 exercitu
2656 5198 2932 5267 jacebant.
2976 5198 3219 5253 Navibus
3251 5202 3398 5255 enim
3426 5204 3560 5258 ﬂuc-

1988 5305 2142 5348 tuum
2172 5303 2307 5346 atstu
2340 5291 2406 5343 ad
2443 5301 2647 5345 terram
2677 5289 2870 5358 ejectis
2909 5289 3166 5346 homines
3190 5292 3515 5348 exciderunt
3545 5337 3560 5359 ,

1988 5384 2082 5438 sed
2131 5383 2450 5436 certaminis
2477 5381 2802 5435 conserendi
2852 5382 3170 5450 neutiquam
3207 5383 3358 5436 obliti
3389 5385 3562 5439 armis

1988 5491 2160 5533 arma.
2203 5473 2493 5527 ordinibus
2529 5474 2751 5524 ordines
2777 5471 3148 5540 apponebant.
3202 5472 3275 5525 Ita
3313 5475 3560 5543 praelium

1990 5566 2123 5619 illud
2155 5576 2211 5620 et
2255 5553 2464 5617 navale'
2496 5571 2553 5617 et
2601 5572 2860 5618 terrestre
2907 5571 3045 5617 erat.
3105 5562 3288 5618 Saucii
3327 5574 3560 5632 autem,

1990 5666 2349 5727 quotcunque
2387 5652 2617 5723 pedibus
2642 5653 2720 5708 ire
2742 5653 3036 5718 valebant,
3068 5655 3159 5710 alii
3187 5655 3311 5710 aliis
3342 5654 3562 5713 itineris

1988 5751 2225 5807 ducibus
2262 5749 2342 5805 usi
2389 5763 2486 5818 per
2533 5756 2706 5803 totum
2757 5747 2904 5802 diem
2940 5747 3260 5818 Byzantium
3290 5761 3567 5805 convene-

3181 5843 3220 5902 3
