4036 6210
416 363 494 433 79
1603 354 2013 415 NlCEFIIOltl
2060 313 2443 413 eaeaeae
3587 335 3657 397 se

415 495 541 553 qua:
561 494 758 536 manus
787 479 938 536 omni
968 486 1149 536 morte
1192 476 1381 549 plenas
1412 471 1746 544 protendunt
1774 488 1789 536 ;
1821 485 1990 539 quare

2093 485 2244 536 στην,
2288 468 2383 521 καὶ
2429 464 2506 536 μὴ
2540 464 2711 535 ῥᾷστα
2755 462 3060 529 δυναμένην
3108 458 3441 527 ἀναίμακτον
3473 454 3661 522 προτε-

418 570 740 643 priusquam
788 574 915 643 quis
964 570 1154 627 Isthmi
1209 569 1381 622 instar
1437 565 1662 619 ﬂuctum
1719 563 1980 629 utrinque

417 663 719 720 irruentem
766 665 1030 734 reprimat
1068 673 1123 717 et
1169 664 1223 714 iu
1274 660 1438 712 alium
1479 657 1659 711 locum
1703 665 1980 723 transgre-

417 752 622 817 diatur,
679 766 804 805 cum
874 750 1163 817 utriusque
1226 759 1453 799 necesse
1506 755 1593 797 est
1643 738 1982 795 constituere

418 844 583 914 leges.

2086 562 2210 614 σθαι
2242 560 2341 629 τὴν
2394 556 2717 627 μεταϐολὴν,
2769 554 2878 608 οὐδ’
2921 554 3049 606 ἄνευ
3092 552 3152 604 τὸ
3198 550 3448 602 πλεῖστον
3483 547 3659 599 είπεῖν

2086 652 2180 706 τοῦ
2214 650 2412 721 βιαίου.
2448 648 2689 701 Δεδιέναι
2715 645 2844 714 γοῦν
2878 644 2968 697 καὶ
3005 644 3101 702 τὰς
3131 639 3522 709 ἐφεδρευούσας
3546 637 3662 697 τοῖς

2087 740 2348 801 τοιούτοις
2408 738 2605 807 κῆρας,
2654 737 2778 790 ὅσαι
2832 734 3077 787 θανάτων
3131 728 3400 783 παντοίων
3452 724 3660 794 μεστὰς

2091 827 2432 880 ύποτείνουσι
2484 825 2707 894 χεῖρας’
2754 824 2846 875 καὶ
2900 820 3096 891 χρῆναι
3145 819 3231 870 διὰ
3268 817 3479 878 ταῦτα,
3531 810 3662 881 πρὶν

420 912 755 1011 μεταστῆναι
789 939 879 992 τὸν
910 938 1062 1008 δίκην
1102 934 1296 1005 ἰσθμοῦ
1325 935 1448 997 τοὺς
1483 927 1824 1000 ἑκατέρωθεν
1875 923 2300 993 ἀναχαιτίςοντα
2348 921 2649 984 κλύδωνας,
2693 920 2819 982 τοὺς
2886 917 3164 985 ἑκατέρων
3228 912 3510 983 ὁρισθῆναι
3576 913 3664 960 ιε-

420 1034 612 1106 σμοῦς.

492 1130 613 1185 XII.
658 1128 962 1194 Imperator
1023 1121 1193 1192 igitur
1254 1134 1378 1172 cum
1444 1124 1648 1172 tantam
1701 1116 1756 1169 in
1817 1110 2009 1180 tantis,

418 1220 681 1290 temporis
731 1215 1007 1287 angustiis
1049 1215 1102 1267 in
1154 1227 1213 1265 se
1250 1210 1557 1281 irruentem
1597 1214 2005 1274 tempestatum-

415 1313 525 1366 vim
573 1310 808 1373 videret,
859 1307 1054 1361 acerbe
1113 1304 1165 1358 id
1220 1302 1447 1364 ferebat,
1498 1297 1817 1367 indignatus
1847 1302 1986 1360 erat,

418 1403 627 1473 magnis
654 1400 933 1467 variisque
982 1395 1265 1449 doloribus
1296 1393 1539 1446 animum
1576 1388 1829 1458 angebat.
1864 1385 1985 1439 Non

417 1492 566 1548 enim
612 1488 869 1551 habebat,
907 1486 1050 1540 unde
1101 1483 1328 1538 verbmu
1381 1477 1806 1535 consolatorium
1838 1474 1981 1530 acci-

418 1592 617 1656 peret;
655 1595 825 1653 quare
875 1595 995 1634 sese
1028 1578 1205 1648 ipsum
1249 1574 1359 1627 fere
1394 1569 1717 1640 deplorabat
1740 1577 1795 1622 et
1824 1564 1983 1635 quasi

419 1678 770 1748 desperatam
811 1673 981 1727 vitam
1032 1671 1229 1739 degere
1260 1664 1573 1720 videbatur.
1607 1662 1838 1729 Semper
1866 1666 1987 1714 erat

424 1768 735 1824 taciturnus
779 1778 958 1834 neque
1001 1777 1127 1816 cum
1177 1772 1453 1828 quoquam
1494 1754 1711 1810 occulta
1742 1749 1985 1822 pectoris

2163 1107 2260 1163 IB'.
2294 1106 2579 1179 Τοσαύτην
2621 1103 2801 1159 τοίνυν
2837 1101 2959 1156 κατ’
2985 1098 3151 1154 αὐτοῦ
3191 1101 3451 1171 ραγεῖσαν
3484 1098 3662 1167 κυμά-

2089 1218 2199 1254 των
2228 1198 2520 1268 ἐπαγωγὴν
2552 1200 2608 1250 έν
2640 1194 2822 1265 ταυτῷ
2875 1193 3114 1263 συνορῶν
3162 1194 3189 1245 ὀ
3237 1190 3486 1261 βασιλεὺς
3516 1191 3663 1243 οὕτω

2092 1292 2265 1361 στενῷ
2294 1294 2488 1361 κομιδῆ
2519 1290 2598 1359 τῷ
2629 1288 2829 1360 καιρῷ,
2876 1286 3110 1358 ησχαλλέ
3139 1301 3198 1338 τε
3229 1286 3321 1337 καὶ
3347 1284 3659 1352 ἐδυσφόρει,

2090 1384 2185 1435 καὶ
2217 1384 2451 1451 μακραῖς
2481 1381 2735 1434 ἐϐάλλετο
2791 1381 2886 1432 καὶ
2929 1379 3293 1447 πολυτρόποις
3340 1377 3436 1447 τὴν
3481 1376 3663 1445 ψυχὴν

2090 1474 2325 1535 ὀδύναις.
2358 1471 2443 1540 Μὴ
2473 1471 2613 1542 ἔχων
2641 1470 2685 1523 δ’
2723 1471 2829 1539 ὅπη
2863 1468 3061 1540 βλέψας
3095 1469 3411 1537 παρήγορον
3445 1468 3509 1521 ἄν
3542 1484 3664 1519 τινα

2091 1563 2305 1627 δέξαιτο
2339 1561 2519 1628 λόγον,
2551 1560 2729 1613 ἔστενέ
2766 1576 2881 1622 πως
2913 1558 3011 1612 καὶ
3046 1559 3230 1621 αὐτὸν,
3265 1559 3356 1610 καὶ
3391 1553 3503 1610 οἷον
3527 1558 3666 1610 ἀπι-

2091 1654 2370 1725 λεγομένῳ
2401 1652 2564 1723 ἐῴκει
2592 1651 2653 1705 τὸ
2688 1651 2807 1722 ζῇν.
2853 1650 3167 1721 Ἐχεμυθῶν
3192 1650 3299 1720 γὰρ
3333 1644 3401 1720 ἦν
3426 1649 3533 1713 ἀεὶ,
3566 1650 3665 1703 καὶ

2091 1747 2269 1800 ούδενί
2301 1762 2428 1799 ποτε
2464 1745 2573 1798 τῶν
2622 1744 2877 1799 ἀπάντων
2908 1743 3162 1797 ἐϐούλετο
3209 1742 3526 1798 κοινοῦσθαι
3552 1743 3665 1796 τῶν

419 1859 830 1916 communicare
870 1853 1110 1908 volebat.
1148 1849 1320 1906 Omne
1351 1846 1498 1902 enim
1531 1843 1821 1901 consilium
1857 1838 1987 1909 reji-

2093 1839 2187 1908 τῆς
2220 1838 2397 1908 ψυχῆς
2428 1837 2758 1909 ἀπορρήτων
2798 1835 2951 1889 οὐδὲν
2995 1834 3245 1906 ούδαμῆ⁶
3295 1837 3516 1891 πάντων
3554 1835 3667 1905 γὰρ

419 1972 545 2011 cere
573 1952 784 2007 solebat
814 1948 979 2003 etiam
1008 1955 1306 2012 antequam
1340 1938 1581 1993 audiret.
1607 1935 1787 1989 Tanta
1820 1931 1988 2000 igitur

418 2056 667 2099 aerumna
720 2052 843 2093 cum
880 2033 1166 2103 conjugem
1207 2029 1417 2083 videret
1461 2026 1720 2080 alIIictum
1751 2022 1990 2090 impera-

422 2135 549 2200 trix,
587 2132 713 2187 talia
759 2129 822 2183 ad
862 2142 989 2182 eum
1039 2124 1224 2178 dicere
1270 2135 1466 2176 exorsa
1495 2127 1618 2173 est:
1652 2134 1671 2167 ι
1718 2114 1835 2169 Νοη
1868 2112 1988 2165 sine

422 2229 514 2283 l‘ei
563 2224 786 2280 numine
818 2219 1137 2275 hominibus
1169 2224 1262 2268 aut
1291 2210 1591 2267 infortunia
1620 2207 1863 2262 accidere
1896 2211 1991 2257 aut

422 2335 511 2375 res
538 2330 828 2388 prosperas
858 2314 1105 2372 evenire,
1141 2307 1415 2362 neminem
1447 2304 1700 2372 ignorare
1727 2295 1989 2358 arbitror,

418 2408 514 2479 qui
547 2405 746 2461 mentis
783 2402 891 2473 95
927 2412 1094 2469 atque
1123 2395 1341 2453 consilii
1390 2394 1663 2463 particeps
1704 2402 1812 2451 res,
1855 2398 1991 2454 quo-

421 2474 585 2552 modo
632 2508 863 2566 qumque
913 2500 1163 2560 agantur,
1212 2494 1358 2539 recte
1408 2479 1725 2553 perspiciat.
1773 2474 1988 2530 Justum

420 2605 552 2645 vere
600 2602 722 2643 esse
768 2562 936 2639 beam
980 2590 1036 2635 et
1075 2579 1254 2649 justos
1301 2575 1551 2629 homines
1592 2570 1662 2625 ab
1694 2582 1759 2623 eo
1794 2562 1988 2628 amari,

421 2685 587 2740 ctiam
638 2681 745 2734 boc
778 2683 909 2747 puto
939 2672 1196 2727 omnibus
1238 2679 1555 2738 persuasum
1602 2675 1723 2716 esse
1750 2672 1990 2728 quorum

423 2772 597 2830 animi
644 2765 1019 2842 gubernacqu
1066 2759 1373 2833 prudentia:
1415 2756 1743 2824 dirigantur.
1777 2750 1836 2806 Si
1867 2747 1995 2819 quis

421 2866 573 2923 enim
614 2875 775 2917 mane
802 2858 986 2916 studio
1015 2869 1174 2910 suum
1214 2853 1340 2915 iter,
1372 2858 1431 2902 ut
1464 2846 1538 2902 ita
1565 2845 1767 2908 dicam,
1801 2855 1993 2910 perse-

422 2963 516 3035 qui
571 2959 677 3016 sibi
729 2949 1106 3029 proposuerit,
1137 2960 1372 3017 vespera
1407 2951 1591 2997 autem
1631 2951 1809 3007 usque
1852 2932 1991 2989 adeo

426 3029 702 3126 posterius
735 3046 935 3102 sedens
965 3038 1356 3108 conspiciatur,
1393 3047 1556 3103 quam
1596 3029 1832 3085 debebat
1863 3040 1993 3096 pro-

423 3118 648 3217 gressus
672 3150 816 3201 esse,
849 3134 936 3189 vel
964 3129 1157 3202 pusilla
1199 3135 1381 3182 mente
1427 3123 1674 3178 imbutus
1716 3118 1992 3174 intellexe-
2018 3158 2059 3216 ϐ

425 3212 520 3301 rit,
548 3235 656 3289 boc
688 3230 781 3285 Dei
805 3240 926 3283 esse
958 3223 1190 3284 facinus,
1219 3218 1311 3289 qui
1345 3215 1583 3273 hominis
1612 3212 1771 3268 istius
1807 3224 1987 3265 mores

424 3325 751 3397 improbans
773 3317 1055 3379 omnibus,
1081 3328 1202 3383 qua:
1227 3311 1317 3365 ille
1344 3308 1475 3378 agit,
1505 3303 1795 3360 manifesto
1829 3316 1991 3373 repu-

425 3392 555 3492 gnat
592 3417 821 3486 ejusque
863 3407 1104 3464 studium
1135 3402 1200 3456 ad
1234 3398 1594 3461 contrarium,
1620 3409 1784 3466 quam
1831 3392 1989 3446 initia

425 3486 823 3581 promiserunt,
852 3493 1237 3555 circumﬂectit
1265 3490 1497 3545 exitum.
1544 3486 1765 3542 Memini
1804 3492 1987 3538 autem

425 3574 724 3671 hregoram
768 3609 875 3649 non
906 3587 1075 3646 semel
1099 3601 1201 3641 nec
1234 3583 1321 3638 bis
1350 3590 1525 3646 terve,
1562 3578 1658 3633 sed
1691 3574 1991 3646 saepissime

427 3696 484 3751 in
513 3667 700 3761 longis
728 3695 893 3755 atque
925 3680 1092 3735 variis
1131 3674 1427 3745 colloquiis
1475 3670 1673 3726 crebro
1700 3667 1989 3723 nobiscum

426 3786 520 3842 bie
565 3758 853 3842 institutis,
906 3774 960 3829 id
1002 3771 1147 3843 quod
1188 3770 1307 3839 ipse
1356 3764 1501 3820 baud
1558 3763 1803 3834 ignoras,
1830 3758 1991 3813 nobis

426 3876 637 3935 dicere.
685 3871 863 3926 libros
912 3864 1141 3920 Palatinae
1194 3873 1385 3929 magna
1435 3865 1653 3910 scatere
1692 3849 1989 3920 impietate.

425 3969 576 4037 Quos
614 3965 657 4020 si
691 3978 790 4018 nos
818 3959 1190 4027 reciperemus
1219 3966 1282 4005 ac
1314 3964 1511 4020 magno
1542 3947 1731 4001 favore
1762 3953 1816 3998 et
1845 3942 1990 3997 omni

428 4056 812 4118 benevolentia
847 4060 1332 4123 prosequeremur,
1371 4041 1508 4097 nulli
1556 4040 1631 4094 rei
1686 4038 1920 4110 publica:
1963 4050 1991 4089 a

427 4154 591 4209 nobis
617 4157 887 4217 suscepta
917 4144 1089 4198 Deum
1130 4140 1339 4209 justum
1385 4148 1679 4206 prosperos
1707 4142 1996 4186 successus

431 4245 690 4300 daturum
733 4251 879 4302 esse,
922 4233 1063 4288 dixit
1105 4238 1273 4298 atque
1304 4227 1557 4297 promisit
1590 4224 1698 4287 ille,
1723 4221 1817 4277 sed
1858 4221 1994 4284 fore,

436 4344 494 4392 ut
522 4332 706 4390 omnia
752 4327 1209 4383 subverterentur
1243 4334 1307 4372 ac
1356 4315 1646 4370 manifesto
1677 4324 1997 4378 corrumpe-

437 4436 625 4483 rentur
662 4417 828 4478 Vt‘Illll
879 4422 1092 4485 segetes
1120 4407 1431 4480 fulguribus
1471 4403 1747 4459 aethereis.
1782 4401 1874 4456 Sin
1904 4415 1998 4455 au-

2089 1931 2349 1995 καθάπαξ
2378 1930 2806 2001 ἀποδοκιμάζειν
2838 1929 3026 1983 εἴωθεν
3061 1929 3149 1983 ἀεὶ
3192 1929 3261 1981 τὰ
3294 1930 3664 1999 βουλεύματα,

2088 2022 2184 2076 καὶ
2212 2024 2345 2093 πρὶν
2371 2024 2624 2078 ἀκοῦσαι.
2658 2024 2815 2078 Οὕτω
2843 2021 3024 2076 τοίνυν
3047 2021 3264 2093 ὁρῶσαν
3289 2025 3390 2091 τὴν
3418 2022 3666 2093 βασιλίδα

2088 2114 2181 2168 τὸν
2234 2114 2467 2183 σύζυγον
2504 2114 2695 2185 ἔχοντα
2744 2114 2942 2186 λύπης,
2996 2115 3226 2185 φάσκειν
3282 2114 3440 2185 ἐπῄει
3495 2114 3666 2167 τοιαδὶ

2092 2206 2228 2276 πρὸς
2294 2208 2487 2260 αὐτόν·
2551 2207 2674 2260 Ὀτι
2733 2208 2830 2277 μέν
2880 2208 2982 2260 οὐκ
3034 2207 3183 2260 ἀθεεὶ
3229 2207 3327 2267 τὰς
3376 2206 3666 2277 συμφορὰς

2091 2295 2303 2349 ἐπιέναι
2330 2298 2443 2357 τοῖς
2470 2295 2776 2366 ἀνθρώποις
2802 2295 2935 2361 ἐστι,
2964 2295 3216 2364 καθάπερ
3242 2293 3514 2363 δήπουθεν
3542 2295 3664 2348 οὐδὲ

2090 2382 2188 2446 τὰς
2220 2383 2549 2454 εὐπραγίας,
2592 2385 2807 2452 ἀγνοεῖν
2836 2378 2992 2454 οἶμαι
3036 2386 3145 2438 τῶν
3192 2385 3412 2439 πάντων
3446 2386 3663 2453 οὐδένα,

2091 2471 2172 2539 οἷς
2203 2474 2295 2527 νοῦ
2345 2474 2563 2542 μέτεστι
2596 2476 2691 2529 καὶ
2734 2475 2993 2542 διανοίας,
3046 2476 3157 2531 τῶν
3201 2478 3288 2531 ἀεὶ
3324 2481 3666 2547 γιγνομένων

2094 2564 2507 2635 στοχαζομένοις
2535 2565 2732 2636 ὀρθῶς.
2779 2567 2998 2620 Δίκαιον
3030 2568 3078 2622 δ’
3115 2564 3256 2621 εἶναι
3292 2550 3383 2623 {by
3410 2570 3543 2623 Θεὸν
3569 2572 3665 2626 καὶ

2090 2657 2272 2712 δίκαια
2298 2658 2539 2728 δρῶντας
2564 2658 2884 2729 ἀνθρώπους
2913 2660 3108 2728 φιλεῖν,
3136 2660 3230 2714 καὶ
3255 2659 3410 2715 τοῦτο
3436 2662 3482 2715 δ’
3508 2658 3664 2733 οἶμαι

2090 2750 2203 2812 τοῖς
2237 2751 2407 2803 ἅπασι
2437 2751 2715 2821 γνώριμον
2749 2746 2889 2804 εῖναι
2935 2745 3015 2814 οἷς
3047 2750 3138 2804 τὸν
3190 2751 3315 2807 νοῦν
3359 2752 3459 2823 τῆς
3484 2753 3664 2825 ψυχῆς

2091 2838 2230 2903 οίαξι
2285 2839 2764 2909 πηδαλιουχεῖσθαι
2826 2838 3185 2912 ξυνερρυήκει
3244 2842 3532 2903 συνέσεως.
3588 2845 3665 2897 Τὸ

2092 2924 2225 2993 γοῦν
2251 2926 2422 2981 ἕωθέν
2450 2944 2573 2982 τινα
2598 2926 2697 2999 τὴν
2730 2929 2919 2992 πρόσω
2949 2929 3117 2999 φάναι
3148 2931 3375 3001 πορείαν
3426 2928 3663 2999 βαδίζειν

2092 3017 2282 3089 ἁπάσῃ
2312 3018 2517 3089 σπουδῇ
2541 3020 2876 3090 προθέμενον
2896 3019 3151 3075 τοσοῦτον
3172 3022 3393 3075 δπισθεν
3419 3023 3663 3094 ἑσπέρας

2091 3106 2325 3179 δρᾶσθαι
2355 3106 2663 3177 καθήμενον
2699 3108 2825 3161 ὅσον
2863 3107 3174 3177 ἔμπροσθεν
3204 3111 3393 3180 ἐχρῆν,
3419 3108 3577 3164 τοῦτο
3604 3110 3664 3163 δὲ

2092 3200 2187 3251 καὶ
2215 3193 2297 3262 οἷς
2322 3199 2501 3267 ὀλίγος
2527 3198 2811 3269 ἐμπέφυκε
2840 3199 2982 3263 νοῦς,
3011 3201 3166 3271 γνοίη
3194 3200 3260 3254 ἂν
3283 3201 3419 3255 Θεοῦ
3445 3201 3664 3265 πάντως

2090 3283 2251 3351 εἶναι,
2286 3286 2423 3356 μήτε
2461 3284 2565 3356 μὴν
2588 3287 2701 3348 τοῖς
2731 3284 2825 3339 τοῦ
2851 3285 3159 3356 βαδίζοντος
3185 3288 3408 3359 τρόποις
3432 3290 3666 3357 ἀρεσκο-

2094 3378 2281 3451 μένου,
2313 3378 2406 3431 καὶ
2439 3376 2555 3448 ἅμα
2578 3379 2690 3441 τοῖς
2715 3378 2889 3450 τούτῳ
2917 3379 3223 3449 δρωμένοις
3254 3378 3457 3434 ἅπασιν
3485 3382 3666 3449 ἐμφα-

2090 3469 2196 3532 νῶς
2242 3469 2580 3540 μαχομένου,
2630 3468 2726 3523 καὶ
2779 3471 2835 3534 ἐς
2888 3471 2961 3525 τά
3020 3471 3165 3525 πάνυ
3220 3471 3328 3525 τῶν
3364 3471 3665 3542 προοιμίων

2095 3561 2466 3615 ἐναντιώτατα
2497 3562 2710 3631 πέρατα
2745 3560 2843 3632 τὴν
2883 3562 3121 3633 σπουδὴν
3161 3564 3664 3634 ἀντιπεριάγοντος.

2092 3654 2391 3724 Μέμνημαι
2420 3654 2603 3707 τοίνυν
2645 3654 2743 3725 οὐχ
2774 3654 2940 3721 ἅπαξ,
2971 3655 3090 3708 οὐδὲ
3139 3654 3219 3717 δίς
3251 3672 3355 3708 που
3401 3656 3496 3709 καὶ
3544 3657 3664 3725 τρὶς

2096 3747 2279 3818 μόνον.
2328 3745 2463 3799 ἀλλά
2512 3747 2606 3800 καὶ
2639 3746 2783 3816 μάλα
2827 3746 3001 3816 δήπου
3051 3763 3115 3815 γε
3149 3746 3412 3809 πολλάκις
3458 3749 3666 3818 ἀμφοῖν

2094 3839 2225 3919 ⁴ημῖν
2258 3838 2505 3900 εἰπόντος
2531 3835 2626 3890 τοῦ
2669 3837 2926 3908 Γρηγορᾶ
2957 3840 3097 3892 κατὰ
3125 3840 3223 3901 τὰς
3263 3837 3519 3891 ἐνταυθοῖ
3540 3839 3668 3916 πολι

2092 3904 2247 3989 λάκις
2280 3924 2587 3990 ἰδιαζούσας
2627 3924 2690 3999 [ί.
2855 3904 2934 3998 ρ]
2980 3927 3196 3997 μακράς
3227 3928 3319 3980 καὶ
3366 3904 3665 3988 πολυειδεῖς

2095 4020 2252 4092 ἡμῶν
2287 4019 2503 4089 ὁμιλίας
2529 4014 2706 4089 (οἶσθα
2736 4019 2793 4072 δέ
2819 4020 2911 4073 καὶ
2938 4018 3125 4090 αὐτὸς)
3154 4018 3251 4081 τὰς
3274 4018 3489 4089 βίϐλους
3519 4013 3659 4074 εἶναι

2094 4113 2190 4165 τοῦ
2224 4111 2460 4180 Παλαμᾶ
2488 4110 2808 4172 δυσσεϐείας
2860 4111 3091 4180 πλήρεις
3133 4112 3348 4181 μακρᾶς
3370 4126 3383 4140 ⁸
3422 4110 3482 4173 ἃς
3511 4110 3662 4180 δεχο-

2100 4206 2282 4277 μένοις
2315 4207 2466 4276 ήμῖν,
2496 4206 2592 4259 καὶ
2631 4205 2835 4272 πολλὴν
2866 4208 2961 4257 καὶ
2995 4205 3345 4277 παντοδαπὴν
3377 4207 3473 4275 τὴν
3504 4203 3665 4274 εὐμέ-

2096 4316 2245 4352 νειαν
2277 4301 2429 4367 σφίσι
2461 4297 2877 4368 παρεχομένοις,
2915 4296 3118 4366 ἔφασκέ
3140 4315 3200 4352 τε
3234 4300 3326 4351 καὶ
3357 4298 3666 4367 ὑπισχνεῖτο

2103 4393 2291 4463 μηδενὶ
2328 4391 2438 4444 τῶν
2463 4392 2597 4462 ἡμῖν
2635 4407 2698 4459 γε
2727 4390 3023 4461 δρωμένων
3068 4391 3343 4461 δημοσίων
3372 4390 3668 4461 εύδρομίαν

595 4517 714 4571 ιιωο
760 4508 849 4566 vel
899 4480 990 4561 illa
1056 4518 1144 4558 res
1189 4501 1373 4569 aliquo
1423 4496 1584 4552 modo
1629 4494 1786 4549 initio
1837 4492 1993 4547 nobis

2100 4482 2488 4575 ἀκολουθήσειν
2516 4482 2652 4551 πρὸς
2685 4481 2776 4535 τοῦ
2821 4481 3029 4535 δικαίου
3080 4480 3239 4548 Θεοῦ,
3278 4481 3396 4536 ἀλλ’
3438 4481 3669 4551 ἀνατρέο

433 4608 729 4668 succedere
756 4603 939 4657 visura
966 4606 1134 4661 esset,
1164 4603 1401 4649 attamen
1428 4605 1537 4645 non
1564 4589 1725 4658 longe
1754 4595 1998 4655 tempore

434 4699 762 4770 interposito
789 4693 901 4765 96
925 4693 1067 4755 lore,
1086 4698 1145 4743 ut
1174 4684 1530 4743 acerbissima
1567 4680 1703 4734 mala
1727 4678 2001 4733 uberrime

435 4792 502 4847 ad
537 4798 843 4844 extremum
883 4786 1314 4835 succrescerent.
1357 4776 1502 4830 Idem
1545 4772 1679 4841 ipsis
1708 4770 2003 4824 vehemen-

436 4882 545 4938 tius
600 4873 1046 4950 pronuutiantcm
1093 4866 1441 4928 audivimus,
1488 4872 1548 4917 ut
1599 4859 1738 4916 nihil
1787 4857 2002 4913 dubita-

437 4972 601 5027 tionis
661 4968 777 5024 suis
822 4966 1067 5020 meribus
1107 4961 1461 5022 adtuisceret,
1508 4969 1630 5024 qua:
1677 4953 1999 5022 plerumque

435 5060 882 5117 incerlitudinem
910 5046 1079 5107 futuri
1118 5050 1385 5119 temporis
1416 5043 1789 5100 metuentibus
1820 5043 2000 5095 inesse

434 5153 592 5209 solet.
630 5151 819 5219 Neque
866 5144 1065 5205 nescis,
1099 5149 1306 5213 quanto
1353 5138 1479 5193 odio
1529 5136 1631 5190 viri
1669 5150 1777 5189 non
1813 5148 1843 5187 a
1886 5130 2001 5186 suis

434 5244 621 5300 verbis
650 5239 964 5296 recedentis
992 5236 1306 5290 libertatem
1340 5228 1614 5300 persecuti
1644 5226 1836 5280 simus.
1860 5224 2001 5280 Cou-

435 5333 789 5392 slderandum
843 5331 1009 5401 igitur
1064 5333 1171 5390 est,
1224 5337 1355 5378 num
1408 5320 1548 5374 forte
1604 5318 1717 5373 Deo
1765 5318 1884 5386 ipso
1930 5317 2000 5371 ob

435 5427 629 5496 dogma
665 5430 1002 5492 repugnante
1037 5419 1189 5473 irrita
1227 5414 1518 5469 iaciamus.
1557 5429 1574 5461 ι

504 5692 641 5747 XIII.
686 5690 808 5744 Ilaec
838 5697 1000 5757 atque
1033 5683 1300 5754 ejusmodi
1358 5696 1482 5734 cum
1542 5679 1630 5733 illa
1665 5677 1999 5748 protulisset,

398 5785 762 5855 ,ἱιιινριοιιιοτι
806 5801 825 5833 ι
869 5780 1088 5843 Mulier,
1112 5776 1312 5847 inquit,
1348 5790 1452 5827 nou
1502 5772 1683 5825 omnia
1738 5770 2003 5824 debemus

2099 4570 2297 4625 πεσθαί
2320 4587 2379 4624 τε
2404 4570 2581 4623 πάντα
2604 4569 2700 4622 καὶ
2726 4568 3047 4639 φθείρεσθαι
3073 4570 3387 4639 προφανῶς,
3413 4568 3668 4639 καθάπερ

2100 4664 2386 4732 κεραυνοῖς
2415 4660 2677 4729 αίθερῖοις
2708 4660 2776 4713 τὰ
2804 4661 2951 4729 λήῖα.
3003 4661 3063 4714 El
3105 4661 3160 4714 δέ
3194 4677 3299 4715 που
3349 4660 3443 4714 καὶ
3492 4659 3668 4725 δόξειε

2099 4754 2208 4807 τῶν
2233 4754 2521 4825 ἡμετέρων
2557 4752 2735 4822 ἔργων
2763 4749 2821 4804 ἓν
2850 4751 3136 4806 ὁποιονοῦν
3177 4750 3382 4823 ὁπηοῦν
3420 4752 3669 4823 εὐτυχεῖν

2100 4847 2164 4897 ἐκ
2204 4844 2525 4914 προοιμίων,
2563 4843 2679 4896 ἀλλ’
2704 4838 2799 4896 οῦν
2824 4845 2925 4896 οὐκ
2958 4845 3042 4907 είς
3072 4843 3290 4913 μακρὰν
3319 4844 3437 4896 ἐκεῖ
3472 4843 3669 4914 πικρὸν

2101 4936 2428 5006 ἐπιφύεσθαι
2468 4938 2563 4990 καὶ
2605 4937 2750 5006 μάλα
2798 4934 3066 5007 πολύχουν
3115 4937 3172 4989 ἐν
3215 4937 3329 4995 τοῖς
3377 4934 3578 5005 πέρασι
3608 4936 3668 4988 τὸ

2100 5029 2388 5101 γεώργιον.
2418 5028 2589 5082 Τοῦτο
2617 5029 2673 5080 δε
2705 5028 2936 5090 καύταῖς
2962 5026 3266 5096 πανδήμοις
3312 5025 3668 5097 σφοδρότερον

2100 5122 2437 5191 ὴκηκόειμεν
2471 5120 2729 5191 φάμενον,
2762 5119 2823 5172 οὐ
2853 5118 3155 5189 δισταγμοῦ
3186 5135 3331 5180 τινος
3364 5119 3533 5186 μέρος
3562 5133 3670 5168 πα-

2104 5214 2445 5283 ραμιγνύντα
2471 5212 2549 5284 τῷ
2576 5213 2719 5283 ἤθει,
2747 5213 2928 5273 ὁποῖος
2962 5213 3071 5273 τοῖς
3098 5210 3325 5264 δεδιόσιν
3353 5211 3542 5262 ἕπεται
3569 5209 3670 5277 τὴν

2102 5307 2196 5360 τοῦ
2235 5308 2523 5377 μέλλοντος
2552 5303 2776 5373 ἀδηλίαν
2809 5303 2884 5363 ὡς
2913 5303 2983 5355 τὰ
3027 5300 3216 5355 πολλά.
3268 5302 3376 5354 Καὶ
3420 5298 3576 5353 οἶσθά
3606 5316 3670 5366 γε

2101 5398 2177 5461 ὡς
2217 5396 2497 5466 ἠχθόμεθά
2525 5396 2622 5465 τῆς
2656 5392 2967 5465 παρρησίας
2995 5391 3179 5462 τάνδρί
3205 5408 3218 5423 ·
3250 5393 3278 5443 ὁ
3301 5390 3345 5444 δ’
3375 5392 3475 5444 οὐκ
3500 5391 3671 5442 ἐνεδί-

2102 5489 2195 5543 δου
2222 5490 2415 5557 λέγων.
2450 5486 2719 5541 Σκεπτέον
2748 5486 2841 5540 οῦν
2869 5486 2944 5557 μὴ
2974 5482 3110 5539 Θεοῦ
3148 5483 3455 5553 μαχομένου
3481 5482 3571 5536 διὰ
3612 5483 3673 5535 τὸ

2102 5582 2280 5650 δόγμα
2315 5578 2568 5649 πονῶμεν
2593 5581 2853 5649 ἀνήνυτα.
2892 5597 2912 5629 ι

2176 5674 2274 5728 II".
2306 5671 2490 5724 Ταῦτα
2516 5674 2695 5724 τοίνυν
2727 5671 2821 5723 καὶ
2850 5671 2916 5723 τὰ
2944 5668 3169 5723 τοιαῦτα
3200 5667 3501 5736 διεξιούσης
3532 5666 3673 5715 ἐκεί-

2106 5783 2225 5837 νης,
2264 5784 2281 5817 ι
2309 5761 2379 5816 Ὧ
2408 5765 2588 5833 γύναι,
2619 5764 2782 5832 φησὶν
2816 5764 2844 5814 ὁ
2875 5760 3148 5831 βασιλεὺς,
3191 5759 3252 5811 οὐ
3284 5758 3463 5812 πάντα
3498 5754 3670 5809 καθά-
