4036 6210
371 365 438 432 81
1401 374 1850 439 BYZANTIN/E
1871 379 2254 439 lllSTORI/E
2284 379 2430 440 LIB.
2453 377 2661 440 XXVI.
3545 373 3617 438 δὲ

371 483 482 546 παξ
529 481 710 551 χρεὼν
750 483 1064 538 ἀνατιθέναι
1120 484 1264 557 Θεῷ.
1319 485 1476 544 Εἶναι
1524 491 1635 562 γάρ
1681 510 1803 545 τινα
1848 493 1933 544 καῖ

2049 493 2114 544 ad
2151 491 2321 546 Deum
2351 479 2580 547 referre.
2613 489 2746 545 Nam
2780 488 2944 544 etiam
2973 488 3190 542 fortuna
3221 485 3441 542 domina
3471 500 3617 556 quae-

365 573 537 641 τύχην
585 571 1045 642 τύραννον,’κατά
1085 577 1147 629 τὸ
1196 579 1507 648 αὐτόματον
1545 581 1804 636 ἐπιοῦσαν
1829 587 1942 648 τοῖς

366 663 476 714 τῶν
506 663 812 730 ἀνθρώπων
853 665 1160 736 πραγμασι,
1184 670 1290 723 κάκ
1316 669 1410 725 τοῦ
1443 673 1746 744 προσεχοῦς
1773 675 1942 745 αὐτὴν

371 755 572 822 μᾶλλον
600 756 944 824 τάνθρώπεια
965 758 1275 814 διοικοῦσαν
1297 762 1328 834 ἦ
1360 763 1452 816 τὸν
1477 764 1631 832 Θεὸν,
1659 766 1944 837 ἐνέργειαν

369 847 470 911 μὲν
501 846 843 918 καλουμένην
869 849 1148 915 ἄκτιστον,
1183 851 1541 918 δεσποτικούς
1571 855 1628 908 δὲ
1657 858 1940 928 χαρακτῆ-

367 954 470 1002 pz;
524 938 798 1008 φέρουσάν
844 957 904 992 τε
940 945 1035 994 καὶ
1082 943 1419 1008 δεσποτικῶς
1460 949 1571 1010 τοῖς
1617 950 1942 1020 πράγμασιν

363 1030 869 1096 ἐπιστρατεύουσαν
897 1031 1040 1086 κατὰ
1071 1035 1170 1104 τὴν
1202 1033 1295 1088 τοῦ
1327 1037 1638 1105 αὐτομάτου
1680 1040 1854 1108 φοράν
1881 1058 1941 1093 τε

363 1120 460 1170 καὶ
481 1120 714 1186 κίνησιν.
747 1123 806 1177 Ei
835 1123 880 1176 δ’
909 1121 1024 1192 οὖν,
1047 1124 1203 1194 λόγον
1233 1127 1342 1194 ἐγώ
1371 1145 1453 1182 σοι
1481 1131 1574 1184 καὶ
1599 1132 1742 1199 μάλα
1766 1133 1941 1205 εἰδυίᾳ

363 1213 499 1279 ἐρῶ,
530 1213 630 1280 τῆς
659 1214 798 1282 ἐμῆς
823 1215 1082 1288 ἀληθείας
1111 1221 1368 1291 μάρτυρά
1400 1239 1457 1274 τε
1489 1226 1582 1278 καὶ
1612 1223 1939 1296 βεϐαιωτήν.

363 1300 536 1356 (ιῗσθα
569 1306 676 1376 γὰρ
696 1307 914 1372 ὁποίαις
939 1311 1031 1362 καὶ
1059 1311 1212 1375 ὅσαις
1237 1315 1550 1382 ἠπειγόμην
1573 1316 1941 1385 ἐξευμενίξειν

361 1393 454 1444 τὸν
493 1393 628 1446 Θεὸν
672 1399 974 1468 χρημάτων
1001 1399 1231 1466 δόσεσιν,
1276 1401 1342 1465 ἃς
1376 1404 1629 1472 ἀφθόνοις
1661 1407 1940 1476 παλάμαις

362 1487 654 1556 ἑξήντλουν
703 1491 908 1562 ἱερεῦσι
952 1493 1046 1546 καὶ
1099 1496 1474 1566 μονοτρόποις,
1513 1499 1604 1552 καὶ
1651 1499 1764 1552 ὅσοι
1798 1517 1941 1570 σπη-

363 1581 536 1643 λαίοις
565 1583 934 1637 ἐνδιαιτῶνται
977 1586 1073 1637 καὶ
1106 1587 1278 1654 δρεσι,
1315 1589 1411 1640 καὶ
1458 1589 1574 1642 ὅσοι
1621 1591 1729 1644 τῶν
1763 1591 1939 1655 ἄλλως

361 1672 526 1738 πενίᾳ
554 1672 650 1724 καὶ
680 1672 820 1741 νόσῳ
848 1673 1138 1737 συζώντων
1169 1678 1439 1747 ὑπῆρχον,
1473 1681 1567 1732 καὶ
1610 1683 1684 1752 πῆ
1725 1683 1821 1750 μὲν
1846 1683 1940 1752 δη·-

365 1759 550 1829 μοσία,
590 1763 660 1830 πῆ
696 1761 754 1814 δὲ
789 1761 1080 1832 βλέποντος
1125 1767 1380 1821 ἁπάντων
1425 1769 1658 1833 οὐδενός.
1696 1773 1935 1841 Ὠνησαν

2043 582 2166 636 dam
2198 592 2303 646 est,
2333 597 2456 654 quae
2493 597 2594 637 suo
2624 581 2858 635 arbitrio
2883 580 3171 634 hominum
3210 594 3300 636 res
3329 577 3615 647 aggredia-

2043 685 2151 740 tur,
2190 688 2354 744 atque
2385 674 2732 730 continenter
2783 672 2946 727 vitam
2978 671 3273 725 humanam
3307 668 3481 740 magis
3529 682 3615 720 re-

2041 774 2154 834 gat,
2185 781 2348 832 qttatn
2401 763 2582 819 Deus:
2617 762 2866 831 Operatio
2903 759 3128 831 quidem
3189 761 3508 814 nominatur
3537 758 3616 809 in-

2041 865 2258 918 creata,
2296 855 2486 910 induta
2527 863 2708 910 autem
2737 861 2818 908 est
2851 853 3064 925 tyranni
3100 852 3369 920 moribus,
3420 867 3616 921 super-

2041 949 2276 1018 bamque
2324 949 2378 1002 in
2410 963 2603 1002 omnes
2647 963 2738 1002 res
2782 947 3214 1002 dominationem
3263 955 3484 1002 exercet
3515 961 3616 1015 pro

2041 1041 2290 1095 libidinis
2323 1041 2530 1108 impetu
2565 1050 2733 1108 atque
2785 1049 2958 1094 motu.
2990 1039 3262 1108 Agedum!
3303 1040 3614 1094 orationem

2044 1129 2139 1184 tibi
2175 1127 2374 1194 dicant,
2404 1144 2567 1197 quam
2605 1129 2719 1199 ipsa
2751 1129 2896 1183 haud
2935 1144 3064 1184 sane
3099 1129 3344 1200 ignoras,
3375 1145 3496 1198 qua:
3527 1144 3614 1184 me

2039 1234 2168 1273 vere
2198 1219 2443 1274 locutum
2464 1235 2585 1274 esse
2617 1218 2945 1274 testiﬁcetur
2973 1229 3134 1289 atque
3160 1223 3468 1276 confirmet.
3493 1221 3614 1276 Scis

2039 1308 2210 1371 enim,
2239 1309 2462 1377 quantis
2488 1319 2543 1363 et
2569 1309 2828 1378 qualibus
2857 1327 2957 1382 ego
2987 1313 3291 1368 studuet-itn
3326 1312 3486 1366 donis
3513 1313 3610 1368 Dei

2043 1397 2285 1452 favorem
2333 1401 2465 1454 tnihi
2517 1401 2838 1466 conciliare,
2870 1419 2992 1472 quae
3017 1403 3196 1473 plenis
3241 1405 3498 1460 manibus
3527 1421 3613 1460 sae

2039 1489 2374 1552 ct‘rdotibus.
2403 1491 2722 1546 hominibus
2748 1493 3030 1561 solitariis,
3057 1495 3373 1566 quicunque
3403 1498 3454 1551 in
3483 1513 3610 1568 spe-

2039 1579 2224 1635 luncis
2277 1582 2530 1637 habitant
2579 1593 2634 1639 et
2699 1585 2982 1639 montibus
3031 1595 3128 1639 aut
3179 1597 3503 1656 paupertate
3553 1597 3610 1644 ct

2041 1671 2249 1725 morbis
2283 1675 2530 1742 oppressi
2559 1675 2726 1730 vitam
2756 1677 2982 1747 degunt,
3011 1688 3064 1733 et
3094 1679 3272 1748 palam
3305 1688 3362 1734 et
3391 1680 3610 1734 occulto

2039 1761 2331 1832 largiebar.
2371 1763 2572 1819 Verum
2617 1769 2748 1823 nihil
2807 1769 3061 1824 utilitatis
3127 1771 3287 1826 nobis
3338 1771 3446 1842 97
3498 1772 3606 1826 illa:

357 1847 406 1898 δ’
437 1849 570 1917 ἡμῖν
625 1849 802 1914 οὐδὲν,
845 1851 960 1906 ἀλλ’
1005 1853 1222 1926 αὔραις,
1273 1856 1349 1920 ὥς
1399 1875 1461 1926 γε
1506 1859 1705 1924 ἔοικεν,
1758 1833 1933 1917 ὲκέῖνα

2043 1851 2360 1922 largitiones
2403 1857 2734 1920 attulerunt.
2784 1858 2880 1913 sed
2917 1859 3102 1914 ventis
3135 1861 3388 1916 videmur
3421 1863 3608 1919 omnia

361 1938 521 1990 πάντ’
575 1939 1059 2013 ἐκπεπονήκαμεν,
1113 1947 1207 2000 καὶ
1258 1948 1526 2018 περιέστη
1583 1952 1714 2022 ἡμῖν
1759 1955 1942 2007 ἐκεῖνα

361 2027 556 2080 παθεῖν
599 2029 636 2082 ἃ
679 2031 814 2100 μηδὲ
864 2035 977 2094 τοῖς
1030 2037 1236 2108 σφόδρα
1286 2041 1634 2110 ἀνδροφόνοις
1693 2044 1780 2097 διὰ
1821 2046 1938 2114 βίου

361 2121 693 2175 πεπονθέναι
733 2122 1156 2194 ξυμπέπτωκεν.
1202 2133 1319 2202 Ἀφ’
1365 2127 1426 2188 οὐ
1469 2135 1513 2190 δ’
1557 2137 1814 2208 ὁμόφρων
1843 2157 1938 2208 γε·

358 2214 602 2284 γένημαι
633 2213 887 2288 Παλαμᾷ,
914 2219 1004 2272 καὶ
1037 2219 1291 2290 βασιλεὺς
1333 2225 1492 2302 εὐθὺς
1539 2229 1872 2299 κεκράτηκα.
1913 2250 1930 2283 ι

433 2391 530 2446 IA’.
549 2393 614 2447 Ἡ
635 2393 684 2448 δ’
698 2395 1042 2454 ὑπολαϐοῦσα
1058 2400 1227 2454 τοιάδ’
1243 2402 1543 2472 ἀντέφησεν
1558 2405 1731 2472 αὖθις·
1757 2427 1775 2461 ι
1799 2408 1937 2478 Ἐγὼ

359 2485 442 2548 δὲ,
485 2487 744 2554 φησὶν,ὲκ
772 2491 881 2544 τῶν
909 2493 1198 2563 ἡμετέρων
1239 2498 1329 2550 καὶ
1353 2491 1710 2570 ἀνθρωπίνων
1733 2501 1939 2574 βραχέα

363 2593 446 2628 σοι
472 2577 794 2648 φθέγξομαι.
829 2581 962 2637 Εἰπὲ
987 2585 1094 2656 γάρ
1143 2604 1262 2655 μοι·
1300 2588 1368 2642 Εἴ
1414 2607 1496 2652 τις
1521 2592 1938 2664 τῶνὴμετέρων

356 2668 560 2723 δούλων
582 2671 910 2741 ἀμπελῶνος
939 2677 1113 2730 εἰπεῖν
1151 2677 1182 2750 ἢ
1219 2679 1326 2732 τῶν
1349 2681 1526 2736 ἄλλων
1549 2684 1782 2754 ἐχόντων
1805 2688 1937 2756 ἡμῖν

367 2763 656 2832 κτημάτων
707 2765 828 2829 ἑνὸς
885 2767 1194 2824 οὑτινοσοῦν
1247 2773 1584 2846 ἐπιμελητὴς
1646 2777 1736 2844 ὑφ’
1777 2780 1808 2846 ἡ
1819 2779 1935 2848 μῶν

372 2857 649 2920 καταστὰς,
677 2855 866 2910 ἔπειτα
893 2858 990 2930 τὴν
1015 2862 1114 2930 μὲν
1139 2864 1456 2918 δεσποτείαν
1487 2866 1644 2936 ἡμῶν
1675 2868 1934 2940 ἀφῃρεῖτο

369 2945 699 3015 περιφανῶς,
746 2949 1206 3026 πολλοστημόριον
1251 2956 1304 3010 δὲ
1339 2958 1447 3012 τῶν
1486 2960 1700 3015 ἐκεῖθεν
1743 2965 1936 3033 παρεί-

357 3054 484 3105 χετο
513 3039 697 3110 φέρων
724 3042 855 3112 ἡμῖν
884 3046 1130 3115 καρπῶν,
1163 3048 1224 3101 οὐ
1263 3051 1464 3118 μᾶλλόν
1494 3051 1548 3120 γ’
1573 3051 1637 3106 ἂν
1666 3054 1934 3126 ὲμεμισὴ-

355 3145 558 3198 κειμεν
589 3131 800 3185 ικεῖνον
825 3133 858 3203 ἢ
890 3134 1274 3208 ἡγαπήκειμεν
1299 3157 1314 3206 ;
1349 3141 1504 3195 Τοῦτ’
1531 3143 1660 3197 αὐτὸ
1685 3147 1930 3214 νομίζειν
1959 3175 2002 3233 c

352 3219 534 3274 ἔπεισί
562 3225 770 3290 μοικαὶ
796 3224 859 3298 [ί.
897 3227 997 3284 118
1027 3229 1080 3302 ὁ]
1112 3233 1242 3303 περί
1270 3251 1331 3302 γε
1358 3234 1449 3288 τοῦ
1480 3237 1642 3307 μόνου
1674 3237 1829 3294 Θεοῦ.
1867 3241 1926 3295 ΕΙ

351 3313 468 3383 γὰρ
501 3314 734 3370 πλούτου
759 3321 849 3372 καὶ
883 3319 1038 3392 δόξης
1067 3325 1334 3396 τοσαύτης
1377 3329 1537 3399 ἡμεῖς
1564 3331 1926 3396 ἀπολαύοντες

352 3405 500 3474 πρὸς
534 3407 692 3474 Θεοῦ,
715 3408 906 3465 ἔπειτα
943 3416 1040 3484 τὴν
1081 3416 1245 3470 αὐτοῦ
1280 3417 1596 3473 δεσποτείαν
1637 3421 1926 3477 πολυθεῖαν

349 3493 642 3582 ἑκόντες-ἧ
664 3513 772 3551 τινι
801 3498 911 3552 τῶν
939 3501 1194 3556 ἁπάντων
1234 3504 1396 3576 ἑτέρᾳ
1433 3507 1562 3578 παρ’
1589 3509 1752 3562 αὐτὸν
1777 3512 1927 3582 ἐνερ-

347 3585 506 3658 γείᾳ,
546 3576 916 3658 ἑξευμενίζειν
945 3592 1152 3646 ἐκεῖνον
1197 3576 1522 3667 νομίζοιμεν
1552 3576 1927 3672 πολλοστημό-

349 3695 476 3746 ριον
503 3680 800 3748 χρημάτων
825 3683 932 3736 τῶν
953 3683 1114 3738 αὐτοῦ
1147 3687 1515 3756 προσάγοντες
1539 3690 1708 3761 αὐτῷ,
1733 3691 1927 3748 θᾶττον

353 3765 516 3834 μέντ’
547 3765 614 3820 ἂν
643 3768 928 3839 μισήσειεν
959 3769 992 3842 ἢ
1023 3773 1358 3846 ἀγαπήσειεν
1390 3777 1557 3847 ἡμᾶς,
1593 3780 1675 3832 ὅτι
1707 3779 1767 3833 τὸ
1803 3785 1924 3851 μεῖ-

351 3855 450 3919 ζον
485 3856 848 3927 ἀφαιροῦντες
889 3859 1178 3916 τοῦλαττον
1205 3863 1596 3937 παρέχομεν,ἢ
1636 3869 1836 3935 μᾶλλον
1865 3869 1926 3924 τὸ

349 3945 470 3996 πᾶν
502 3944 858 4016 ἀφαιροῦντες
881 3947 942 4001 τὸ
973 3949 1138 4020 μηδὲν
1164 3953 1494 4024 παρέχομεν.
1533 3955 1632 4027 Είη
1665 3956 1710 4009 δ’
1732 3957 1798 4012 ἂν
1817 3960 1926 4014 κάκ

345 4038 468 4091 τῶν
489 4039 778 4108 ἡμετέρων
803 4039 885 4093 ἔτι
913 4045 1254 4112 πραγμάτων
1289 4048 1654 4119 ἐναργέστερα
1680 4051 1747 4105 τά
1776 4052 1929 4122 λεγό-

349 4147 520 4201 μενα.
547 4126 716 4186 Οἶσθα
743 4133 852 4204 γὰρ
892 4134 966 4197 ὡς
993 4135 1123 4206 πρὶν
1152 4135 1184 4199 ἢ
1219 4141 1336 4202 ταῖς
1366 4139 1462 4192 τοῦ
1496 4141 1726 4210 Παλαμᾶ
1753 4127 1928 4215 προσ-

341 4223 582 4292 τεθῆιαι
625 4225 1008 4292 καινοφωνίαις
1045 4229 1220 4296 ἡμᾶς,
1269 4231 1473 4302 σφόδρα
1529 4249 1593 4302 γε
1633 4233 1692 4300 ἐξ
1739 4237 1927 4309 οὐρίας

341 4313 496 4381 ἡμῖν
525 4312 594 4366 τά
619 4315 718 4384 τῆς
763 4313 1105 4386 εὐδαιμονίας
1145 4317 1316 4386 ἔπλει,
1357 4321 1448 4374 καὶ
1482 4323 1637 4378 οὐδὲν
1671 4326 1926 4383 ἀντέπνει

341 4403 468 4456 τῶν
495 4401 684 4457 δεινῶν
731 4405 1102 4478 ἀντίπρωρον,
1132 4410 1269 4463 ἀλλὰ
1319 4414 1412 4466 καὶ
1453 4413 1546 4466 ὐπ’
1587 4415 1760 4469 ἄλλων
1789 4419 1928 4485 τέως

2039 1943 2329 2010 effecisse;
2375 1945 2741 2001 calamitates
2781 1948 2928 2004 enim
2985 1949 3038 2002 in
3093 1965 3193 2004 nos
3255 1951 3607 2019 ingruerunt,

2040 2034 2230 2103 quales
2277 2051 2346 2090 nc
2395 2037 2748 2092 audacissimi
2797 2039 3021 2109 quidem
3065 2041 3356 2096 homicida:
3405 2043 3460 2098 in
3495 2044 3604 2097 vita

2039 2130 2286 2196 perpessi
2313 2140 2462 2185 sunt.
2499 2129 2573 2186 Ex
2604 2147 2714 2201 quo
2745 2145 2926 2188 autem
2959 2143 3201 2205 tempore
3230 2151 3358 2192 cum
3389 2137 3606 2193 Palama

2039 2219 2166 2286 feci,
2206 2237 2270 2276 ex
2322 2237 2388 2276 eo
2439 2223 2621 2278 statim
2665 2223 3015 2294 imperatoris
3056 2229 3356 2297 potentiam
3407 2239 3618 2287 nactus

2039 2325 2182 2366 sum.
2233 2329 2252 2362 ι
2959 2387 2964 2392 ι

2111 2401 2247 2458 XIV.
2293 2401 2386 2460 Illa
2438 2413 2622 2462 autem
2667 2411 2973 2468 orationem
3017 2413 3298 2484 excipiens
3333 2414 3449 2470 haec
3489 2415 3614 2470 fcre-

2037 2495 2356 2562 responditf
2396 2515 2414 2548 ι
2453 2497 2566 2570 Ego
2595 2516 2768 2570 pauca
2799 2504 3048 2572 quaedam
3081 2521 3144 2560 ex
3179 2507 3386 2562 nostris
3411 2507 3610 2561 huma-

2038 2583 2235 2654 nisque
2288 2587 2456 2644 rebus
2499 2607 2846 2662 proponam;
2879 2597 2969 2652 die
3005 2599 3150 2653 enim
3200 2598 3358 2662 mihi,
3397 2599 3440 2653 si
3483 2600 3616 2668 quis

2037 2683 2350 2730 nostrorum
2406 2693 2692 2737 servorum
2746 2687 2896 2740 verbi
2941 2703 3106 2742 causa
3159 2689 3332 2744 vineae
3383 2689 3466 2743 vel
3509 2689 3604 2744 alii

2035 2763 2250 2818 cuidam
2277 2778 2590 2826 nostrarum
2616 2775 3023 2843 possessionum
3051 2793 3080 2832 a
3111 2780 3267 2834 nobis
3286 2779 3602 2850 prtel'cctus,

2035 2849 2412 2912 d0miuatione
2465 2860 2626 2916 nobis
2678 2863 2970 2920 manifesto
3029 2877 3257 2936 erepta.
3290 2849 3600 2938 parvulam

2035 2947 2330 3014 quamdam
2360 2961 2570 3020 partem
2598 2953 2815 3023 frugum
2847 2957 2972 3011 inde
2999 2967 3249 3012 natarum
3285 2959 3443 3014 nobis
3467 2976 3606 3027 pur-

2036 3039 2214 3105 bcret,
2245 3058 2430 3100 nonne
2463 3047 2641 3118 majus
2688 3049 2742 3102 in
2773 3063 2897 3102 eum
2926 3049 3110 3104 odium
3156 3051 3598 3121 conciperentus,

2034 3149 2199 3204 quam
2241 3145 2403 3194 antea
2431 3153 2557 3194 eum
2590 3157 2928 3197 amassetnus
2956 3143 2979 3196 τ
3009 3141 3122 3196 Hoc
3157 3142 3302 3200 idem
3332 3145 3498 3200 etiam
3533 3146 3601 3202 de

2035 3226 2202 3280 unico
2229 3227 2339 3283 Deo
2371 3239 2616 3287 statuere
2649 3233 2780 3286 mihi
2811 3235 2864 3288 in
2899 3245 3134 3290 mentem
3158 3237 3348 3302 venit;
3380 3238 3426 3292 si
3451 3237 3597 3293 enim

2035 3332 2135 3372 nos
2179 3333 2206 3372 a
2253 3319 2363 3374 Deo
2407 3323 2576 3378 tantis
2627 3321 2838 3379 divitiis
2872 3332 3129 3396 tantaque
3170 3329 3343 3398 gloria
3395 3333 3597 3398 ornati,

2034 3407 2413 3466 dominatione
2444 3412 2565 3482 ejus
2607 3413 2794 3468 multis
2817 3413 3195 3474 divinitatibus
3232 3429 3328 3475 aut
3365 3420 3452 3474 alii
3486 3420 3604 3476 cui-

2034 3498 2158 3553 dam
2212 3503 2516 3572 operationi
2583 3505 2650 3559 ab
2696 3522 2763 3561 eo
2823 3507 3059 3564 diversae
3111 3510 3256 3565 ultro
3309 3513 3594 3582 permissa,

2035 3593 2258 3659 parvula
2293 3594 2528 3663 quadam
2563 3604 2718 3666 parte
2751 3615 2913 3668 opum
2951 3601 3242 3670 praebenda
3279 3606 3440 3660 nobis
3469 3621 3596 3661 cum

2035 3683 2333 3738 conciliare
2367 3685 2706 3754 putabimus,
2732 3689 2967 3747 celerius
2992 3707 3122 3748 sane
3153 3710 3253 3750 nos
3279 3695 3408 3750 odio
3432 3713 3596 3766 quant

2035 3788 2222 3830 amore
2277 3787 2644 3846 persequetur
2687 3791 2978 3850 propterea
3019 3785 3164 3854 quod
3205 3787 3326 3856 plus
3357 3788 3408 3842 ci
3440 3790 3599 3844 dere-

2033 3881 2245 3936 gamus,
2277 3884 2441 3938 quam
2472 3870 2816 3940 exhibemus,
2843 3883 2936 3928 aut
2963 3877 3144 3943 potius
3167 3878 3310 3947 quod
3343 3881 3598 3937 omnibu

2036 3959 2202 4012 rebus
2228 3961 2278 4014 ei
2311 3961 2630 4018 defraudato
2677 3965 2816 4020 nihil
2849 3959 3177 4035 praebemus.
3205 3969 3386 4026 Facile
3411 3983 3595 4030 autem

2033 4065 2100 4105 ex
2143 4061 2459 4108 nostrarum
2499 4071 2682 4109 rerum
2717 4059 3058 4126 conditione,
3087 4063 3231 4132 quod
3263 4065 3426 4119 modo
3459 4067 3596 4136 dixi,

2033 4142 2234 4198 clarius
2289 4147 2413 4200 erit.
2461 4145 2580 4202 Seis
2617 4148 2788 4211 enim,
2835 4159 3124 4221 antequam
3169 4153 3402 4213 Palama:
3460 4177 3597 4216 nova

2037 4245 2346 4290 commenta
2397 4238 2856 4308 amplexarentur,
2911 4259 3124 4300 summa
3168 4263 3292 4302 cum
3339 4251 3598 4308 felicitate

2031 4327 2144 4398 98
2173 4329 2330 4400 quasi
2360 4331 2606 4387 secundo
2641 4344 2807 4390 vento
2848 4336 3067 4407 adjutas
3099 4352 3313 4397 nostras
3351 4359 3436 4399 res
3469 4361 3598 4413 pro-

2031 4420 2266 4478 cessisse
2315 4423 2562 4492 nihilque
2609 4427 2890 4480 contrario
2921 4431 3156 4497 quodam
3193 4431 3319 4484 ﬂatu
3365 4433 3600 4501 impedi-

343 4497 770 4568 βασιλευόμενοι
811 4499 987 4554 πλείω
1025 4501 1136 4556 τῶν
1169 4501 1564 4573 βασιλευόντων
1614 4509 1778 4580 ἡμεῖς
1825 4511 1927 4583 τὴν

2035 4519 2148 4564 tum
2193 4510 2382 4576 fuisse,
2429 4514 2525 4567 sed
2557 4515 2686 4568 licet
2723 4517 3042 4585 aliquandiu
3089 4519 3320 4572 aliorum
3365 4497 3598 4591 imperio

345 4589 516 4658 ξσχὺν
563 4589 967 4660 ὲκαρπούμεθα,
1019 4595 1111 4646 καὶ
1145 4595 1206 4648 τὸ
1236 4596 1336 4665 τῆς
1380 4596 1663 4671 βασιλικῆς
1713 4601 1928 4672 ἐκείνης

338 4679 516 4750 δόξης
544 4681 698 4744 κλέος
735 4682 918 4737 πλεῖον
944 4686 1076 4755 ἡμῖν
1101 4685 1132 4756 ἢ
1157 4689 1271 4750 τοῖς
1313 4689 1498 4759 ἔχουσι
1526 4693 1722 4762 περιῆν
1743 4710 1755 4724 ·
1785 4691 1928 4746 ὲκεί-

339 4787 462 4824 νων
492 4773 602 4843 γὰρ
637 4775 918 4844 ἐνομίζετο
953 4777 1041 4830 καὶ
1085 4779 1244 4848 ἡμῶν
1291 4773 1381 4850 ἦν.
1446 4781 1566 4851 Ἀφ’
1605 4782 1664 4836 οὗ
1715 4783 1774 4837 δὲ
1815 4785 1926 4850 τοῖς

341 4857 500 4924 ἀμφὶ
527 4859 620 4911 τὸν
645 4861 904 4931 Παλαμᾶν
933 4865 1191 4936 φέροντες
1224 4871 1534 4938 συμμαχεῖν
1559 4869 1706 4941 ἡμᾶς
1733 4871 1928 4936 αὐτοὺς

340 4949 734 5023 ἑδεδὼκειμεν,
771 4955 913 5010 κατά
941 4959 1166 5030 πόδαςή
1206 4960 1348 5024 τίσις
1392 4962 1556 5026 εὐθὺς
1597 4963 1882 5033 ἠκολούθει
1907 4983 1922 4999 ·

341 5044 536 5096 πᾶσαν
562 5046 662 5114 μὲν
692 5046 804 5118 γὰρ
849 5048 1010 5112 εὐθὺς
1061 5052 1478 5121 κακοδαιμονίαν
1523 5054 1824 5126 συλλήϐδην
1851 5057 1929 5110 εί-

341 5135 477 5190 στεῖν
497 5137 926 5210 διηντλήκαμεν,
959 5143 1136 5196 πᾶσαν
1163 5143 1210 5197 δ’
1236 5145 1454 5217 ἐκείνην
1481 5145 1577 5216 τὴν
1599 5147 1755 5214 δόξαν
1789 5149 1928 5218 μετά

337 5227 446 5282 τοῦ
494 5229 730 5284 πλούτου
784 5235 988 5298 παντὸς
1035 5237 1166 5306 ἡμῖν
1223 5237 1658 5309 ἀποϐεϐληκέναι
1722 5237 1930 5312 ξυμπὲ-

343 5337 562 5388 πτωκε,
614 5323 867 5396 καθάπερ
915 5329 1030 5390 τοῖς
1077 5327 1549 5402 διαγρηγορήσασι
1595 5333 1664 5386 τά
1706 5335 1765 5386 ὲν
1814 5335 1928 5400 τοῖς

345 5413 547 5476 ὕπνοις
571 5411 846 5486 ὀνείρατα.
875 5417 982 5470 Καὶ
1012 5417 1073 5471 τὸ
1103 5419 1201 5490 τῆς
1233 5419 1509 5491 βασιλείας
1543 5422 1590 5476 δ’
1633 5423 1731 5492 ὀψὲ
1766 5441 1927 5494 περι-

345 5501 692 5571 ζωσαμὲνοις
729 5505 930 5576 κράτος
959 5507 1148 5563 ἕπεται
1193 5510 1480 5583 δυστυχεῖν
1524 5515 1655 5584 ἡμῖν
1693 5515 1930 5588 ἀνακρά-

345 5609 468 5656 το-,
521 5589 703 5663 οἴμαι,
756 5597 844 5652 διὰ
901 5599 963 5652 τὸ
1016 5599 1092 5671 μὴ
1144 5601 1245 5673 τὴν
1311 5603 1594 5676 βασιλικὴν
1647 5607 1798 5676 ίσχὺν
1847 5609 1928 5672 εἰς

341 5683 660 5752 διόρθωσιν,
693 5687 810 5741 ἀλλ’
844 5691 920 5754 είς
954 5691 1194 5763 διωγμὸν
1223 5695 1482 5750 ἐκκενοῦν
1519 5697 1630 5751 τῶν
1657 5699 1798 5770 ὑπὲρ
1827 5701 1928 5772 τῆς

351 5775 592 5846 πατρίου
619 5779 888 5848 λεγόντων
919 5785 1172 5850 πίστεως.
1196 5787 1378 5841 Ταῦτα
1414 5789 1462 5843 δ’
1494 5791 1554 5844 οὐ
1587 5791 1670 5845 σοι
1691 5792 1926 5864 λέγουσα

2031 4599 2268 4670 subjecti
2311 4617 2580 4666 essemus,
2628 4607 2832 4674 majore
2879 4617 3063 4662 tamen
3113 4612 3378 4678 potentia,
3429 4629 3594 4680 quam

1981 4695 1992 4704 '
2027 4687 2130 4760 ipsi
2177 4689 2509 4760 imperantes
2547 4693 2884 4762 fruehamur,
2919 4699 3184 4768 nobisque
3220 4702 3392 4771 gloria
3427 4706 3596 4772 impe-

2029 4783 2248 4838 ratoriae
2278 4785 2562 4854 dignitatis
2591 4787 2761 4858 major
2787 4790 3220 4862 contigit,quatn
3253 4794 3340 4859 iis,
3359 4796 3454 4865 qui
3475 4813 3593 4852 eam

2027 4874 2404 4945 possidebant.
2422 4876 2640 4932 lllorutn
2663 4878 2810 4933 enim
2827 4882 3124 4949 putabatur
3139 4900 3259 4942 esse
3279 4887 3592 4958 imperium,

2027 4975 2088 5020 et
2139 4965 2390 5023 nostrum
2444 4978 2582 5026 erat.
2629 4969 2708 5024 Ex
2740 4987 2850 5039 quo
2895 4989 3029 5030 vero
3089 4985 3332 5047 tempore
3377 4995 3478 5035 nos
3529 4983 3598 5036 ad

2029 5061 2264 5116 Palamze
2307 5072 2490 5132 partes
2519 5064 2906 5134 applicuit‘nus,
2938 5083 3100 5138 poena
3129 5087 3158 5123 e
3188 5073 3414 5142 vestigio
3457 5073 3599 5129 inse-

2029 5163 2155 5208 cuta
2202 5163 2306 5210 est.
2335 5153 2529 5210 Omnia
2569 5157 2741 5224 enim,
2776 5167 2836 5212 ut
2863 5159 3110 5216 breviter
3135 5162 3335 5226 dicam,
3364 5163 3598 5220 infortu-

2031 5245 2122 5300 nia
2172 5245 2354 5300 statim
2397 5247 2804 5304 cxantlavimus
2833 5290 2848 5312 ,
2903 5253 3087 5306 omnis
3131 5253 3224 5308 illa
3277 5254 3446 5324 gloria
3492 5271 3597 5309 una

2029 5353 2154 5394 cum
2188 5339 2397 5394 divitiis
2421 5341 2580 5396 nobis
2603 5341 2808 5398 excidit
2834 5345 3026 5400 eodem
3056 5346 3239 5412 modo,
3269 5363 3379 5418 quo
3404 5363 3600 5418 exper-

2033 5430 2198 5484 rectis
2224 5431 2458 5486 somnia.
2486 5431 2905 5502 Imperatoriam
2953 5434 3276 5506 dignitatem
3317 5453 3442 5493 sero
3471 5439 3596 5508 qui-

2031 5523 2152 5571 dem
2204 5519 2352 5574 narti
2403 5520 2552 5574 omni
2590 5520 2642 5576 vi
2694 5522 3078 5579 conﬂictamur
3119 5527 3284 5582 rebus
3323 5525 3594 5588 adversis,

2030 5611 2180 5664 nulla
2208 5611 2312 5664 alia
2347 5627 2412 5664 ex
2453 5627 2638 5682 causa,
2673 5614 2891 5684 opinor,
2925 5631 3090 5684 quam
3123 5615 3268 5686 quod
3305 5617 3598 5684 imperato-

2031 5701 2164 5756 riam
2195 5709 2518 5769 potestatcm
2563 5719 2670 5757 non
2713 5704 2778 5757 ad
2819 5704 3132 5772 dogmatum
3165 5705 3595 5770 correctionem,

2029 5793 2124 5848 scd
2161 5793 2224 5846 ad
2259 5794 2695 5863 persecutionem
2733 5809 2926 5848 eorum
2955 5797 3313 5865 conferimus,
3347 5795 3443 5868 qui
3493 5811 3594 5868 pa-
