4036 6210
438 303 510 373 ετ
1644 310 2065 376 NICEPIIORI
2105 318 2490 381 cnseome
3620 312 3689 375 83

440 418 498 474 Si
555 419 661 475 hoc
714 422 789 476 ita
820 430 905 477 est
927 464 940 488 ,
979 424 1210 479 multum
1243 424 1461 488 aberit,
1495 436 1554 480 ut
1582 426 1818 487 alterum
1874 428 2010 485 alter

2117 434 2281 501 οὕτω,
2328 434 2526 488 πολλοῦ
2578 434 2728 505 μέντ’
2756 431 2821 486 ἂν
2865 433 3075 502 δείσειε
3119 434 3185 486 τὰ
3228 431 3427 501 ἑτέρων
3470 428 3690 500 ἐτέρους

440 510 758 581 perspiciat.
796 515 905 570 Deo
934 518 1080 571 enim
1113 517 1218 572 soli
1255 518 1359 572 hoc
1381 518 1722 574 inaccessum
1757 530 2012 580 servatur

442 613 607 668 atque
641 606 872 673 regitur,
907 608 999 676 qui
1033 609 1311 662 hominem
1346 609 1486 664 bene
1521 609 1812 666 facientem
1844 612 2010 667 vitam

440 703 697 750 acturum
762 698 1191 766 placidissimam
1247 716 1437 769 pacem
1490 703 1791 771 spirantem
1854 705 2011 779 103

444 786 734 851 promisit,
772 803 932 842 secus
967 800 1149 844 autem
1189 802 1439 861 agentem
1477 796 1642 848 etiam
1680 798 2010 850 contrariam

445 875 570 930 vita:
616 891 821 935 sortem
865 882 1202 937 habiturum.
1248 885 1439 955 Neque
1484 903 1613 942 vero
1664 888 1888 943 minima
1929 898 2014 945 est

443 969 528 1020 vel
565 969 825 1039 ignobilis
879 973 1235 1040 diﬂ‘erenlia,
1271 993 1392 1046 qua:
1444 978 1677 1035 interest
1720 980 1866 1035 inter
1911 981 2014 1035 bo-

443 1076 575 1115 num
607 1071 662 1116 et
694 1063 899 1118 bonum
931 1075 1099 1136 atque
1132 1071 1275 1123 inter
1312 1070 1514 1125 malum
1548 1080 1603 1126 et
1633 1073 1856 1127 malum.
1884 1070 2016 1129 Om-

445 1151 598 1203 nium
633 1151 782 1205 euim
816 1152 1088 1210 bonorum
1117 1158 1385 1226 optimum
1417 1170 1582 1230 atque
1617 1162 1855 1230 primum
1889 1176 2013 1216 esse

442 1244 805 1312 cognovimus
854 1247 1114 1317 pietatem
1164 1266 1294 1321 erga
1344 1250 1512 1306 Deum
1546 1261 1601 1306 et
1632 1253 2009 1324 incorruptam

448 1335 630 1391 fidem.
654 1338 749 1393 Ille
780 1341 953 1405 enim,
994 1343 1239 1407 «Amato,
1268 1344 1467 1415 inquit,
1497 1344 1812 1413 Dominum,
1841 1348 2012 1403 Deum

448 1436 601 1481 tuum
640 1445 707 1485 ex
751 1431 948 1486 intimo
992 1433 1161 1488 corde
1200 1443 1364 1503 atque
1400 1436 1644 1499 animo,»
1685 1447 1740 1493 et
1779 1452 2009 1492 rursus:

448 1537 464 1568 ι
496 1519 738 1575 Adorato
774 1522 1086 1590 Dominum,
1120 1525 1287 1579 Deum
1333 1536 1483 1579 tuum
1549 1543 1787 1596 eumque
1834 1529 2012 1582 solum

442 1610 653 1678 colito;
686 1613 905 1667 talium
943 1616 1090 1669 enim
1127 1618 1305 1671 colere
1339 1627 1424 1671 est
1460 1633 1547 1671 res
1583 1630 1797 1675 creatas
1833 1620 2015 1675 colere

445 1705 629 1770 potius
664 1720 827 1774 quam
869 1717 1199 1764 creatorem.
1245 1709 1541 1777 Perspecto
1579 1710 1676 1763 tibi
1713 1711 1826 1765 erit
1860 1710 2012 1765 omni

2116 528 2319 583 ειδέναι
2345 530 2496 583 ποτέ.
2529 528 2649 599 Θεῷ
2679 529 2786 599 γὰρ
2820 529 2967 598 μόνῳ
2996 526 3139 579 τοῦτ’
3170 526 3429 594 άπρόῖτον
3453 523 3690 591 τετήρη-

2113 624 2297 690 ταίγε
2340 624 2434 676 καὶ
2467 622 2835 691 τεταμίευται.
2878 620 3210 689 ’Δνθρώπων
3257 618 3301 670 δ’
3345 617 3404 680 ες
3442 616 3507 669 ἂν
3539 614 3690 684 δρῴη

2114 714 2352 782 τάγαθά,
2386 715 2617 767 πνέοντα
2661 714 2774 783 βίον
2804 714 3031 784 εἰρήνης
3059 708 3201 763 εἷναί
3226 710 3273 761 οἱ
3307 708 3688 777 ὑπεσχημένον

2114 806 2321 859 ἐκεῖθεν
2376 806 2522 875 βιοῦν
2546 822 2559 839 ·
2591 806 2650 870 ὃς
2677 807 2723 860 δ’
2752 805 2844 859 οὖν
2876 804 3152 867 τάναντία,
3173 803 3345 872 τούτῳ
3384 801 3430 853 δ’
3465 796 3534 854 αὖ
3563 801 3689 853 τάνν

2114 898 2297 953 αντία.
2347 896 2497 953 Εἶναι
2537 899 2581 952 δ’
2628 898 2690 951 οὑ
2723 901 2864 953 πάνυ
2912 915 2965 951 τι
3014 896 3305 965 ἐλαχίστην
3343 894 3449 947 οὐδ’
3491 893 3688 960 ἀγεννῆ

2112 1006 2236 1043 τινα
2266 991 2367 1062 τὴν
2410 991 2612 1059 μεταξῦ
2653 992 2937 1061 διαφορὰν,
2975 989 3041 1059 ἣν
3086 987 3367 1055 άγαθὰτε
3406 984 3520 1053 ἔχει
3554 983 3691 1051 πρδς

2114 1084 2297 1152 ἀγαθά
2331 1085 2421 1138 καὶ
2465 1085 2531 1155 ἢν
2562 1079 2628 1138 αὖ
2660 1083 2827 1137 κακία
2871 1084 3005 1151 πρὸς
3044 1081 3263 1134 κακίαν.
3312 1078 3561 1142 ’Λγαθῶν
3591 1077 3691 1145 μὲν

2115 1177 2226 1247 γάρ
2254 1178 2511 1231 ἁπάντων
2540 1178 2833 1248 κράτιστόν
2863 1193 2919 1228 τε
2960 1177 3052 1227 καὶ
3099 1174 3407 1243 πρώτιστον
3437 1169 3689 1235 ἔγνωμεν

2117 1261 2257 1319 εἶναι
2296 1265 2394 1335 τὴν
2422 1265 2559 1335 πρὸς
2587 1265 2720 1318 Θεὸν
2759 1263 3041 1317 εὐσέϐειάν
3073 1278 3134 1314 τε
3173 1259 3266 1312 καὶ
3308 1254 3691 1322 άκανπήλεοτον

2118 1357 2321 1412 πίστιν.
2378 1374 2397 1409 ι
2430 1357 2765 1425 Ἀγαπήσεις
2804 1355 2934 1423 γὰρ.
2974 1353 3133 1422 φησὶ,
3190 1349 3395 1418 Κύριον
3428 1346 3518 1399 τὸν
3554 1342 3690 1398 Θεόθ

2117 1466 2212 1502 σου
2243 1448 2303 1514 ἐξ
2334 1447 2464 1518 ὅλης
2484 1447 2661 1517 ψυχῆς
2714 1447 2808 1501 καὶ
2850 1445 2908 1509 ἐξ
2941 1445 3069 1512 ὅλης
3096 1446 3197 1512 τῆς
3242 1440 3479 1500 διανοίας
3510 1453 3626 1497 σου,
3662 1454 3683 1486 υ

2116 1539 2214 1593 καὶ
2251 1538 2437 1603 πάλιν,
2486 1555 2504 1589 ι
2545 1537 2749 1607 Κύριον
2786 1536 2877 1591 τὸν
2919 1536 3052 1589 Θεὸν
3113 1552 3208 1587 σου
3264 1531 3689 1601 προσκυνήσεις.

2117 1634 2213 1688 καὶ
2250 1632 2400 1704 αὑτῷ
2445 1635 2592 1703 μόνῳ
2625 1631 2965 1701 λατρεύσεις.
3005 1647 3025 1681 ι
3070 1628 3143 1682 Τὸ
3170 1626 3277 1695 γὰρ
3310 1626 3454 1694 ἄλλῳ
3487 1642 3563 1691 τῳ
3591 1622 3692 1673 )4-

2116 1724 2333 1796 τρεύειν
2388 1728 2455 1797 τῇ
2511 1724 2688 1778 κτίσει
2743 1722 2895 1791 παρά
2951 1721 3044 1776 τδν
3094 1720 3359 1774 κτίσαντα
3404 1715 3693 1784 λατρεύειν

439 1811 506 1851 ετ
562 1808 714 1864 parte
761 1798 1031 1853 bonorum
1079 1799 1424 1863 differentia,
1471 1801 1516 1854 si
1561 1816 1624 1855 ea
1655 1800 2010 1856 enumerahis

2113 1817 2249 1870 ἐστί.
2282 1814 2566 1886 Γνὼριμον
2590 1815 2635 1869 δ’
2658 1814 2723 1869 ἂν
2754 1814 2841 1883 εἴη
2870 1830 2953 1866 σοι
2980 1813 3201 1873 πάντως
3237 1810 3269 1880 ἠ
3296 1809 3404 1861 τῶν
3430 1805 3692 1859 τοιούτων

440 1889 704 1958 deinceps
734 1906 799 1944 ex
832 1890 1020 1943 infimo
1047 1891 1219 1959 gradu
1252 1902 1417 1960 atque
1451 1892 1834 1947 fundamento.
1865 1892 2012 1947 Cott-

442 1988 522 2033 tra
556 1995 687 2032 vero
713 1980 957 2033 omnium
992 1981 1256 2034 malorum
1304 1982 1601 2051 pessimum
1651 1993 1735 2036 est
1774 1984 2010 2038 secessio

440 2089 468 2123 ιι
512 2072 621 2126 Deo
645 2113 659 2135 ,
692 2074 851 2141 cujus
898 2073 1114 2143 signum
1148 2082 1313 2143 atque
1350 2074 1613 2127 indicium
1655 2074 2009 2131 manifestum

442 2172 527 2216 est
561 2163 865 2232 patriorum
903 2175 1305 2234 prteceptorum
1340 2176 1508 2234 atque
1545 2167 1725 2236 legum
1761 2168 2008 2234 abolitio,

440 2266 562 2321 quae
611 2253 667 2307 fit
716 2254 1107 2309 additamentis
1157 2266 1208 2309 et
1256 2256 1701 2325 ademptionihus
1750 2275 1851 2314 nec
1899 2276 2009 2315 nott

443 2345 861 2414 itttpndentibus
894 2346 1156 2417 perjuriis
1188 2362 1382 2402 eorum
1411 2391 1426 2413 ,
1455 2350 1547 2418 qui
1586 2366 1712 2403 cum
1750 2352 1861 2405 Deo
1895 2353 2011 2407 bel-

443 2437 579 2493 lant.
630 2438 820 2509 Neque
873 2444 1020 2493 enim
1068 2441 1360 2510 quisquam
1406 2441 1580 2497 Deum
1614 2443 1918 2514 pejcrabit,
1953 2444 2009 2500 in

439 2535 598 2599 cujus
641 2534 825 2586 animo
858 2533 930 2604 pii
965 2534 1017 2587 in
1058 2533 1224 2589 Deum
1261 2550 1456 2589 sensus
1486 2536 1701 2590 ardent.
1740 2539 2009 2592 Accurate

444 2623 496 2677 id
542 2621 699 2678 facile
746 2624 1087 2679 intellexeris
1116 2624 1159 2678 si
1198 2634 1413 2679 veteres
1442 2625 1658 2681 Judzeos
1692 2627 1744 2679 in
1777 2642 2007 2681 examen

441 2716 692 2779 vocaris,
726 2715 819 2784 qui
852 2730 975 2769 cum
1012 2714 1104 2770 Dei
1154 2718 1531 2772 reverentiam
1576 2720 1641 2771 ad
1688 2719 2012 2789 peregrinos

443 2809 576 2862 deos
621 2810 1056 2877 transtulerunt,
1089 2811 1272 2868 statim
1331 2815 1383 2866 in
1429 2812 1753 2866 servitutem
1802 2813 2011 2883 redigo-

442 2899 643 2955 hantur
665 2919 694 2956 a
728 2902 980 2958 finitimis
1011 2906 1290 2974 gentibus,
1320 2923 1553 2975 quarunt
1585 2906 1795 2961 domini
1826 2916 2006 2971 erant,

439 2994 685 3062 quandiu
718 2995 806 3064 pie
838 2996 910 3051 de
939 2996 1053 3050 Deo
1084 3006 1418 3062 senserunt;
1454 2998 1543 3051 ubi
1580 3012 1762 3055 autem
1792 3001 1914 3069 pius
1942 3000 2010 3054 iis

439 3096 562 3142 erat
608 3088 906 3158 princeps,
955 3104 1153 3145 rursus
1200 3093 1519 3159 superiores
1565 3093 1816 3147 hostibus
1849 3093 2010 3166 105
2036 3144 2079 3167 η

440 3193 623 3234 erant.
670 3179 850 3251 Atque
899 3196 955 3237 ut
989 3193 1175 3239 vetera
1208 3184 1550 3248 omittamus,
1581 3187 2005 3242 Constantinum

440 3274 694 3345 Magnum
726 3275 870 3332 inter
900 3278 1260 3347 imperatores
1290 3278 1625 3345 consideres,
1658 3296 1864 3350 qumso,
1897 3281 2007 3343 cui,

440 3383 566 3421 eum
600 3367 808 3421 cultum
848 3368 1078 3422 deorum
1102 3409 1116 3431 ,
1157 3386 1265 3439 quo
1300 3370 1524 3439 quidem
1563 3373 1787 3427 nomine
1819 3388 2013 3442 perpe-

444 3475 556 3515 ram
589 3462 1070 3530 nuncupabantur,
1098 3462 1163 3515 ad
1195 3479 1386 3515 verum
1418 3462 1585 3516 Deum
1615 3464 2006 3528 transtulisset,

439 3553 707 3622 contigit,
752 3563 811 3608 ut
849 3554 1142 3625 ampliores
1184 3554 1397 3622 imperii
1443 3552 1581 3607 fines
1616 3570 1778 3623 quam
1819 3569 2011 3608 omnes

442 3655 569 3699 ante
603 3660 729 3699 eum
763 3645 1127 3714 imperatores
1162 3647 1267 3700 sibi
1298 3647 1624 3700 vindicaret.
1665 3645 2011 3716 Imperatori-

442 3737 546 3791 hus
582 3748 763 3791 autem
802 3747 923 3806 post
953 3752 1079 3790 eum
1108 3779 1119 3799 ,
1156 3737 1248 3806 qtti
1292 3737 1677 3792 haereticorum
1720 3737 2010 3805 opiniones

443 3829 499 3885 in
537 3830 720 3883 divina
762 3830 887 3884 fidei
925 3828 1179 3898 dogmata
1218 3831 1478 3885 inducere
1511 3832 1812 3899 Deumque,
1844 3844 2007 3899 quem

441 3935 501 3975 se
528 3920 792 3975 extremis
824 3920 996 3975 labris
1035 3920 1219 3974 colere
1256 3921 1519 3975 dicebant
1542 3958 1556 3983 ,
1590 3922 1833 3990 pejerare
1876 3920 2011 3974 inci-

444 4013 702 4081 picbattt,
735 4014 917 4067 statim
948 4012 1269 4082 magnitudo
1301 4013 1392 4067 illa
1420 4014 1635 4082 imperii
1663 4012 1731 4068 ab
1761 4011 2011 4069 hostibus

441 4105 646 4160 sensim
687 4106 1059 4175 paulatimque
1094 4106 1507 4164 diminuebatur
1700 4108 1703 4111 ’

514 4285 676 4340 XVII.
733 4287 839 4340 Sed
877 4288 1098 4356 longum
1140 4298 1357 4356 tempus
1395 4303 1481 4343 me
1515 4288 1803 4353 deficeret,
1836 4290 1880 4343 si
1920 4304 2014 4344 vo-

446 4386 560 4432 tcra
597 4388 650 4432 et
688 4378 929 4432 recentia
983 4380 1233 4447 exempla
1284 4379 1350 4432 ad
1402 4379 1689 4433 veritatem
1734 4380 2010 4435 dictorum

2111 1909 2335 1973 ἀγαθῶν
2373 1911 2438 1963 ἐκ
2480 1910 2589 1963 τῶν
2643 1906 2869 1978 βαθμῶν
2920 1904 3045 1975 ἑξῆς
3090 1905 3184 1958 καὶ
3233 1900 3555 1956 ὑποϐάσεων
3590 1897 3691 1964 τῆς

2111 2001 2547 2074 ἀπαριθμήσεως
2580 2000 2837 2072 διαφορά.
2871 1998 3070 2053 Κακῶν
3109 1998 3153 2051 δ’
3199 1992 3267 2050 αὖ
3320 1993 3575 2048 ἁπάντων
3618 1988 3688 2042 ἂν

2111 2095 2195 2163 εῖη
2226 2094 2485 2149 κάκιστον
2521 2097 2582 2149 ἐκ
2611 2093 2898 2162 διαμέτρου
2921 2090 3136 2154 πάντως
3167 2090 3195 2143 ὁ
3219 2086 3356 2142 Θεοῦ
3384 2082 3685 2157 χωρισμὸς,

2110 2182 2170 2236 οὗ
2202 2187 2426 2253 σημεῖον
2460 2186 2551 2235 καὶ
2592 2181 2881 2249 γνώρισμα
2912 2180 3185 2252 προφανὲς
3222 2180 3255 2247 ὴ
3288 2175 3397 2228 τῶν
3437 2172 3683 2243 πατρίων

2111 2276 2353 2328 κανόνων
2378 2277 2469 2328 καὶ
2510 2275 2689 2345 νόμων
2722 2274 3001 2343 ἀθέτησις,
3041 2271 3110 2342 ἣν
3140 2265 3464 2341 προσθέσεσί
3500 2281 3559 2318 τε
3598 2264 3689 2332 γί-

2112 2367 2297 2421 νεσθαι
2348 2369 2439 2421 καὶ
2483 2367 2805 2437 ὑφαιρέσεσι
2856 2365 2967 2428 τοῖς
3015 2363 3307 2433 θεομάχοις
3358 2361 3684 2426 συμπίπτει,

2112 2459 2205 2511 καὶ
2256 2457 2374 2528 ἅμα
2425 2460 2542 2521 ταῖς
2600 2458 2872 2511 ἀναιδέσιν
2909 2454 3237 2525 ἐπιορκίαις.
3291 2452 3427 2508 Οὑδέ
3466 2451 3574 2519 γὰρ
3620 2451 3689 2504 ἂν

2111 2551 2434 2621 ἐπιορκῆσαί
2468 2566 2597 2603 ποτε
2627 2551 2836 2618 γένοιτο
2865 2546 3021 2613 Θεὸν,
3044 2547 3153 2617 ὅτῳ
3184 2545 3251 2599 ἂν
3276 2543 3519 2606 εὐσεϐεῖς
3562 2542 3689 2611 περὶ

2112 2646 2250 2700 Θεοῦ
2274 2646 2369 2708 τὰς
2396 2644 2691 2714 ὑπολήψεις
2717 2646 2772 2697 ἐν
2795 2640 2997 2713 καρδίᾳ
3025 2639 3382 2710 περιθάλπειν
3402 2636 3471 2712 [ί.
3497 2635 3598 2689 120
3628 2631 3684 2705 a}

2111 2739 2277 2810 ἐνείη.
2318 2739 2526 2811 Μάθοις
2569 2737 2613 2790 δ’
2660 2735 2726 2790 ἂν
2773 2732 3054 2806 ἀκριϐῶς,
3100 2729 3368 2786 Ἰουδαίων
3414 2728 3686 2794 ἐξετάζων

2110 2828 2237 2893 τοὺς
2274 2828 2461 2889 πάλαι,
2504 2821 2585 2889 οἷς
2627 2827 2688 2877 τὸ
2734 2823 2828 2878 τοῦ
2870 2822 3006 2875 Θεοῦ
3049 2820 3210 2884 σέϐας
3250 2821 3330 2883 είς
3369 2818 3687 2887 ἀλλοτρίους

2113 2919 2556 2992 μετατιθεμένοις
2590 2916 2743 2976 θεοὺς
2770 2914 2978 2976 δούλοις
3004 2913 3166 2975 εὐθὺς
3194 2908 3547 2964 καθίστασθαι
3572 2908 3686 2960 τῶν

2111 3011 2411 3081 περιοίκων
2448 3008 2777 3061 συνέπιπτεν
2811 3005 2999 3066 ἐθνῶν,
3041 2999 3115 3056 ὧν
3164 3001 3515 3061 εὑσεϐοῦντες
3545 2996 3685 3072 ἦσαν

2110 3103 2386 3167 δεσπόται,
2424 3099 2689 3171 ἡγεμόνος
2718 3098 2761 3150 δ’
2790 3093 2944 3159 αὖθις
2983 3094 3238 3157 εὐσεϐοῦς
3262 3093 3681 3163 καθισταμένου,

2114 3194 2344 3250 καὶτῶν
2378 3193 2630 3246 ἐναντίων
2677 3187 2831 3252 αὖθις
2873 3190 3198 3260 ὑπερτέροις
3238 3185 3484 3255 γίνεσθαι
3522 3184 3683 3238 καθίο

2112 3303 2296 3342 στατο.
2343 3286 2447 3340 K11
2477 3286 2565 3339 ἵνα
2608 3284 2735 3347 τοὺς
2780 3282 2945 3335 πάλαι
3008 3280 3415 3350 καταλίπωμεν,
3444 3281 3544 3352 ὅρα
3589 3297 3684 3349 μοι

2112 3383 2517 3435 Κωνσταντῖνον
2555 3379 2646 3430 τὸν
2697 3378 2869 3445 μέγαν
2923 3376 2983 3428 ὲν
3032 3373 3365 3445 βασιλεῦσιν,
3403 3366 3447 3440 ᾧ
3484 3372 3545 3425 τὸ
3578 3376 3687 3424 τξν

2109 3472 2478 3543 ιζευδωνὺμων
2514 3470 2674 3532 σέϐας
2712 3470 2790 3531 είς
2819 3470 2911 3520 τὸν
2943 3466 3117 3538 ἀληθῆ
3141 3468 3520 3535 μετενεγκόντι
3550 3464 3685 3517 Θεὸν

2110 3565 2357 3628 πλείονος
2392 3562 2595 3634 ἧκατά
2628 3561 2839 3622 πάντας
2886 3560 3013 3615 τοὺς
3065 3559 3174 3631 πρὸ
3223 3556 3387 3611 αὑτοῦ
3428 3556 3684 3628 βασιλέας

2111 3654 2276 3723 ἄρξαι
2325 3654 2516 3721 γέγονε
2558 3650 2681 3719 γῆς.
2736 3649 2894 3703 Ἀλλὰ
2931 3649 3043 3712 τοῖς
3106 3647 3224 3718 μετ’
3270 3649 3476 3701 ἐκεῖνον
3516 3645 3682 3708 εὐθὺς

2111 3744 2308 3817 ἂρξασί
2361 3760 2420 3796 τε
2469 3742 2561 3794 καὶ
2612 3740 2936 3812 ἀρξαμένοις
2975 3741 3075 3802 τάς
3124 3739 3366 3809 αἱρέσεις
3404 3738 3543 3791 κατὰ
3570 3736 3682 3790 τῶν

2114 3838 2273 3892 θείων
2328 3835 2613 3904 δογμάτων
2665 3834 2908 3900 εἰσάγειν
2962 3836 3060 3902 τῆς
3108 3832 3363 3895 πίστεως,
3416 3831 3506 3883 καὶ
3547 3830 3684 3883 Θεὸν

2112 3932 2391 4001 ἐπιορκεῖν
2434 3928 2494 3981 ὃν
2543 3926 2731 3995 ἄκροις
2776 3925 3013 3993 ἔφασκον
3055 3924 3236 3976 σέϐειν
3276 3925 3388 3985 τοῖς
3422 3922 3678 3993 χείλεσιν,

2112 4023 2275 4086 εὐθὺς
2329 4022 2422 4072 καὶ
2469 4019 2531 4072 τὸ
2574 4018 2672 4088 τῆς
2724 4017 2900 4086 ἀρχῆς
2935 4016 3148 4083 ἐκείνης
3189 4014 3294 4067 ὑπὸ
3323 4016 3428 4069 τῶν
3467 4013 3678 4083 ἐχθρῶν

2110 4114 2296 4185 ἡρέμα
2341 4113 2432 4165 καὶ
2477 4110 2621 4165 κατά
2672 4110 2865 4180 μικρὸν
2899 4107 3224 4179 ζημιοῦσθαι
3267 4108 3542 4162 συνέϐαινε
3576 4104 3679 4175 μέ·

2112 4207 2295 4275 γεθος.

2184 4296 2285 4354 ΙΖ’.
2327 4297 2470 4351 Ἀλλ’
2506 4298 2534 4351 ὀ
2567 4296 2774 4367 μακρὲις
2815 4294 3078 4364 ἐπιλείψει
3106 4311 3175 4364 με
3210 4293 3400 4363 χρόνος
3433 4291 3682 4346 παλαιῶν

2114 4408 2172 4444 τε
2201 4392 2296 4445 καὶ
2325 4390 2462 4444 νέων
2502 4390 2915 4457 ὑποδειγμάτων
2943 4385 3252 4457 μεμνῆσθαι
3283 4386 3415 4455 πρὸς
3446 4384 3543 4453 τὴν
3572 4384 3685 4436 τῶν

444 4469 877 4525 confirmandam
940 4470 1185 4540 proferre
1238 4472 1476 4537 vellem,
1534 4471 1587 4526 id
1640 4473 1787 4542 quod
1843 4474 2007 4528 etiam

2116 4485 2420 4555 εἰρημένων
2467 4483 2722 4552 ἀλήθειαν
2777 4481 3020 4534 θέλοντα.
3052 4478 3224 4531 Τοῦτο
3255 4478 3299 4531 δ’
3335 4478 3395 4530 οὑ
3446 4480 3590 4530 πάνυ
3629 4495 3685 4530 τι

444 4565 603 4632 plane
629 4563 697 4617 ab
726 4563 970 4617 historia:
997 4564 1347 4632 simplicitate
1372 4565 1609 4617 alienum
1635 4576 1800 4621 esset.
1831 4566 2008 4631 Quare

444 4655 548 4709 hoc
576 4663 793 4710 tantum
822 4654 985 4709 dictis
1007 4655 1203 4709 addam
1236 4654 1567 4726 dicendique,
1599 4658 1757 4712 finem
1792 4658 2006 4711 faciam.

443 4746 792 4815 Cognoscere
824 4748 970 4800 enim
1025 4751 1250 4812 studes,
1286 4748 1562 4819 quomodo
1592 4748 1718 4812 fiat,
1755 4758 1847 4809 ut,
1883 4764 2006 4802 eum

446 4838 851 4908 imperatores,
887 4841 1143 4908 quamvis
1189 4843 1454 4895 continuo
1498 4841 1865 4910 improbitatis
1907 4856 2007 4893 au-

442 4938 624 4984 ctores
652 4928 801 4993 siuti,
836 4929 1063 4983 minima
1099 4940 1278 4984 tamen
1314 4934 1451 4985 mala
1484 4931 1757 4985 interdum
1795 4932 2006 4998 patian-

443 5030 555 5085 tur,
589 5019 825 5090 subjecti
859 5019 927 5075 iis
959 5021 1212 5075 homines
1244 5023 1647 5091 multiplicibus
1690 5022 2010 5078 calamitati-

447 5112 554 5166 lms
582 5110 993 5177 conflictentur,
1013 5111 1144 5165 licet
1175 5128 1393 5181 parvam
1418 5115 1649 5169 fortasse
1682 5125 1772 5169 aut
1803 5116 2008 5168 nullam

442 5207 607 5259 aliam
655 5207 873 5274 culpam
923 5204 1250 5269 attulerint,
1288 5206 1390 5260 nisi
1428 5207 1574 5274 quod
1611 5209 1816 5263 conscii
1853 5217 2011 5262 erant

443 5310 499 5353 et
530 5306 679 5351 metu
716 5299 892 5351 coacti
926 5296 1067 5351 socii
1099 5296 1496 5365 improbitatis.
1548 5299 1618 5354 Ut
1652 5302 1817 5367 igitur
1852 5302 2007 5357 mu'ti

444 5402 695 5446 \eterum
734 5389 1001 5443 librormn
1054 5389 1371 5460 adjumenta
1405 5407 1510 5443 non
1541 5392 1735 5462 exigua
1782 5394 1846 5446 ad
1893 5397 2010 5465 ejus

446 5483 527 5538 rei
585 5481 955 5551 cognitionem
1024 5482 1186 5536 nobis
1244 5485 1549 5538 attulerunt
1606 5492 1655 5538 ct
1721 5487 1982 5540 diuturna

446 5585 637 5630 nostra
682 5572 839 5642 105
880 5576 1217 5643 experientia
1275 5589 1554 5648 utcunque
1610 5595 1707 5632 nos
1751 5580 2009 5643 edocuit,

445 5666 711 5723 Dominus
760 5665 827 5717 iis
872 5666 1249 5735 principibus,
1282 5671 1374 5739 qui
1428 5688 1535 5726 non
1583 5674 1730 5726 Omni
1765 5690 1827 5727 cx
1861 5685 2013 5742 parte

449 5772 670 5813 causam
719 5765 882 5829 atque
933 5756 1211 5814 licentiam
1269 5762 1640 5835 improbitatis
1696 5765 2008 5830 dederunt,

2115 4578 2420 4646 συγχωρεῖν
2459 4574 2556 4643 τὴν
2588 4574 2687 4641 τῆς
2725 4573 2968 4641 ἱστορίας
2993 4571 3293 4638 ἁπλότητα.
3327 4570 3419 4622 Διὸ
3442 4574 3552 4631 τοῖς
3585 4571 3686 4639 ρη-

2114 4670 2285 4722 θεῖσιν
2332 4671 2507 4722 ἐκεῖνο
2542 4667 2702 4737 μόνον
2733 4665 2990 4737 προσθεὶς
3032 4663 3437 4732 ἀπαλλάξομαι.
3474 4661 3688 4716 Μαθεῖν

2112 4762 2220 4833 γὰρ
2251 4760 2537 4829 ἐξητήκεις
2567 4761 2658 4813 καὶ
2697 4759 2847 4820 ὅπως
2887 4758 2995 4810 τῶν
3027 4756 3308 4825 προσεχῶς
3339 4754 3434 4822 τῆς
3484 4753 3686 4814 κακίας

2112 4852 2301 4906 αἰτίων
2349 4850 2625 4921 ἀρχόντων
2669 4851 2869 4919 ἥκιστα
2907 4848 3228 4916 πασχόντων
3279 4845 3473 4905 ἐνίοτε,
3522 4841 3684 4912 μόνον

2112 4943 2471 5013 πολυτρόποις
2519 4943 2828 4996 δαπανᾶται
2867 4942 3064 4994 πάθεσι
3092 4940 3153 4991 τδ
3180 4937 3443 5007 ὑπήκοον,
3479 4932 3684 5003 μικρὰν

2116 5030 2244 5095 ἴσως
2267 5033 2299 5104 ἢ
2338 5032 2606 5102 μηδεμίαν
2633 5031 2823 5101 ἑτέραν
2849 5027 3397 5094 συνεισενεγκάμενον
3424 5023 3483 5073 τὸ
3505 5022 3686 5089 παρά-

2114 5141 2220 5177 παν
2272 5123 2413 5192 πλὴν
2465 5122 2559 5176 τοῦ
2614 5121 2910 5176 συνε;ὁέναι
2959 5119 3051 5170 καὶ
3110 5115 3558 5184 συμπαρανομεῖν
3595 5110 3685 5161 διὰ

2114 5215 2299 5284 φόϐον.
2328 5214 2586 5267 Φαίνεται
2625 5215 2806 5264 τοίνυν
2838 5211 2910 5272 ὦς
2946 5227 3008 5277 γε
3039 5210 3148 5262 τῶν
3192 5206 3358 5261 πάλαι
3387 5205 3585 5275 βίϐλων
3626 5203 3684 5254 αἱ

2115 5307 2332 5366 πλείους
2371 5305 2431 5357 οὑ
2468 5304 2668 5374 μικρᾶς
2703 5302 2941 5356 συνιέναι
2973 5292 3241 5369 παρέσχον
3272 5298 3370 5359 τὰς
3404 5294 3683 5364 ἀφορμὰς,

2115 5398 2209 5451 καὶ
2242 5396 2420 5465 ἂμαή
2477 5396 2689 5464 χρόνιος
2739 5394 2899 5463 ἡμῶν
2946 5391 3091 5452 ὅπως
3129 5390 3258 5442 ποτὲ
3295 5390 3553 5441 πέπεικεν
3585 5391 3687 5449 ἐμ·-

2117 5488 2324 5557 πειρία,
2346 5487 2419 5548 ὡς
2441 5481 2518 5547 οἷς
2547 5486 2655 5537 τῶν
2685 5485 2966 5553 ἡγεμόνων
2997 5485 3132 5551 μήτε
3164 5483 3269 5533 πᾶν
3293 5480 3355 5531 τὸ
3378 5480 3471 5545 τῆς
3504 5478 3685 5537 αἰτίας

2112 5581 2372 5648 ἄντικρυς
2404 5579 2611 5631 ἀνεῖται
2644 5580 2698 5638 ἐς
2742 5578 2940 5629 κακέαν
2964 5575 3262 5640 ἐνδόσιμον,
3298 5572 3418 5633 ταῖς
3446 5585 3504 5621 τε
3541 5585 3685 5634 συμ-

2115 5676 2310 5744 φοραῖς
2349 5673 2458 5723 τῶν
2492 5671 2747 5740 ὑπηκόων
2778 5667 3147 5739 κηδεμονικῶς
3186 5662 3595 5732 καμπτομένοις
3627 5660 3687 5709 ἐν

2116 5765 2443 5820 ταπεινώσει
2492 5764 2702 5833 γίνεται
2762 5763 2987 5831 καρδίας
3036 5760 3245 5819 τούτοις
3303 5750 3683 5809 ἐπικαλεῖσθαι
