4036 6210
347 316 427 382 89
1317 299 1771 396 BYZANTINAP.
1815 339 2208 404 HISTORle
2245 347 2392 408 LIB.
2437 350 2647 413 xxvr.
3535 362 3610 427 90

350 435 446 488 τὸν
474 433 721 538 ’Κύριον
758 434 983 503 τούτους
1033 439 1303 510 δήποιθεν
1357 448 1647 520 οἰκτείρων
1689 452 1924 506 ἐνταυθο

2047 458 2458 516 calamitatibus
2488 474 2669 518 autem
2713 465 3090 538 subiectorum
3125 469 3364 529 sollicito
3395 471 3514 526 flexi
3550 472 3608 527 in

352 526 498 578 κατά
535 527 596 578 τὺ
626 527 725 596 τῆς
760 529 944 593 αίτίας
975 531 1160 584 δίδωσι
1194 536 1424 606 πάσχειν
1452 541 1738 609 ἀνάλογον,
1775 542 1844 596 ἵν’
1877 547 1935 609 ἐς

346 616 412 668 τό
442 616 637 687 μέλλον
672 622 776 690 σχῇ
808 623 1146 694 κουφοτέραν
1177 627 1276 695 τὴν
1306 629 1552 686 κόλασιν.
1588 633 1650 686 El
1678 633 1723 686 δ’
1758 636 1934 699 αίτιος

352 708 460 776 μὲν
489 710 588 779 τῆς
617 711 747 780 ὅλης
786 714 871 783 εἴη
909 718 1128 780 κακίας,
1159 721 1414 787 καθάπαξ
1456 724 1642 788 αὐτὸς,
1675 726 1746 780 δι’
1779 727 1846 796 ἥν
1875 728 1934 789 ἐς

352 799 565 868 φθορὰν
610 800 872 874 ὁλοσχερῆ
921 806 982 858 τὸ
1033 807 1274 878 ὑπήκοον
1327 815 1718 884 καταφέρεται,
1763 812 1933 870 ἔπειτ’

352 891 516 955 αὐτὸς
541 892 847 964 ἀνάλγητός
869 913 927 950 τε
960 902 1140 967 μένων
1167 904 1484 974 καὶ-ἤκιστα
1507 908 1624 968 ταῖς
1650 907 1933 972 τοιαύταις

352 986 668 1053 συμφοραῖς
705 987 844 1056 μήτε
883 991 1295 1061 καμπτόμενος,
1343 998 1482 1067 μήτε
1523 999 1630 1069 μὴν
1669 1001 1777 1053 οὐδ’
1803 1002 1932 1072 ἄχρι

345 1073 446 1124 τοῦ
504 1077 836 1146 φαινομένου
894 1081 1249 1152 συμπάσχειν
1301 1087 1577 1155 ὁρώμενος
1631 1092 1928 1161 σχήματος,

348 1164 542 1217 ἔπειτα
571 1166 787 1239 μακρὸν
819 1169 879 1236 εξ
908 1171 1162 1236 ἀπονοίας
1198 1175 1291 1228 καὶ
1317 1176 1486 1246 τῦφον
1515 1181 1572 1232 ἐν
1602 1180 1748 1252 ψυχῇ
1779 1200 1934 1252 περι-

352 1258 569 1320 “Latet,
601 1259 881 1330 δικαίωμα
915 1265 1010 1317 τοῦ
1043 1266 1118 1334 μὴ
1148 1266 1309 1336 δῆθεν
1351 1271 1517 1324 αὐτὸν
1560 1271 1828 1342 ἁμαρτεῖν
1868 1274 1931 1326 τὺ

349 1351 429 1420 μὴ
467 1351 706 1422 πάσχειν
735 1355 1004 1425 οἰόμενος,
1054 1359 1230 1428 τούτῳ
1269 1359 1474 1426 πάντας
1507 1366 1624 1417 ἐκεῖ
1665 1367 1786 1422 τοὺς
1830 1367 1928 1437 τῆς

343 1443 501 1511 δίκης
522 1443 798 1513 λαμπρῶς
817 1447 1068 1516 ταμιεύει
1099 1453 1440 1522 πρηστῆρας.
1474 1456 1624 1526 Μηδὲ
1648 1457 1755 1527 γάρ
1789 1452 1928 1511 εἶναι

343 1536 446 1603 τὴν
474 1534 712 1591 ἐνταῦθα
757 1537 979 1595 κόλασιν
1015 1543 1347 1614 ἀποχρῶσαν
1375 1546 1517 1600 οὕτω
1551 1549 1808 1617 μεγάλοις
1833 1551 1930 1604 καὶ

345 1630 842 1697 παρανομωτάτοις
872 1632 1210 1703 πταίσμασιν
1241 1635 1515 1701 ἀσεϐείας,
1546 1633 1613 1710 ἧς
1650 1641 1746 1701 τὰς
1771 1640 1928 1703 δίκας

343 1717 508 1780 αὐτός
540 1719 593 1771 θ’
621 1720 766 1791 ὑπὲρ
791 1722 989 1776 ἑαυτοῦ
1018 1724 1357 1793 ὀφλισκάνει,
1392 1730 1487 1782 καὶ
1518 1730 1635 1799 ἅμα
1667 1731 1806 1802 ὑπὲρ
1829 1729 1926 1786 τοῦ

341 1809 457 1863 τῶν
490 1811 752 1879 ὑπηκόων
792 1813 862 1868 δι’
904 1816 1066 1869 αὐτὸν
1111 1818 1452 1884 ἀπολωλότος
1486 1823 1726 1894 πλήθους
1754 1840 1767 1854 ο
1804 1841 1924 1878 ποιο
1959 1803 1998 1858 Β

345 1904 510 1972 μένος
555 1905 668 1976 γὰρ
699 1906 1100 1978 ἀνειλημμένος
1149 1913 1336 1979 τόπον,
1392 1915 1467 1985 μὴ
1527 1916 1689 1985 μόνον
1728 1917 1789 1970 ού
1828 1935 1923 1969 πε-

343 2013 387 2047 π
403 1997 570 2067 ,ίηται
590 1998 693 2066 τὴν
714 2000 1100 2069 ἁρμόττουσαν
1127 2003 1204 2074 τῷ
1226 2007 1462 2077 ποιμνίῳ
1495 2007 1772 2077 πρόνοιαν,
1791 2007 1926 2064 ἀλλά

343 2089 445 2141 καὶ
481 2088 691 2158 φθορᾶς
723 2089 872 2160 αὐτῷ
907 2093 1514 2164 προσεπεδαψιλεύσατο
1544 2098 1799 2167 τρόπους,
1828 2097 1924 2150 λύ-

341 2197 442 2243 κος
475 2182 599 2236 ἀντὶ
636 2183 946 2254 προστάτου
986 2186 1079 2239 καὶ
1111 2187 1371 2255 ποιμένος
1424 2189 1636 2258 φανείς.
1693 2191 1924 2246 ΙἜπειτα

340 2270 456 2324 οὐδ’
480 2273 616 2344 ἡμῖν
645 2273 955 2345 ἀνθρώποις
974 2270 1126 2330 οὖσιν
1145 2278 1355 2331 ἀνεῖται
1383 2283 1482 2348 τὴν
1512 2281 1570 2334 ιν
1595 2281 1924 2349 ὁτουδτιποτο

343 2364 445 2418 οὖν
493 2367 683 2437 ἑτέρου
735 2371 1126 2440 κρυπτομένην
1167 2368 1229 2443 [1⁵.
1263 2370 1363 2424 120
1392 2369 1444 2443 b]
1481 2371 1678 2444 καρδίᾳ
1727 2373 1924 2427 κακίαν

346 2461 377 2529 ἢ
411 2459 615 2532 ἀρετὴν
649 2459 789 2531 πλὴν
816 2462 942 2516 ὅσον
985 2464 1048 2515 ὲκ
1076 2463 1187 2515 τῶν
1233 2463 1436 2528 ἔξωθεν
1488 2464 1786 2534 σχημάτων
1830 2465 1924 2518 καὶ

341 2554 658 2624 χρωμάτων
699 2554 796 2608 τοῦ
847 2572 911 2608 τε
960 2556 1127 2626 ἧθους
1177 2559 1271 2609 καὶ
1319 2557 1428 2610 τῶν
1467 2557 1644 2625 λόγων
1677 2559 1923 2622 εἰκασίας

346 2640 618 2712 θηρᾶσθαί
660 2661 816 2708 τινας
858 2644 1138 2716 ἀμυδρῶς.
1182 2645 1372 2716 Γνοίης
1400 2645 1446 2698 δ’
1480 2641 1574 2698 οὖν
1612 2647 1762 2715 ὁμῶς
1792 2647 1923 2698 κάν-

354 2735 555 2801 τεῦθεν,
607 2736 659 2789 εί
707 2736 775 2790 τὰ
838 2737 1009 2792 πλείω
1060 2737 1151 2792 διὰ
1200 2738 1498 2805 συντομίαν
1549 2738 1643 2791 καὶ
1697 2737 1926 2790 τουτωνὶ

364 2829 614 2896 παρέντες
634 2828 730 2882 τοῦ
756 2829 1017 2900 ἄρχοντος
1042 2828 1406 2898 διεξέλθοιμεν
1428 2828 1566 2884 ενια.
1597 2829 1790 2883 Ἔσται
1815 2830 1924 2900 γὰρ

355 2922 415 2973 ἐκ
441 2920 543 2973 τῶν
581 2920 783 2985 ἔξωθεν
813 2920 1060 2992 σημείων
1085 2924 1362 2991 γνώριμος
1390 2922 1503 2983 τοίς
1543 2920 1925 2988 συνετωτέροις

347 3013 440 3065 καὶ
478 3011 697 3065 τουτουῒ
733 3015 832 3082 τῆς
862 3012 1042 3083 ψυχῆς
1070 3014 1102 3082 ἠ
1135 3013 1398 3076 διάθεσις,
1429 3013 1520 3064 καὶ
1547 3013 1623 3074 ὡς
1659 3011 1926 3081 σφαλεραὶ

342 3103 448 3172 μὲν
483 3103 617 3172 περὶ
652 3104 789 3157 Θεοῦ
831 3107 896 3174 τῇ
936 3105 1130 3158 τούτου
1165 3105 1364 3176 καρδίᾳ
1407 3103 1807 3174 θαλαμεύονται
1836 3104 1924 3156 ἐν·

339 3213 510 3263 τοιαι,
547 3197 642 3250 καὶ
668 3197 899 3266 κηλίδων
917 3195 982 3252 ὀὐ
1013 3199 1138 3269 μάλ’
1167 3199 1334 3261 ἀξίων
1370 3201 1482 3262 τοῖς
1512 3199 1610 3267 τῆς
1640 3197 1924 3257 εύσεσείας

338 3289 574 3356 ἰέγμασι
604 3289 665 3342 τὸ
691 3289 1044 3360 λογιζόμενον
1081 3291 1423 3362 ἐμπίπλαται
1453 3291 1552 3358 τῆς
1581 3289 1782 3360 ψυχῆς.
1813 3290 1922 3343 Καὶ

334 3380 489 3432 τοῦτ’
531 3381 599 3434 ἂν
651 3381 737 3452 είη
789 3381 882 3435 τοῦ
942 3381 1110 3453 μηδὲν
1158 3382 1268 3436 τῶν
1320 3382 1467 3452 αὐτῷ
1530 3383 1922 3454 πραττομένων

335 3475 664 3531 εἱοδοῦσθαι
705 3478 768 3530 τὸ
808 3478 1005 3548 αἴτιον,
1059 3479 1244 3549 ἥκιστ’
1287 3477 1616 3548 ἀνεχομένου
1661 3477 1798 3530 Θεοῦ
1845 3476 1922 3548 μὴ

336 3569 658 3638 θεατρίζειν
688 3570 789 3643 τὴν
833 3572 894 3624 ὲν
935 3572 1048 3634 τοῖς
1094 3571 1192 3640 τῆς
1239 3570 1469 3640 καρδίας
1515 3568 1782 3639 θαλάμοις
1829 3584 1924 3622 κε-

338 3663 668 3733 κρυμμένην
691 3663 892 3718 κακίαν
911 3664 999 3720 διὰ
1021 3664 1130 3718 τῶν
1155 3662 1354 3727 ἔξωθεν
1380 3663 1741 3736 πραγμάτων.
1767 3662 1922 3734 Ἔχει

333 3755 396 3809 Et
427 3752 623 3818 οὕτως.

413 3935 522 3990 ιη’.
539 3937 600 3993 '0
635 3938 898 4002 Πιασαῖος
921 3939 1208 4005 Νικόλαος,
1238 3940 1266 3992 ό
1284 3937 1394 3992 τῶν
1417 3935 1920 4006 τεσσαρεσκαίδεκα

333 4029 654 4082 Βενετικῶν
688 4031 828 4084 νεῶν
854 4032 1126 4102 ναύαρχος
1150 4031 1395 4096 ἐκείνων,
1432 4031 1500 4093 ἃς
1541 4031 1922 4083 καταπεπλευ-

335 4121 501 4172 κέναι
528 4121 758 4188 πέρυσιν
797 4121 1008 4190 ἔφαμεν
1040 4121 1185 4174 κατά
1210 4122 1304 4174 τοῦ
1331 4119 1727 4190 Γαλατωνύμου
1755 4136 1921 4190 φρου-

333 4212 492 4284 ρίου,
520 4213 706 4283 ἐπειδὴ
745 4213 834 4266 καὶ
866 4213 1096 4284 βασιλέα
1145 4213 1438 4284 σύμμαχον
1475 4214 1632 4267 λάὅοι
1666 4214 1760 4266 καὶ
1785 4214 1916 4282 ὀμό-

329 4320 522 4372 φρονα
546 4305 657 4364 τοῖς
689 4303 992 4368 Βενετικοῖς
1027 4306 1172 4358 κατά
1199 4304 1692 4368 τῶνΓεννουῖτῶν,
1721 4306 1918 4375 ὅρκους

331 4397 637 4466 φρικώδεις
679 4398 806 4461 δοὺς
861 4400 954 4453 καὶ
1012 4399 1216 4465 λαϐὼν,
1249 4399 1422 4452 ἔπειτ’
1453 4400 1615 4462 αὐτὸς
1652 4399 1754 4470 μὲν
1797 4400 1919 4462 ὅλος

324 4491 451 4544 τῶν
474 4491 792 4546 ἐνεστώτων
823 4492 1128 4563 τηνικαῦτα
1166 4494 1452 4563 γινόμενος
1494 4492 1672 4563 ἔργων
1702 4491 1792 4544 τὸν
1819 4492 1915 4559 βα-
1946 4493 1992 4550 D

325 4583 497 4636 σιλέα
521 4584 657 4653 πρὸς
691 4585 792 4655 μὲν
819 4585 916 4655 τὴν
951 4587 1134 4656 μάχην
1175 4587 1393 4657 ἐκείνην
1419 4586 1605 4658 ἀργῶς
1636 4585 1914 4654 διακείμεο

325 4693 429 4728 νον
460 4675 679 4742 ἔϐλεπε,
733 4678 872 4747 πρὸς
917 4677 962 4731 δ’
994 4680 1159 4747 ἕτερα
1193 4679 1294 4745 τὴν
1324 4679 1454 4747 ὃλην
1487 4678 1726 4746 σπουδὴν
1757 4693 1913 4747 περιο

328 4766 651 4835 σπώμενον,
690 4769 758 4820 τά
807 4768 932 4821 καθ’
968 4770 1124 4838 ἡμῶν
1167 4771 1348 4821 ἐκεῖνα
1395 4769 1596 4838 δηλαδὴ
1642 4767 1914 4838 λῃστρικά

328 4861 617 4930 συνέδρια,
654 4862 962 4933 βιαιότερόν
1023 4881 1140 4925 πως
1200 4864 1441 4916 ἐνέκειτο
1497 4864 1781 4934 διεγείρων
1830 4866 1910 4927 εἰς

323 4955 589 5023 ⁶τοῦργον.
623 4958 855 5011 Πάντων
888 4959 997 5030 γὰρ
1034 4959 1221 5026 ἔλεγεν
1245 4959 1450 5029 ἥκιστα
1479 4960 1590 5012 δεῖν
1622 4961 1913 5030 καρτερεῖν

324 5047 592 5101 ἐνταυθοῖ
619 5089 634 5113 ,
689 5051 798 5102 τῶν
838 5051 1155 5121 πολεμικῶν
1213 5052 1314 5105 οὐκ
1375 5053 1720 5124 ἀνεχομένων
1774 5053 1912 5114 ὅλως

324 5142 683 5210 πραγμάτων
705 5144 818 5196 ούδ⁹
844 5145 901 5206 ὲς
930 5145 1128 5215 μικρὸν
1161 5145 1580 5214 ὑπερτίθεσθαι,
1604 5145 1718 5198 ἀλλ’
1747 5152 1806 5199 έν
1834 5144 1913 5216 τῷ

324 5233 685 5304 παραχρῆμα.
714 5236 814 5306 τήν
849 5237 1170 5306 ἔμπρακτον
1227 5240 1601 5294 ἀπαιτούντων
1650 5240 1908 5310 ὀξύτητα.

322 5327 424 5388 Δὶς
449 5325 499 5378 δ’
524 5321 620 5379 οὖν
647 5329 744 5380 καὶ
792 5331 910 5398 τρὶς
938 5334 1032 5383 καὶ
1067 5331 1328 5395 πολλάκις
1367 5335 1559 5400 ὁμοίας
1590 5333 1736 5402 αύτῴ
1770 5350 1913 5402 παρ-

323 5423 382 5471 εἰ
421 5437 448 5471 ε
472 5420 572 5484 τὰς
598 5421 921 5492 ἀποκρίσεις
947 5425 976 5475 ό
1013 5424 1290 5495 statim,
1326 5428 1464 5496 μετὶι
1496 5427 1637 5497 μάλα
1680 5443 1730 5478 τι
1775 5426 1911 5494 γαύ-

331 5531 433 5583 ρου
480 5515 579 5567 καὶ
629 5515 1194 5589 ἀναμφισϐητησίμου
1257 5521 1350 5572 τοῦ
1412 5519 1595 5591 ἤθους,
1635 5538 1654 5572 ε
1685 5520 1907 5584 Μεῖνον,

326 5604 531 5672 λέγων,
591 5610 790 5678 μικρόν
855 5627 920 5679 με
978 5611 1306 5665 καταϐαλεῖν
1356 5615 1481 5675 τοὺς
1545 5614 1911 5683 δογματικοὺς

330 5699 565 5768 ἐχθροὺς
612 5701 711 5769 τῆς
758 5703 894 5771 ἐμῆς
939 5704 1313 5774 προαιρέσεως
1359 5706 1736 5774 ἐπειγόμενον.
1793 5708 1910 5761 Κᾶ-

336 5791 483 5847 πειτ⁹
516 5793 760 5860 ἀναστὰς
785 5794 860 5861 ὡς
890 5796 1112 5850 νοσσιὰν
1141 5799 1199 5849 τὸ
1228 5797 1488 5869 πολέμιον
1529 5801 1708 5856 mutui
1736 5820 1906 5858 κατα-

2042 552 2426 612 humiliatione
2470 559 2655 614 cordis
2702 575 2831 615 eum
2893 563 3185 629 invocant,
3241 580 3340 634 pro
3394 565 3607 619 ratione

2038 661 2219 702 causze
2247 648 2628 704 misericordia
2667 668 2860 706 eorum
2895 664 3180 722 permotus
3209 657 3483 726 supplicia
3517 657 3610 712 hic
3667 703 3669 706 ι

2039 737 2288 810 inﬂigere
2341 743 2582 810 videtur,
2637 761 2746 814 quo
2792 746 3194 814 expeditiorem
3249 747 3302 802 in
3356 747 3605 802 futurum

2037 833 2237 889 habeat
2266 836 2706 903 castigationem.
2744 836 2838 890 Sin
2877 848 3060 890 autetn
3099 839 3388 908 princeps,
3427 855 3605 909 quan~

2034 941 2202 994 quam
2246 929 2430 982 omnis
2473 928 2872 997 improbitatis,
2908 947 3014 999 qua
3050 931 3116 985 ad
3162 931 3378 1000 planam
3419 935 3606 1003 perni-

2037 1015 2177 1071 ciem
2211 1018 2442 1087 subjecti
2479 1020 2881 1084 detruduntur,
2917 1023 3068 1080 solus
3109 1037 3302 1080 auctor
3338 1039 3458 1090 est.
3495 1043 3602 1082 non

2031 1109 2200 1162 modo
2240 1112 2450 1165 misera:
2483 1121 2538 1165 et
2573 1114 2786 1169 amicta:
2820 1133 3013 1171 eorum
3053 1121 3288 1174 fortuna-
3321 1120 3604 1175 duriorem

2032 1214 2091 1253 se
2138 1200 2342 1268 praebet
2387 1219 2564 1271 neque
2615 1207 2852 1273 speciem
2902 1208 3124 1277 quidem
3169 1226 3264 1265 eos
3307 1211 3608 1266 commise-

2034 1293 2204 1345 rantis
2256 1308 2366 1361 pra!
2399 1309 2456 1348 se
2493 1295 2636 1360 fert,
2684 1313 2876 1350 verum
2927 1299 3092 1354 etiam
3143 1300 3340 1354 fastum
3393 1317 3460 1354 ex
3507 1301 3608 1354 dc-

2030 1385 2234 1438 tnentia
2266 1387 2368 1441 sibi
2396 1389 2565 1443 sumit
2589 1389 2912 1453 arbitratus,
2948 1392 2998 1444 id
3025 1392 3343 1446 testimonio
3368 1408 3514 1455 esse,
3543 1405 3603 1444 se

2035 1493 2143 1530 non
2183 1494 2438 1548 peccasse
2459 1521 2473 1544 ,
2508 1483 2652 1550 quod
2690 1485 2804 1552 ipse
2835 1485 2888 1537 in
2920 1485 3179 1537 adversas
3214 1499 3301 1537 res
3329 1499 3437 1538 non
3470 1483 3607 1538 inci-

2029 1569 2158 1634 dat,
2194 1571 2320 1624 huic
2358 1588 2549 1628 omnes
2589 1575 2698 1628 illic
2751 1576 3000 1630 turbines
3039 1577 3228 1644 igneos
3281 1576 3348 1630 ad
3385 1590 3602 1644 pmnam

2029 1673 2291 1718 reservat.
2315 1665 2434 1719 Non
2461 1667 2606 1720 enim
2637 1665 2837 1722 sufficit
2858 1669 3211 1738 supplicium,
3236 1667 3382 1737 quod
3405 1668 3496 1721 hic
3519 1667 3604 1720 in-

2029 1754 2136 1824 ﬂigi
2166 1757 2356 1824 possit,
2391 1765 2498 1810 tam
2531 1759 2739 1828 magnis
2763 1770 2926 1828 atque
2943 1759 3242 1814 audacibus
3270 1757 3604 1823 sceleribus,

2027 1862 2265 1915 quorum
2296 1863 2484 1916 pmnas
2509 1859 2734 1918 propter
2761 1866 2820 1904 se
2839 1851 2997 1904 debet
3025 1860 3078 1904 et
3097 1859 3321 1920 propter
3356 1849 3606 1918 multitu-

2028 1937 2214 1992 dinem
2239 1940 2609 2010 subjectorum
2636 1957 2732 1995 sua
2764 1943 2922 2010 culpa
2950 1945 3446 2011 pessumdatorum.
3471 1941 3601 1999 Olﬁ-

2024 2029 2168 2082 cium
2198 2030 2342 2082 enim
2377 2032 2613 2096 pastoris
2646 2032 2874 2084 sortitus
2907 2046 3015 2084 non
3049 2033 3225 2085 solum
3262 2013 3372 2084 non
3406 2031 3600 2086 habuit

2023 2136 2212 2176 curam
2235 2123 2380 2192 gregi
2405 2123 2851 2188 convenientem,
2880 2140 3068 2177 verum
3101 2124 3266 2179 etiam
3293 2125 3594 2194 perniciem

2023 2213 2073 2267 ei
2127 2213 2351 2284 profuse
2401 2216 2622 2278 attulit,
2678 2225 2878 2269 utnon
2921 2217 3214 2284 przefectus
3265 2218 3386 2286 ejus
3431 2225 3598 2286 atque

2026 2316 2238 2375 pastor.
2271 2308 2364 2361 sed
2399 2309 2562 2378 lupus
2595 2311 2893 2364 videretur.
2937 2309 3132 2363 Verum
3169 2309 3332 2364 nobis
3360 2310 3599 2364 homini-

2027 2397 2132 2452 bus
2181 2399 2592 2469 improbitatem
2623 2411 2715 2455 aut
2767 2401 3026 2456 virtutem
3062 2400 3115 2455 in
3147 2399 3378 2455 alterius
3410 2402 3598 2469 cujus-

2026 2505 2241 2559 cunque
2275 2493 2440 2547 eordc
2487 2493 2823 2548 reconditam
2870 2493 3139 2547 duntaxat
3183 2493 3453 2547 hactenus
3503 2508 3598 2548 co-

2025 2599 2289 2653 gnoscere
2337 2585 2504 2650 licet,
2536 2593 2597 2640 ut
2624 2603 2690 2640 ex
2723 2595 2953 2641 externo
2994 2586 3186 2640 habitu
3231 2601 3296 2640 ac
3347 2585 3598 2641 moribus

2025 2677 2318 2745 verbisque
2338 2677 2572 2732 obscura
2595 2681 2842 2747 quaedam
2869 2679 3070 2735 indicia
3095 2678 3594 2748 deprehendamus.

2025 2768 2279 2822 Attamen
2324 2768 2409 2822 vel
2450 2783 2515 2822 ex
2549 2767 2636 2821 his
2668 2769 2827 2839 106
2856 2783 3158 2838 cognosces
3179 2809 3195 2831 ,
3227 2770 3310 2831 si,
3345 2770 3598 2839 complu-

2027 2857 2184 2912 ribus
2225 2858 2512 2914 brevitatis
2548 2875 2710 2914 causa
2745 2859 3164 2930 pratertnissis,
3193 2861 3362 2914 etiam
3396 2861 3594 2914 harum

2028 2964 2211 3004 rerum
2244 2951 2540 3006 nonnullas
2571 2950 2837 3020 quasdam
2867 2953 2934 3006 de
2979 2950 3311 3018 imperatore
3353 2965 3597 3004 comme-

2027 3042 2390 3095 morabimus.
2443 3041 2746 3113 PerSpiciet
2793 3041 2940 3096 enim
2988 3041 3316 3112 prudentior
3359 3041 3594 3111 quisque

1949 3153 1992 3210 ρ
2025 3146 2092 3185 ex
2124 3132 2369 3187 externis
2399 3132 2726 3202 quibusdam
2761 3132 2967 3203 signis,
3001 3135 3097 3204 qui
3125 3134 3198 3187 sit
3228 3133 3398 3188 animi
3433 3133 3595 3188 istius

2026 3224 2286 3290 habitus,
2331 3241 2498 3295 quam
2539 3225 2765 3280 fallaces
2807 3227 2875 3282 de
2920 3226 3033 3280 Deo
3079 3227 3373 3296 opiniones
3413 3225 3466 3279 in
3499 3241 3592 3296 pe-

2024 3325 2176 3372 ctore
2225 3318 2513 3371 occultata:
2561 3318 2706 3381 sint,
2758 3317 2982 3388 quantis
3032 3318 3292 3374 sordibus
3322 3317 3596 3385 dogmatis

2024 3423 2170 3463 verte
2199 3408 2489 3479 religionis
2515 3409 2661 3464 haud
2687 3425 2821 3466 sane
2851 3409 3033 3481 dignis
3064 3425 3218 3464 mens
3246 3409 3464 3479 oppleta
3499 3409 3593 3464 sit.

2024 3500 2142 3556 ﬂoe
2177 3500 2346 3554 etiam
2394 3501 2448 3554 in
2491 3517 2658 3556 causa
2705 3511 2829 3568 est,
2862 3517 2962 3556 cur
3009 3500 3146 3556 nihil
3189 3515 3421 3565 eorum,
3471 3513 3595 3569 quae

2025 3591 2298 3663 suscipit,
2331 3608 2594 3663 prospere
2626 3593 2676 3646 ei
2707 3591 3015 3656 succedat;
3061 3591 3208 3674 ρους
3251 3590 3398 3645 enim
3451 3604 3479 3642 a
3533 3603 3593 3642 se

2023 3687 2321 3755 impetrare
2350 3699 2459 3738 non
2489 3692 2701 3755 potest,
2729 3683 2864 3754 quin
2891 3682 3300 3752 improbitatem
3331 3681 3385 3734 in
3415 3677 3592 3734 animi

2022 3777 2256 3834 latebris
2298 3777 2572 3833 occultam
2617 3778 2781 3832 etiam
2823 3777 2992 3832 rebus
3034 3775 3279 3830 externis
3310 3773 3593 3845 propalam

2022 3876 2080 3924 ct
2110 3868 2166 3922 in
2199 3877 2452 3938 promptu
2484 3877 2672 3937 ponat.
2707 3868 2814 3922 Res
2847 3883 2978 3923 vero
3006 3868 3077 3922 ita
3111 3868 3299 3922 habet.

2089 3958 2352 4014 Nicolaus
2394 3961 2648 4025 Pisanus,
2690 3960 2984 4029 praefectus
3042 3959 3268 4013 navium
3325 3965 3592 4027 quatuor-

2021 4051 2200 4106 decim
2232 4050 2588 4116 Venetarum,
2625 4067 2763 4122 quas
2789 4068 2935 4105 anno
2978 4052 3263 4122 superiore
3296 4050 3350 4105 in
3396 4048 3596 4104 castel-

2021 4142 2135 4196 lum
2167 4140 2374 4196 Galatae
2429 4140 2720 4212 navigasse
2766 4141 3028 4207 diximus,
3078 4157 3205 4196 cum
3261 4143 3598 4212 imperatore

2020 4250 2244 4306 quoque
2274 4236 2428 4292 socio
2455 4244 2646 4291 contra
2671 4235 2996 4294 Genuenses
3031 4238 3350 4308 adsumpto,
3407 4236 3597 4291 horri-

2020 4329 2118 4385 bili
2151 4329 2512 4401 jurejurando
2573 4330 2706 4386 dato
2761 4342 2928 4401 atque
2967 4341 3214 4402 accepto,
3269 4341 3416 4385 totus
3448 4339 3598 4385 esset

2021 4422 2076 4476 in
2109 4423 2277 4478 rebus
2301 4423 2635 4479 instantibus
2663 4425 2939 4495 gerendis,
2976 4425 3366 4494 imperatorem
3409 4433 3593 4476 autem

2022 4513 2089 4567 ad
2121 4525 2398 4570 certamen
2423 4531 2670 4586 segnem,
2693 4518 2758 4572 ad
2790 4519 2925 4572 alias
2951 4533 3061 4579 res,
3093 4517 3352 4570 nimirum
3377 4516 3440 4568 ad
3460 4530 3598 4569 con-

2022 4607 2147 4660 cilia
2175 4607 2266 4661 illa
2300 4607 2604 4662 latrociniis
2633 4607 2836 4662 similia
2867 4608 2920 4661 in
2958 4623 3060 4663 nos
3087 4606 3397 4672 conﬂanda,
3443 4606 3595 4660 omni

2021 4699 2206 4754 studio
2234 4699 2644 4755 incumbentem
2686 4699 2920 4765 videret,
2953 4700 3337 4756 vehementius
3361 4715 3486 4755 eum
3526 4699 3595 4754 ad

2023 4809 2134 4847 rem
2165 4801 2390 4849 strenue
2421 4793 2689 4863 agendam
2721 4793 3010 4849 excitavit.
3058 4793 3200 4848 Dixit
3225 4794 3401 4856 enim,
3455 4794 3597 4850 nihil

2025 4887 2205 4940 minus
2239 4901 2377 4955 opus
2405 4902 2529 4942 esse
2557 4902 2721 4957 quam
2759 4887 3144 4949 cunctatione,
3180 4887 3350 4941 rebus
3380 4887 3597 4944 bellicis

2022 4978 2212 5048 utique
2241 4995 2308 5033 ne
2341 4980 2395 5033 in
2429 4979 2597 5034 breve
2626 4979 2851 5049 quidem
2889 4978 3214 5032 dilationem
3277 4979 3598 5047 recipienti-

2021 5071 2160 5140 bus,
2193 5071 2288 5126 sed
2316 5075 2501 5126 statim
2533 5072 2875 5128 alacritatem
2912 5071 3190 5126 eﬂicacetn
3242 5071 3598 5142 etllagitauti-

2022 5162 2146 5218 bus.
2180 5161 2268 5217 llis
2302 5170 2414 5216 tum
2435 5172 2488 5217 et
2517 5171 2603 5218 ter
2629 5172 2684 5219 et
2709 5165 2910 5234 saepius
2931 5164 3122 5218 eadem
3153 5163 3310 5233 107
3333 5179 3594 5234 rcSponsa

2023 5256 2323 5326 imperator
2350 5256 2535 5312 animo
2565 5273 2829 5327 perquam
2863 5257 3009 5312 elato
3043 5256 3366 5327 fiduciteqne
3393 5258 3598 5327 plenis-

2021 5348 2164 5404 simo
2199 5347 2249 5402 ei
2280 5348 2544 5405 reddidit.
2587 5352 2771 5406 «Mane
2821 5352 3120 5422 paulisper,
3161 5351 3363 5422 inquit,
3417 5352 3595 5405 donec

2022 5439 2278 5494 inimicos
2303 5454 2334 5495 a
2370 5439 2508 5494 meis
2531 5439 2857 5510 dogmaticis
2887 5442 3196 5496 rationibus
3232 5443 3596 5497 abhorrentes

2021 5529 2342 5586 deleverim.
2373 5530 2510 5586 Dein
2540 5547 2827 5603 assurgam
2884 5544 2937 5588 et
2972 5544 3228 5604 tanquam
3266 5534 3456 5589 nidum
3491 5533 3593 5586 ho-

2022 5622 2188 5677 stium
2225 5623 2506 5678 castellum
2533 5626 2777 5678 Otttltilt."
2813 5637 3054 5680 vestrum
3087 5627 3348 5696 upiniottc
3379 5624 3598 5681 facilius

2021 5714 2292 5784 capiant.»
2339 5714 2481 5768 Tum
2547 5716 2698 5770 illius
2744 5735 2904 5770 ransa
2962 5734 3086 5770 t-ntn
3121 5715 3596 5772 contentostudiu

2021 5819 2270 5865 nostram
2306 5809 2750 5866 amandationem
2780 5801 2877 5863 iul
2917 5811 3050 5863 titur
3087 5810 3351 5879 expedire
3401 5808 3590 5878 vellet,
