4036 6210
462 343 538 409 95
1659 341 2087 404 NICEPIIORI
2128 340 2518 405 GREGORA!
2786 388 2789 391 ν
3645 340 3712 403 06

462 456 619 527 quasi
648 454 755 509 dux
796 453 1149 519 constitutus,
1182 458 1251 508 'ut
1299 454 1389 523 qni
1441 463 1611 508 totum
1648 452 1780 507 illud
1832 453 2033 507 sodali-

2148 450 2331 518 μίταις
2386 450 2482 504 καὶ
2539 450 2714 519 στόμα
2764 450 2858 505 καὶ
2899 450 3111 520 γλῶττα
3159 453 3255 509 καὶ
3306 454 3472 525 νόμος
3498 447 3587 523 ἦν,
3620 453 3714 508 καὶ

462 553 600 600 tinm
629 546 919 613 prudentia
954 555 1257 614 superaret.
1301 545 1398 598 llic
1440 560 1564 597 cum
1595 544 1841 610 alioquin
1893 553 2041 599 esset

458 639 853 701 egentissimus
912 647 965 691 et
1022 637 1163 690 fame
1198 637 1667 700 conflictaretur,
1723 635 2037 689 adulatione

460 730 610 782 varie
645 730 926 783 circumiit
950 729 1128 781 claros
1160 728 1331 787 viros.
1373 738 1432 780 nt
1466 728 1592 782 vita:
1626 727 1920 781 toleranda
1944 742 2040 796 0p-

461 842 491 887 p
518 823 852 875 .rtunilaletn
888 830 1133 888 captaret
1182 820 1498 889 victumque
1553 832 1824 890 quzrrerct
1882 822 1985 875 sibi
2016 859 2032 881 .

458 913 491 966 li
525 916 665 975 ieris,
708 911 899 971 uxori.
942 911 1038 963 toti
1071 910 1311 979 denique
1360 911 1603 966 familiae.
1644 914 1904 979 Quamvis
1942 913 2039 981 igi-

460 1018 547 1053 tnr
588 1007 775 1061 sciret.
825 1003 880 1055 in
913 1019 1075 1071 quant
1120 1002 1427 1070 perniciosa
1469 1012 1632 1073 atque
1683 1004 2037 1059 abominabili

456 1093 770 1146 conditione
821 1102 1178 1145 verstrentur
1232 1094 1463 1148 Palamte
1522 1097 1794 1164 dogmata,
1856 1107 2035 1152 tamen

457 1187 646 1251 pluria:
681 1195 845 1254 atque
869 1186 1025 1254 112
1049 1186 1362 1239 divitiarum
1390 1190 1845 1256 tetnporariarum
1874 1194 2035 1245 causa

455 1277 708 1343 dogmata
740 1277 1010 1330 Palatnica
1044 1278 1347 1345 amplexus.
1399 1287 1457 1332 ut
1505 1285 1619 1348 ipse
1651 1282 1846 1335 melius
1904 1283 2034 1347 seis,

454 1386 545 1435 up;
566 1368 655 1422 ido
695 1369 976 1437 subjectos
1008 1377 1177 1437 atque
1204 1372 1429 1425 serviles
1461 1388 1570 1441 pra:
1598 1390 1656 1427 se
1684 1374 1804 1427 tulit
1833 1391 2033 1432 mores.

455 1462 633 1521 Quare
662 1475 852 1531 earum
892 1476 1097 1524 rerum,
1140 1477 1277 1529 quas
1315 1464 1548 1517 maxime
1573 1467 1885 1533 appetebat,
1925 1482 2036 1519 nta-

458 1553 598 1603 ximzt
653 1554 809 1619 copia
884 1552 1235 1607 continenter
1293 1556 1518 1623 quidem
1564 1558 1890 1622 fruebatur,
1942 1558 2035 1613 sed

458 1658 733 1710 nunquam
768 1652 947 1696 tamen
976 1644 1301 1701 satiebatur.
1343 1646 1541 1701 Verum
1577 1650 1723 1703 enim
1751 1666 1879 1704 vero
1910 1667 2033 1705 cum

459 1748 636 1799 nuper
666 1745 966 1789 extremam
999 1745 1188 1805 ageret
1215 1738 1338 1793 vita:
1370 1740 1630 1802 animam,
1659 1742 1851 1795 morbo
1872 1752 2035 1811 atque

455 1825 881 1895 cogitationibus
912 1829 1188 1883 cruciatus
1222 1847 1317 1899 per
1364 1848 1559 1886 novem
1609 1834 1871 1903 deinceps
1916 1836 2035 1890 dies

456 1919 597 1970 It'cl'o
622 1930 740 1973 erat
768 1919 979 1985 aﬂixns,
1015 1922 1214 1989 quibus
1247 1938 1390 1990 saepe
1416 1924 1573 1990 quasi
1608 1926 1874 1980 divinitus
1900 1942 2035 1981 con-

455 2010 657 2062 citatus
684 2010 911 2079 singulis
936 2011 1050 2066 fere
1076 2013 1415 2078 interpositis
1438 2014 1587 2071 boris
1605 2018 1670 2069 ad
1700 2032 1881 2071 aerem
1908 2019 2039 2073 sub-

456 2117 803 2157 naurtnurare
822 2105 1025 2173 aliquid
1049 2106 1537 2177 videbatur,neque
1554 2110 1715 2164 aliter
1736 2126 1792 2164 se
1815 2114 2035 2181 gerebat

456 2208 519 2245 ac
543 2192 587 2246 si
622 2209 796 2260 paenae
829 2194 926 2249 abs
959 2212 1025 2249 eo
1055 2209 1438 2262 repeterentur
1458 2216 1645 2254 earum
1676 2218 2036 2267 rerunt,quas

455 2284 715 2337 audacter
746 2298 1136 2353 perpetrasset.
1176 2290 1353 2359 Atque
1382 2306 1507 2345 cum
1564 2292 1668 2346 alia
1714 2294 1851 2348 dixit
1920 2305 2034 2350 tum

457 2373 688 2427 invitum
720 2390 843 2429 sese
871 2376 937 2430 ad
987 2377 1129 2432 hanc
1156 2379 1390 2435 harresin
1420 2383 1769 2452 applicuisse.
1816 2386 1896 2440 Ad
1939 2402 2034 2441 ex-

457 2471 693 2516 tremum
738 2474 921 2519 autem
960 2482 1081 2521 sese
1122 2470 1392 2539 recipiens
1439 2484 1495 2525 et
1534 2474 1689 2542 quasi
1725 2474 1901 2530 libere
1950 2492 2035 2531 re-

458 2554 676 2616 spirans
716 2553 984 2610 Palamica
1021 2557 1272 2628 dogmata
1306 2570 1470 2629 atque
1503 2561 1674 2617 libros
1697 2604 1711 2626 ,
1758 2581 2034 2633 quoscun-

455 2661 564 2714 que
594 2644 741 2699 dotni
788 2647 1000 2709 habuit.
1035 2652 1184 2705 omni
1231 2642 1401 2705 animi
1433 2653 1630 2708 aﬂ‘ectu
1657 2658 2028 2726 conquisivit,

453 2738 767 2806 conquisita
809 2739 864 2792 in
908 2740 1183 2796 ﬂammam
1242 2742 1386 2814 ignis
1424 2745 1569 2801 allati
1611 2747 1727 2803 suis
1778 2750 2031 2807 manibus

456 2830 678 2897 injecit,
733 2831 860 2886 talia
918 2831 1035 2887 fere
1077 2834 1254 2890 libero
1288 2852 1385 2891 ore
1432 2836 1665 2893 effatus:
1710 2858 1728 2892 ι
1769 2838 2028 2906 Quamvis

458 2921 599 2973 haud
633 2921 965 2990 ignorarem,
1022 2937 1225 2995 quanta
1257 2936 1422 2997 atque
1465 2930 1612 2999 quali
1656 2930 1934 3001 impietate
1969 2934 2025 2989 hi

456 3010 583 3066 libri
633 3023 931 3078 scaterent,
989 3026 1167 3072 tamen
1224 3022 1420 3088 partim
1458 3022 1685 3091 gloriam
1721 3024 2020 3093 all‘ectans,

2145 543 2450 611 στρατηγὸς
2482 545 2547 610 τῇ
2584 543 2885 613 παρανόμῳ
2920 544 3085 613 φάναι
3118 547 3420 601 καθίστατο
3449 547 3709 614 φάλαγγι,

2141 631 2236 685 ἅτε
2273 633 2476 701 μᾶλλον
2512 632 2794 700 ἐλλόγιμος
2840 633 2871 702 ἢ
2920 634 3042 686 κατ’
3078 635 3287 690 ἐκεῖνον
3322 636 3586 704 ὑπάρχων
3616 633 3709 687 τὸν

2140 728 2346 779 θίασον.
2374 729 2548 792 Πένης
2578 726 2624 779 δ’
2653 725 2827 787 ἄλλως
2858 724 2932 777 ὢν
2960 727 3054 779 καὶ
3084 726 3230 799 λιμῷ
3266 728 3357 781 τδν
3387 727 3503 797 βίον
3542 743 3712 797 στρα-

2140 819 2497 888 τηγούμενος,
2542 819 2807 888 κολακείᾳ
2841 818 2967 881 τοὺς
3023 821 3080 871 ἐν
3116 818 3243 890 δόξῃ
3298 817 3488 889 μετῄει
3515 836 3716 871 παντο-

2138 914 2306 980 δαπῇ,
2364 912 2479 980 βίον
2526 912 2800 979 πρόφασιν
2857 910 3192 981 ἐπιτηδεύων
3237 913 3332 965 καὶ
3365 911 3513 980 ζωῆς
3552 928 3712 977 πορι-

2140 1007 2276 1073 σμδν
2310 1004 2484 1074 ἐαυτῷ
2521 1006 2613 1057 καὶ
2650 1004 2809 1055 παισὶ
2847 1003 2944 1057 καλ⁸
2991 1004 3208 1072 συζύγῳ
3253 1003 3348 1056 καὶ
3399 1003 3496 1074 ὅλῃ
3546 1003 3712 1071 φάναι

2143 1096 2452 1165 συλλήϐδην
2486 1095 2655 1165 οἰκίᾳ.
2689 1094 2907 1164 Καίπερ
2941 1093 3035 1147 οὖν
3067 1096 3219 1158 εἰδὼς
3254 1095 3330 1157 ώς
3368 1095 3613 1163 ὀλέθριόν
3654 1113 3713 1148 τε

2138 1190 2231 1243 καὶ
2270 1191 2523 1257 posstin
2559 1189 2623 1242 τά
2656 1188 2749 1241 τοῦ
2785 1188 3022 1257 Παλαμᾶ
3074 1188 3424 1258 κεκλήρωται
3464 1188 3711 1255 δόγματα

2143 1284 2357 1351 μοῖραν,
2403 1282 2555 1351 ὅμως
2613 1280 2771 1347 δόξης
2813 1280 2980 1332 ἓνεκα
3030 1280 3125 1333 καὶ
3178 1281 3409 1332 πλούτου
3454 1280 3515 1348 δὴ
3569 1297 3713 1341 τινος

2140 1372 2482 1441 προσκαίρου
2522 1373 2635 1432 τοῖς
2682 1371 3025 1438 Παλαμικοῖς
3060 1369 3397 1423 συνευδοκῶν
3425 1365 3491 1440 ἦν
3514 1370 3717 1437 δόγμα-

2140 1480 2247 1527 σιν,
2290 1463 2366 1524 ὠς
2405 1458 2561 1515 οἶσθα
2623 1463 2823 1531 μᾶλλον
2881 1460 3081 1526 αὐτὸς,
3134 1462 3226 1513 καὶ
3284 1459 3429 1528 μάλα
3478 1478 3531 1513 τι
3591 1462 3715 1512 λίαν

2138 1553 2431 1624 ήττώμενά
2465 1573 2525 1608 τε
2570 1557 2664 1609 καὶ
2719 1555 3059 1623 ὑποκείμενα
3110 1555 3437 1624 παρεδείκνυ
3484 1554 3551 1608 τὰ
3578 1555 3711 1624 ἢθη.

2137 1646 2200 1721 [Γ.
2242 1648 2344 1703 122
2385 1646 2440 1721 α]
2474 1648 2562 1701 Διὸ
2601 1648 2699 1702 καὶ
2744 1644 2818 1703 ὧν
2870 1647 2978 1718 ἤρα
3014 1647 3271 1715 μάλιστα,
3313 1646 3546 1716 μάλιστα
3580 1650 3715 1700 πάν-

2136 1760 2246 1796 των
2280 1743 2442 1806 αὐτὸς
2488 1743 2773 1796 ἀπέλαυσε
2826 1741 2926 1811 μὲν
2963 1740 3223 1810 συνεχῶς,
3269 1741 3640 1809 ἐνεπίμπλατο
3668 1740 3713 1792 δ’

2138 1832 2418 1902 οὐδαμῶς.
2464 1831 2607 1887 Ἀλλ’
2644 1833 2769 1887 ἐπεὶ⁸
2803 1832 2910 1903 πρδ
2957 1830 3188 1901 βραχέος
3220 1833 3278 1885 ἐν
3307 1830 3563 1900 ἐσχάταις
3594 1832 3715 1897 ἐγε-

2137 1926 2286 1994 γόνει
2316 1925 2410 1978 τοῦ
2446 1924 2564 1993 βίου
2606 1924 2818 1987 πνοαῖς,
2866 1923 3024 1977 ἐννέα
3071 1921 3261 1977 λοιπὸν
3292 1921 3530 1992 ἡμέραις
3557 1922 3623 1991 τῇ
3654 1938 3710 1972 τε

2139 2018 2279 2086 νόσῳ
2333 2018 2428 2071 καὶ
2458 2019 2569 2080 τοῖς
2598 2016 2879 2084 λογισμοῖς
2914 2012 3351 2085 τυραννούμενος
3388 2014 3586 2077 ἔκειτο,
3619 2013 3710 2065 ὅτε

2136 2111 2201 2179 δὴ
2245 2112 2339 2163 καὶ
2385 2109 2586 2179 μεταξῦ
2643 2108 2905 2170 πολλάκις
2960 2104 3072 2161 οἷον
3122 2106 3309 2170 ἐνθους
3362 2108 3418 2158 ἐν
3458 2104 3711 2174 ώριαίοις

2135 2203 2249 2256 τισὶ
2304 2202 2708 2271 καθιστάμενος
2762 2201 3153 2271 διαστήμασιν,
3186 2197 3598 2267 ὑποψιθυρίζων
3646 2213 3707 2251 τε

2135 2294 2392 2363 ἐφαίνετο
2444 2293 2581 2363 πρὸς
2634 2293 2794 2362 ἀέρα,
2842 2292 2938 2345 καὶ
2984 2291 3191 2362 σφόδρα
3242 2290 3415 2360 δήπου
3446 2288 3600 2349 δίκας
3632 2280 3709 2341 ὧν

2135 2387 2441 2456 ἐπεπράχει
2476 2385 2662 2456 βιαίως
2693 2384 3080 2454 άπαιτουμὲνῳ
3112 2382 3299 2453 ἐῴκει.
3349 2381 3458 2435 Kal
3499 2380 3597 2449 μὶν
3641 2379 3707 2449 δὴ

2133 2479 2204 2533 τά
2247 2478 2295 2532 τ’
2330 2478 2463 2533 ἄλλα
2495 2477 2670 2544 λέγων
2697 2472 2789 2547 ἦν.
2842 2475 2940 2530 καὶ
2985 2474 3061 2538 ώς
3115 2474 3264 2529 άκων
3294 2472 3394 2542 τῆς
3442 2471 3708 2541 αἱρέσεως

2131 2571 2369 2641 ἥττηται
2414 2567 2670 2639 ταυτησί.
2703 2567 2869 2630 Τέλος
2930 2566 2976 2621 δ’
3030 2567 3223 2619 ἐαυτὸν
3276 2565 3583 2632 ἀνειληφὼς
3614 2564 3709 2618 καὶ

2131 2659 2242 2717 οἷον
2286 2657 2722 2723 άναπεπνευκὼς
2767 2658 3099 2729 ἐλευθέριον.
3148 2657 3251 2711 ὅσα
3304 2657 3415 2710 τῶν
3458 2656 3708 2724 Παλαμι-

2131 2756 2247 2811 κῶν
2278 2754 2567 2823 δογμάτων
2598 2769 2660 2805 τε
2704 2750 2800 2805 καὶ
2836 2750 3055 2821 βιϐλίων
3092 2749 3242 2817 παρά
3290 2749 3382 2802 τὸν
3412 2742 3563 2800 οἶκον
3593 2746 3710 2799 ἐτυ-

2130 2864 2225 2919 χεν
2268 2847 2409 2915 ἔχων
2438 2886 2452 2909 ,
2504 2844 2657 2907 ὅλαις
2713 2842 2974 2911 ἐζητήκει
3030 2839 3324 2909 προθέσεσι
3360 2840 3457 2905 τῆς
3505 2837 3705 2906 ψυχῆς.

2132 2942 2228 2994 καὶ
2261 2936 2500 3008 εἰληφὼς
2530 2938 2610 3000 είς
2658 2935 2833 3002 φλόγα
2868 2932 3213 3004 παραχρῆμα
3250 2931 3438 3002 χερσὶν
3482 2929 3709 2992 οἰκείαις

2131 3030 2344 3100 καθῆκε
2382 3026 2837 3099 προσενεχθέντος
2871 3024 3065 3095 πυρὸς,
3120 3024 3213 3075 καὶ
3265 3022 3437 3075 τοιαδὶ
3492 3022 3711 3093 πεπαρο

458 3107 654 3174 partim
689 3108 992 3176 principum
1025 3111 1479 3168 cumminatioues
1512 3124 1784 3182 metuens,
1822 3118 2020 3186 partim

2135 3120 2471 3195 ρησιασμένῃ
2514 3120 2580 3189 τῇ
2631 3115 2845 3188 γλώττῃ
2891 3114 3258 3185 φθεγγόμενος
3282 3131 3294 3143 ·
3332 3132 3351 3165 ι
3374 3110 3565 3180 "Eyt‘o,
3600 3129 3709 3180 φη-

454 3207 755 3264 egvstatem
797 3214 1007 3254 mecum
1041 3200 1380 3257 habitantem
1416 3204 1592 3261 lenire
1620 3208 1869 3270 studens.
1901 3226 2034 3264 con-

460 3302 541 3342 tra
574 3305 793 3345 onmem
828 3308 1005 3346 meam
1040 3295 1433 3349 conscientiam
1463 3298 1688 3368 agebam
1718 3310 1774 3353 ct
1801 3309 1907 3353 tam
1932 3301 2033 3355 im—

457 3384 645 3454 probis
668 3384 937 3455 dogmatis
968 3402 1053 3441 me
1083 3388 1464 3458 subjiciebam.
1498 3390 1603 3447 Per
1649 3392 1817 3447 Deum
1866 3394 2032 3465 igitur

460 3493 576 3540 vos,
609 3476 701 3546 qui
733 3479 936 3533 adestis
967 3479 1125 3549 113
1172 3497 1460 3551 meamque
1506 3484 1905 3539 confessionem
1937 3502 2035 3541 au-

457 3570 609 3635 dtis,
644 3571 838 3626 anima:
870 3587 1003 3625 meat
1036 3574 1368 3628 calamitosae
1401 3577 1630 3630 salutem
1666 3578 1877 3646 precari
1934 3593 2032 3631 ve-

459 3663 608 3725 litis,
661 3680 791 3735 rogo
849 3676 1011 3736 atque
1052 3666 1301 3720 obsecro.
1363 3686 1381 3718 ι
1429 3666 1552 3722 llaec
1603 3669 1821 3724 locutus
1871 3669 2033 3723 homo

458 3750 694 3803 animam
743 3752 961 3807 efﬂavit.
996 3752 1124 3808 lude
1173 3755 1372 3809 multos
1427 3756 1546 3810 dies
1580 3772 1666 3811 res
1698 3773 1796 3825 per
1842 3758 2032 3811 urbem

460 3842 704 3909 dispetsa
741 3847 982 3896 omnium
1014 3846 1329 3900 rumoribus
1351 3846 1732 3912 differebatur,
1766 3848 1940 3903 donec
1964 3847 2032 3903 ad

458 3949 622 3987 aut-es
652 3933 1002 4003 imperatoris
1035 3937 1369 4005 perveniret.
1405 3939 1498 4007 qui
1531 3954 1651 3993 eam
1695 3940 1915 3994 silentio
1939 3956 2036 4010 op-

458 4026 619 4091 primi
645 4026 833 4095 jussit.
872 4029 1050 4096 Atque
1101 4028 1234 4081 mihi
1282 4028 1414 4083 illud
1461 4046 1722 4101 perquam
1767 4032 2031 4087 idoneum

463 4118 751 4170 videbatur
809 4119 877 4171 ad
936 4119 1172 4175 Palama:
1227 4121 1559 4191 impietatem
1612 4124 2032 4192 corrigendam,

462 4210 565 4260 nisi
618 4210 964 4277 imperatoris
1006 4212 1168 4266 minae
1206 4214 1597 4283 impedimento
1636 4215 1891 4279 fuissent,
1939 4223 2035 4269 aut

465 4308 667 4363 potius,
700 4300 744 4351 si
776 4300 1021 4368 episcopi
1054 4300 1209 4356 vivos
1232 4302 1466 4366 animos,
1497 4319 1600 4356 non
1640 4304 1833 4357 timore
1868 4304 2035 4357 rusti-

461 4388 645 4442 citatis
675 4399 956 4443 emortuos
983 4390 1245 4444 haberent
1271 4408 1447 4461 neque
1474 4393 1577 4446 ulla
1616 4409 1681 4448 ex
1715 4404 1866 4463 parte
1906 4411 2033 4464 pro-

2134 3214 2243 3280 olv,
2274 3213 2331 3274 ἐς
2369 3210 2631 3279 τάκριϐὲς
2661 3207 2818 3271 είδὼς
2849 3208 3051 3277 ὁπόσης
3078 3208 3171 3261 καὶ
3198 3207 3313 3269 οἵας
3354 3205 3515 3275 γέμει
3545 3203 3711 3257 ταυτὶ

2130 3306 2198 3358 τά
2231 3303 2412 3371 βιϐλία
2447 3304 2544 3372 τῆς
2577 3299 2853 3362 άσεόείας.
2895 3300 3043 3369 ὅμως
3094 3298 3213 3361 πῶς
3257 3296 3356 3366 μὲν
3393 3295 3709 3366 θηρώμενος

2130 3396 2309 3462 δόξαν,
2343 3394 2466 3458 πῶς
2494 3393 2551 3447 δέ
2583 3393 2679 3446 καὶ
2714 3390 2900 3453 δεδιὼς
2946 3390 3045 3454 τὰς
3091 3388 3413 3450 αύθεντικάς
3455 3386 3710 3449 ἀπειλὰς,

2132 3487 2229 3539 καλ⁸
2265 3485 2382 3555 ἅμα
2412 3484 2513 3552 τὴν
2537 3482 2786 3535 σύνοικον
2817 3479 3263 3550 παραμυθεῖσθαι
3298 3477 3491 3530 πενίαν
3517 3478 3711 3545 ἐπιτη-

2131 3578 2322 3641 δεύων,
2378 3576 2568 3630 ἔλαθον
2619 3575 2770 3645 παρὰ
2832 3575 3013 3627 πᾶσαν
3065 3572 3239 3642 δήπου
3283 3568 3581 3640 πεπραχὼς
3608 3568 3709 3635 τὴν

2134 3668 2374 3740 ἐμαυτοῦ
2410 3668 2734 3737 συνείδησιν.
2760 3667 2856 3718 καὶ
2881 3666 2992 3727 τοῖς
3016 3663 3159 3717 οὕτω
3189 3660 3491 3732 μοχθηρίας
3521 3659 3707 3728 έχουσι

2133 3756 2402 3825 δόγμασιν
2430 3752 2815 3823 ύποκεκυφώς.
2850 3752 2993 3823 Πρὸς
3021 3750 3151 3820 γοῦν
3176 3750 3335 3814 Θεοῦ,
3362 3750 3461 3819 τὴν
3497 3746 3709 3818 παροῦο

2135 3865 2235 3901 σαν
2262 3845 2400 3917 ἐμὴν
2438 3845 2795 3916 ἐξαγόρευσιν
2819 3844 2869 3897 ol
2898 3844 3166 3915 παρόντες
3213 3841 3527 3906 ἀκούοντες,
3563 3841 3707 3910 ὑπὲρ

2132 3941 2231 4012 τῆς
2273 3941 2416 4011 ἐμῆς
2446 3940 2523 4010 τῷ
2552 3940 2673 4010 Θεῷ
2719 3938 3074 4010 ταλαιπώρου
3118 3937 3297 4008 ψυχῆς
3336 3934 3705 4002 συνεύξασθαι

2133 4030 2549 4102 προθυμήθητε,
2602 4030 2816 4098 δέομαι.
2858 4047 2879 4082 ι
2943 4029 3049 4081 Καὶ
3096 4028 3240 4082 οὕτω
3286 4030 3399 4091 τοῖς
3444 4026 3706 4088 τοιούτοις

2131 4122 2269 4191 ἀνὴρ
2304 4125 2508 4183 ἐκεῖνος
2545 4119 2890 4189 συναπὲψυξε
2921 4120 3196 4189 ῥήμασιν.
3226 4119 3392 4172 Ὅθεν
3438 4120 3528 4170 ἐπὶ
3570 4118 3704 4169 πολι

2132 4213 2253 4275 λαῖς
2289 4214 2529 4282 ἡμέραις
2578 4210 2682 4265 ἀνά
2732 4210 2911 4262 πᾶσαν
2962 4208 3313 4278 διεσκεδάσθη
3358 4208 3419 4260 τδ
3469 4206 3705 4275 πρᾶγμα

2132 4302 2231 4373 τὴν
2263 4302 2435 4369 πόλιν,
2471 4302 2567 4356 καὶ
2595 4302 2802 4372 σφόδρα
2842 4301 3317 4370 διατεθρύλληται,
3357 4301 3465 4361 ἕως
3501 4299 3596 4351 καὶ
3627 4298 3708 4358 είς

2136 4392 2420 4460 βασιλικάς
2454 4393 2529 4444 ίδν
2573 4392 2742 4453 ἀκοὰς
2779 4390 3086 4444 σιωπᾶσθαι
3130 4392 3547 4460 προστέτακται.
3598 4385 3706 4440 Καί

463 4494 584 4547 pter
609 4479 834 4550 gloriam
881 4489 935 4535 et
964 4480 1238 4536 luxuriem
1268 4483 1609 4554 principibus
1642 4484 1804 4555 hujus
1853 4486 2033 4540 saeculi

2146 4502 2236 4552 μοι
2277 4484 2536 4545 ἐπιεικῶς
2582 4482 2764 4549 ἔδοξεν
2817 4481 3004 4534 ἱκανὸν
3036 4483 3118 4542 είς
3147 4481 3435 4553 διόρθωσιν
3477 4478 3576 4546 τῆς
3610 4474 3710 4529 τοῦ

462 4570 715 4624 assentiri
745 4570 970 4625 vellent.

2140 4576 2373 4641 Παλαμᾶ
2410 4574 2730 4635 δυσσεϐείας
2772 4568 2912 4626 εἶναι
2942 4573 3119 4637 τουτὶ,
3166 4573 3321 4642 εἰμὴ
3362 4572 3623 4641 ἐμποδὼν.
3650 4570 3709 4623 αἱ

467 4668 553 4719 τοῦ
585 4669 847 4735 βασιλέως
899 4669 1241 4739 κατέστησαν
1295 4670 1555 4735 ἀπειλαὶ,
1612 4672 1643 4742 ἦ
1708 4671 1910 4741 μᾶλλον
1962 4673 2010 4723 εἰ
2054 4670 2232 4734 ζώσας
2287 4665 2434 4740 εἶχον
2458 4668 2749 4722 ἐπίσκοποι
2775 4671 2875 4732 τὰς
2937 4669 3118 4738 ψυχάς
3149 4669 3351 4737 καὶμὴ
3381 4668 3709 4736 τεθνηκυίας

472 4762 538 4829 τῷ
586 4764 695 4815 δέει
762 4764 860 4830 τῆς
895 4763 1216 4833 ἀγροικίας,
1266 4768 1359 4818 καὶ
1396 4766 1599 4835 ἥκιστα
1652 4766 1742 4819 διά
1785 4766 1944 4829 δόξαν
1979 4768 2072 4818 καὶ
2112 4766 2321 4836 τρυφὴν
2369 4765 2706 4818 συνευδοκεῖν
2734 4766 2855 4828 ταῖς
2903 4765 3102 4834 ἀρχαῖς
3132 4763 3411 4816 ἐϐούλοντο
3440 4762 3533 4814 τοῦ
3567 4780 3710 4834 παρ⁸

466 4858 617 4918 όντος
658 4857 877 4921 αἰῶνος.

539 4953 702 5006 XXII.
762 4952 875 5009 Iloc
932 4971 1099 5009 unum
1136 4971 1313 5025 nuper
1363 4954 1610 5019 factum,
1650 4955 1796 5026 quod
1844 4973 1873 5011 a
1924 4959 2031 5012 tuis

467 5046 648 5099 verbis
668 5061 774 5099 non
801 5044 1086 5112 abhorret,
1104 5062 1204 5113 ego
1223 5046 1482 5117 adiunxi;
1516 5046 1817 5101 secundum
1845 5044 2028 5103 autem

468 5140 567 5191 ltuc
596 5146 714 5192 est:
747 5138 854 5191 scis
882 5147 1097 5207 gentem
1144 5138 1443 5193 ltussorum
1476 5138 1795 5194 hominibus
1840 5142 2030 5210 copio-

467 5230 732 5283 sissimam
762 5246 881 5284 esse
918 5232 1175 5298 locosque
1206 5230 1553 5287 felicissimos
1594 5232 1856 5293 incolere.
1884 5234 2030 5289 unde

469 5321 644 5373 Varias
701 5318 915 5373 divitias
974 5318 1139 5371 habet
1179 5334 1354 5389 neque
1388 5322 1684 5389 quidquam
1739 5324 1913 5386 deest,
1971 5333 2030 5375 ut

467 5410 649 5463 ounia
694 5427 801 5463 una
845 5409 1335 5478 comprehensione
1382 5414 1729 5479 complectar,
1764 5413 1909 5483 quod
1958 5413 2024 5466 ad

469 5506 672 5572 largam
730 5516 912 5554 rerum
949 5502 1162 5570 copiam
1210 5504 1463 5571 pertinet.
1500 5505 1769 5560 Praeterea
1821 5506 2033 5574 legibus

470 5611 611 5647 γυναι
646 5594 767 5647 lidei
809 5610 1085 5662 nunquam
1118 5594 1373 5650 ﬂuctibus
1399 5598 1614 5664 jactatis
1662 5600 1870 5652 ratione
1900 5599 2033 5653 sitn-

2217 4958 2342 5011 KB’.
2379 4955 2475 5009 Ἓν
2509 4953 2607 5023 μὲν
2641 4953 2704 5023 δὴ
2748 4951 2905 5005 τοῦτο
2934 4953 3041 5013 τοῖς
3077 4952 3188 5013 σοῖς
3222 4948 3451 5011 ἐκείνοις
3475 4949 3707 5002 ἀκόλους

2138 5050 2229 5102 θον
2266 5048 2448 5116 λόγοις
2488 5045 2864 5115 συνεϐαλόμην
2899 5043 3075 5111 ἔγωγε
3129 5044 3393 5111 πρότριτα
3446 5042 3706 5109 γεγονόςο

2134 5142 2389 5212 δεύτερον
2429 5140 2508 5203 δὲ,
2545 5140 2603 5190 τὸ
2633 5138 2786 5199 ἔθνος
2822 5137 2931 5190 τῶν
2970 5134 3107 5199 Ῥὼς
3150 5131 3307 5187 οἶσθα
3357 5134 3432 5196 ώς
3472 5134 3709 5186 πολυαν·

2138 5228 2492 5301 θρωπότατόν
2544 5226 2603 5278 τέ
2653 5227 2772 5277 ἐστι
2824 5222 2919 5277 καὶ
2957 5223 3124 5275 τόπον
3152 5221 3451 5287 εὐδαίμονα
3476 5218 3597 5271 λίαν
3626 5219 3709 5269 οξ-

2137 5320 2290 5374 κοῦν.
2330 5317 2567 5370 Πλοῦτον
2615 5315 2723 5382 γὰρ
2766 5314 2977 5366 ἐκεῖθεν
3020 5303 3161 5381 ἴσχει
3217 5307 3579 5371 παντοδαπὸν.
3614 5309 3713 5360 καὶ

2137 5412 2437 5480 συλλήϐδην
2474 5409 2673 5471 εἰπεῖν,
2705 5407 2919 5468 οὐδενὸς
2946 5404 3291 5474 άχορήγητόν
3320 5404 3439 5455 ἐστι
3477 5398 3587 5453 τῶν
3606 5398 3710 5451 ὅσα

2137 5504 2272 5573 πρὸς
2304 5502 2537 5567 άέθονον
2578 5501 2740 5569 χάριν
2772 5500 2875 5569 ὁρᾷ
2910 5499 3018 5551 τῶν
3046 5496 3391 5567 ἐπιτηδείων.
3436 5493 3545 5545 Kal
3573 5491 3709 5559 πρός

2135 5612 2197 5661 γε
2240 5594 2425 5661 νόμοις
2479 5591 2791 5661 όρθοδοξίας
2830 5588 3047 5659 οὐδαμῆ
3093 5588 3480 5655 σαλευομένοις
3514 5584 3709 5636 Exstat

474 5689 697 5753 piiciore
734 5696 789 5740 et
841 5686 1116 5740 incuriosa
1146 5686 1467 5755 obsequitur
1490 5730 1502 5751 ,
1538 5703 1600 5740 ex
1649 5706 1758 5757 quo
1792 5699 2033 5757 tempore

2140 5686 2281 5739 κατά
2312 5702 2373 5754 γε
2422 5684 2511 5736 τὸν
2545 5682 2917 5751 ἁπλούστερον
2962 5683 3056 5733 καὶ⁸
3110 5679 3445 5750 ἀπράγμονα
3479 5676 3705 5747 τρόπον,

474 5780 634 5835 tidem
667 5776 919 5835 precibus
947 5777 1060 5833 suis
1098 5790 1387 5835 consecuta
1419 5787 1520 5835 est.
1559 5780 1653 5833 llis
1697 5781 2033 5841 temporibus

2139 5777 2199 5837 ἐξ
2251 5778 2484 5839 ὅτουπερ
2524 5774 2692 5838 αὐτὴν
2737 5774 2831 5835 τὰς
2888 5772 3050 5834 εὐχὰς
3088 5770 3395 5833 ἀνειλήφει.
3428 5769 3625 5832 Ἔτυχε
3655 5760 3704 5818 δ’
