4036 6210
345 340 416 400 97
1336 348 1614 415 ΒΥΖΑΝῘ
1630 353 1783 418 ΙΝΛζ
1817 355 1884 417 Η]

1988 355 2204 418 ὈίίιίΈ
2243 359 2388 423 LIB.
2432 361 2647 423 XXVI.
3515 380 3588 444 (σε

345 453 442 507 οὖν
471 453 576 506 κάν
615 453 826 519 τούτοις
857 456 969 523 τοῖς
1006 461 1215 532 χρόνοις
1246 465 1337 520 τὸν
1369 469 1724 522 ὲπισκοπικδν
1767 467 1884 521 ἐκεί

2013 467 2180 538 igitur
2204 473 2572 543 episcopalem
2595 475 2782 530 sedem
2804 477 3021 533 ornavit
3047 487 3210 549 atque
3239 481 3453 538 animos
3479 484 3581 538 ho-

349 563 461 598 νοιε
494 545 685 616 θρόνον
735 552 957 620 κοσμῶν
1007 558 1100 606 καὶ
1143 557 1244 626 τὴν
1293 558 1528 631 ψυχικὴν
1581 559 1676 614 τοῦ
1723 561 1880 615 ἔονου

2003 548 2222 617 inlitum
2252 581 2352 619 suo
2402 567 2631 635 imperio
2661 568 2859 623 direxit
2889 569 2991 634 vir,
3032 581 3089 624 ut
3139 571 3253 641 ipse
3291 575 3417 635 scis.
3453 592 3586 644 ιιι-ιιι

345 638 679 692 ἐπιστασίαν
733 641 1131 714 ἀνειλημμένος
1173 649 1313 719 ἀνὴρ
1353 653 1597 716 συνετὸς,
1631 650 1694 722 [Γ.
1723 653 1826 706 122
1856 650 1910 724 b]

341 729 416 792 ὠς
449 725 627 794 οἶσθα,
653 733 749 784 καὶ
774 734 884 788 τῶν
914 737 1075 791 θείων
1106 742 1347 795 κανόνων
1391 744 1487 797 καὶ
1535 746 1715 814 νόμων
1740 745 1798 810 ἐξ
1831 745 1910 800 ἔτι

340 823 463 873 νέου
493 826 693 890 πεῖραν
747 827 811 878 ἐκ
866 827 1026 896 τῆσδε
1077 833 1176 901 τῆς
1231 835 1498 903 μεγίστης
1547 837 1657 890 τῶν
1702 838 1910 890 πόλεων

337 909 612 978 ἡθροικὼς
657 913 886 984 ἀκριϐῆ.
955 920 1063 971 Καὶ
1125 921 1211 974 ἵνα
1289 924 1526 977 συνελὼν
1569 927 1708 980 εἴπω
1738 967 1752 990 ,
1783 931 1910 992 τοὺς

335 1002 492 1063 νὲους
558 1004 799 1076 κάκείνῳ
851 1011 1176 1080 πεπόμφασι
1213 1015 1416 1084 τόμους
1453 1019 1502 1070 οἰ
1537 1020 1634 1085 τῆς
1663 1018 1908 1087 Παλαμι-

333 1093 439 1156 κῆς
471 1094 738 1148 θιασῶται
772 1101 1028 1169 φατρίας,
1079 1105 1159 1166 είς
1197 1106 1289 1158 τὸν
1334 1110 1536 1162 οἰκεῖον
1567 1111 1666 1178 τῆς
1698 1111 1908 1164 ἑαυτῶν

330 1185 607 1249 ἀπωλείας
640 1192 886 1260 κρημνὸν
921 1195 1314 1266 ἐκκαλούμενοι
1375 1201 1471 1253 καὶ
1529 1204 1714 1268 αὑτὸν,
1750 1205 1904 1270 σφίσι

330 1277 504 1327 ποιεῖν
534 1279 724 1342 εἰωθὸς
754 1282 933 1336 τουτοϊ
990 1287 1126 1355 πρὸς
1181 1290 1402 1355 ἁπάσας
1437 1293 1620 1357 πόλεις
1665 1296 1760 1348 καὶ
1798 1297 1904 1365 χὼ·

330 1385 456 1436 ρας.
501 1373 559 1423 ⁸0
611 1373 658 1424 δ’
689 1378 992 1441 ἀναγνοὺς,
1054 1381 1150 1432 καὶ
1212 1381 1336 1435 ίδὼν
1394 1385 1501 1436 τῶν
1537 1387 1904 1457 βλασφημιῶν

327 1459 558 1514 ἐκείνων
609 1465 670 1518 τὸ
729 1468 936 1536 σμῆνος
984 1471 1078 1523 καὶ
1126 1474 1226 1543 τὴν
1263 1475 1581 1547 Ἑλληνικὴν
1613 1479 1902 1532 πολυθεῖαν

325 1555 560 1608 ἀπασῶν
588 1559 708 1610 ἐκεῖ
735 1561 1172 1630 προεδρεύουσαν
1201 1569 1342 1620 πάνυ
1371 1569 1728 1636 δεσποτικῶς,
1760 1574 1901 1626 κατά

320 1650 432 1715 γῆς
459 1665 520 1701 τε
556 1649 784 1720 ἔρριψεν
813 1653 998 1719 εὐθὺς,
1037 1658 1131 1710 καὶ
1166 1659 1233 1712 τὰ
1263 1653 1377 1713 ὦτα
1407 1663 1750 1732 φραξάμενος
1791 1666 1898 1719 ἀπὸ

319 1741 494 1809 ἀκοῆς
532 1746 780 1813 πονηρᾶς
824 1746 1149 1818 ἀπεπήδησε
1192 1751 1444 1823 τάχιστα.
1486 1757 1594 1809 Καὶ
1625 1756 1894 1828 λοιδορίας

323 1832 475 1899 μάλα
516 1835 734 1903 μακρὰς
781 1838 1076 1908 γεγραφὼς
1109 1843 1245 1910 μετά
1293 1845 1404 1898 τῶν
1431 1847 1658 1900 εἰκότων
1699 1850 1762 1902 ὲκ
1797 1851 1894 1918 τῆς

321 1920 475 1983 θείας
514 1923 737 1996 Γραφῆς
783 1928 1022 1998 ἐλέγχων
1055 1933 1147 1995 καὶ
1198 1933 1547 2001 ἀποδείξεων,
1583 1937 1894 2006 ἐπεπόμφει

321 2013 419 2079 ξύν
469 2031 533 2082 τε
566 2016 643 2087 τῷ
675 2021 994 2094 πατριάρχῃ
1049 2024 1162 2085 τοῖς
1221 2025 1558 2090 ἐπισκόποις,
1599 2028 1894 2094 πολυϐέους

317 2121 378 2157 τε
407 2106 504 2158 καὶ
542 2106 735 2171 ἀθέους
775 2109 1001 2173 τούτους
1047 2114 1340 2168 ἀποκαλῶν
1369 2121 1464 2170 καὶ
1499 2120 1706 2189 σφόδρα
1737 2121 1893 2174 ἀναι-

315 2197 427 2257 δεῖς
452 2198 562 2250 τῶν
587 2200 836 2268 πατρίων
881 2202 1154 2275 ἀθετητάς
1196 2209 1294 2260 καὶ
1321 2209 1557 2275 διώκτας
1581 2211 1888 2284 δογμάτων,

315 2288 410 2341 καὶ
470 2290 593 2359 ἅμα
648 2293 761 2356 τοῖς
830 2297 1202 2367 προσήκουσιν
1251 2301 1590 2370 ἀναοὲμασιν
1651 2306 1891 2362 ὑποϐάλ-

315 2381 444 2436 λων.

386 2471 516 2526 Kl".
550 2472 659 2528 Καὶ
693 2473 763 2529 τὰ
804 2475 904 2545 μὲν
962 2477 1026 2532 ἐκ
1074 2476 1312 2544 Ῥωσίας
1344 2483 1650 2554 γράμματα
1701 2486 1890 2542 τοῦτον

331 2557 454 2630 ισχε
493 2561 587 2613 τὸν
629 2565 851 2634 τρόπον,
882 2568 976 2618 καὶ
1009 2567 1152 2622 οὕτω
1191 2572 1318 2632 τοὺς
1362 2575 1726 2643 κακοσχίλους
1768 2575 1890 2629 τού-

331 2669 446 2715 τους
497 2653 753 2723 ἐξήλεγξε
787 2657 908 2724 μὲν,
946 2659 1046 2712 οὐκ
1084 2660 1324 2731 ἐμάλαξε
1363 2663 1442 2718 δέ.
1471 2665 1804 2737 Τεοαύμακα
1842 2669 1888 2723 δ’

327 2743 494 2808 ἔγωγε
535 2743 659 2808 πῶς
715 2745 884 2801 τᾶλλα
937 2766 1001 2818 γε
1065 2752 1301 2819 ἀμαθεῖς
1361 2755 1698 2826 ὑπάρχοντες
1740 2751 1888 2813 οὗτοι

337 2833 480 2886 τοῦτο
505 2839 782 2909 φρονίμως
821 2842 1187 2914 οίκονομοῦσι,
1219 2849 1350 2917 πρὶν
1386 2848 1654 2904 ἔκπυστον
1683 2853 1885 2920 φθῆναι

336 2925 594 2994 γενέσθαι,
624 2933 827 2997 πάσαις
855 2935 1104 3001 ἀπειλαῖς
1129 2937 1476 3003 αύθεντικαῖς
1502 2943 1886 3008 συστέλλοντες

327 3016 410 3069 καὶ
441 3019 646 3085 φόϐοις,
680 3026 773 3076 καὶ
807 3025 964 3098 τάφῳ
996 3029 1167 3096 φάναι
1218 3031 1380 3100 σιγῆς
1412 3033 1471 3084 ὲν
1503 3031 1699 3103 βραχεῖ
1739 3051 1876 3103 συγ-

316 3107 637 3175 χωννύντες,
669 3107 846 3182 οἶμαι,
899 3116 995 3169 τδν
1045 3119 1286 3190 πονηρὸν
1347 3121 1635 3193 οἰκονόμον
1671 3126 1882 3178 ἐκεῖνον

313 3204 682 3270 μιμούμενοι,
722 3223 783 3259 ου
838 3208 939 3277 τὴν
1003 3209 1058 3262 ὲν
1120 3211 1365 3282 χρήμασι
1414 3219 1882 3290 μεμηχανημένην

309 3294 631 3363 οἰκονομίαν
664 3298 722 3350 ὲν
767 3300 1126 3369 Εὑαγγελίοις
1171 3306 1199 3358 ὁ
1239 3305 1441 3376 Κύριος
1477 3310 1734 3366 ἐπαινῶν.
1765 3307 1886 3367 εῐτα

307 3385 384 3453 τῷ
415 3388 624 3458 αἰωνίῳ
660 3391 1030 3462 παραπέμπει
1057 3396 1217 3468 πυρί.

376 3562 506 3616 KA'.
547 3565 879 3637 Ἐϐουλόμην
910 3572 1004 3624 καὶ
1038 3565 1220 3642 τρίτον
1249 3575 1574 3645 προσθεῖναι
1609 3558 1881 3650 διήγημα,

299 3653 419 3707 τῶν
459 3657 770 3727 εἰρημένων
823 3663 920 3730 οὐχ
970 3657 1132 3733 ἦττον
1179 3665 1260 3728 είς
1313 3665 1538 3736 ἔλεγχον
1574 3669 1683 3738 ’τῆς
1716 3670 1882 3723 τῶνδε

296 3745 416 3796 τῶν
449 3747 661 3818 ἀνδρῶν
699 3751 976 3816 ἀσεϐείας.
1024 3755 1184 3808 Ἀλλά
1245 3756 1302 3808 σὲ
1357 3758 1495 3828 πρὸς
1557 3759 1656 3830 τὴν
1711 3763 1882 3833 ἀκοὴν

298 3837 493 3906 ἀηδῶς
547 3839 824 3912 θεώμενος
855 3845 1069 3915 ἔχοντα,
1103 3847 1195 3901 τὸν
1225 3848 1348 3902 νοῦν
1395 3851 1459 3904 ἔκ
1501 3868 1558 3904 τε
1601 3852 1772 3922 ἀκοῆς
1799 3857 1880 3918 εἰς

296 3935 403 3992 τὰς
434 3933 606 3996 ἀκοὰς
634 3934 729 3987 τοῦ
775 3936 962 3990 λοιποῦ
1006 3941 1339 4012 μεταφέρειν
1369 3941 1587 4010 ἔγνωκα
1618 3945 1749 4010 δεῖν,
1793 3947 1880 4000 ἴνα

297 4041 356 4073 τι
383 4023 486 4092 τῆς
522 4025 618 4093 σῆς
643 4027 1016 4097 ἀπολαύσαιμι
1055 4032 1325 4100 γλώττης,
1359 4035 1489 4103 πρὶν
1515 4035 1624 4088 τῶν
1649 4036 1864 4106 δημίων

299 4117 489 4178 ἐνίους
523 4117 777 4183 φυλάκων
821 4121 1152 4190 ἐληλυθότας
1190 4123 1517 4194 ἐπιταράξαι
1549 4127 1642 4179 καὶ
1685 4126 1872 4181 διακό-

291 4207 402 4276 «fa-at
433 4208 535 4278 τὴν
569 4210 791 4280 ἡσύχιον
818 4215 1038 4281 ὁμιλίαν
1060 4217 1220 4286 ἡμων
1261 4216 1489 4287 ταυτηνὶ
1520 4218 1617 4272 καὶ
1659 4218 1754 4271 ἀπ’
1782 4220 1878 4272 ἀλ·

289 4301 482 4371 λήλων
521 4303 664 4373 ἡμᾶς
707 4305 1019 4376 διαστῆσαι.

2012 653 2368 712 dentissimus
2397 658 2824 730 divinarumque
2853 678 3168 718 normarum
3210 676 3376 736 atque
3399 669 3580 737 legum

2011 746 2138 802 inde
2166 763 2194 801 a
2241 751 2470 818 pueritia
2505 753 2557 806 in
2591 753 2693 808 hac
2741 755 2975 808 maxima
3009 755 3228 810 urbium
3268 760 3582 828 cognitione

2015 837 2174 908 114
2229 853 2484 894 accurata
2542 843 2798 897 imbutus.
2845 846 2912 900 l't
2942 846 3128 913 paucis
3181 863 3291 900 rem
3328 865 3582 918 compre-

2012 929 2268 993 hendam,
2309 931 2433 986 huic
2459 949 2678 1002 quoque
2706 936 2822 989 viro
2860 938 3145 991 Palamij
3170 950 3334 993 sectae
3363 942 3581 994 sodales

2010 1035 2178 1074 novos
2205 1021 2402 1076 Tomos
2433 1027 2718 1087 miserunt.
2753 1026 2806 1080 in
2839 1044 3078 1095 pratceps
3127 1029 3366 1097 ipsorum
3401 1033 3576 1084 inter-

2009 1109 2117 1162 itus
2159 1111 2474 1164 barathrum
2506 1131 2630 1168 eum
2673 1118 2934 1192 vocaturi,
2965 1135 3068 1187 qua
3112 1120 3332 1189 quidem
3367 1123 3580 1178 ratione

2009 1200 2062 1254 in
2106 1217 2298 1256 omnes
2331 1207 2491 1259 urbes
2520 1207 2776 1276 locosque
2811 1211 3044 1277 grassari
3094 1213 3286 1266 solent.
3326 1214 3420 1268 Ille
3451 1231 3581 1269 vero

2003 1290 2072 1346 iis
2129 1297 2386 1362 perlectis
2437 1313 2560 1350 cum
2611 1300 3075 1367 blasphemiarum
3125 1320 3355 1358 examen
3411 1316 3578 1374 atque

2002 1381 2249 1436 Graecum
2307 1387 2734 1455 polytheismum
2769 1389 3160 1457 superbissime
3194 1395 3245 1446 in
3282 1393 3348 1447 iis
3395 1394 3577 1448 domi-

2003 1485 2222 1528 nantem
2260 1479 2492 1544 videret,
2523 1480 2572 1532 in
2621 1491 2818 1535 terram
2865 1485 3046 1536 διιιιίιιι
3081 1499 3176 1538 eos
3205 1485 3400 1554 abjecit
3431 1488 3577 1540 auri-

2002 1565 2210 1634 busqtte
2235 1585 2262 1620 a
2296 1568 2498 1624 nefaria
2531 1573 2815 1627 auditione
2853 1575 3078 1628 munitis
3115 1576 3240 1629 inde
3275 1593 3438 1645 quam
3486 1593 3578 1631 ec-

1998 1656 2217 1711 Ierrime
2274 1675 2332 1713 se
2375 1663 2668 1730 proripuit.
2724 1664 2944 1734 Magnas
2989 1682 3116 1720 vero
3162 1667 3577 1724 criminationes

1999 1763 2122 1800 cum
2149 1755 2480 1818 argumentis
2508 1765 2672 1821 atque
2721 1757 3284 1812 demonstrationibus
3309 1775 3372 1813 ex
3419 1777 3574 1814 sacra

2002 1835 2286 1903 St-riptura
2327 1841 2512 1908 petitis
2543 1847 2873 1911 conscripsit
2913 1857 2964 1898 et
3007 1849 3328 1914 patriarchae
3357 1851 3575 1918 episco-

2000 1928 2192 1996 pisque
2236 1932 2402 1996 misit,
2425 1935 2720 2001 appellav:t
2745 1953 2838 1991 eos
2863 1939 3145 2007 polytheos
3167 1950 3221 1992 et
3249 1942 3441 1994 atheos
3475 1942 3576 1994 itu-

1997 2019 2538 2090 pudentissimosque
2585 2026 2882 2092 patriorum
2927 2028 3238 2093 dogmatqu
3289 2047 3572 2085 eversuros

1996 2117 2160 2178 atque
2198 2124 2598 2179 persecutores,
2646 2117 2938 2170 anathema
2969 2117 3230 2187 denique.
3274 2120 3420 2188 quod
3471 2137 3568 2190 par

1995 2211 2135 2266 erat,
2173 2202 2228 2256 in
2251 2218 2347 2257 eos
2374 2206 2628 2275 conjecit.

2067 2463 2256 2518 XXIII.
2287 2469 2461 2536 Atque
2490 2469 2754 2540 scriptum
2786 2487 2851 2525 ex
2897 2471 3089 2528 Ilussia
3125 2491 3348 2530 missum
3379 2478 3458 2532 sic
3505 2495 3567 2534 se

1993 2553 2226 2610 hahchat
2255 2567 2308 2610 et
2337 2559 2416 2611 sit:
2443 2560 2593 2624 istos,
2628 2562 2722 2630 qui
2755 2564 2806 2617 in
2838 2565 2996 2620 malis
3036 2567 3201 2621 rebus
3243 2582 3457 2640 tempus
3482 2584 3567 2624 ιι·-

1992 2656 2154 2711 runt,
2201 2651 2446 2716 coarguit
2503 2653 2764 2720 quidem,
2800 2665 3038 2710 attamen
3094 2675 3200 2712 non
3247 2661 3564 2718 infirmat'it.

1991 2735 2158 2790 Miror
2199 2747 2380 2792 autem
2411 2780 2424 2805 ,
2476 2743 2752 2810 quomodo
2782 2746 2899 2811 isti,
2943 2747 3071 2802 licet
3119 2751 3360 2820 alioquin
3402 2757 3557 2809 stulti

1988 2825 2118 2890 sint,
2147 2826 2250 2882 hoc
2279 2837 2457 2884 tamen
2491 2832 2793 2900 prudenter
2846 2836 3072 2904 faciant,
3107 2849 3188 2905 ut,
3236 2845 3558 2912 priusquam

1991 2918 2096 2971 tale
2144 2920 2274 2990 quid
2311 2922 2364 2976 itt
2420 2925 2612 2994 vulgus
2660 2927 3003 2996 innotescat,
3041 2935 3562 2993 comminationibus

1987 3011 2324 3080 quibuslibet
2369 3018 2580 3072 severis
2612 3029 2776 3088 atque
2825 3022 3134 3078 terroribus
3176 3027 3475 3094 reprimant
3505 3037 3561 3082 et

1985 3106 2156 3160 veluti
2203 3107 2408 3162 silentii
2467 3111 2721 3179 sepulcro
2779 3114 2931 3168 brevi
2987 3125 3232 3186 tempore
3289 3108 3557 3183 vendant;

1988 3197 2308 3266 imitantur,
2349 3203 2566 3270 opinor,
2626 3207 2827 3260 malum
2875 3207 3028 3262 illum
3083 3210 3561 3279 dispensatorem,

1988 3291 2147 3361 cujus
2183 3293 2437 3346 callidam
2472 3296 2832 3364 pecuniarum
2880 3299 3348 3368 dispensationem
3380 3307 3562 3361 donti-

1988 3399 2092 3439 nus
2143 3384 2196 3438 in
2251 3385 2558 3457 Evangeliis
2594 3389 2888 3457 collaudat,
2936 3394 3301 3451 collaudatum
3353 3408 3562 3456 aeterno

1985 3473 2094 3543 igni
2129 3479 2367 3532 mandat.
2721 3471 2724 3474 ’

2056 3566 2244 3626 XXIV.
2298 3571 2456 3641 115
2495 3571 2704 3628 Vellem
2755 3576 3014 3646 equidem
3063 3581 3279 3636 tertiam
3336 3599 3557 3656 quoque

1983 3657 2282 3730 adjungere
2309 3663 2702 3726 narrationem,
2738 3683 2858 3736 quae
2882 3684 2989 3724 non
3017 3671 3198 3727 minus
3221 3689 3380 3742 quam
3409 3677 3560 3745 prio-
3651 3685 3658 3690 '

1983 3764 2072 3802 res
2105 3749 2266 3804 ho:cc
2293 3751 2543 3808 homines
2570 3757 2865 3825 impietatis
2893 3760 3270 3830 redargueret.
3300 3764 3556 3818 Attamen

1983 3854 2106 3893 cum
2158 3841 2304 3896 hunc
2365 3859 2676 3899 sermonem
2732 3849 2958 3904 moleste
3009 3861 3058 3905 te
3109 3851 3252 3906 ferre
3307 3855 3558 3918 videam,

1984 3933 2233 3985 animum
2269 3935 2378 4005 jam
2414 3936 2480 3992 ab
2526 3938 2807 3997 auditione
2847 3942 3280 3997 convertendutn
3329 3949 3556 4014 cognovi

1983 4023 2048 4076 ad
2081 4025 2411 4092 auditiones,
2438 4037 2493 4081 ut
2522 4029 2756 4085 fructum
2786 4033 3028 4102 aliquem
3062 4044 3166 4088 tum
3191 4035 3390 4104 lingua:
3436 4053 3559 4106 per-

1981 4117 2178 4185 cipiam
2207 4160 2221 4183 ,
2259 4121 2575 4189 priusquam
2607 4140 2674 4176 ex
2713 4127 3160 4182 custodientibus
3212 4146 3310 4184 nos
3341 4133 3558 4184 t‘al'ltlii-

1979 4211 2138 4266 cibus
2179 4214 2401 4282 quidam
2435 4218 2674 4284 aggressi
2722 4219 3074 4289 tranquillam
3123 4219 3551 4278 familiaritatem

1984 4304 2210 4359 turbent
2252 4315 2415 4374 atque
2462 4308 2729 4364 dtritnant
2773 4319 2830 4365 et
2873 4312 3104 4366 alterum
3149 4316 3218 4368 ab
3263 4317 3434 4368 altero
3467 4334 3554 4370 se-

1976 4397 2226 4468 jungam.

363 4483 502 4536 κεν.
537 4483 685 4540 Πάνυ
725 4486 908 4547 καλῶς
932 4504 990 4540 τε
1017 4489 1158 4559 ἐμῆς
1197 4490 1484 4561 ἐστοχάσω
1508 4493 1734 4567 γνώμης
1778 4497 1873 4552 καὶ

2048 4489 2212 4547 XXV.
2265 4491 2480 4561 Optime
2531 4507 2705 4546 meam
2760 4496 3087 4549 sententiam
3154 4505 3317 4566 atque
3373 4501 3553 4553 consi-

283 4573 539 4637 διανοίας
580 4576 668 4628 διά
703 4578 812 4632 τῶν
854 4579 1053 4645 ἔξωθεν
1080 4581 1250 4652 ἠθῶν,
1301 4585 1437 4637 καλὲ
1475 4587 1870 4656 ’Δγαθάγγελε.

283 4666 390 4718 Διὸ
422 4667 493 4718 τά
520 4667 628 4719 τῶν
664 4669 842 4722 ἄλλων
872 4672 1138 4743 εὐφήμως
1188 4674 1495 4746 θεατρίζων
1527 4680 1870 4751 ἐγκλήματα,

284 4759 358 4808 τὰ
399 4756 524 4809 καθ’
554 4759 750 4812 ἑαυτὸν
771 4761 875 4831 ὅρα
899 4763 994 4814 καὶ
1020 4763 1190 4830 γνῶθι
1226 4768 1446 4820 σαυτόν.
1479 4769 1603 4832 Τοῖς
1639 4771 1744 4841 γὰρ
1776 4788 1872 4823 κα-

281 4849 413 4910 κοῖς
440 4848 605 4917 ἀρκεῖ
637 4849 696 4902 τὸ
739 4855 934 4914 κακοῖς
974 4849 1139 4919 εἶναι,
1169 4859 1263 4909 καὶ
1310 4857 1410 4926 τὴν
1463 4859 1622 4930 δίκην
1653 4861 1870 4930 ἔχουσιν

285 4941 525 4992 αὐτόθεν
572 4943 927 5012 ἀποχρῶσαν.
964 4948 1173 5010 ’Δλλως
1223 4967 1283 5003 τε
1340 4952 1436 5004 καὶ
1486 4953 1708 5022 κηλῖδας
1751 4949 1868 5008 οἶδά

279 5050 448 5094 τινας
490 5034 1014 5104 ἐναποματτομένην
1048 5039 1295 5093 ἐντεῦθεν
1325 5044 1426 5112 τὴν
1462 5044 1652 5114 ἀκοὴν,
1688 5045 1780 5098 καί
1813 5063 1864 5098 τι

280 5125 454 5188 νέψος
484 5123 845 5194 ἀθροίζουσαν
892 5130 956 5198 τῇ
990 5128 1135 5201 ψυχῇ
1184 5131 1483 5202 δυνάμενόν
1517 5151 1632 5198 πως
1683 5135 1867 5189 ἐπιθο-

275 5210 419 5263 λοῦν
469 5216 566 5266 καὶ
617 5215 913 5283 ἀμϐλύνειν
959 5221 1060 5288 μὲν
1108 5222 1167 5273 τὸ
1205 5223 1448 5293 καθαρὸν
1493 5227 1587 5278 καὶ
1627 5226 1864 5278 ἀνυπνον

283 5307 471 5356 ἐκεῖνο
505 5305 598 5359 τοῦ
646 5308 763 5369 νοῦ,
796 5309 1104 5376 ὲξυπνίζειν
1135 5313 1190 5365 δὲ
1236 5315 1296 5366 τὸ
1339 5316 1437 5383 τῆς
1471 5315 1651 5385 ψυχῆς
1685 5319 1862 5386 ἐμπα-

279 5396 404 5456 θές.
447 5396 602 5468 Ὅσῳ
643 5400 754 5471 γὰρ
781 5402 1044 5473 δύσεργόν
1069 5423 1126 5457 τε
1154 5409 1248 5458 κιὶ
1273 5406 1722 5477 δυσκατόρθωτον
1759 5410 1857 5463 τιέ-

275 5504 428 5553 φυκε
457 5490 724 5557 τάγαθὸν,
754 5498 960 5547 ἄϋπνον
994 5496 1083 5548 τὸν
1127 5496 1372 5550 διάϐολον
1406 5497 1530 5567 ἔχον
1573 5499 1854 5568 πολέμιον,

270 5578 505 5648 νύκτωρ
542 5585 639 5635 καὶ
673 5585 794 5654 μεθ’
829 5588 1043 5656 ἡμέραν
1103 5590 1204 5654 τὴν
1257 5589 1366 5640 τῶν
1422 5590 1703 5661 λογισμῶν
1734 5593 1857 5643 ἐπι-

272 5669 620 5740 ϐοσκόμενον
648 5676 832 5745 χώραν
883 5682 978 5730 καὶ
1013 5680 1434 5750 μεθαρμόζοντα
1468 5683 1602 5749 πρὸς
1642 5683 1701 5734 τὸ
1739 5686 1855 5754 χεῖ-

1976 4582 2110 4636 Iium
2165 4597 2228 4636 ex
2281 4583 2524 4637 externis
2564 4587 2809 4638 moribus
2853 4596 3140 4640 aSSecutus
3184 4601 3282 4651 es,
3345 4590 3552 4658 Optime

1976 4675 2366 4745 Agathangele.
2409 4674 2588 4740 Quare
2617 4677 2854 4730 aliorum
2908 4678 3139 4730 crimina
3183 4679 3340 4733 bonis
3369 4682 3552 4736 verbis

1975 4767 2028 4821 in
2061 4777 2315 4837 promptu
2376 4782 2584 4836 ponens
2629 4778 2679 4822 te
2727 4769 2907 4837 aspice
2963 4778 3018 4822 et
3075 4771 3420 4842 temetipsum
3455 4789 3549 4828 co-

1971 4874 2194 4928 gnosce.
2226 4858 2493 4928 lmprobis
2517 4861 2662 4914 enim
2690 4860 3132 4933 hominibusjatn
3158 4864 3377 4927 snllieit,
3405 4870 3547 4934 quod

1973 4959 2104 5005 sunt
2144 4951 2380 5021 improbi
2400 4961 2456 5005 et
2483 4953 2608 5006 imle
2635 4952 2769 5006 satis
2799 4967 2973 5021 pinna:
3004 4955 3206 5010 ferunt.
3248 4957 3365 5012 llnc
3395 4973 3552 5010 acce-

1971 5043 2071 5108 dit,
2097 5052 2156 5097 ut
2185 5044 2416 5097 maculis
2443 5043 2772 5112 quibusdam
2821 5044 2950 5099 inde
2991 5061 3154 5100 aures
3191 5057 3547 5117 aspergantur

1968 5145 2024 5191 et
2057 5138 2258 5191 nubem
2298 5138 2589 5206 quamdam
2612 5137 2892 5208 colligant,
2923 5154 3044 5205 qua!
3082 5141 3326 5194 animum
3367 5143 3542 5195 sordi-

1969 5228 2072 5282 bus
2133 5229 2380 5294 int‘teere,
2438 5231 2731 5299 puritatem
2785 5231 2928 5285 illam
2982 5239 3146 5302 atque
3203 5232 3540 5301 vigilantiam

1967 5318 2168 5372 mentis
2217 5318 2512 5384 hebetare,
2555 5320 2886 5390 cupiditates
2938 5321 3179 5376 escitare
3235 5322 3428 5391 possit.
3473 5322 3538 5378 Ut

1965 5411 2110 5463 cnim
2145 5409 2347 5465 bonum
2379 5426 2478 5466 sua
2511 5426 2707 5467 natura
2746 5428 3041 5484 operosum
3073 5423 3159 5469 est
3185 5429 3248 5469 ac
3296 5415 3536 5476 diflicile.

1963 5517 2088 5556 cum
2134 5502 2410 5557 diabolutn
2469 5504 2782 5574 vigilantem
2831 5505 3117 5560 inimicum
3163 5506 3395 5572 habeat,
3440 5507 3535 5576 qui

1962 5595 2051 5648 die
2073 5605 2348 5666 noctuque
2369 5597 2611 5651 animum
2659 5596 2908 5665 depascit
2945 5610 2998 5650 et
3027 5613 3247 5668 semper
3282 5598 3537 5654 meliores

1959 5688 2190 5740 affectos
2215 5688 2267 5741 in
2294 5688 2448 5757 pejus
2497 5688 2756 5755 declinat,
2788 5691 2869 5744 sic
2905 5691 3120 5746 facilem
3152 5698 3209 5745 et
3243 5690 3408 5744 veluti
3439 5708 3536 5759 per
3625 5677 3638 5688 ’

266 5777 374 5832 ρον
403 5764 496 5816 ἀεὶ
525 5764 628 5836 τὴν
653 5767 760 5820 τῶν
790 5771 1174 5842 χρηστοτέρων
1207 5772 1376 5838 ἕξεων
1406 5773 1575 5840 ἰδέαν,
1611 5775 1851 5847 τοσούτῳ

1988 5791 2195 5834 »νοιιωιι
2226 5776 2660 5847 przecipitantetn
2697 5779 2904 5836 aditum
2943 5782 3263 5852 improbitas
3301 5781 3406 5836 sibi
3432 5799 3532 5856 pa-
