4036 6210
469 341 539 403 99

1661 328 2083 389 NICEPIIORI
2126 330 2516 394 GliEGOliJS

3631 337 3727 398 iii}

467 461 572 515 rat,
607 450 810 520 quippe
850 464 978 505 cum
1028 447 1189 517 116
1217 443 1434 498 animus
1470 440 1744 493 humanus
1778 438 2040 510 ingenitas

2154 445 2347 516 ῥᾳδίαν
2385 447 2485 517 τῆς
2516 446 2717 509 κακίας
2768 449 2801 517 ὴ
2855 446 3050 516 κτῆσις
3089 444 3202 515 ἔχει
3235 446 3334 515 τὴν
3372 446 3603 514 πᾶροδον
3634 468 3724 502 και

465 543 732 612 quasdam
758 550 921 610 atque
953 540 1145 595 insitas
1179 535 1378 590 habeat
1417 539 1623 601 pestes.
1656 546 1777 599 quae
1831 530 1884 585 in
1915 545 2048 584 cnu~

463 635 754 703 iunctione
782 635 903 705 ejus
949 647 1074 687 cum
1108 642 1275 682 carne
1317 624 1473 695 quasi
1517 623 1825 678 dormiunt.
1863 622 2045 689 Quare

467 744 571 797 ego
620 727 758 782 tales
790 726 1137 780 narrationes
1167 761 1181 785 ,
1215 732 1531 789 quanquam
1586 715 1858 783 ejusmodi
1923 730 2047 784 per-

469 822 673 875 multas
721 820 928 873 referre
959 832 1200 885 possum,
1237 812 1456 866 silentio
1502 809 1761 879 prztterii.
1797 810 2042 877 Agedum

468 914 533 965 ad
573 912 817 981 publicas
853 924 940 962 res
964 920 1236 970 reversus,
1272 904 1362 956 ubi
1396 902 1703 969 superioris
1750 900 2041 968 vestigium

469 1003 802 1057 narrationis
826 1000 1120 1068 reliquisti,
1157 999 1283 1052 inde
1310 995 1661 1049 continenter
1684 993 1897 1047 ordinis
1931 1009 2047 1045 me-

470 1112 587 1147 mor
615 1095 775 1147 nobis
804 1109 892 1147 res
930 1107 1171 1162 exponas
1218 1088 1604 1144 lubentissime
1659 1083 1755 1139 tibi
1814 1085 2045 1138 audien-

469 1187 599 1239 tiam
627 1186 1019 1253 praebentibus.

2162 532 2274 590 οἷον
2331 540 2472 590 κατὰ
2528 538 2769 607 πρανοῦς
2827 540 3159 608 φερομένην,
3196 538 3290 590 ἅτε
3350 544 3729 608 σπερματικές

2152 640 2304 687 τινας
2338 628 2432 680 καὶ
2467 628 2768 695 οἰκογενεῖς
2826 629 3008 696 κῆρας
3059 626 3291 697 ἐχούσης
3323 629 3420 695 τῆς
3450 629 3729 696 ἀνθρωπί-

2151 735 2249 785 νης
2283 718 2500 788 ἐκείνης
2534 722 2713 788 ψυχῆς
2747 722 2806 771 ὲν
2836 723 2903 790 τῇ
2945 719 3078 791 πρὸς
3110 718 3173 790 [ί.
3214 719 3313 773 I25
3343 717 3400 790 rt]
3430 719 3528 788 τὴν
3554 721 3731 789 σάρκα

2153 810 2412 881 κοινωνία
2447 812 2655 876 ταύτης
2684 815 2850 866 οἱονεὶ
2881 816 3257 881 κοιμωμένας.
3300 814 3397 865 Διά
3435 815 3544 883 γὰρ
3573 813 3731 865 τοῦτ’)

2155 903 2308 970 κάγὼ
2347 904 2458 955 τῶν
2515 904 2780 957 τοιούτων
2829 906 3207 975 ἀποσχόμενος
3241 906 3600 973 ἀφηγήσεων,
3637 906 3733 957 καὶ

2158 995 2302 1065 μάλα
2335 1014 2384 1049 τι
2416 996 2680 1058 πλείστας
2743 995 2884 1066 ἔχων
2942 997 3207 1062 διεξιέναι
3236 1036 3253 1060 ,
3288 1000 3413 1067 σιγῇ
3451 997 3731 1068 παρέσχον

2152 1088 2251 1157 τὴν
2285 1088 2551 1153 γλῶτταν.
2584 1089 2720 1159 Φέρε
2775 1087 2958 1141 τοίνυν
2997 1092 3107 1141 τῶν
3161 1089 3439 1160 δημοσίων
3472 1090 3732 1160 πραγμά-

2157 1196 2269 1231 των
2315 1179 2596 1249 ἐχόμενος,
2652 1182 2787 1234 ὅπου
2829 1182 2889 1235 τὸ
2924 1182 3187 1249 πρότερον
3224 1185 3369 1251 ἴχνος
3420 1182 3515 1235 τοῦ
3571 1183 3730 1248 λόγου

468 1286 531 1335 σὺ
562 1282 985 1347 καταλέλοιπας,
1018 1281 1143 1347 λέγε
1178 1280 1323 1332 κατά
1363 1277 1423 1329 τὸ
1452 1275 1675 1344 συνεχὲς
1708 1276 1861 1342 ἡμῖν,
1900 1274 2461 1344 ἀναριιμνησκόμενος
2519 1276 2632 1328 τῶν
2690 1277 2901 1348 είρμὼν
2967 1278 3186 1348 ἐκείνης
3248 1279 3348 1348 τῆς
3374 1279 3729 1351 ἀφηγήσεως,

469 1380 619 1448 μάλα
676 1396 759 1431 σοι
816 1376 1102 1445 πρόθυμον
1161 1375 1383 1442 ὑπέχειν
1439 1371 1865 1439 βῖὸουλημένοις
1941 1372 2041 1436 τὴν
2080 1368 2276 1438 ἀκοήν.

535 1475 721 1529 XXVI.
767 1475 910 1528 Bene
968 1473 1174 1532 dixisti.
1221 1471 1604 1523 charissimam
1679 1467 1812 1520 milii
1857 1477 2043 1535 caput,

468 1568 681 1620 veniam
714 1566 844 1618 mihi
869 1565 1000 1616 dare
1027 1576 1201 1630 neque
1224 1575 1310 1613 me
1340 1560 1654 1627 vituperare
1687 1557 1893 1617 debes;
1922 1570 2044 1608 nam

464 1674 574 1712 non
607 1667 664 1710 ut
692 1656 1082 1716 calumniarer,
1135 1652 1229 1706 sed
1280 1651 1411 1703 illud
1462 1665 1681 1718 quoque
1736 1648 2045 1717 pulcherri-

2229 1472 2369 1537 ἦς’.
2408 1467 2477 1523 Εὖ
2524 1471 2620 1538 μὲν
2651 1472 2851 1538 λέγεις,
2883 1464 2927 1522 ὧ
2961 1470 3089 1539 φίλη
3131 1487 3220 1538 μοι
3253 1471 3487 1539 κεφαλὴ,
3535 1489 3728 1539 συγγι-

2153 1564 2385 1616 νώσκειν
2416 1565 2460 1617 δ’
2500 1563 2595 1616 οὖν
2626 1581 2683 1616 σε
2725 1565 2824 1624 δεῖ,
2859 1565 2947 1616 καὶ
2980 1565 3054 1632 μὴ
3086 1565 3225 1617 πάνυ
3258 1583 3343 1632 μοι
3390 1565 3729 1635 μέμφεσθαι.

2154 1658 2228 1710 Οὐ
2284 1667 2388 1728 γαρ
2448 1659 2773 1727 βουλόμενος
2806 1658 3090 1726 λοιδορεῖν.
3145 1657 3263 1710 ἀλλ’
3307 1659 3553 1726 ἱστορίας
3584 1655 3727 1712 εἶναι

469 1766 619 1804 mum
672 1748 915 1803 historiae
951 1749 1328 1816 adiumentum
1380 1758 1502 1796 esse
1557 1743 1873 1801 arbitratus,
1933 1742 2040 1794 hinc

2155 1752 2243 1803 καί
2279 1752 2437 1802 ταυτὶ
2468 1751 2786 1821 συμμαχίαν
2818 1751 3125 1820 ἡγούμενος
3153 1750 3249 1818 τὴν
3283 1749 3589 1820 βελτίστην,
3618 1755 3729 1818 ἐγὼ

466 1845 563 1897 tibi
623 1842 948 1895 cuarrubam
1013 1839 1321 1893 recentiora
1353 1876 1366 1896 ,
1420 1852 1541 1905 quae
1578 1845 1632 1888 tu
1689 1835 1834 1889 nullo
1885 1841 2043 1902 pacto

463 1934 687 1990 aliunde
738 1933 930 1987 audire
968 1932 1235 2002 potueris.
1299 1928 1515 1982 Memini
1571 1936 1753 1981 autem
1800 1935 1852 1979 te
1901 1940 2044 1994 εει-ρο

463 2028 669 2092 dicere,
709 2035 766 2078 ut
798 2026 850 2079 in
886 2023 1170 2077 harmonia
1203 2024 1477 2074 variarum
1511 2033 1694 2072 rerum
1730 2016 2045 2085 conjunctio

465 2128 627 2187 atque
663 2120 805 2171 inter
830 2132 888 2171 se
911 2114 1342 2171 discordantium
1375 2112 1669 2165 concordia
1706 2118 1874 2173 esset,
1903 2119 1958 2163 et
1987 2118 2047 2163 ut

465 2204 629 2266 simili
659 2211 867 2266 ratione
897 2209 951 2262 in
995 2206 1243 2262 adiﬁciis
1286 2204 1552 2273 lapidum,
1584 2202 1880 2271 lignorum,
1919 2201 2043 2266 luti,

464 2308 651 2363 calcis.
688 2305 914 2358 aliarum
969 2299 1238 2371 ejusmodi
1299 2312 1480 2371 renum
1530 2295 1883 2349 multiformis
1914 2311 2046 2350 eou-

464 2395 751 2465 glutinatio
796 2392 864 2446 ad
899 2407 1036 2461 opus
1091 2364 1400 2451 aﬂerretur‘,
1458 2387 1539 2442 sic
1577 2388 1744 2442 etiam
1805 2385 2046 2439 historia:

468 2487 667 2539 talibus
692 2500 829 2554 opus
855 2498 995 2538 esse.
1030 2481 1203 2536 Unam
1233 2483 1381 2535 enim
1416 2479 1709 2547 quamdam
1745 2477 2041 2531 utilitatem

464 2577 531 2631 ad
580 2578 826 2646 legentes
854 2591 921 2629 ex
952 2575 1218 2628 ambobus
1255 2571 1589 2631 redundare,
1627 2580 1687 2623 ut
1738 2569 1881 2623 bona
1919 2566 2043 2621 imi—

467 2679 717 2722 [urentur
757 2668 827 2721 ob
862 2667 1215 2735 cupiditatem
1265 2663 1667 2727 laudationum,
1719 2660 1855 2715 mala
1887 2676 2045 2715 cave-

465 2776 587 2814 rent
616 2762 684 2814 ob
712 2760 898 2814 odium
933 2756 1377 2828 ignominiarum.

531 2937 747 2994 XXVII.
771 2936 877 2993 Sed
903 2937 1014 3007 jam
1042 2934 1200 2991 nobis
1225 2944 1311 2990 est
1351 2931 1696 2989 redeundum
1734 2929 1801 2983 ad
1839 2929 2043 3001 Hyrca—

463 3051 632 3097 num,
686 3031 1046 3101 Bithynorum
1082 3027 1446 3082 barbarorum
1506 3023 1663 3094 117
1700 3023 2037 3093 principem;

2149 1838 2378 1909 διεξῄειν
2428 1856 2509 1892 σοι
2546 1843 2714 1911 μήπω
2746 1837 3012 1891 πυθέσθαι
3045 1837 3167 1908 μηδ’
3201 1839 3422 1891 ὁθενοῦν
3469 1841 3726 1911 ὲσχηκότι

2148 1934 2443 2001 καινότερα
2496 1930 2647 1986 ὅντα.
2686 1930 2995 2000 Μέμνημαι
3048 1931 3159 2000 γάρ
3202 1948 3297 1983 σου
3348 1931 3616 1995 πολλάκις
3646 1933 3723 1985 εί-

2150 2025 2345 2085 πόντος
2371 2023 2453 2075 ὃτι
2493 2024 2753 2093 καθάπερ
2787 2025 2843 2075 ὲν
2879 2024 3121 2093 ἁρμονίᾳ
3154 2023 3504 2094 πολυμιγέων
3529 2023 3724 2085 ἱνωσις

2151 2120 2361 2187 γίνεται.
2423 2118 2518 2173 καὶ
2586 2116 2707 2189 δίχα
2760 2118 3099 2188 φρονεόντων
3151 2118 3523 2186 συμφρόνησις
3554 2159 3569 2182 ,
3631 2121 3725 2170 καὶ

2147 2210 2341 2278 ὥσπερ
2373 2210 2578 2279 ὁμοίως
2607 2208 2664 2261 έν
2690 2211 2810 2267 ταῖς
2844 2207 3180 2276 οίκοδομίαις
3219 2207 3358 2259 λίθοι
3385 2222 3443 2259 τε
3469 2208 3561 2259 καὶ
3588 2208 3724 2274 ξύῖρ,

2149 2300 2241 2350 καὶ
2270 2296 2439 2365 πηλὸς
2472 2296 2568 2348 καὶ
2607 2292 2784 2364 χάληξ
2815 2294 2909 2349 καὶ
2940 2294 3173 2364 τοιαύτη
3214 2310 3300 2358 τις
3329 2290 3463 2364 ἄλλη
3501 2294 3725 2347 πολυει-

2146 2386 2246 2453 δὴς
2278 2401 2363 2448 τις
2418 2382 2768 2454 συμφόρησις
2793 2383 2924 2452 ἥκει
2971 2383 3109 2453 πρὸς
3139 2377 3390 2453 τοῦργον,
3419 2383 3560 2436 οὕτω
3590 2385 3722 2437 κάν-

2147 2477 2321 2531 ταῦθα
2354 2480 2420 2547 τῇ
2456 2476 2669 2547 ἱστορίᾳ
2723 2477 2942 2531 πάντων
2994 2476 3105 2529 δεῖν
3138 2476 3248 2530 τῶν
3274 2474 3551 2530 τοιούτων·
3592 2484 3720 2548 μίαν

2145 2572 2256 2641 γάρ
2284 2587 2406 2622 τινα
2452 2570 2567 2632 τοῖς
2615 2567 2869 2638 μετιοῦσι
2903 2567 3153 2637 γίνεσθαι
3192 2568 3292 2639 τὴν
3345 2569 3618 2638 ὠφέλειαν
3660 2572 3721 2634 ἐξ

2146 2662 2375 2730 ἀμφοῖν,
2406 2659 2475 2713 τὰ
2525 2658 2624 2728 μὲν
2661 2657 2845 2727 ἀγαθά
2907 2658 3270 2728 μιμουμένοις
3314 2659 3406 2712 διὰ
3433 2660 3524 2713 τὸν
3553 2661 3719 2715 πόθον

2145 2753 2254 2804 τῶν
2302 2749 2515 2821 ὓμνων,
2569 2751 2638 2803 τὰ
2700 2750 2757 2804 δὲ
2811 2750 2984 2822 χείρω
3018 2751 3455 2822 φυλαττομένοις
3497 2754 3583 2808 διὰ
3620 2755 3719 2825 τὴν

2147 2845 2282 2914 πρὸς
2312 2846 2414 2908 τὰς
2450 2844 2723 2915 λοιδορίας
2752 2844 3078 2914 ἀπέχθειαν.

2219 2938 2345 2991 KZ’.
2392 2935 2558 2989 Ἀλλά
2594 2937 2845 3007 μετιτέον
2873 2938 3006 3008 ἡμῖν
3039 2941 3157 2991 ἐστι
3206 2936 3395 2992 λοιπὸν
3425 2942 3482 3003 ἐς
3514 2938 3719 3011 ’Υρκα-

2145 3030 2232 3081 νδν
2260 3031 2351 3081 τὸν
2382 3029 2491 3082 τῶν
2534 3029 2778 3083 Βιθυνῶν
2812 3031 3058 3102 ἡγεμόνα
3086 3029 3406 3102 βαρϐαρων·
3445 3033 3568 3085 ἐκεῖ
3602 3031 3715 3104 γάρ

464 3130 517 3182 iu
551 3142 617 3180 eo
654 3123 799 3178 enim
835 3131 1041 3177 nostra:
1068 3118 1399 3173 narrationis
1438 3116 1576 3171 ordo
1629 3116 1896 3170 substitit.
1938 3114 2038 3181 Qui

2148 3122 2278 3190 ἡμῖν
2331 3121 2359 3174 ό
2412 3122 2515 3191 τῆς
2566 3123 2902 3192 ἀφηγήσεως
2966 3123 3185 3193 ἐκείνης
3244 3123 3439 3193 είρμδς
3482 3124 3720 3178 καταλέο

462 3231 588 3270 cum
621 3212 983 3282 cognovisset,
1019 3209 1151 3281 quid
1197 3209 1356 3280 legati
1409 3207 1549 3278 passi
1604 3215 1809 3270 essent,
1855 3207 2044 3260 baud-

465 3320 737 3376 quaqnam
786 3305 1050 3358 ultionem
1104 3302 1268 3355 minis
1315 3308 1522 3353 tantum
1573 3307 1885 3354 contentam
1926 3310 2044 3352 esse

465 3402 664 3453 deiere
702 3397 1006 3450 arbitratus
1059 3409 1169 3449 non
1205 3392 1381 3447 solum
1441 3404 1672 3460 satrapae
1725 3392 1832 3444 ritu
1871 3391 2045 3445 minas

465 3492 756 3546 admodum
796 3488 1371 3558 iusolentesjactavit,
1432 3503 1625 3542 Verum
1678 3487 1842 3539 etiam
1900 3485 2043 3539 facta

462 3582 665 3652 adjecit
699 3580 1024 3634 immaniora
1058 3588 1113 3632 et
1138 3577 1520 3632 insolentiora.
1559 3575 1699 3630 Filio
1724 3577 1870 3628 enim
1927 3589 2040 3627 ma-

464 3675 609 3727 ximo
647 3684 776 3726 natu
832 3670 1143 3740 imperavit,
1181 3678 1243 3724 ut
1282 3668 1636 3737 Hellesponto
1699 3667 1925 3737 trajectu
1974 3666 2043 3720 ad

464 3767 611 3819 locus
660 3765 936 3833 lioquanos
970 3763 1023 3816 in
1072 3760 1307 3816 Thracia
1362 3760 1497 3814 sitos
1547 3759 1885 3829 appalleret;
1926 3758 2044 3827 ipse

463 3866 645 3910 autem
695 3870 761 3911 ex
812 3854 1192 3924 superioribus
1246 3852 1514 3924 Bithyniae
1561 3852 1793 3904 urbibus
1848 3864 2043 3919 magno

462 3965 587 4004 cum
614 3948 859 4005 exercitu
891 3947 946 4000 in
990 3948 1149 4017 plana
1183 3946 1300 4001 loca
1335 3943 1718 4000 Chalcedonize
1754 3941 2043 3996 descendit

461 4042 764 4096 secundum
802 4055 954 4095 oram
982 4081 997 4105 ,
1042 4039 1131 4092 ubi
1188 4047 1301 4093 tum
1349 4040 1515 4091 etiam
1549 4035 1739 4089 classis
1787 4034 2043 4088 Genum-

462 4136 602 4187 sium
638 4135 930 4185 constituta
960 4140 1080 4185 erat
1107 4146 1137 4184 e
1170 4131 1349 4184 causis
1388 4144 1554 4198 supra
1598 4128 1885 4196 expositis.
1910 4125 2042 4180 lude

463 4224 633 4278 veluti
672 4239 739 4277 ex
773 4224 913 4276 solio
942 4222 1226 4291 tyrannico
1274 4223 1481 4290 legatos
1507 4234 1629 4273 cum
1655 4220 1855 4288 opibus
1884 4209 2043 4286 repo-

463 4316 567 4368 scit
602 4314 884 4382 minasque
919 4312 1071 4366 addit
1125 4311 1401 4380 prioribus
1451 4312 1620 4363 multo
1657 4310 2040 4365 vehementio-

464 4424 572 4471 res,
608 4422 667 4461 se
700 4405 957 4460 nimirum
1009 4405 1262 4474 protinus
1291 4403 1360 4457 ad
1414 4408 1602 4457 urbem
1654 4404 2038 4474 Byzantiorum

2149 3217 2391 3270 λιιπται.
2424 3214 2504 3270 Τά
2559 3218 2670 3286 γὰρ
2728 3216 2874 3270 κατὰ
2912 3213 3022 3268 τῶν
3059 3215 3346 3286 πρέσϐεων
3381 3214 3721 3287 ξυμπεπτω-

2149 3310 2284 3361 κότα
2342 3306 2510 3361 αὑτοῦ
2564 3307 2859 3380 πυθομένῳ
2920 3308 3117 3376 ἐκείνῳ
3177 3309 3362 3379 ἥκιστ’
3402 3310 3720 3381 ἀποχρῆναι

2146 3398 2291 3463 ἔδοξε
2322 3400 2486 3470 μέχρι
2538 3399 2639 3470 τῆς
2693 3399 2924 3471 ἀπειλῆς
2958 3399 3206 3471 έστήξειν
3244 3403 3312 3454 τὰ
3344 3401 3443 3471 τῆς
3479 3401 3719 3472 ἀμύνης,

2146 3490 2282 3543 ἀλλά
2319 3491 2669 3559 σατραπικάς
2712 3490 2813 3562 μὲν
2854 3489 3185 3562 προῦπεμπε
3215 3493 3315 3556 τὰς
3354 3495 3586 3558 ἀπειλὰς
3622 3499 3721 3549 καὶ

2151 3582 2298 3651 μάλα
2331 3584 2589 3647 ἀτόπους,
2623 3582 3084 3655 βαρϐαρικώτερα
3118 3584 3173 3637 δὲ
3197 3584 3291 3638 καὶ
3326 3585 3475 3656 μάλα
3506 3586 3722 3640 ἀτοπώ-

2143 3687 2279 3741 τερα
2309 3675 2427 3735 ταῖς
2465 3674 2721 3736 ἀπειλαῖς
2776 3675 3093 3744 προσετίθει
3137 3675 3207 3729 τά
3253 3676 3576 3747 πράγματα.
3606 3679 3720 3731 Καὶ

2149 3763 2248 3834 μὲν
2275 3764 2338 3832 δὴ
2366 3764 2476 3817 τῶν
2512 3765 2612 3835 μὲν
2656 3766 2816 3820 υίέων
2848 3768 3233 3836 προστεταχὼς
3273 3770 3365 3821 τόν
3399 3770 3616 3839 πρῶτον
3646 3771 3713 3824 δι’

2157 3856 2559 3923 Ἑλλησπόντου
2620 3858 2760 3911 κατὰ
2822 3857 2928 3910 τῶν
2983 3860 3077 3915 ἐπὶ
3121 3860 3345 3932 Θρᾴκης
3382 3860 3712 3932 Ῥωμαϊκῶν

2148 3949 2513 4018 περαιοῦσθαι
2542 3950 2780 4020 χωρίων,
2816 3951 2979 4015 αὐτὸς
3005 3953 3069 4004 ἐκ
3103 3954 3211 4007 τῶν
3246 3954 3593 4027 ὑψηλοτέρων
3616 3959 3718 4027 τῆς

2144 4041 2399 4105 Βιθυνίας
2434 4042 2642 4094 πόλεων
2676 4044 2913 4115 κατῄει,
2950 4044 3153 4116 πολλὴν
3202 4047 3547 4119 ἐπαγόμενος
3580 4048 3677 4115 λόγ
3699 4080 3711 4088 -

2142 4152 2244 4207 χην
2277 4138 2368 4191 ἐπὶ
2414 4136 2484 4188 τά
2525 4135 2625 4205 τῆς
2672 4137 3044 4207 Χαλκηδονίας
3076 4140 3367 4210 ίππήλατα
3397 4144 3517 4212 γῆς,
3557 4146 3711 4213 παρὰ

2142 4226 2233 4277 τὸν
2276 4224 2525 4291 αἰγιαλὸν
2554 4226 2659 4295 ὅπη
2712 4227 3018 4294 τηνικαῦτα
3057 4230 3150 4281 καὶ⁵
3202 4230 3294 4284 τὸν
3334 4232 3713 4287 Γεννουῖτικδν

2145 4319 2459 4373 συνέϐαινεν
2491 4318 2740 4372 ἵστασθαι
2777 4321 2962 4373 στόλον
2990 4321 3056 4375 δι’
3085 4321 3179 4387 οὒς
3212 4323 3458 4395 ἔφθημεν
3481 4328 3719 4398 τρόπους

2144 4414 2410 4475 είπόντες.
2446 4413 2717 4465 Κάκεῖθεν
2756 4412 2830 4476 ὡς
2861 4414 2969 4467 ἀπὸ
2996 4414 3187 4486 δίφρου
3230 4417 3555 4472 δεσποτικοῦ
3586 4420 3715 4483 τούς

466 4497 821 4566 traiecturum
854 4508 999 4559 esse,
1033 4492 1139 4546 nisi
1166 4491 1350 4545 omnia
1390 4505 1588 4559 magno
1623 4490 1844 4545 cumulo
1879 4501 2040 4546 aucta

2147 4518 2203 4554 τε
2241 4502 2504 4571 πρέσϐεις
2533 4504 2672 4571 μετά
2699 4501 2806 4555 τῶν
2843 4485 3143 4573 χρημάτων
3175 4504 3395 4576 ἀπῄτει,
3425 4511 3522 4563 καὶ
3563 4510 3719 4562 ἀπει-

464 4588 784 4642 reddantur.
831 4586 1152 4654 Quanquam
1185 4597 1317 4637 vero
1356 4581 1565 4651 legatos
1592 4619 1608 4646 ,
1665 4581 1758 4652 qui
1810 4581 2031 4650 quidem

465 4684 644 4734 adhuc
673 4681 728 4733 in
779 4679 919 4733 vivis
947 4685 1134 4732 essent
1166 4686 1330 4745 atque
1377 4689 1483 4738 res,
1527 4688 1649 4743 quae
1697 4674 1765 4727 ab
1808 4672 1908 4736 iis,
1939 4673 2032 4742 qui

462 4790 556 4827 eas
597 4776 739 4824 inter
768 4785 827 4824 se
859 4769 1183 4834 diviserant,
1234 4768 1513 4837 requisita:
1561 4764 1741 4834 colligi
1788 4772 2033 4835 possent,

467 4863 672 4931 recepit
726 4860 992 4915 barbarus
1020 4898 1036 4926 ,
1081 4858 1559 4913 vehementissime
1616 4865 1799 4909 tamen
1851 4871 1914 4909 ac
1944 4870 2037 4911 su-

466 4952 813 5023 pcrbissime,
866 4965 986 5011 qua:
1020 4948 1267 5017 deerant,
1303 4963 1477 5018 usque
1505 4947 1788 5017 repetebat
1824 4956 1900 5013 et,
1926 4961 2034 5016 quo

466 5048 586 5115 plus
613 5045 841 5112 accepit,
873 5059 940 5097 eo
987 5040 1109 5111 plus
1144 5040 1428 5110 poscebat,
1477 5038 1786 5092 mendaciis
1832 5037 2034 5093 additis

463 5147 628 5205 atque
678 5135 976 5206 praetextis.
1021 5132 1104 5189 Ad
1158 5142 1462 5187 extremum
1512 5129 1685 5183 ﬁlium
1731 5129 2034 5184 secundum

461 5246 583 5284 cum
615 5229 788 5283 altero
847 5227 1008 5297 118
1035 5226 1279 5282 exercitu
1337 5223 1497 5279 Ponti
1551 5222 1735 5279 fauces
1790 5231 2035 5278 transve-

464 5332 611 5374 ctum
642 5334 768 5374 cum
798 5320 964 5373 fratre
991 5320 1044 5372 in
1078 5316 1315 5370 Thracia
1346 5329 1467 5369 sese
1496 5315 1826 5384 conjungere
1847 5314 2031 5384 jussit,

465 5422 521 5465 ut
544 5411 598 5463 in
625 5426 793 5464 unum
824 5410 1005 5465 locum
1041 5407 1246 5463 coactis
1276 5405 1451 5474 copiis
1484 5406 1645 5459 obvia
1679 5420 1907 5474 quaeque
1940 5418 2035 5458 va-

462 5508 670 5555 starent
701 5509 756 5554 et
804 5499 1123 5553 incursione
1154 5495 1427 5566 Mysorum
1473 5510 1690 5564 quoque
1724 5505 1921 5549 terram
1950 5494 2034 5547 in-

462 5591 745 5647 feStarent.
776 5590 937 5645 Jussa
969 5589 1047 5643 illi
1096 5602 1262 5658 quam
1311 5587 1598 5641 celerrime
1632 5588 1871 5641 exsecuti
1899 5601 2034 5657 pau-

463 5684 541 5737 eis
567 5685 762 5739 diebus
791 5686 1113 5745 recessere,
1173 5678 1559 5733 Innumerabili
1614 5693 1727 5733 non
1775 5677 1949 5733 solum
2002 5695 2034 5735 ο

466 5775 646 5848 Mysis,
677 5777 771 5833 sed
802 5775 1036 5831 maxime
1060 5788 1090 5831 e
1116 5773 1380 5831 Romanis
1409 5771 1496 5829 vel
1526 5772 1729 5843 potius,
1761 5772 1806 5828 si
1839 5786 2031 5828 verum

2144 4596 2239 4656 λάς
2290 4596 2397 4645 τῶν
2439 4595 2720 4665 προτέρων
2759 4597 2976 4667 μείζους
3017 4597 3197 4666 πολλῷ
3238 4600 3570 4668 προσετίθει,
3618 4603 3717 4652 αὑ-

2142 4683 2268 4735 τίκα
2318 4684 2464 4753 μάλα
2498 4688 2640 4738 κατά
2663 4688 2759 4755 τῆς
2790 4688 3100 4751 Βυζαντίων
3124 4691 3336 4754 πόλεως
3359 4692 3714 4765 διαπεραιοῦ-

2144 4777 2269 4829 σοαι
2303 4776 2750 4847 ὑπισχνούμενος,
2782 4781 2828 4831 εί
2859 4779 2934 4849 μὴ
2964 4780 3115 4834 λάϐοι
3152 4785 3291 4853 μετά
3325 4785 3465 4837 πάνυ
3499 4787 3709 4855 μακροῦ

2142 4866 2234 4919 τοῦ
2260 4867 2689 4937 ὑπερϐάλλοντος
2724 4868 2958 4924 ἅπαντα.
2986 4870 3126 4934 Τοὺς
3160 4874 3259 4943 μὲν
3283 4873 3347 4944 δὴ
3376 4870 3470 4929 οὖν
3500 4875 3709 4938 ζῶντας

2140 4962 2249 5013 τῶν
2278 4960 2579 5029 πρέσϐεων,
2611 4964 2706 5013 καὶ
2759 4963 2856 5014 ὅσα
2905 4963 3015 5015 τῶν
3066 4964 3367 5034 χρημάτων
3408 4970 3715 5037 ἀνερευνώ-

2145 5068 2283 5121 μενα
2315 5050 2631 5120 ξυνελέγετο
2662 5053 2798 5122 πρὸς
2822 5054 2932 5106 τῶν
2953 5053 3489 5128 διανειμαμένων....
3512 5060 3541 5113 ὁ
3569 5059 3711 5129 βάρ-

2143 5143 2308 5213 ϐαρος
2339 5144 2428 5196 ἀεὶ
2460 5145 2526 5196 τὰ
2557 5143 2811 5197 λείποντα
2846 5145 3094 5216 σφοδρῶς
3129 5163 3189 5199 τε
3229 5148 3321 5200 καὶ
3342 5149 3465 5200 λίαν
3513 5151 3717 5218 ὑπερη-

2142 5229 2326 5299 φανῶς
2359 5229 2422 5302 [ί.
2450 5231 2552 5285 125
2589 5231 2646 5302 b]
2681 5234 2923 5287 ἐνέκειτο
2953 5224 3223 5300 ἁπαιτῶν,
3258 5237 3356 5291 καὶ
3387 5238 3474 5291 ἀεὶ
3505 5238 3714 5309 λαμῦα-

2141 5339 2247 5375 νων
2280 5324 2367 5374 ἀεὶ
2415 5323 2597 5392 ζητῶν
2642 5320 2732 5396 ἦν,
2778 5327 2845 5379 τὰ
2893 5326 3063 5397 ψευδῆ
3102 5311 3420 5401 προστιθεὶς
3454 5333 3549 5384 καὶ
3585 5348 3718 5400 προ-

2143 5412 2525 5483 φασιζόμενος.
2556 5415 2718 5479 Τέλος
2768 5417 2826 5470 δὲ
2862 5420 3122 5488 στρατιὰν
3165 5421 3359 5491 ἑτέραν
3402 5422 3512 5474 τῶν
3550 5423 3713 5475 υἱέων

2141 5500 2231 5551 τὸν
2256 5496 2508 5570 δεύτερον
2548 5503 2809 5573 είληφότα
2860 5506 3315 5577 διαπεραιοῦσθαι
3372 5512 3709 5578 προσέταττε

2140 5592 2233 5644 τὸν
2264 5590 2354 5644 τοῦ
2391 5592 2592 5647 Πόντου
2627 5597 2834 5666 αὐχένα
2865 5598 2954 5673 δά
2983 5600 3372 5654 Γεννουῖτικῶν
3422 5602 3581 5665 νεῶν,
3615 5602 3713 5656 καὶ

2142 5681 2404 5753 ξυμμίξαι
2448 5686 2590 5739 κατά
2624 5686 2847 5761 Θρᾴκην
2897 5690 3166 5762 τάδελφῷ,
3200 5691 3277 5756 ὡς
3306 5692 3443 5764 όμοῦ
3482 5697 3713 5765 γενομέι

2142 5792 2246 5829 νων
2277 5776 2383 5830 τῶν
2423 5784 2850 5852 στρατευμάτων
2908 5783 3111 5853 ἀμφοῖν
3172 5787 3241 5841 τά
3293 5803 3350 5840 τε
3398 5787 3505 5853 πρὸ
3535 5793 3712 5840 ποίοιν
