4036 6210
461 338 562 403 103

1634 332 2062 394 NlCEl’IIORI
2101 333 2415 394 GliEGOR
2446 333 2500 391 Ε

3588 322 3689 387 1M

453 455 567 509 lum
629 449 852 505 omnino
903 447 1212 503 admittch
1284 446 1563 511 solatium,
1621 447 1788 500 etiam
1841 444 2022 500 omnis

2132 445 2288 518 ρῶντι
2328 450 2414 501 διὰ
2469 463 2529 498 τε
2569 446 2629 498 τὸ
2663 445 2757 514 τῆς
2810 445 3141 514 καθείρξεως
3193 443 3454 505 ἐπιεικῶς
3499 442 3692 508 ἔταμον

454 559 580 614 spes
612 542 883 598 libertatis
907 541 989 593 vel
1024 542 1089 593 a.|
1145 539 1398 606 exiguum
1460 537 1722 603 temporis
1783 536 2021 605 spatium

454 633 843 704 recuperandae
879 631 1211 694 evanuisset,
1279 627 1553 696 siquidem
1600 638 2020 697 persecutorum

455 730 609 782 furor
631 727 876 781 nondum
902 723 1276 782 deferbuerat.
1309 719 1402 774 sed
1437 718 1622 788 potius
1645 719 1829 788 plures
1853 716 2021 774 noctti

454 819 660 887 diuque
696 817 747 870 in
797 815 1014 869 vincula
1077 813 1229 881 121
1288 811 1660 879 rapiebantur.
1703 811 1922 874 accidit,
1964 822 2024 866 ut

453 909 525 964 ob
564 925 650 962 res
673 907 1022 977 gravissimas
1058 913 1202 958 metu
1234 901 1499 956 aliieerer.
1565 903 1620 955 Id
1653 903 1798 956 enim
1839 911 2022 956 mente

454 1000 835 1070 agitabam,ne
867 1011 1015 1050 mors
1057 1011 1216 1065 quam
1255 993 1384 1047 mihi
1428 993 1885 1048 machinabantur
1931 1010 2022 1048 su-

454 1093 569 1147 bito
604 1105 705 1145 nec
737 1089 957 1158 opinato
1005 1103 1092 1142 me
1124 1088 1517 1157 comprimeret
1571 1095 1829 1154 tanquam
1883 1086 2023 1138 latro

451 1199 516 1238 ev
546 1181 780 1235 insidiis.
806 1181 994 1250 Itaque
1029 1180 1187 1232 tertia
1216 1180 1324 1248 jam
1376 1178 1561 1247 vigilia
1616 1192 1724 1244 quo
1775 1186 2024 1245 tempore

455 1275 694 1342 undique
719 1272 978 1326 cellarum
1028 1270 1393 1324 tintinnabula
1446 1270 1693 1324 sonantia
1753 1278 1810 1323 et
1859 1284 2024 1338 super

449 1376 616 1435 caput
642 1379 766 1418 aera
788 1365 1050 1417 continuo
1097 1362 1400 1430 crepantia.
1442 1361 1742 1414 monachos
1773 1360 1840 1414 ad
1869 1360 2023 1431 bym-

451 1472 554 1512 nos
616 1453 956 1524 conjunctim
1019 1453 1392 1508 decantaodos
1451 1463 1508 1506 et
1560 1463 1880 1507 consuetam
1931 1453 2022 1506 Dei

451 1546 883 1602 celebrationem
949 1554 1273 1608 convocant,
1337 1540 1773 1614 Agathangclum
1831 1560 2024 1600 rursus

453 1636 672 1692 silentio
705 1636 853 1690 fores
883 1637 1134 1688 emittere
1178 1645 1408 1688 conatus
1442 1649 1598 1699 sum;
1661 1633 2024 1702 quernadmo-

453 1728 583 1782 dum
609 1725 816 1780 Noham
846 1725 1038 1778 dicunt
1065 1738 1094 1777 e
1128 1724 1248 1776 navi
1285 1723 1532 1777 emisisse
1576 1723 1910 1788 columbam,
1943 1733 2022 1788 ut,

2125 542 2260 609 ὁμοῦ
2289 542 2379 593 καῖ
2411 541 2763 592 παντάπασιν
2789 540 3203 608 ἀπαράκλητον,
3236 540 3328 590 καὶ
3353 537 3470 604 ἅμα
3509 535 3570 585 τὸ
3598 531 3690 600 τῆς

2125 633 2441 699 ἐλευθερίας
2493 633 2525 701 ἦ
2564 635 2766 702 μικρᾶς
2806 633 2936 697 γοῦν
2979 648 3121 694 τινος
3175 630 3414 689 ἀνέσεως
3469 624 3695 678 δύσελπι

2128 726 2209 795 (τὸ
2244 726 2353 794 γὰρ
2389 725 2655 794 θηριῶδες
2688 723 2800 778 οὒτ’
2846 725 3008 794 ἔληγε
3049 723 3161 775 τῶν
3191 720 3440 774 διωκτῶν
3481 715 3694 784 οὐδαμῆ

2125 818 2222 869 καὶ
2258 817 2392 885 πρός
2423 833 2487 884 γε
2521 817 2690 869 πλείω
2723 817 2821 887 τὴν
2864 815 2958 870 τοῦ
2991 814 3178 881 αὔξειν
3211 811 3427 880 νύκτωρ
3460 813 3551 864 καὶ
3576 809 3696 880 μεθ’

2126 908 2340 979 ἡμέραν
2370 908 2535 977 ὁλκὴν
2577 910 2875 980 ἀνῃρεῖτο),
2911 909 3024 970 δέος
3062 906 3186 972 ἐμοὶ
3230 904 3335 956 τῶν
3367 905 3506 957 πάνυ
3541 903 3695 969 μεγί-

2130 1018 2271 1053 στων
2304 1001 2703 1072 περικεχύσθαι
2745 1001 3081 1066 ξυνέὁαινεν,
3118 997 3481 1052 ἁναπολοῦντι
3532 995 3607 1063 μὴ
3637 993 3696 1044 ὃν

2127 1076 2280 1145 αὐτοὶ
2313 1090 2434 1142 καθ’
2469 1074 2626 1160 ἡμῶν
2663 1090 2748 1142 ἀεὶ
2781 1088 3133 1160 μηχανῶνται
3169 1086 3405 1140 θάνατον
3435 1085 3696 1151 ἐπιγένη-

2127 1199 2239 1247 ται,
2268 1183 2400 1251 πρὶν
2445 1184 2594 1252 ἡμᾶς
2635 1183 2944 1246 αἰσθέσθαι,
2973 1179 3055 1252 ι[ῐ.
3095 1179 3198 1234 124
3241 1177 3298 1246 a]
3336 1177 3585 1243 καθάπερ
3634 1176 3697 1225 ἐκ

2127 1261 2284 1341 λόγου
2323 1273 2548 1343 λῃστής.
2583 1274 2722 1342 Ἤδη
2749 1273 3038 1340 τοιγαροῦν
3067 1271 3166 1337 τῆς
3199 1271 3318 1324 τότε
3349 1269 3540 1325 νυκτὸς
3567 1267 3698 1333 περὶ

2128 1363 2319 1431 τρίτην
2342 1365 2642 1432 γενομένης
2667 1363 2934 1434 φυλακὴν,
2972 1365 3028 1416 ἐν
3061 1355 3104 1427 ᾧ
3135 1361 3234 1428 τῆς
3265 1359 3410 1428 ὥρας
3465 1359 3698 1409 ἐκασταο

2129 1456 2290 1526 κόθεν
2339 1455 2390 1506 οἱ
2423 1453 2534 1506 τῶν
2580 1454 3015 1524 φροντιστηρίων
3067 1451 3538 1519 ἀνθαμιλλώμενοι
3586 1445 3697 1499 κώ-

2127 1548 2326 1609 δωνες,
2372 1548 2464 1599 καὶ
2512 1547 2682 1616 συχνά
2723 1545 2816 1600 τὸν
2863 1545 3004 1616 ὑπὲρ
3050 1544 3290 1615 κεφαλῆς
3340 1539 3696 1613 θορυϐοῦντες

2127 1634 2286 1705 ἀέρα,
2323 1637 2450 1698 τοὺς
2504 1639 2596 1687 τον
2625 1636 2835 1707 μονήρη
2875 1635 2989 1705 βίον
3040 1634 3422 1705 ἀνῃρημένους
3472 1631 3531 1694 ἐς
3570 1628 3699 1690 τοὺς

2128 1722 2339 1786 κοινούς
2362 1739 2422 1776 τε
2449 1709 2794 1794 ἀθροίζουσιν
2829 1721 3032 1793 ὕμνους
3055 1723 3152 1775 καὶ
3187 1723 3284 1784 τας
3314 1737 3378 1788 γε
3408 1721 3542 1789 πρὶς
3567 1717 3700 1771 Θεὸν

455 1832 586 1870 num
616 1816 711 1870 Dei
761 1815 1021 1869 Ecclesia:
1071 1815 1260 1869 eluvio
1317 1814 1683 1869 intermittere
1743 1818 2022 1884 cepisset,

2132 1814 2270 1866 κατά
2314 1814 2376 1866 τὸ
2414 1812 2598 1881 σφίσιν
2649 1813 2840 1876 εἰωθὸς
2875 1812 2964 1864 ἀεὶ
3009 1811 3357 1878 δοξολογίας,
3394 1813 3486 1864 τὸν
3537 1813 3701 1880 Ἀγα-

450 1907 681 1962 videret.
719 1907 784 1959 Et
817 1907 933 1960 haec
955 1907 1064 1959 duo
1088 1905 1170 1958 vel
1193 1904 1426 1959 maxime
1451 1905 1760 1960 necessaria
1793 1907 1842 1960 ei
1875 1921 2025 1960 com-

453 1997 596 2050 misi.
652 1997 893 2058 Primum
928 2007 987 2049 ut
1020 1996 1088 2050 ab
1129 2011 1238 2050 uno
1289 2011 1320 2049 e
1354 1995 1487 2051 viris
1536 1996 1742 2050 sanctis
1781 1997 2026 2066 mihique

453 2088 760 2158 conjunctis
821 2089 1139 2158 particulam
1211 2089 1388 2143 divini
1464 2091 1645 2144 carnis
1721 2090 2025 2146 Salvatoris

454 2179 658 2236 Christi
685 2188 739 2232 et
789 2179 886 2232 Dei
941 2179 1142 2242 nostri,
1191 2177 1462 2248 simulque
1511 2180 1668 2248 panis
1721 2180 2026 2236 consecrati

456 2272 611 2342 plura
637 2272 809 2326 frusta
849 2269 984 2324 mihi
1021 2279 1326 2338 expeteret,
1362 2270 1492 2337 Quae
1523 2272 1670 2325 enim
1732 2272 1878 2326 domi
1908 2273 2029 2325 'ha-

455 2364 673 2428 bebam,
702 2378 766 2416 ea
795 2361 997 2432 saepius
1047 2363 1261 2417 edendo
1319 2373 1643 2431 consumpta
1698 2362 2025 2418 erant.i.lam

453 2473 588 2511 vero
633 2456 895 2525 quoniam
946 2456 1088 2509 sicut
1136 2471 1266 2524 apes
1325 2470 1531 2522 ceram,
1610 2456 2030 2513 insidiatoribus

458 2547 675 2602 tradere
713 2562 800 2600 me
831 2549 1116 2600 fortiorem
1170 2560 1396 2600 necesse
1451 2556 1588 2611 erat,
1653 2548 1897 2601 animum
1958 2547 2025 2601 ad

457 2637 825 2693 constantiam
862 2636 1116 2706 colligere
1138 2636 1423 2690 studebam
1450 2655 1464 2700 ;
1495 2636 1659 2706 idque
1704 2647 1764 2691 ut
1793 2639 2031 2691 sanctili-

455 2731 674 2785 catione
695 2738 988 2798 sanctaque
1035 2729 1428 2782 communione
1480 2729 1599 2782 loco
1635 2730 1780 2783 arcis
1822 2746 2031 2800 propu-

457 2822 836 2892 gnaculorum,
872 2820 1055 2891 galeae,
1086 2819 1345 2888 pilorum,
1378 2818 1618 2874 thoracis
1651 2819 1865 2875 ellicerc
1909 2837 2031 2891 pos-

455 2930 570 2970 sem
597 2914 907 2984 cupiebam.
972 2910 1096 2966 llaec
1127 2911 1293 2980 igitur
1367 2901 1604 2980 primum
1656 2913 2031 2983 Agathangelo

455 3007 730 3062 commisi.
764 3004 990 3070 Deinde,
1011 3011 1070 3058 ut
1105 3003 1346 3071 singulos
1373 3019 1618 3074 quosque
1673 3006 1880 3060 amicos
1928 3008 2034 3075 pri-

455 3101 622 3152 Vatim
655 3110 710 3154 et
737 3101 955 3153 silentio
981 3098 1155 3150 adiret
1189 3105 1241 3148 ct
1287 3095 1626 3163 hortari-tur,
1691 3108 1915 3169 propter
1947 3115 2032 3153 me

455 3195 713 3247 miserum
754 3192 1187 3261 122precihus
1241 3189 1414 3246 Deum
1450 3179 1786 3245 invocarent.
1844 3191 2031 3260 Neque

452 3288 598 3341 enim
629 3285 817 3350 credo,
839 3286 1110 3348 dicebam.
1138 3303 1233 3343 eos
1258 3290 1368 3356 jam
1394 3291 1577 3340 vivum
1604 3302 1688 3340 me
1715 3298 2032 3356 reperturus

451 3391 592 3432 esse.
632 3377 886 3446 Repente,
906 3375 1142 3432 fortasse
1195 3394 1396 3448 corpus
1422 3392 1608 3432 meum
1641 3394 1671 3431 a
1709 3389 2030 3448 persecuto-

456 3470 614 3526 ribus
670 3469 1025 3525 dilaceratam
1087 3470 1317 3524 canibus
1366 3470 1670 3536 avibusque
1724 3466 1827 3521 sub
1880 3467 2032 3522 urbis

456 3561 678 3618 mreniis
709 3562 981 3633 obiectum
1034 3560 1336 3616 oﬂ‘endcnt.
1375 3559 1509 3615 Nam
1541 3559 1656 3613 haec
1673 3558 1782 3628 jam
1811 3573 1878 3612 cx
1909 3559 2032 3611 Ion-

455 3672 523 3726 go
545 3665 790 3724 tempore
817 3663 1197 3725 persecutores
1232 3653 1374 3724 apud
1427 3653 1667 3707 animum
1727 3649 2030 3715 constitue-

457 3758 606 3813 runt,
656 3749 762 3803 etsi
814 3764 926 3802 non
975 3747 1032 3802 in
1088 3747 1236 3802 hunc
1291 3745 1536 3808 modum,
1593 3754 1772 3799 tamen
1830 3751 1891 3796 ut
1955 3741 2031 3796 ita

460 3844 590 3894 liant
621 3839 973 3894 vehementer
1011 3845 1290 3908 exoptant.
1355 3836 1421 3891 Et
1448 3836 1581 3890 mihi
1633 3833 1855 3905 quidem
1916 3831 2032 3886 haec

457 3943 718 4004 tauquam
746 3931 920 4002 prima
944 3931 1195 3985 laborum
1265 3929 1442 4000 palma
1498 3927 1780 3991 videntur,
1831 3925 2033 3994 quibus

454 4021 654 4090 dignus
686 4022 910 4084 habear,
944 4021 1038 4091 qui
1069 4020 1146 4074 rei
1172 4018 1500 4075 Christiana:
1529 4015 2032 4086 propugnatoribus

457 4115 824 4179 adnumerer;
851 4113 959 4166 illis
985 4121 1167 4166 autem
1197 4111 1314 4166 lucc
1340 4114 1501 4164 linem
1535 4103 1737 4164 facient
1770 4107 2032 4162 molesta-

457 4218 579 4255 rnm
599 4203 1012 4256 contentionum
1036 4211 1091 4256 et
1120 4200 1392 4260 laborum.
1422 4215 1561 4271 quos
1584 4201 1850 4255 continuo
1877 4207 2031 4253 metu

456 4295 788 4363 scriptorum
820 4309 1066 4348 meorum
1101 4295 1278 4349 c'oacti
1305 4303 1436 4347 sunt
1469 4303 1529 4346 ut
1558 4291 1882 4361 suscipiant.

2127 1904 2393 1971 θάγγελον
2415 1902 2578 1985 μῦθις
2607 1904 2848 1974 ἀψοφητὶ
2879 1905 2967 1958 διὰ
3005 1904 3106 1972 τῆς
3143 1902 3354 1972 θυρίδος
3379 1902 3554 1969 ἔγωγε
3581 1903 3701 1953 ἐνε-

2126 1992 2344 2063 χείρουν
2387 1991 2761 2062 προπέμπειν,
2815 1993 3071 2061 καθάπερ
3121 1992 3243 2045 Νῶε
3301 1993 3469 2045 πάλαι
3533 1993 3700 2058 φασιν

2127 2093 2332 2144 ἐκεῖνον
2370 2092 2434 2143 ἐκ
2487 2085 2723 2144 κιϐωτοῦ
2782 2088 2882 2156 τὴν
2933 2085 3283 2157 περιστερὰν,
3315 2087 3507 2155 μλθεῐν
3558 2086 3607 2137 εἰ
3673 2083 3704 2134 ὀ

2126 2184 2226 2252 τῆς
2271 2183 2364 2236 τοῦ
2421 2181 2555 2236 Θεοῦ
2607 2179 2937 2248 Ἐκκλησίας
2995 2179 3183 2248 λιυφᾷν
3227 2178 3502 2248 ἐπεχείρει
3537 2193 3705 2229 κατα-

2129 2275 2395 2343 κλυσμός.
2431 2275 2493 2327 Et
2535 2273 2582 2326 δ’
2607 2271 2722 2337 οὖν,
2759 2270 2854 2324 δύο
2884 2272 3047 2324 ταυτὶ¹
3075 2269 3273 2340 τουτῳῒ
3311 2268 3702 2339 προτανατίθε-

2130 2364 2257 2416 σθαι
2292 2362 2401 2415 τῶν
2448 2362 2898 2430 ἀναγκαιοτάτων
2941 2362 3116 2414 ἐδόκει
3174 2379 3286 2431 μοι,
3335 2359 3552 2429 πρῶτον
3603 2361 3704 2428 μὲν

2133 2457 2432 2528 προσιόντα
2460 2457 2538 2526 τῷ
2582 2457 2716 2509 δεῖνι
2741 2457 2851 2510 τῶν
2889 2457 3051 2526 ιερῶν
3080 2454 3290 2525 ἀνδρῶν
3322 2455 3417 2507 καὶ
3458 2453 3705 2523 συνήθων

2132 2552 2255 2620 ἐμοὶ
2297 2550 2544 2619 κομίζειν
2593 2548 2804 2602 ἐκεῖθεν
2835 2547 3028 2618 μερίδα
3056 2548 3151 2618 τῆς
3184 2547 3332 2609 θείας
3369 2549 3567 2614 σαρκὸς
3605 2543 3702 2596 τοῦ

2133 2643 2387 2713 Σωτῆρος
2418 2643 2655 2713 Χριστοῦ
2679 2645 2773 2695 καὶ
2797 2639 2931 2693 Θεοῦ
2960 2641 3118 2710 ἡμῶν
3142 2640 3239 2692 καὶ
3263 2638 3379 2706 ἅμα
3406 2636 3702 2706 ἀντιδώρου

2131 2737 2371 2804 τεμάχια
2405 2735 2598 2788 πλείω.
2635 2736 2700 2787 Ἀ
2734 2735 2844 2804 γὰρ
2879 2733 3021 2801 ἔχειν
3057 2733 3182 2798 ἐμοὶ
3211 2731 3430 2801 περιῆν,
3473 2732 3535 2780 ἐκ
3577 2731 3707 2779 πολ-

2131 2825 2226 2879 λοῦ
2260 2825 2668 2895 δεδαπανῆσθαι
2715 2824 3120 2895 συμπέπτωκεο
3172 2826 3265 2875 καὶ
3311 2821 3403 2874 νῦν
3437 2819 3557 2872 ἐπεί
3587 2835 3704 2888 μοι,

2133 2917 2387 2988 καθάπερ
2418 2916 2607 2987 κηρίον
2657 2916 2929 2987 μέλιτται,
2964 2912 3301 2987 πανταχόθεν
3352 2915 3464 2975 τοῖς
3497 2911 3704 2980 τούμοῦ

2135 3005 2366 3060 θανάτου
2410 3006 2766 3077 δημιουργοῖς
2804 3005 3200 3075 κραταιότερον
3248 3000 3590 3055 ἐπιτίθεσθαι
3623 2999 3710 3052 δέ·

2133 3099 2340 3165 δοκται,
2373 3098 2692 3164 ἀναγκαῖον,
2741 3097 2905 3166 εἴπερ
2940 3096 3093 3162 ποτὲ,
3133 3094 3227 3147 νῦν
3285 3095 3520 3162 μάλιστα
3561 3090 3708 3147 δέδοο

2137 3207 2264 3246 κται
2291 3190 2462 3261 κάμοὶ
2490 3191 2926 3263 προσεχέστερον
2955 3189 3378 3254 ἀνθοπλίζεσθαι
3415 3187 3511 3240 καὶ
3532 3185 3709 3239 ταῦτα

2135 3283 2200 3354 δὴ
2235 3282 2372 3353 πρὸς
2413 3283 2688 3354 ἁγιασμόν
2729 3284 2824 3338 καὶ
2857 3282 3166 3354 μετάληψιν
3199 3283 3263 3335 ἐκ
3307 3279 3402 3334 τοῦ
3437 3278 3708 3349 σύνεγγυς

2134 3375 2301 3444 ἔχειν,
2334 3377 2451 3430 ἀντ’
2496 3376 2663 3447 ἄλλης
2714 3378 2892 3431 εἰπεῖν
2933 3376 3284 3445 ἀκροπόλεως
3330 3378 3426 3429 καὶ
3467 3375 3710 3446 κράνους

2134 3471 2232 3521 καὶ
2257 3469 2430 3535 τόξων
2462 3469 2556 3522 καὶ
2595 3467 2862 3541 θώρακος.
2910 3468 3135 3539 Πρῶτον
3172 3468 3272 3536 μὲν
3315 3462 3409 3520 οὖν
3455 3467 3519 3539 δὴ
3548 3466 3710 3519 τοῦτο

2137 3563 2559 3632 προσανεθέμην
2587 3560 2997 3632 Ἀγαθαγγέλῳ,
3032 3560 3286 3632 δεύτερον
3316 3560 3376 3614 δὲ
3407 3560 3517 3614 τῶν
3537 3558 3711 3629 φίλων

2138 3654 2393 3717 ἑκάστοις
2427 3653 2534 3726 ἰδίᾳ
2560 3657 2656 3706 καὶ
2687 3655 2864 3724 ἡσυχῆ
2899 3653 3177 3724 προσιόντ’
3206 3653 3394 3718 ἀξιοῦν
3435 3653 3536 3722 τῆς
3567 3652 3709 3723 ἐμῆς

2139 3742 2540 3814 ὑπερεύχεσθαι
2567 3744 2918 3816 ταλαιπώρου
2948 3744 3122 3815 ψυχῆς
3149 3759 3164 3773 ⁸
3195 3745 3257 3800 οὐ
3284 3745 3412 3814 γὰρ,
3435 3741 3589 3813 οἶμαί
3619 3759 3708 3810 γε,

2140 3836 2378 3906 ἔφασκον
2407 3836 2486 3890 ἐτι
2523 3853 2590 3905 με
2647 3836 2823 3901 ζῶντα
2868 3837 3166 3891 θεάσασθαι
3215 3838 3389 3905 σφᾶς·
3420 3836 3712 3889 θεάσονται

2139 3927 2182 3978 δ’
2218 3926 2345 3989 ἴσως
2370 3925 2632 3995 ἐξαίφνης
2683 3926 2982 3997 συρόμενον
3013 3926 3104 3980 τὸν
3143 3927 3276 3997 ἐμὸν
3307 3929 3416 3990 τοῖς
3452 3925 3710 3989 διώκταις

2138 4016 2332 4085 νεκρὸν
2358 4017 2450 4067 καὶ
2487 4016 2681 4086 βρῶμα
2709 4018 2837 4068 κυσὶ
2885 4018 2980 4069 καὶ
3003 4017 3208 4084 ὀρνέοις
3237 4019 3335 4086 τῆς
3362 4017 3566 4078 πόλεως
3602 4015 3711 4080 ἔξω

2141 4108 2473 4177 ῥιπτόμενον
2494 4123 2510 4141 ⁸
2543 4109 2701 4162 τοῦτο
2734 4109 2843 4180 γὰρ
2888 4113 2952 4162 ἐκ
2984 4113 3124 4164 πάνυ
3171 4111 3368 4164 πολλοῦ
3403 4109 3711 4180 κεκύρωται

2136 4217 2198 4252 τε
2235 4201 2328 4252 καὶ⁵
2365 4199 2598 4268 ὥρισται
2647 4200 2819 4270 σφίσι,
2853 4202 3107 4271 πρᾶγμα,
3139 4203 3188 4254 εἰ
3232 4204 3327 4256 καὶ
3354 4203 3430 4274 μὴ
3462 4203 3553 4256 τὸν
3594 4203 3713 4255 ἴσον

2137 4294 2361 4363 τρόπον,
2387 4293 2501 4346 ἀλλ’
2529 4292 2620 4346 οὖν
2645 4294 3030 4348 εὐκταιότατον
3055 4295 3203 4366 μάλα
3232 4312 3296 4364 γε
3323 4295 3600 4364 ἑκατέροις
3626 4293 3710 4361 ὃν,

456 4392 584 4460 ἐμοὶ
613 4391 710 4460 μὲν
738 4389 812 4453 ώς
841 4389 1072 4443 ἐλπίδων
1120 4389 1264 4460 ἀρχὴ
1289 4388 1814 4458 στεφανηφορουσῶν
1839 4386 2015 4442 ταυτά
2052 4391 2166 4452 τοῖς
2191 4390 2330 4461 ὑπὲρ
2361 4391 2647 4449 εὲσεὸείας
2687 4391 3084 4460 ἠγωνισμένοις
3137 4391 3307 4444 πάλαι
3345 4390 3573 4452 ἐκείνοις
3609 4392 3713 4458 ὑφ-

456 4485 754 4557 ισταμένῳ,
826 4485 980 4555 σφίσι
1040 4485 1088 4540 δ’
1149 4485 1225 4550 ώς
1287 4485 1460 4556 πέρας
1523 4484 1632 4537 τῶν
1674 4485 1761 4555 ἐρ’
1797 4485 1948 4556 ἡμᾶς
1987 4484 2216 4539 ἐκείνων
2265 4487 2361 4541 καὶ
2417 4487 2635 4558 δρόμων
2701 4487 2792 4540 καὶ
2849 4486 3085 4559 μόχθων,
3127 4487 3226 4551 τὰς
3265 4486 3406 4558 ἐμὰς
3448 4485 3714 4557 διηνεκῶς

455 4583 655 4638 δεδιόσι
685 4583 928 4652 γραφάς.

530 4679 594 4732 ll.
637 4676 761 4733 llaec
815 4693 940 4733 cum
1022 4677 1306 4744 dixissem,
1369 4677 1781 4749 Agatbangelus
1848 4677 2027 4732 animo

2212 4679 2289 4735 B'.
2328 4679 2474 4750 Πρὸς
2504 4678 2675 4732 ταῦτα
2703 4680 3004 4751 περιαλγής
3031 4696 3089 4732 τε
3121 4680 3216 4733 καὶ
3247 4679 3515 4751 ἔνδακρυς
3553 4680 3718 4750 Ἀγα-

453 4771 600 4826 tristi
623 4781 679 4825 et
705 4770 880 4824 oculis
923 4770 1351 4843 lacrymantibus
1420 4771 1718 4840 aliquando
1773 4771 1943 4824 tacuit
1978 4781 2032 4825 ct

454 4864 644 4916 oculos
679 4864 733 4914 in
780 4863 1004 4917 humum
1029 4864 1238 4920 deﬁxit.
1275 4863 1480 4918 Deinde
1514 4879 1573 4916 se
1628 4865 1800 4917 erexit
1849 4871 1905 4916 et
1969 4863 2033 4917 li-

456 4955 684 5010 bcrtatis
716 4972 847 5010 mea:
878 4973 1030 5027 spem
1072 4973 1267 5012 novam
1295 4957 1602 5026 amplexus,
1632 4972 1762 5009 num
1787 4955 2026 5011 absente

453 5051 761 5114 sacerdote,
813 5051 908 5123 qui
963 5067 1117 5106 sacra
1179 5052 1434 5121 mysteria
1506 5050 1736 5115 faceret,
1793 5049 2025 5104 cuilibet

452 5141 664 5197 licitum
695 5153 839 5197 esset
883 5143 1052 5212 ipsius
1114 5143 1369 5196 manibus
1426 5141 1772 5197 Dominicmn
1832 5155 2034 5211 corpus

453 5241 509 5286 et
533 5233 851 5302 sanguinem
899 5232 1250 5301 participare,
1320 5246 1387 5285 ex
1439 5247 1522 5285 me
1587 5232 1867 5301 qutesivit.
1927 5231 2032 5286 Sed

2142 4773 2407 4842 θὰγγελος
2429 4771 2671 4842 γεγονὼς
2705 4770 2788 4840 ἐφ’
2813 4772 2998 4824 ἱκανὸν
3027 4770 3341 4839 σεσιώπηκέ
3376 4789 3434 4824 τε
3467 4773 3560 4824 καὶ
3589 4775 3717 4840 ἐκε-

2138 4867 2300 4934 κύφει
2325 4880 2341 4896 ⁸
2375 4860 2475 4918 εἶτ’
2513 4862 2826 4932 ἀνενεγκὼν
2861 4866 2953 4916 καὶ
2989 4864 3084 4934 τὴν
3116 4865 3388 4934 ἡμετέραν
3431 4865 3569 4929 τέως
3610 4867 3720 4918 ἀπ-

2131 4957 2373 5028 αλλαγὴν
2438 4957 2834 5028 ὑπερθέμενος,
2903 4957 2952 5008 εί
3008 4958 3156 5028 ἐξείη
3210 4958 3286 5027 μὴ
3339 4957 3434 5012 τοῦ
3467 4957 3537 5011 τά
3591 4958 3718 5012 θεῖα.

2133 5049 2553 5121 ἱερουργοῦντος
2604 5051 2885 5118 μυστήρια
2915 5049 3187 5119 παρόντος
3217 5052 3405 5119 χερσὶν
3437 5050 3594 5111 ἰδίαις
3627 5053 3716 5102 ὀνο

2131 5143 2310 5198 τινοῦν
2346 5143 2788 5214 μεταλαμϐάνειν
2827 5143 3011 5212 ἧρετο.
3057 5142 3333 5212 Ἀκηκοὼς
3361 5142 3408 5196 δ’
3447 5143 3520 5204 ὡς
3551 5145 3716 5195 Βασι-

2134 5233 2264 5304 λείῳ
2294 5235 2374 5303 τῷ
2408 5235 2537 5304 θείῳ
2561 5235 2656 5287 καὶ
2688 5235 2794 5287 τῶν
2825 5234 3002 5288 ἄλλων
3036 5236 3135 5288 οὐκ
3169 5235 3368 5302 ὀλίγοις
3395 5238 3549 5288 τουτὶ
3578 5252 3716 5301 συγ-

453 5339 578 5378 com
623 5323 676 5377 id
720 5323 966 5378 audisset
1000 5332 1190 5378 sancto
1210 5321 1410 5377 Basilio
1440 5323 1670 5392 aliisque
1690 5323 1880 5378 multis
1912 5338 2027 5377 san-

2137 5327 2455 5397 κεχώρηται
2477 5327 2586 5380 τῶν
2611 5327 2801 5395 ἀγίων,
2847 5329 2942 5382 ἀτε
2975 5328 3204 5391 καὶτοῖς
3235 5328 3290 5380 ἐν
3332 5345 3395 5396 γε
3438 5330 3559 5390 ταῖς
3585 5330 3720 5399 ἐρήο

458 5419 563 5473 ctis
602 5417 737 5472 viris
802 5433 1122 5473 concessum
1174 5417 1363 5482 fuisse,
1413 5418 1656 5487 itemque
1705 5420 1798 5488 qui
1857 5420 2026 5474 vitam

453 5508 761 5563 solitariam
787 5508 1030 5578 egissent
1067 5509 1145 5563 vel
1184 5509 1276 5578 qui
1315 5509 1762 5578 persecutionmn
1817 5519 2027 5579 tempoo

454 5599 607 5654 ribus
636 5600 692 5655 in
725 5607 937 5656 montes
961 5609 1016 5656 et
1040 5601 1332 5671 speluncas
1346 5602 1741 5674 confugissent,
1767 5602 1821 5659 id
1846 5603 2028 5659 facere

451 5705 769 5758 consuesse,
823 5692 982 5748 facile
1039 5692 1144 5748 sibi
1193 5695 1491 5763 persuasit.
1559 5694 1769 5751 Deinde
1813 5711 1879 5750 ex
1940 5710 2030 5751 me

451 5785 724 5855 quasivit,
761 5800 893 5841 num
925 5784 1132 5841 licitum
1162 5795 1313 5844 esset
1331 5788 1513 5860 palam
1543 5787 2027 5863 cumpinﬂdelibus

2141 5436 2260 5488 μοις
2300 5418 2532 5488 ἄμικτον
2558 5418 2728 5472 πάλαι
2757 5419 2872 5488 βίον
2900 5419 3131 5473 ἀσκοῦσι
3159 5424 3332 5474 ποιεῖν
3371 5421 3584 5482 εξιυθὸς,
3618 5421 3718 5472 καὶ

2137 5511 2255 5564 ὅσοι
2287 5509 2345 5560 ἐν
2375 5512 2488 5574 τοῖς
2519 5508 2628 5562 τῶν
2658 5512 2914 5580 διωγμῶν
2959 5516 3172 5582 καιροῖς
3216 5513 3440 5576 ἑαυτοὺς
3471 5511 3622 5582 δρεσί
3654 5527 3716 5563 τε

2139 5605 2235 5654 καὶ
2266 5600 2554 5672 σπηλαίοις
2584 5603 2735 5657 ἄλλοι
2769 5603 2952 5668 ἄλλοις
3007 5605 3397 5674 συνέκρυπτον,
3435 5605 3497 5675 [Γ.
3533 5604 3633 5657 124
3656 5603 3710 5675 b]

2136 5695 2431 5750 πέπεισταί
2473 5713 2534 5750 τε
2587 5697 2765 5768 ῥᾷστα
2809 5697 2906 5753 καὶ
2932 5698 3188 5770 δεύτερον
3225 5697 3418 5770 ἠρώτα
3456 5697 3628 5757 τουτὶ.
3666 5700 3719 5748 ει

2136 5785 2288 5858 ἐξείη
2307 5785 2511 5858 δηλαδὴ
2544 5789 2653 5842 τῶν
2681 5789 3005 5860 ἑτεροδόξων
3026 5793 3202 5865 ⁸ἐνίοις
3231 5791 3451 5861 σωιεύχε
3467 5789 3588 5842 τθαι
3619 5789 3722 5840 καὶ
