4036 6210
287 355 392 420 105

1246 350 1692 414 ΒΥΖΑΝΤῙΝΕ
1736 350 2120 412 iIIS'l‘ORIrE
2159 352 2302 411 LIB.
2345 349 2582 413 XXVII.

3417 353 3519 416 106

281 470 404 538 βίας
434 464 764 536 ἑπειγοῦσης
791 463 928 534 πρὸς
957 461 1067 516 τῶν
1089 463 1346 516 τοιούτων
1379 461 1549 515 ἐνίοτε
1581 463 1672 514 καὶ
1709 464 1854 515 ἑνια-

1955 461 2284 530 quibusdam
2325 461 2613 516 instituere
2672 459 3016 532 precationes
3069 470 3126 516 et
3180 463 3231 516 vi
3290 475 3519 532 urgente

279 558 384 629 χοῦ
419 559 531 611 τῶν
582 557 742 610 θείων
791 556 1043 626 μετέχειν
1093 554 1425 624 μυστηρίων,
1477 553 1678 623 ὁμοίως
1728 554 1856 607 κάν-

278 649 461 703 ταῦθα
490 649 652 703 κάκεῖ
667 648 776 700 τῶν
801 646 985 700 αὐτῶν
1022 644 1335 714 λεγομένων
1381 644 1580 714 εὐχῶν.
1629 642 1773 712 Ἐγὼ
1797 645 1856 698 δὲ

280 741 377 794 τὸν
407 741 552 792 θεῖον
579 738 744 801 εὐθὺς
790 737 1122 808 παρήγαγον
1147 736 1214 788 ὲκ
1260 733 1556 802 Δαμασκοῦ
1599 734 1856 804 Ἰωάννην

282 834 436 903 αὑτῷ
454 833 555 901 (1),
577 829 947 900 φυλάττεσθαι
990 829 1360 899 παραινοῦντα
1392 829 1530 897 μήτε
1556 827 1856 894 λαμϐάνειν

281 925 577 995 αίρετικῶν
629 922 935 994 μετάληψιν
969 923 1106 992 μήτε
1148 919 1379 974 διδόναι·
1416 937 1434 972 ι
1467 919 1557 991 Μὴ
1598 920 1717 973 δότε
1749 919 1857 988 γὰρ

282 1018 353 1068 τὰ
397 1017 530 1082 ᾰγια
564 1015 676 1076 τοῖς
712 1013 895 1076 κυσὶν,
937 1031 956 1064 ι
1002 1011 1030 1064 ό
1078 1010 1282 1079 Κύριος
1321 1010 1510 1080 ἔφησε,
1545 1028 1564 1063 ι
1602 1009 1737 1078 μηδὲ
1773 1008 1858 1078 ῥί-

284 1126 451 1161 πτετε
501 1103 629 1168 τοὺς
667 1106 1016 1176 μαργαρίτας
1051 1105 1205 1172 ὑμῶν
1231 1103 1551 1174 ,ἔμπροσθεν
1592 1103 1701 1157 τῶν
1745 1101 1858 1173 χοί-

286 1217 419 1268 ρων,
459 1217 475 1248 ι
513 1199 596 1249 ἵνα
635 1197 709 1266 μὴ
748 1199 967 1266 μέτοχοι
1016 1197 1115 1266 τῆς
1164 1195 1486 1261 κακοδοξίας
1517 1195 1738 1263 καὶτῆς
1764 1193 1871 1250 αὑ-.

282 1290 393 1341 τῶν
427 1287 716 1356 γενώμεθα
773 1285 1193 1358 κατακρίσεως·
1241 1287 1289 1338 εί
1334 1287 1443 1355 γὰρ
1497 1286 1689 1349 ἔνωσίς
1742 1287 1857 1338 ἐστι

285 1379 423 1448 πρὸς
452 1379 711 1448 Χριστὸν,
745 1378 842 1430 καὶ
872 1375 1009 1446 πρὸς
1045 1375 1307 1446 ἀλλήλους
1339 1375 1558 1439 πάντως
1577 1390 1591 1403 '
1627 1375 1722 1428 aut
1752 1376 1858 1430 πᾶ-

283 1487 338 1522 σι
369 1470 638 1539 τοίςήμῖν
692 1467 1296 1538 συμμεταλαμσάνουσι
1342 1467 1483 1521 κατὰ
1535 1468 1858 1539 προαίρεσιν

281 1563 578 1628 ἑνούμεθα,
624 1563 720 1615 καὶ
764 1562 963 1624 πάντες
996 1561 1053 1614 ἓν
1100 1561 1264 1630 σῶμά
1307 1563 1496 1632 ἐσμεν,
1529 1561 1613 1616 ὃτι
1667 1563 1732 1617 ἐκ
1763 1563 1857 1617 τοῦ

278 1653 402 1714 ἑνὸς
433 1653 600 1720 ἄρτου
647 1652 1157 1721 μεταλαμὸἀνομεν,
1201 1652 1276 1715 ὡς
1305 1655 1334 1705 ό
1363 1653 1505 1715 θεῖος
1535 1651 1858 1717 Ἀπόστολος

281 1742 478 1810 ἔφησε.
531 1742 644 1811 Τῆς
685 1741 780 1794 οῦν
813 1742 1191 1811 προαιρέσεως
1238 1742 1492 1796 ἐνταυθοῖ
1539 1745 1861 1814 μαχομένης

1957 547 2232 604 interdum
2259 564 2382 604 cum
2411 549 2478 605 iis
2517 549 2776 621 mysteria
2797 564 2960 619 agere
3010 565 3226 620 unaque
3274 553 3522 607 celebra-
3592 572 3604 584 ο

1957 640 2160 696 tiones.
2216 641 2286 696 At
2319 655 2419 711 ego
2467 642 2650 696 statim
2710 641 2866 711 123
2914 642 3150 698 Joannis
3199 642 3521 702 Damasceni

1956 730 2277 784 memoriam
2331 730 2382 784 ei
2427 733 2700 794 revocavi,
2742 734 2836 801 qui
2873 742 3061 790 monet
3100 750 3113 786 :
3150 751 3219 790 ne
3261 750 3360 791 nos
3411 735 3524 791 hrn-

1956 821 2255 875 reticorum
2275 820 2553 876 doctrinas
2585 829 2862 878 sectemur
2887 839 3067 894 neque
3108 824 3174 878 iis
3202 826 3274 880 ad
3307 836 3527 882 nostras

1957 910 2174 965 aditum
2207 911 2620 980 patefaciamus.
2654 933 2672 965 ι
2705 913 2884 969 Nolite
2926 923 3172 970 sanctum
3209 917 3342 972 dare
3374 918 3522 972 cani—

1959 1001 2081 1066 bus,
2110 1021 2128 1053 ι
2167 1003 2302 1059 dicit
2334 1003 2620 1070 Dominus,
2652 1022 2669 1056 ι
2714 1019 2894 1075 neque
2939 1006 3168 1061 mittatis
3202 1007 3526 1077 margaritas

1957 1106 2168 1152 vestras
2211 1106 2339 1151 ante
2375 1113 2573 1166 porcos
2602 1097 2641 1162 ',
2671 1116 2690 1150 ι
2743 1109 2804 1152 ut
2848 1113 2916 1152 ne
2974 1099 3285 1154 imbuamur
3340 1101 3525 1169 pravis

1959 1186 2187 1241 istorum
2213 1189 2566 1258 Opinionibus
2603 1197 2766 1260 atque
2802 1204 2927 1245 cum
2965 1190 3030 1246 iis
3064 1191 3520 1247 condemnemur.

1959 1277 2060 1332 Ubi
2088 1279 2232 1332 enim
2262 1280 2576 1333 communio
2598 1288 2683 1334 est
2714 1279 2873 1335 nobis
2928 1295 3055 1335 cum
3113 1281 3244 1337 Jesu
3278 1282 3522 1348 Christo,

1959 1370 2124 1423 etiam
2156 1371 2297 1425 inter
2321 1387 2422 1426 nos
2453 1373 2770 1427 communio
2798 1383 3056 1441 constat;
3082 1382 3137 1430 et
3169 1390 3294 1429 cum
3345 1374 3524 1428 omni-

1959 1461 2063 1515 bus
2092 1462 2312 1531 quidem
2347 1463 2440 1532 qui
2471 1464 2762 1518 nobiscum
2785 1473 3030 1519 sanctam
3081 1481 3294 1520 coenam
3353 1469 3526 1536 parti-

1959 1549 2149 1619 cipant
2175 1552 2228 1605 in
2282 1551 2390 1606 ﬁde
2457 1553 2738 1623 conjuncti
2803 1569 3014 1620 sumus,
3073 1563 3130 1608 et
3185 1571 3286 1610 nos
3334 1571 3530 1611 omnes

1961 1656 2130 1696 unum
2160 1659 2356 1712 corpus
2395 1644 2695 1709 efﬁcimur,
2732 1650 2877 1715 quod
2907 1662 3018 1702 uno
3049 1647 3142 1701 illo
3173 1663 3311 1716 pane
3349 1650 3526 1703 vesci-

1959 1746 2106 1794 mur,
2129 1739 2189 1784 ut
2225 1742 2447 1788 sanctus
2478 1732 2776 1803 Apostolus
2807 1735 2964 1789 dicit.
2998 1754 3016 1788 ι
3056 1735 3199 1801 Quid
3240 1737 3425 1805 igitur,
3482 1738 3527 1790 si

281 1835 380 1886 καὶ
410 1810 656 1900 ἀλλήλων
693 1835 843 1903 ἡμᾶς
865 1810 1157 1904 διιστώσης
1195 1834 1297 1904 τῆς
1336 1832 1445 1887 τῶν
1473 1810 1762 1904 δογμάτων
1802 1810 1855 1888 έ-

1963 1821 2019 1875 in
2052 1822 2156 1878 ﬁde
2183 1824 2536 1890 dissidemus,
2605 1842 2818 1897 nosque
2873 1829 3189 1897 dogmatum
3233 1830 3532 1886 diversitas

279 1941 419 1976 νεκα
473 1924 848 1992 καινοτομίας,
885 1923 1002 1986 πῶς
1031 1926 1097 1977 ἂν
1129 1924 1258 1994 μίαν
1291 1925 1554 1994 σχοίημεν
1591 1925 1681 1978 τὸν
1719 1927 1858 1996 Χρι-

282 2014 410 2066 στὸν
444 2013 709 2082 κεφαλὴν,
745 2013 778 2082 ἢ
832 2012 950 2076 πῶς
983 2013 1050 2066 ἂν
1101 2013 1356 2084 ἀλλήλοις
1414 2011 1854 2085 συνευξαίμεθας

285 2121 308 2153 ι
347 2102 445 2163 Τίς
473 2103 605 2171 γὰρ,
647 2121 666 2154 ι
712 2103 871 2171 φησὶ,
929 2120 948 2154 ι
989 2103 1145 2172 μερὶς
1199 2101 1376 2172 πιστῷ
1408 2103 1548 2173 μετὰ
1575 2103 1854 2172 iuniores;

277 2195 315 2264 ἢ
350 2195 438 2257 τίς
472 2194 730 2248 κοινωνία
772 2195 914 2262 φωτὶ
964 2194 1102 2263 πρὸς
1150 2195 1378 2262 σκότος;
1435 2194 1467 2264 ἢ
1515 2196 1601 2258 τίς
1633 2195 1857 2264 συμφώ-

280 2303 441 2352 νησις
485 2286 710 2357 Χριστῷ
752 2286 890 2356 πρὸς
934 2285 1164 2354 Βελίαρ;
1212 2303 1231 2338 ι
1281 2287 1527 2351 Ἀκούεις
1550 2287 1608 2341 δὲ
1639 2286 1856 2342 καὶτοῦ

276 2378 419 2430 Θεοῦ
451 2378 542 2430 διὰ
568 2378 667 2446 τῆς
697 2379 1046 2446 προφητικῆς
1077 2378 1456 2448 φθεγγομένου
1489 2378 1755 2447 γλώττης,
1781 2379 1857 2442 ὡς

283 2490 306 2522 ι
355 2471 485 2524 Ἐὰν
511 2469 829 2540 προφέρητέ
856 2486 948 2538 μοι
976 2469 1278 2538 σεμίδαλιν,
1310 2469 1538 2540 μάταιον
1557 2487 1570 2502 ·
1601 2470 1856 2540 θυμίαμα

278 2561 568 2630 βδέλυγμα
615 2561 770 2612 ἔσται
807 2576 930 2630 μοι·
989 2578 1009 2612 ε
1061 2560 1140 2628 τῷ
1167 2560 1275 2628 γὰρ
1305 2558 1619 2630 ἁμαρτωλῷ
1645 2554 1801 2613 εἷπεν
1826 2561 1855 2613 ό

276 2654 442 2716 Θεὸς,
477 2671 495 2704 ι
530 2653 647 2706 Ἵνα
679 2652 733 2704 τί
780 2653 846 2705 σὺ
882 2652 1110 2722 ὲκδιηγῇ
1139 2652 1212 2705 τὰ
1244 2651 1594 2720 δικαιώματά
1625 2668 1726 2720 μου
1759 2652 1856 2705 καὶ

276 2745 691 2812 ἀναλαμϐάνεις
715 2743 815 2813 τὴν
841 2744 1108 2814 διαθήκην
1139 2760 1241 2813 μου
1265 2743 1354 2796 διὰ
1379 2744 1646 2813 στόματός
1664 2761 1758 2795 σου
1781 2760 1796 2810 ;
1827 2760 1847 2795 ε

278 2836 367 2888 οὺ
410 2835 514 2903 γὰρ
547 2835 614 2887 τὰ
642 2836 906 2904 γινόμενα
952 2835 1058 2906 χρὴ
1092 2835 1316 2888 σκοπεῖν
1362 2835 1540 2904 μόνον,
1584 2833 1718 2888 ἀλλά
1761 2833 1854 2888 καὶ

274 2925 385 2995 τήν
414 2926 594 2978 αἰτίαν
630 2927 743 2978 τῶν
785 2927 1086 2994 γινομένων
1133 2925 1434 2994 ἐπιζητεῖν,
1467 2925 1495 2978 ὁ
1541 2925 1855 2996 χρυσορῤή-

276 3035 401 3088 μων
433 3017 637 3086 ἔφησεν
669 3017 926 3086 Ἰωάννης
955 3017 1056 3088 (2).
1083 3019 1160 3071 Τὸ
1182 3018 1283 3085 μὲν
1304 3015 1413 3086 γὰρ
1454 3017 1596 3069 κατὰ
1626 3015 1853 3088 γνώμην

271 3109 574 3177 γινόμενον
607 3107 702 3160 τοῦ
727 3106 884 3170 Θεοῦ,
915 3107 1022 3160 κᾶν
1053 3106 1255 3176 φαῦλον
1277 3103 1416 3159 εἶναι
1445 3107 1597 3177 δοκῇ,
1631 3106 1852 3161 πάντων

271 3201 436 3252 ἐστὶν
479 3201 704 3270 ἄριστον
736 3213 753 3229 ο
781 3199 844 3251 τὸ
881 3198 939 3252 δὲ
972 3199 1125 3268 παρά
1170 3198 1399 3268 γνώμην
1434 3199 1530 3252 καὶ
1565 3198 1642 3270 μὴ
1663 3198 1854 3254 δοκοῦν

268 3291 497 3358 ἐκείνῳ,
526 3290 636 3343 κᾶν
686 3289 912 3359 ἄριστον
949 3285 1088 3345 εἶναι
1135 3291 1448 3360 νομίζηται,
1483 3290 1703 3346 πάντων
1735 3291 1854 3345 ιστὶ

267 3384 619 3451 φαυλότατον
657 3384 755 3437 καὶ
801 3382 1287 3452 παρανομώτατον.
1338 3383 1454 3436 Κᾶν
1487 3383 1726 3454 φονεύσῃ
1769 3401 1853 3448 τις

265 3477 422 3530 κατὰ
453 3477 680 3546 γνώμην
695 3474 790 3528 τοῦ
810 3474 967 3539 Θεοῦ,
987 3474 1398 3545 φιλανθρωπίας
1419 3475 1602 3546 πάσης
1631 3476 1854 3547 βελτίων

266 3568 299 3619 ὁ
323 3568 487 3633 φόνος
507 3581 520 3594 ·
544 3564 646 3618 κᾶν
661 3564 914 3634 φείσηταί
931 3581 1016 3628 τις
1037 3566 1190 3635 παρά
1215 3565 1276 3618 τὸ
1299 3565 1490 3619 δοκοῦν
1510 3565 1726 3636 ἐκείνῳ,
1755 3566 1853 3636 φό-

263 3674 370 3709 νου
401 3657 604 3718 παντὸς
632 3656 970 3732 ἀνοσιωτέρα
993 3656 1192 3722 γένοιτ’
1225 3658 1290 3710 διν
1318 3657 1349 3726 ἡ
1374 3657 1563 3725 φειδώ.
1585 3657 1658 3710 Οὐ
1674 3657 1784 3728 γὰρ
1818 3660 1853 3728 η

260 3748 445 3817 φύσις
476 3749 585 3800 τῶν
615 3749 984 3819 πραγμάτων,
1008 3747 1126 3802 ἀλλ’
1161 3748 1219 3804 αι
1241 3747 1333 3802 τοῦ
1361 3748 1496 3802 Θεοῦ
1516 3750 1684 3820 ψῆφοι
1713 3750 1853 3804 καλά

269 3840 376 3892 καὶ
397 3839 580 3907 φαῦλα
606 3839 757 3892 ταῦτ’
785 3835 931 3893 εἶναι
985 3839 1259 3895 ποιοῦσιν.
1288 3840 1499 3911 Ὠσπερ
1521 3839 1568 3893 δ’
1596 3841 1850 3904 ἐκείνοις,

267 3929 451 3994 φησιν
475 3966 492 3992 ,
536 3927 873 3996 ἐγκαλοῦμεν
924 3929 1008 3982 ὅτι
1066 3927 1499 3998 παρανομοῦσιν,
1556 3926 1700 3982 οὕτω
1758 3929 1852 3982 καὶ

261 4018 465 4086 πολλῷ
502 4017 698 4086 μᾶλλον
732 4019 864 4087 ὑμῖν
893 4018 976 4072 ὅτι
1018 4020 1133 4081 τοῖς
1183 4017 1560 4088 παρανομοῦσι
1596 4020 1852 4090 συνέρχε-

263 4113 395 4165 σθε.
459 4111 574 4164 Καὶ
604 4110 726 4180 οὐχὶ
768 4111 883 4172 τοῖς
939 4109 1301 4181 συντρέχουσι
1347 4109 1532 4180 μόνον,
1573 4110 1712 4164 ἀλλὰ
1755 4112 1850 4165 καὶ

254 4203 387 4263 τοῖς
408 4201 621 4272 κυρίοις
651 4202 754 4270 μὲν
789 4197 908 4255 οὖσι
955 4199 1218 4264 κωλῦσαι,
1269 4199 1345 4271 μὴ
1393 4201 1735 4272 βουλομένοις
1765 4203 1848 4257 δέ.

257 4295 337 4349 Εἰ
368 4293 482 4362 γὰρ
504 4293 582 4355 είς
607 4293 832 4362 θέατρον
853 4293 953 4346 οὐκ
971 4292 1340 4362 ἐπιτρέπομεν
1356 4293 1637 4360 ἀπελθεῖν,
1664 4295 1849 4364 πολλῷ

1961 1912 2241 1980 distrahit,
2267 1931 2378 1984 quo
2404 1927 2559 1984 pacto
2577 1919 2832 1973 eumdem
2868 1920 3148 1974 Christum
3164 1929 3329 1990 caput
3357 1922 3530 1978 habe-

1959 2019 2083 2060 mus
2101 2015 2194 2060 aut
2211 2008 2398 2061 eadem
2415 2025 2542 2062 cum
2574 2009 2642 2064 iis
2665 2011 2932 2065 sacriﬁcia
2955 2012 3205 2081 agimus?
3229 2013 3356 2078 Qua:
3374 2015 3524 2069 enim

1960 2103 2271 2155 communia
2307 2112 2435 2156 sunt
2473 2103 2620 2158 ﬁdeli
2646 2120 2768 2159 cum
2803 2105 3167 2170 inildeli,luci
3211 2123 3336 2162 cum
3375 2116 3528 2164 tene-

1957 2191 2094 2257 bris,
2118 2192 2338 2250 Christo
2366 2211 2491 2250 cum
2525 2196 2739 2252 Beliare
2772 2198 2830 2250 ’ἲ
2876 2197 3019 2252 Audi
3050 2214 3170 2268 quae
3210 2200 3355 2255 Deus
3390 2201 3528 2256 dicit

1955 2298 2057 2353 per
2079 2299 2141 2339 os
2165 2286 2480 2355 prophetae:
2512 2307 2528 2340 ι
2555 2288 2777 2344 Frustra
2802 2289 2936 2344 mihi
2965 2289 3216 2347 oﬂeretis
3263 2293 3529 2364 similagi-

1955 2384 2114 2437 nem;
2148 2372 2486 2428 thuribuium
2523 2391 2549 2428 a
2577 2391 2666 2432 me
2695 2377 3076 2446 repudiabitur
3099 2379 3174 2432 '.o
3223 2380 3315 2436 Sic
3354 2383 3529 2438 incre-

1953 2471 2047 2532 pat
2069 2463 2214 2520 Deus
2245 2467 2474 2536 impium
2508 2485 2524 2522 :
2556 2467 2698 2534 Quid
2718 2483 2892 2524 meam
2912 2471 3182 2541 justitiam
3205 2472 3529 2528 insectaris?

1954 2555 2086 2622 quid
2137 2556 2353 2612 divinos
2384 2558 2557 2613 libros
2592 2558 2649 2612 in
2697 2573 2794 2615 ore
2851 2570 2944 2616 tuo
2979 2562 3185 2616 habes?
3231 2563 3355 2618 Non
3379 2565 3524 2618 enim

1953 2645 2128 2700 solum
2165 2648 2324 2720 124
2351 2665 2472 2720 qua:
2502 2651 2556 2705 in
2584 2651 2759 2707 oculis
2787 2663 2914 2708 sunt
2937 2655 3211 2726 respicere
3239 2672 3340 2712 nos
3364 2672 3529 2726 opor-

1956 2742 2052 2800 tet,
2079 2738 2173 2792 sed
2194 2739 2358 2794 etiam
2393 2742 2636 2796 rationes
2670 2741 2948 2812 inquirere
2989 2760 3111 2813 quae
3151 2746 3237 2800 his
3264 2747 3526 2816 subjecta:

1953 2836 2081 2880 sunt
2109 2827 2244 2883 dicit
2263 2829 2502 2886 Joannes
2541 2831 2986 2902 Chrysostomus.
3019 2834 3154 2889 Nam
3185 2851 3524 2907 quaecunque

1953 2919 2255 2975 secundum
2285 2922 2380 2976 Dei
2407 2923 2546 2978 ﬁunt
2573 2924 3080 2988 voluntatem,licet
3135 2927 3297 2982 nobis
3352 2944 3523 2996 prava

1952 3009 2266 3077 videantur,
2321 3024 2499 3068 tamen
2549 3024 2675 3068 sunt
2708 3017 2934 3085 optima.
2979 3017 3111 3082 Qua:
3157 3033 3287 3072 vero
3332 3031 3522 3074 contra

1953 3099 2049 3154 Dei
2083 3101 2220 3155 ﬁunt
2247 3102 2579 3160 voluntatem
2599 3107 2811 3161 etiamsi
2838 3109 3043 3176 optima
3081 3109 3373 3172 habentur.
3405 3126 3524 3164 om-

1956 3192 2106 3247 nium
2143 3195 2376 3264 pessima
2407 3205 2533 3250 sunt
2558 3207 2613 3252 et
2653 3201 2996 3268 pra‘vissima.
3054 3201 3242 3271 Itaque
3305 3203 3350 3258 si
3401 3206 3525 3274 quis

1956 3280 2068 3336 Deo
2085 3282 2310 3351 jubente
2336 3287 2645 3355 quempiam
2675 3288 2931 3356 trucidet,
2952 3290 3003 3345 id
3027 3291 3222 3346 melius
3243 3301 3331 3349 est
3362 3310 3522 3364 quam

1956 3370 2002 3426 si
2032 3385 2156 3426 eum
2189 3388 2371 3430 amore
2403 3386 2796 3446 prosequatur;
2823 3389 2880 3434 et
2913 3383 2960 3435 si
3002 3381 3126 3451 quis
3159 3393 3347 3454 parcnt
3410 3388 3527 3442 rui-

1955 3463 2124 3532 piam,
2161 3465 2270 3520 Deo
2313 3477 2556 3534 vetante,
2599 3469 2652 3524 id
2692 3472 2844 3540 pejus
2886 3481 2970 3526 est
3016 3489 3178 3543 quam
3225 3475 3271 3529 si
3315 3477 3518 3536 caedem

1954 3565 2252 3625 perpetret.
2280 3557 2469 3627 Neque
2492 3559 2637 3613 enim
2669 3561 2881 3629 species
2909 3562 3138 3618 bonaene
3179 3565 3291 3620 sint
3340 3583 3428 3622 res
3451 3583 3520 3622 an

1953 3662 2158 3717 pravae,
2182 3649 2278 3704 sed
2315 3665 2438 3719 quae
2483 3651 2539 3706 in
2565 3651 2632 3706 iis
2666 3651 2761 3707 Dei
2799 3654 3054 3710 voluntas
3105 3670 3388 3727 appareat,
3433 3659 3522 3712 in-

1956 3738 2124 3795 dicat.
2173 3739 2243 3796 Ut
2299 3757 2430 3796 vero
2491 3759 2593 3799 nos
2638 3745 2772 3801 istos
2822 3747 2968 3816 quod
3014 3751 3268 3804 mandata
3321 3751 3523 3806 lzedunt

1953 3833 2028 3887 ita
2084 3835 2260 3890 multo
2295 3837 2462 3907 magis
2513 3837 2864 3910 increpamus
2908 3857 3024 3907 vos,
3076 3845 3222 3912 quod
3273 3860 3395 3899 Clllll
3430 3845 3520 3896 in—

1952 3925 2212 3982 ﬁdelibus
2243 3931 2558 3985 societatem
2595 3932 2790 3989 facitis.
2827 3935 2944 3990 Non
2976 3944 3158 4004 tamen
3188 3952 3282 3991 eos
3307 3945 3518 3991 tantum

1954 4018 2049 4087 qui
2090 4019 2558 4088 conSpirationem
2588 4024 2797 4078 faciunt
2821 4025 3191 4094 increpamus,
3222 4027 3317 4082 sed
3351 4029 3519 4082 etiam

1953 4125 2093 4180 quos
2125 4112 2424 4181 prohibere
2486 4128 2646 4183 posse
2688 4115 2911 4184 quidem
2958 4116 3190 4192 scimus,
3241 4133 3344 4173 nec
3390 4135 3522 4174 vero

1952 4201 2118 4258 velle.
2165 4201 2224 4256 Si
2262 4204 2412 4259 enim
2450 4202 2799 4273 frequentare
2844 4206 3118 4262 theatrum
3149 4217 3416 4276 velamus,
3467 4211 3520 4265 id

1953 4292 2127 4351 multo
2152 4294 2324 4365 magis
2367 4309 2469 4350 nos
2506 4305 2724 4367 oportet
2775 4307 3044 4364 vetemus,
3091 4299 3239 4370 quod
3271 4301 3337 4355 ad
3362 4317 3524 4372 syna-

254 4385 487 4455 μᾶλλον
523 4384 612 4436 ἐπὶ
659 4384 986 4454 συναγωγῆς
1029 4383 1188 4438 τοῦτο
1241 4383 1349 4455 χρὴ
1386 4387 1596 4438 ποιεῖν’
1644 4385 1847 4454 μείζων

1955 4400 2145 4455 gogam
2179 4389 2394 4442 attinet.
2434 4388 2563 4443 Nam
2587 4389 2704 4445 haec
2731 4389 2984 4461 impietas
3012 4394 3185 4465 major
3229 4409 3392 4464 quam
3427 4395 3521 4448 illa

252 4477 389 4544 γὰρ
416 4476 729 4544 παρανομία
759 4475 978 4544 ἐκείνης
1005 4472 1169 4544 αὕτη,
1201 4477 1284 4527 ὃτι
1325 4477 1443 4526 ἐκεῖ
1469 4475 1566 4545 μὲν
1601 4475 1846 4546 ἁμαρτία

1955 4487 2058 4532 est.
2087 4479 2295 4548 Nempe
2334 4481 2445 4535 illic
2475 4498 2596 4550 quae
2638 4493 2875 4552 aguntur
2930 4485 3175 4554 improba
3221 4495 3373 4550 sunt,
3433 4487 3522 4540 hic

252 4571 326 4622 τὸ
381 4566 689 4634 γινόμενον,
725 4565 961 4620 ἐνταῦθα
1005 4565 1050 4618 δ’
1082 4566 1327 4619 ἀσέόεια.
1364 4582 1383 4616 ι
1429 4565 1593 4636 Ὀρᾷς
1637 4566 1711 4627 ὡς
1756 4567 1852 4620 καὶ

1955 4579 2141 4626 autem
2179 4587 2310 4626 vere
2341 4573 2526 4642 impia.
2569 4593 2588 4626 ι
2625 4575 2794 4630 Vides
2839 4576 3007 4645 igitur
3060 4579 3519 4645 quemadmodum

253 4660 330 4711 τὸ
377 4674 486 4726 χρη
504 4657 632 4710 στὸν
661 4659 832 4711 ἐνίοτε
871 4657 1030 4720 δόξαν
1073 4653 1213 4712 εἶναι
1246 4656 1416 4709 κακὸν
1444 4657 1547 4709 ὑπὸ
1573 4655 1666 4709 τοῦ
1706 4656 1852 4710 θείου

1955 4676 2077 4730 quae
2101 4662 2250 4734 justa
2281 4678 2672 4734 nonnunquam
2690 4665 2980 4720 videantur
3013 4668 3096 4720 vir
3131 4667 3218 4721 ille
3241 4670 3522 4724 sanctissi-

249 4749 430 4803 τοῦδε
461 4749 653 4815 ἀνδρὸς
689 4749 1011 4819 ἀπεδείχθη,
1050 4749 1144 4800 καὶ
1183 4748 1314 4818 ὅσην
1347 4748 1600 4801 ἐντεῦθεν
1635 4749 1846 4811 ἐκεῖνος

1955 4767 2076 4808 mus
2104 4768 2271 4823 prava
2302 4769 2421 4810 esse
2445 4755 2687 4821 dicat,et
2712 4767 3053 4828 quantopere
3082 4759 3173 4813 hic
3205 4775 3300 4815 eos
3334 4761 3519 4817 incre-

251 4842 373 4910 τὴν
401 4839 722 4908 ἐπιτίμησιν
753 4843 818 4911 τῇ
846 4842 953 4893 τῶν
984 4840 1312 4909 ἑτεροδόξων
1345 4839 1607 4910 κοινωνίᾳ
1635 4838 1848 4910 προσά-

1955 4853 2044 4913 pet
2095 4845 2191 4915 qui
2239 4861 2366 4901 eum
2420 4846 2733 4903 inﬁdelibus
2776 4848 3005 4906 faciunt.
3070 4851 3260 4922 Itaque
3309 4854 3353 4907 si
3393 4855 3519 4923 quis

252 4948 433 4994 πτεις
470 4934 536 4984 ‘A
565 4933 676 5000 γάρ
727 4949 813 4994 τις
843 4932 1105 4985 δεσπότου
1151 4933 1583 5001 προστάττοντος
1625 4933 1757 5002 δρᾷν
1783 4931 1849 5002 ῆι

1955 4936 2170 4992 Domini
2215 4939 2548 4994 voluntatem
2587 4956 2696 4995 non
2721 4943 2987 5012 exegerit,
3019 4946 3158 4998 hanc
3198 4945 3270 4999 ob
3295 4960 3517 5000 causam

253 5037 437 5076 κιστα
464 5021 587 5093 δρᾷ,
611 5023 817 5076 τούτων
854 5023 1130 5092 τιμωρίαν
1175 5022 1237 5093 [ί.
1277 5022 1382 5077 125
1407 5021 1466 5092 ai
1504 5023 1744 5076 τίννυσιν
1771 5024 1850 5076 εί-

1957 5041 2150 5096 penus
2180 5029 2334 5084 dabit
2355 5031 2482 5084 'sive
2518 5031 2657 5086 nihil
2683 5032 2830 5088 illinc
2857 5035 2985 5088 mali
3014 5035 3212 5089 exierit
3246 5036 3360 5090 sive
3385 5052 3518 5092 con-

251 5114 453 5172 κότως
476 5114 637 5176 αὐτὸς
668 5117 696 5166 ό
737 5114 814 5184 μὴ
859 5112 1024 5183 δρῶν,
1060 5114 1157 5168 καὶ
1184 5114 1234 5166 εί
1261 5112 1339 5183 μὴ
1367 5112 1536 5166 κακὸν
1585 5112 1846 5185 ἀπαντῴη

1955 5119 2177 5173 trarium
2206 5120 2492 5175 acciderit.
2538 5121 2672 5176 Nam
2736 5139 2844 5179 non
2886 5126 3270 5198 qualis,l25
3331 5145 3514 5184 rerum

248 5201 322 5252 τὸ
365 5203 541 5270 πέρας
563 5218 579 5234 ο
617 5205 714 5256 καὶ
763 5203 1077 5256 τούναντίον
1119 5198 1275 5264 αὖθις
1300 5217 1314 5231 ’
1346 5202 1405 5256 οὐ
1456 5203 1565 5270 γὰρ
1602 5205 1715 5266 τοῖς
1743 5204 1854 5256 τῶν

1955 5219 2180 5264 eventus
2205 5209 2274 5263 sit
2305 5209 2570 5265 Dominus
2592 5212 2824 5283 jndicat,
2857 5216 2953 5270 sed
2980 5231 3111 5270 num
3133 5217 3388 5273 voluntas
3417 5234 3515 5274 sua

247 5296 570 5364 δρωμένων
613 5295 847 5365 πέρασιν
900 5295 1052 5359 είκὸς
1100 5295 1418 5349 ἀκολουθεῖν
1450 5296 1551 5365 τὴν
1603 5297 1699 5350 τοῦ
1737 5299 1855 5369 κρί-

1955 5313 2139 5356 exacta
2200 5303 2292 5356 sit.
2350 5301 2477 5358 Haec
2505 5316 2686 5358 autem
2734 5304 2948 5360 Domini
2979 5307 3232 5364 voluntas
3273 5310 3421 5380 leges
3461 5318 3517 5364 et

262 5404 470 5450 νοντος
493 5390 790 5458 ἀπόφασιν,
818 5389 936 5444 ἀλλ’
965 5391 1018 5442 εί
1039 5392 1152 5453 τοῖς
1181 5389 1521 5452 δεσποτικοίς
1553 5391 1581 5442 ό
1627 5391 1766 5460 δρῶν
1795 5393 1855 5457 ὴ-

1955 5392 2203 5448 instituta
2223 5402 2347 5449 sunt
2373 5396 2792 5466 imperatoribus
2817 5407 2871 5453 et
2901 5400 3241 5470 principibus
3261 5443 3276 5467 ,
3304 5401 3517 5456 civibus

337 5534 359 5564 ⁸
395 5531 590 5586 Matth.
618 5547 716 5600 vn,
743 5533 796 5589 6.
889 5537 909 5567 ’
945 5533 991 5589 Il
1023 5533 1152 5590 Cor.
1183 5549 1257 5599 vi,
1291 5531 1380 5588 15.
1458 5534 1477 5564 ³
1512 5533 1614 5588 lsa.
1649 5548 1686 5599 ι,
1722 5533 1809 5587 15.

336 5673 421 5741 (Ι)
460 5673 566 5726 Τοῦ
599 5675 960 5742 Δαμασκηνοῦ
992 5674 1056 5727 ὲκ
1088 5673 1180 5726 τοῦ
1214 5676 1345 5743 περὶ
1387 5675 1494 5728 τῶν
1542 5673 1708 5741 ἁγίων
1742 5677 1835 5727 καὶ
2017 5675 2092 5741 (2)
2123 5672 2510 5744 Χρυσοςτὸμοδ
2546 5674 2607 5740 ἐκ
2646 5671 2736 5724 τοῦ
2783 5670 2922 5723 κατὰ
2967 5674 3234 5727 Ἰουδαίων
3265 5677 3512 5746 δευτέρου

253 5749 558 5816 ἀχράντων
587 5745 680 5796 τοῦ
693 5746 940 5812 ⁸Κυρίου.
1944 5746 2126 5810 λόγου.

596 5841 863 5899 l’n‘uoL.
912 5839 1026 5897 (in.
1063 5837 1330 5900 CXLIX.

3054 5835 3093 5895 Ιι
