4036 6210
536 352 642 418 1οΊ

1748 361 2164 423 NICEPIIORI
2206 362 2587 426 GREGORE

3686 358 3789 428 108

537 471 594 516 ct
617 461 758 532 plebi
785 462 1146 535 imperatores
1176 475 1228 520 et
1261 465 1563 536 principes,
1614 465 1686 520 ita
1719 476 1778 519 ut
1803 471 1896 535 qui
1933 468 2110 524 vocati

2218 471 2514 538 κολούθησε
2569 470 2825 539 δόγματι.
2865 469 3134 523 Δεσπόται
3175 469 3220 523 δ’
3257 471 3324 523 ἂν
3363 463 3476 522 εῐεν
3506 471 3796 539 ἡγεμόνιιτν

541 553 884 626 sintjudiccs
931 556 1081 611 fonte
1121 567 1346 611 utantur
1396 557 1630 628 legibus.
1688 559 1757 613 Et
1787 559 1956 613 multa
1990 560 2116 628 qui-

540 645 664 701 dem
699 655 829 700 sunt
877 647 1121 702 facinora
1167 662 1310 717 qum,
1361 647 1490 702 dum
1532 665 1630 718 per
1664 665 1722 703 sc
1776 659 2118 719 spcclentur,

540 740 792 795 examina
831 741 1077 811 judicum
1126 739 1288 794 facile
1343 741 1641 811 decipiant,
1705 743 1814 795 imo
1861 741 2120 796 laudibus

538 831 594 886 .'n
618 833 813 887 coelum
834 832 1135 886 eii‘erantur
1156 831 1226 886 ab
1251 831 1543 902 imperitis;
1567 834 1728 887 simul
1749 842 1911 902 atque
1934 842 2116 887 autem

433 965 448 988 ,
539 938 663 992 qua:
721 922 790 978 iis
835 923 1161 991 praefuerint
1223 923 1467 977 rationes
1520 923 1753 990 cognitae
1783 933 1934 987 sunt,
1971 921 2117 975 illico

530 1014 688 1068 mille
725 1013 1201 1068 exsecrationibus
1239 1013 1573 1068 obruantur.
1599 1013 1714 1069 Sed
1773 1023 2018 1068 revertar
2046 1012 2117 1066 ad

516 1107 700 1159 'verha
735 1103 836 1159 viri
879 1105 1025 1160 illius
1071 1105 1432 1161 sanctissimi.
1472 1106 1714 1175 gllomo,
1766 1105 1924 1170 dicit,
1981 1105 2116 1175 quid

534 1195 690 1266 agis?
737 1195 888 1265 leges
949 1196 1166 1251 violatae
1209 1204 1362 1261 sunt,
1421 1206 1480 1251 et
1541 1204 1600 1250 tu
1637 1196 1966 1251 violatorum
2027 1212 2117 1252 so-

524 1287 656 1340 tius
704 1302 867 1356 quam
925 1302 1150 1342 severus
1204 1288 1385 1358 leguin
1432 1288 1744 1341 divinarum
1804 1288 1950 1342 ultor
1993 1301 2117 1343 esse

521 1378 747 1434 malis?
795 1379 901 1434 Sed
951 1395 1073 1450 quae
1123 1380 1224 1434 tibi
1270 1381 1377 1434 erit
1424 1379 1630 1433 venia?
1672 1379 1933 1433 nimirum
1973 1380 2117 1434 ulto-

540 1468 699 1523 ribus
755 1468 902 1524 Deus
946 1485 1056 1524 non
1090 1481 1212 1540 eget
1259 1485 1439 1540 neque
1488 1481 1679 1526 nostro
1720 1471 1924 1526 auxilio
1952 1471 1975 1524 ’ί
2007 1469 2115 1526 Sed

522 1575 698 1613 suum
758 1569 808 1614 te
865 1561 982 1614 vult
1033 1577 1156 1616 esse
1221 1562 1579 1627 ministrant,
1631 1562 1706 1617 ita
1771 1571 1832 1617 ut
1887 1562 2115 1631 gloriam

533 1653 816 1706 Ostendas.
880 1672 897 1703 ι
962 1653 1138 1707 Etiam
1194 1669 1422 1723 magnus
1476 1653 1566 1708 ille
1619 1652 1948 1708 Athanasius
2004 1667 2117 1706 non

527 1758 629 1808 eos
683 1751 892 1797 tantum
946 1745 1036 1811 qui
1089 1745 1246 1798 thure
1287 1743 1489 1798 offerre
1535 1753 1790 1798 recusent
1849 1752 2114 1813 martyras

2225 563 2322 629 μὲν
2375 563 2467 612 καὶ
2525 562 2809 629 ἀρχόντων
2870 561 3025 629 νόμοι
3075 561 3168 613 καὶ
3228 561 3466 630 στάθμαι
3527 561 3794 622 κανόνων,

2223 650 2480 720 ὑπηκόων
2527 651 2583 703 δέ
2633 653 2726 703 καὶ
2783 651 3160 719 συρφετώδους
3229 650 3468 720 πλήθους
3523 651 3795 722 ἡγεμόνες

2222 743 2312 793 καὶ
2354 743 2633 810 ἄρχοντες,
2681 740 2758 801 ὡς
2816 744 2879 794 ἐκ
2945 741 3130 810 πηγῆς
3173 740 3282 794 τῶν
3326 744 3505 810 νόμων
3544 741 3688 810 ἔχειν
3734 743 3797 792 τδ

2221 833 2428 903 κρίνειν
2476 834 2652 904 ὀρθῶς
2708 834 3035 902 ὀφείλοντες.
3113 835 3290 886 Πολλὰ
3367 835 3467 902 μὲν
3535 830 3630 884 οὗν
3682 833 3795 885 τῶν

2219 927 2515 995 δρωμένων
2548 925 2671 980 καθ’
2713 927 2881 979 ἑαυτὰ
2921 926 3271 994 θ;ωρούμεε.·α
3301 925 3490 995 λέληθε
3547 924 3642 995 τὴν
3690 927 3795 993 τῆς

2220 1020 2457 1088 κρίσεως
2514 1019 2813 1073 κλέπτοντα
2875 1021 3109 1090 βάσανον
3167 1017 3264 1071 καὶ
3328 1020 3465 1085 πρὸς
3518 1017 3794 1084 αἰθερίους

2221 1112 2479 1182 ἐξιίφνης
2525 1113 2584 1163 ἐν
2630 1114 2734 1165 οὑκ
2785 1112 2984 1164 εἰδόσιν
3037 1111 3343 1180 ἀνέδραμεν
3391 1109 3615 1178 ὑμνςυς,
3659 1126 3763 1158 nec

2221 1200 2513 1268 σει).ηφότα
2551 1199 2608 1251 δὲ
2653 1199 2751 1251 καὶ
2797 1201 2896 1267 τὴν
2949 1199 3069 1267 μεθ’
3125 1194 3189 1269 ἧς
3237 1196 3530 1265 γεγένηται
3579 1197 3792 1263 πρόφα-

2222 1309 2306 1344 σιν
2364 1290 2572 1360 μυρίων
2623 1291 2772 1361 ἀρῶν
2833 1291 3110 1344 ὑπεύθυνα
3160 1289 3566 1356 ἀποπέφανται.
3627 1287 3791 1339 Ἀλλὰ

2223 1382 2554 1452 προσθετέον
2614 1399 2705 1451 μοι
2751 1381 2969 1436 τουτουῖ
3021 1381 3117 1434 τοῦ
3156 1381 3300 1434 θείου
3352 1381 3543 1449 ἀνδρὸς
3581 1378 3788 1448 (1)καὶ

2218 1476 2286 1527 τὰ
2339 1478 2548 1538 τούτοις
2586 1475 2860 1528 ἀκόλουθα
2889 1514 2906 1530 .
2945 1493 2963 1525 ι
2999 1474 3065 1528 Τί
3113 1478 3305 1539 ποιεῖς,
3343 1492 3361 1525 t
3409 1473 3594 1542 φησὶν,
3636 1489 3655 1523 t
3690 1471 3786 1524 ἄν·

2219 1565 2445 1631 θρωπε;
2478 1566 2775 1635 Παρεϐάθη
2831 1566 3018 1636 νόμος,
3053 1568 3147 1619 καὶ
3198 1567 3298 1618 οὑκ
3351 1568 3634 1634 ἐπιτιμᾷς,
3665 1563 3786 1616 οὑδὲ

2218 1657 2342 1727 γίνῃ
2372 1656 2605 1725 χαλεπὸς
2656 1655 2897 1725 τιμωρὸς
2929 1656 3036 1708 τῶν
3085 1654 3178 1708 τοῦ
3225 1654 3360 1707 Θεοῦ
3395 1655 3598 1723 νόμων,
3647 1652 3786 1705 ἀλλὰ

2219 1747 2529 1808 κοιιιωνεῖςς
2580 1744 2686 1795 Καὶ
2742 1745 2898 1795 ποίαν
2957 1745 3146 1812 σχοίης
3190 1743 3257 1796 ἂν
3291 1741 3656 1810 συγγνώμηνς
3690 1740 3784 1808 Μὴ

523 1850 655 1888 esse
729 1837 898 1898 dicit,
959 1837 1051 1890 sed
1114 1838 1280 1889 etiam
1330 1835 1424 1905 qui
1485 1835 1645 1890 [idem
1701 1850 1856 1890 suam
1910 1850 2110 1905 negare

2217 1840 2325 1907 γὰρ
2375 1841 2400 1889 ὁ
2446 1837 2578 1898 Θεὸς
2635 1835 2866 1889 ἐκδίκων
2916 1834 3138 1905 χρῄζεις
3175 1836 3252 1903 μὴ
3281 1835 3390 1901 γὰρ
3441 1831 3784 1902 βνηθούντων

530 1927 736 1982 nolint.
771 1929 951 1997 Neque
1009 1928 1045 1982 ii
1080 1936 1289 1981 tantum
1356 1927 1450 1996 qui
1522 1927 1662 1981 idola
1720 1927 2108 1991 adoraverunt,

530 2027 663 2074 sunt
695 2019 967 2083 infideles.
1007 2020 1102 2076 sed
1131 2020 1296 2075 etiam
1323 2020 1416 2090 qui
1448 2019 1813 2097 prodiderunt
1847 2019 2111 2074 doctrina}

534 2110 847 2164 veritatem.
883 2111 1017 2165 Nam
1048 2110 1360 2180 patriarcha
1389 2110 1666 2164 Abraham
1703 2126 1810 2164 non
1842 2120 1900 2164 ut
1934 2111 1981 2165 is
2012 2110 2108 2180 qui

534 2210 790 2254 mortuus
815 2201 988 2270 sitpro
1021 2201 1155 2266 Deo,
1198 2200 1292 2255 sed
1325 2201 1419 2270 qui
1447 2200 1624 2256 iidelis
1653 2201 1844 2266 fuerit,
1876 2203 2110 2271 palmam

528 2291 766 2364 accepit.
823 2293 996 2345 Iuliam
1056 2291 1232 2346 sancti
1267 2291 1456 2347 Patres
1505 2301 1561 2346 et
1609 2291 1699 2346 alii
1735 2308 1872 2362 quos
1920 2308 2113 2348 omnes

530 2381 1000 2437 commemorandi
1064 2391 1286 2437 sanctus
1315 2382 1514 2437 Paulus
1568 2382 1703 2436 dicit
1744 2393 1958 2452 tempus
2008 2383 2112 2438 sibi

533 2473 700 2544 126
729 2488 836 2527 non
871 2472 1142 2533 sufﬁcere,
1177 2488 1286 2526 non
1318 2473 1465 2543 quod
1512 2473 1835 2544 sanguinem
1873 2489 1971 2544 pro
2000 2475 2112 2529 Dco

534 2565 898 2634 profuderunt
928 2564 984 2618 in
1009 2565 1208 2618 coelum
1234 2565 1407 2620 evecti
1423 2573 1572 2628 sunt,
1595 2565 1688 2619 sed
1710 2566 1854 2634 quod
1880 2581 1980 2636 pro
2009 2565 2115 2620 fide

513 2665 866 2730 jagnarunt.
883 2655 1030 2721 Quos
1053 2655 1217 2710 etiam
1241 2655 1405 2712 hodie
1426 2657 1781 2723 admiramur,
1806 2657 1950 2728 quod
1970 2673 2116 2712 mor-

530 2759 643 2802 tem
673 2746 1008 2802 occumbere
1038 2751 1210 2818 parati
1243 2755 1402 2802 erant
1430 2757 1654 2818 propter
1677 2749 1934 2819 pietatem
1987 2765 2114 2818 erga

519 2841 726 2895 .Deum.
754 2863 771 2892 ι
793 2839 956 2896 Vides
987 2841 1152 2908 igitur
1183 2841 1237 2895 in
1262 2839 1330 2894 iis
1361 2839 1630 2911 ipsisquae
1667 2841 1816 2910 parvi
1843 2841 2112 2896 habentur

513 2932 757 2987 virtutis
771 2933 1070 3002 plurimum
1094 2944 1306 3001 patere,
1337 2932 1500 3001 idque
1525 2932 1696 2986 multo
1725 2932 1898 3002 magis
1921 2933 1974 2986 in
2013 2933 2114 2986 mi-

527 3027 698 3079 nimis
721 3040 884 3094 quam
913 3025 966 3078 in
992 3024 1352 3092 gravissimis.
1383 3024 1517 3078 Nam
1549 3035 1607 3079 ut
1641 3024 1688 3078 is
1713 3030 1808 3095 qui
1839 3025 1895 3078 in
1931 3025 2114 3080 numis

506 3115 694 3185 regiis
761 3115 1312 3184 quantulumcunque
1360 3123 1466 3178 est,
1512 3113 1870 3179 adulteravit,
1937 3122 2111 3168 totum

2135 3157 2182 3214 C

2214 1930 2425 1993 δεῖται;
2472 1926 2616 1982 Ἀλλ’
2662 1927 2948 1997 ὑπηρέτην
2989 1925 3158 1978 αὑτοῦ
3201 1925 3456 1991 γενέσθαι
3492 1940 3550 1975 σε
3591 1921 3782 1991 βούλε-

2213 2039 2324 2085 ται,
2357 2021 2442 2074 ἵνα
2469 2019 2765 2074 κάντεῦθεν
2796 2023 2858 2070 τδ
2883 2018 3158 2087 φιλόδοξον
3181 2016 3382 2089 δείξῃς.
3425 2033 3444 2068 ι
3478 2016 3588 2068 Καὶ
3615 2016 3644 2067 δ
3685 2015 3784 2083 μέ-

2213 2131 2314 2183 γας
2339 2113 2383 2166 δ’
2414 2113 2614 2183 ὁμοίως
2639 2110 3136 2183 φησὶνἈθανάσιος
3173 2109 3249 2179 (2)
3282 2109 3357 2172 ὡς
3399 2108 3503 2162 «οὑ
3534 2108 3696 2178 μόνον
3720 2107 3784 2158 τδ

2218 2207 2292 2276 μὴ
2317 2206 2478 2258 Θῦσαι
2518 2206 2738 2258 λίϐανον
2781 2203 3019 2257 δείκνυσι
3068 2203 3373 2273 μάρτυρας,
3418 2200 3555 2254 ἀλλὰ
3595 2199 3691 2252 καὶ
3719 2199 3783 2252 τὸ

2219 2300 2294 2369 μὴ
2327 2298 2428 2367 τὴν
2466 2299 2654 2349 πίστιν
2688 2294 3032 2365 ἀρνήσασθαι
3061 2309 3077 2326 ο
3125 2293 3220 2347 καὶ
3269 2294 3366 2363 οὑχ
3417 2293 3468 2346 οί
3499 2293 3783 2352 κλίναντες

2215 2393 2295 2454 εἰς
2326 2390 2520 2444 εἴδωλα
2553 2390 2715 2459 μόνον
2759 2385 3169 2456 κατεκρίθησαν
3209 2385 3284 2448 ὡς
3318 2385 3613 2454 ἀλλότριοι,
3644 2383 3784 2438 ἀλλὰ

2217 2481 2314 2534 καὶ
2365 2481 2412 2532 oi
2458 2474 2860 2548 προδεδωκότες
2907 2476 3010 2544 τὴν
3053 2474 3333 2545 ἀλήθειαν.
3381 2473 3630 2543 Ἀϐραὰμ
3675 2475 3785 2540 γὰρ

2215 2575 2242 2627 δ
2283 2575 2625 2642 πατριάρχης
2653 2570 2754 2622 οὑκ
2801 2567 3114 2638 ἀναιρεθεὶς
3153 2565 3527 2636 ἐστεφανώθη,
3557 2565 3672 2618 ἀλλ’
3701 2567 3785 2618 ὅτι

2219 2663 2411 2726 πιστὸς
2440 2663 2636 2731 γέγονε
2665 2662 2742 2733 τῷ
2777 2661 2931 2732 Θεῷο
2975 2661 3028 2713 οἶ
3054 2677 3112 2713 τε
3153 2650 3305 2714 ἄλλοι
3350 2659 3496 2728 ἅγιοι
3542 2660 3784 2729 Πατέρες

2217 2755 2315 2804 καὶ
2335 2751 2385 2803 oi
2419 2752 2514 2803 σὺν
2549 2749 2752 2815 αὑτοῖς,
2778 2748 2905 2818 περὶ
2942 2742 3019 2802 ὧν
3045 2748 3300 2802 ἁπάντων
3328 2747 3356 2800 ὁ
3380 2747 3592 2808 Παῦλος
3616 2749 3785 2814 φησιν

2218 2841 2520 2909 ἐπιλείψειν
2552 2840 2644 2893 τὸν
2670 2840 2864 2909 χρόνον
2891 2838 3054 2893 αὑτὸν
3081 2839 3460 2909 διηγούμενον,
3490 2839 3589 2908 οὑχ
3618 2837 3783 2906 αἵμα-

2216 2951 2305 2987 τος
2333 2934 2662 3003 ἐκχυθέντος
2690 2931 3110 3002 ἐτελειώθησαν,
3132 2932 3265 2986 ἀλλά
3291 2931 3376 2984 διά
3406 2931 3662 2994 πίστεως,
3689 2931 3787 2982 καὶ

2219 3029 2384 3097 μέχρι
2410 3025 2504 3078 νῦν
2547 3024 2937 3095 θαυμάζονται,
2979 3025 3062 3078 δτι
3106 3025 3200 3078 καὶ
3233 3025 3461 3078 θάνατον
3489 3023 3784 3091 ὑπομένειν

2215 3115 2358 3189 ἦσαν
2385 3117 2597 3186 ⁴ἕτοιμοι
2617 3116 2706 3170 διὰ
2737 3116 2836 3187 τὴν
2862 3119 2920 3178 ἐς
2948 3115 3081 3168 Θεδν
3119 3114 3422 3168 εὐσέϐειαν.
3463 3131 3482 3165 ι
3515 3112 3678 3182 ὐρᾷς
3707 3111 3784 3174 ὡς

515 3209 854 3276 pessundat,
887 3208 967 3262 sic
993 3206 1157 3261 etiam
1194 3208 1285 3276 qui
1316 3206 1370 3260 in
1396 3205 1566 3261 sacris
1593 3205 1806 3277 legibus
1829 3205 2111 3260 minimam

2215 3214 2272 3264 ἐν
2301 3213 2413 3273 τοῖς
2452 3211 2668 3279 μικροῖς
2719 3206 2921 3276 μᾶλλον
2967 3209 3036 3258 τὰ
3082 3206 3316 3276 μέγιστα
3353 3205 3629 3258 δείκνυται
3677 3203 3784 3255 τῶν

505 3298 821 3366 ἰτοιιδίιίρι,
843 3299 895 3352 in
921 3307 1035 3353 toto
1062 3298 1329 3367 peccabit.

2212 3303 2415 3363 καλῶν,
2457 3302 2551 3353 καὶ
2579 3299 2720 3365 μάλα
2761 3299 2964 3369 μᾶλλον
3005 3301 3062 3349 ἐν
3090 3301 3200 3359 τοῖς
3233 3295 3448 3367 μάλιστ’
3477 3295 3785 3364 ἐλαχίστοις

523 3392 698 3445 ἐνίοτε
722 3391 756 3461 ἢ
792 3393 904 3452 τοῖς
943 3390 1257 3460 μεγίστοις;
1308 3391 1391 3451 Ὠς
1426 3391 1534 3460 γὰρ
1563 3391 1620 3443 ἐν
1655 3394 1766 3454 τοῖς
1798 3391 2100 3462 βασιλικοῖς
2143 3396 2443 3464 νομίσμασι
2492 3397 2583 3449 καὶ
2633 3396 2661 3448 δ
2712 3393 2910 3463 μικρόν
2968 3411 3020 3446 τι
3086 3393 3534 3462 παραχαράττων
3567 3391 3690 3444 ὅλον
3718 3391 3783 3444 ἁ⁹

502 3486 711 3554 ,χρεϊον
736 3485 900 3550 ποιεῖ,
928 3482 1070 3535 οὑτω
1141 3479 1234 3534 καὶ
1293 3484 1320 3534 δ
1355 3482 1464 3534 τῶν
1539 3483 1698 3534 θείων
1745 3485 1987 3537 κανόνων
2051 3484 2402 3556 τούλάχιστον
2448 3486 2894 3557 ἀνατρεπόμενον
2940 3487 3215 3556 περιορῶν
3256 3485 3333 3555 τῷ
3374 3486 3538 3539 παντὶ
3586 3483 3783 3553 λυμαί·

513 3595 697 3632 verat.

598 3671 682 3724 ill.
715 3669 833 3723 Jam
866 3683 996 3722 vero
1025 3669 1169 3739 quod
1201 3685 1296 3724 eos
1319 3669 1516 3724 attinet
1541 3670 1634 3739 qui
1672 3670 1848 3725 sacris
1891 3668 2103 3728 aedibus

503 3763 740 3836 expulsi
763 3772 912 3826 sunt,
946 3763 1244 3816 nonnullos
1292 3764 1498 3818 scimus
1544 3763 1664 3832 pios
1693 3764 1838 3817 viros
1871 3765 1922 3816 in
1979 3764 2104 3834 fuga

523 3857 972 3931 apuiliniidclcs,
1011 3856 1105 3925 qui
1156 3855 1410 3909 fidelibus
1469 3857 1855 3910 clementiores
1920 3867 2101 3922 erant,

523 3950 835 4022 perfugium
866 3948 1165 4012 invenisse,
1193 3947 1375 4014 ibique
1410 3945 1599 3998 solitas
1626 3945 1680 3998 in
1711 3944 1882 3999 Deum
1912 3960 2106 4016 preca-

525 4043 706 4096 tiones
742 4040 918 4094 facere
949 4037 1277 4108 perrexisse.
1309 4036 1495 4105 Neque
1525 4036 1681 4105 pauci
1695 4043 1821 4090 sunt
1847 4051 1878 4090 e
1907 4045 2109 4090 sancta:

523 4133 788 4188 Ecclesia:
822 4131 982 4191 viris,
1015 4130 1108 4199 qui
1153 4128 1209 4182 in
1247 4127 1518 4199 ejusmodi
1551 4128 1722 4182 duras
1759 4129 2108 4182 conditiones

525 4238 672 4293 saepe
698 4209 1042 4284 inciderunt,
1071 4231 1133 4274 ut
1155 4229 1414 4288 tanquam
1441 4234 1634 4272 aurum
1653 4219 1872 4272 fornace
1891 4219 2104 4288 probati

527 4315 840 4384 exemplum
882 4323 1068 4367 essent
1097 4314 1331 4381 posteris
1359 4310 1736 4365 ﬁrmissimum
1760 4312 2100 4374 constantiae,

529 4419 582 4465 et
628 4418 688 4463 ut
712 4407 912 4476 majora
939 4408 1102 4459 a‘Dco
1129 4404 1444 4474 acciperent
1482 4403 1725 4473 praemia.
1755 4403 1896 4458 Deus
1921 4413 2101 4457 autem

2278 3671 2353 3727 1".
2398 3673 2458 3724 Ei
2486 3671 2542 3724 δὲ
2569 3670 2662 3723 καὶ
2690 3671 2799 3722 τῶν
2833 3669 2996 3739 ἱερῶν
3018 3668 3124 3732 ἔξω
3156 3666 3459 3736 περιϐόλων
3483 3665 3781 3732 ὠθούμενοι

2209 3766 2301 3818 καὶ
2335 3765 2470 3832 πρὸς
2517 3763 2726 3831 ἔκφυλα
2776 3763 2874 3832 μὲν
2902 3761 3178 3823 ἐντεῦθεν,
3213 3759 3700 3829 φιλανθρωπότερα
3732 3758 3778 3810 δ’

2207 3855 2300 3907 οὑν
2327 3855 2434 3905 τῶν
2451 3855 2736 3923 ὁμοφύλων
2765 3854 2898 3921 γένη
2928 3853 3166 3920 φυγάδες
3197 3851 3327 3902 ἔνιοι
3353 3851 3460 3902 τῶν
3489 3849 3779 3901 εὑσεδούνφ

2209 3959 2318 3994 των
2365 3961 2389 4009 σι
2407 3943 2641 4011 ινόμενοι
2667 3939 2878 3993 ἐκεῖθεν
2910 3939 3008 4001 τὰς
3033 3941 3242 4000 οἰκείας
3261 3936 3427 4006 εὐχὰς
3448 3937 3782 4004 ἀναφέρουσι

2212 4033 2290 4102 τῷ
2319 4031 2460 4100 Θεῷ,
2508 4030 2694 4084 καινὸν
2719 4031 2874 4083 οὐδέν
2895 4045 2910 4060 ο
2948 4028 3134 4080 πολλοὶ
3162 4028 3272 4096 γὰρ
3299 4027 3408 4079 τῶν
3443 4024 3608 4077 πάλαι
3651 4024 3784 4076 θαυ-

2217 4125 2545 4193 μαζομένων
2571 4121 2669 4191 τῆς
2694 4121 2787 4174 τοῦ
2822 4120 2961 4173 Θεοῦ
3005 4119 3336 4188 Ἑκκλησίας
3362 4117 3568 4186 ἀνδρῶν
3610 4115 3783 4168 τοιού-

2210 4234 2322 4279 τοις
2377 4216 2638 4276 πολλάκις
2681 4213 3119 4281 συντετυχήκασι
3163 4214 3275 4273 τοῖς
3330 4211 3546 4270 δεινοῖς,
3597 4205 3666 4259 ἶν’
3703 4208 3781 4270 ὡς

2211 4307 2412 4378 χρυσὸς
2439 4307 2500 4359 ἐν
2524 4305 2880 4376 χωνευτηρίῳ
2909 4305 3335 4373 δοκιμασθέντες
3364 4304 3478 4362 τοῖς
3507 4301 3553 4351 τ’
3585 4300 3782 4368 ἐφεξῆς

2211 4401 2516 4468 ὑπόδειγμα
2537 4400 2803 4465 γένωνται
2828 4399 3120 4466 κράτιστον
3147 4395 3378 4465 ἀρετῆς,
3403 4393 3498 4446 καὶ
3526 4391 3638 4459 ἆῤ]
3673 4407 3786 4457 μει-

532 4505 647 4570 ipse
671 4514 863 4554 eorum
890 4497 1032 4550 viam
1078 4495 1335 4566 patefacit
1393 4505 1449 4549 et
1500 4494 1729 4564 vestigia
1790 4493 2105 4549 moderatur

2215 4492 2380 4555 ζόνων
2419 4492 2578 4544 αὐτοὶ
2629 4491 2766 4561 πρὸς
2792 4490 2928 4542 Θεοῦ
2961 4490 3053 4542 καὶ
3099 4489 3208 4540 τῶν
3232 4487 3560 4540 ἀντιδόσεων
3603 4483 3785 4553 τύχω-

525 4608 718 4647 eorum
747 4591 840 4660 qui
865 4599 1090 4660 propter
1115 4588 1580 4657 ipsum'vexantur
1603 4586 2106 4656 persecutionilms,

529 4693 583 4735 et
619 4683 704 4736 his
744 4683 796 4734 iu
852 4679 1193 4749 temporibus
1239 4675 1488 4732 infideles
1535 4675 1666 4731 facit
1719 4676 2109 4730 clementiores

532 4774 804 4828 fidelibus.
836 4773 1005 4842 Cujus
1046 4772 1125 4826 rei
1170 4785 1289 4841 prie
1319 4771 1442 4824 aliis
1486 4769 1796 4837 exemplum
1821 4777 1907 4822 est
1959 4766 2106 4836 quod

529 4868 599 4919 de
629 4867 760 4918 feris
788 4873 843 4918 et
873 4863 1162 4918 indomitis
1214 4863 1405 4917 bestiis
1462 4861 1607 4915 circa
1637 4860 1916 4914 Danielem
1946 4859 2103 4928 127

531 4957 879 5010 factumesse
909 4955 1244 5025 accepimus.
1278 4950 1458 5005 Facile
1511 4950 1657 5005 enim
1711 4949 1986 5004 feritatem
2045 4950 2100 5002 in

522 5048 1014 5104 mansuetudinem
1045 5043 1318 5100 convertit
1349 5043 1512 5107 Deus,
1535 5057 1698 5112 quem
1753 5057 1878 5097 cum
1903 5043 2105 5111 ubique

535 5141 696 5196 nobis
746 5140 936 5194 adesse
970 5139 1214 5191 sciamus
1264 5142 1429 5202 atque
1478 5132 1790 5196 credamus,
1847 5131 1966 5202 ipse
1999 5132 2106 5186 Da-

534 5233 624 5286 vid
659 5247 784 5286 eum
815 5229 1072 5284 omnibus
1098 5224 1250 5296 regni
1277 5225 1361 5278 sui
1404 5225 1546 5278 locis
1601 5223 1706 5278 coli
1739 5223 1912 5277 voluit
1960 5223 2105 5277 cele~

535 5323 906 5384 brationibus,
948 5333 1079 5375 sane
1133 5316 1331 5370 melius
1355 5325 1438 5369 cst
1469 5316 1573 5369 sub
1637 5315 1786 5377 divo,
1827 5315 1881 5365 in
1909 5317 2105 5367 soiitu-

529 5418 689 5482 dine,
737 5418 790 5468 in
817 5411 1096 5466 montibus
1132 5425 1297 5478 puras
1329 5407 1438 5461 Deo
1472 5407 1733 5460 exhibere
1759 5405 2109 5474 precationes

526 5525 701 5577 .quaui
725 5520 850 5560 curti
879 5500 1192 5556 inﬁdelibus
1235 5499 1289 5552 in
1332 5496 1549 5566 templis
1601 5513 1736 5552 auro
1771 5505 1826 5551 et
1856 5495 2110 5565 splendi-

532 5602 625 5652 Αῖίκ
657 5597 853 5650 tabulis
904 5594 1133 5646 ornatis.
1188 5590 1330 5645 Audi
1377 5604 1500 5659 ηυδε
1558 5598 1782 5643 sanctus
1814 5585 2111 5654 Gregorius

616 5712 689 5786 .l)
725 5706 1108 5786 .‘ipuo'isvigou
1249 5703 1344 5786 τῆς
1395 5701 1684 5782 ἑρμηνείας
1727 5699 1819 5753 τοῦ
1869 5696 1921 5769 μ’
1961 5696 2199 5768 ψαλμοῦ.

601 5785 688 5842 ,(2)
742 5780 832 5830 ’ὶέκ
865 5781 956 5845 τῆς
993 5774 1278 5843 ἐγκυκλίου
1311 5774 1619 5840 ἐπιστολῆς,

2213 4599 2322 4646 σιν,
2377 4581 2543 4635 αὑτοῦ
2575 4579 2672 4633 τοῦ
2725 4579 2863 4633 Θεοῦ
2917 4577 3402 4647 προοδοποιοῦντος
3453 4577 3546 4628 καὶ
3577 4574 3648 4627 τά
3676 4572 3784 4626 τῶν

2209 4669 2558 4739 διωκομένων
2604 4668 2742 4735 ὑπέρ
2791 4667 2957 4720 αὑτοῦ
2990 4665 3412 4724 κατευθύνοντος
3441 4661 3781 4729 διαδήματα,

2210 4762 2307 4814 καὶ
2336 4762 2443 4812 τῶν
2467 4759 2757 4830 ὁμοφύλων
2785 4761 2914 4822 τοὺς
2971 4756 3308 4825 ἀλλοφύλους
3355 4753 3696 4822 πραοτέρους
3726 4752 3784 4801 ἐν

2207 4852 2320 4912 τοῖς
2349 4848 2613 4909 τοιούτοις
2658 4847 2895 4917 δρῶντος
2922 4843 2994 4914 ,[ί.
3036 4844 3140 4897 125
3173 4843 3225 4913 bj
3255 4845 3492 4912 καιροῖς,
3527 4839 3783 4904 καθάπερ

2209 4943 2356 4996 ἔστιν
2387 4941 2422 4995 ἃ
2451 4939 2559 4993 τῶν
2613 4938 2820 5008 σφόδρα
2860 4936 3071 5006 ἀγρίων
3117 4939 3213 4987 καὶ
3255 4934 3549 5004 ἀνημέρων
3575 4931 3783 5000 θηρίων

2207 5035 2302 5087 ἐπὶ
2325 5031 2522 5102 Δανιὴλ
2545 5030 2641 5084 καὶ
2670 5029 2778 5082 τῶν
2807 5027 3009 5092 ἄλλων,
3035 5027 3128 5081 τοῦ
3150 5025 3453 5096 θηριώδους
3476 5025 3782 5094 τηνικαῦτα

2207 5126 2270 5177 τὸ
2317 5123 2586 5194 προσηνὲς
2623 5119 2988 5173 ἀλλάττεσθαι
3031 5121 3204 5188 ῥᾷστα
3243 5117 3783 5186 παρασκευάζοντος.

2221 5218 2374 5270 Ἐπεὶ
2405 5217 2512 5286 γάρ
2544 5209 2821 5282 πανταχοῦ
2849 5212 3106 5279 παρεῖναι
3151 5209 3240 5262 τὸν
3270 5211 3404 5264 Θεὸν
3456 5207 3783 5278 μεμαθήκα-

2215 5309 2316 5376 μέν
2340 5323 2399 5358 τε
2435 5307 2532 5359 καὶ
2563 5301 3032 5369 πεπιστεύκαμεν,
3065 5301 3170 5353 κάν
3201 5300 3364 5352 παντὶ
3387 5299 3538 5365 τόπῳ
3559 5300 3658 5364 τῆς
3685 5295 3785 5348 αὑ-

2211 5400 2305 5452 τοῦ
2335 5398 2652 5458 δεσποτείας
2697 5398 2726 5448 δ
2773 5394 2939 5448 Δαὸὶδ
2979 5393 3144 5446 αὑτὸν
3178 5391 3426 5458 εὐλογεῖν
3467 5387 3780 5457 ἐπιτρέπει,

2213 5491 2422 5560 βέλτιον
2451 5491 2508 5542 ἐν
2538 5489 2824 5556 ὑπαίθροις
2865 5491 2960 5542 καὶ
2995 5485 3254 5557 ἐρημίαις
3297 5483 3392 5537 καὶ
3427 5481 3613 5552 δρεσιν
3656 5478 3784 5530 ἀκί-

2215 5581 2546 5653 ϐδηλονΐθεῷ
2572 5583 2868 5652 προσάγειν
2902 5577 3202 5650 τὸν-ὕμνον,
3237 5577 3268 5648 ἢ
3299 5574 3571 5630 δυσσεὸῶν
3590 5589 3789 5624 κοικω-
