4036 6210
335 301 443 366 109

1318 297 1762 358 ΒΥΖΛΝΤΙΧίΕ
1792 296 2174 358 HISTORl/E
2201 299 2348 360 LtB.
2389 300 2628 362 XXVII.

3479 301 3578 366 1ἱο

330 412 424 483 νίς.
464 411 780 482 χρωμένους
814 411 1000 482 χρυσῷ
1055 411 1491 480 κεκοσμημένοις
1546 391 1638 462 καὶ
1685 392 1906 462 πλακῶν

2013 407 2230 465 locutus
2258 421 2344 466 est
2368 413 2484 465 suis
2509 414 2952 480 persecutoribus
2992 432 3006 468 ι
3043 433 3061 465 ι
3098 412 3322 468 llabitas
3355 416 3581 484 quidem
3631 479 3644 492 .

332 506 690 573 στιλπνότητι
729 504 1018 574 προσέχειν
1049 503 1339 572 τεμένεσιν
1367 517 1380 532 ⁸
1416 502 1640 566 ἀκούεις
1671 503 1779 572 γὰρ
1816 502 1910 554 καὶ

330 598 430 650 τοῦ
469 596 618 650 θείου
649 598 948 663 φάσκοντος
981 595 1286 666 Γρηγορέου
1337 598 1450 657 τοῖς
1483 595 1606 647 τότε
1649 591 1910 657 διώκταις

329 689 502 742 αὐτοῦ
533 688 633 756 (1)·
658 687 760 738 «Σὺ
785 688 843 740 δέ
881 703 968 756 μοι
1005 687 1284 756 περιείχου
1311 688 1417 740 τῶν
1452 686 1648 754 τοίχων
1680 685 1775 737 καὶ
1801 682 1910 736 τῶν

338 778 571 834 πλακῶν
621 779 715 832 καὶ
769 779 868 848 τῆς
911 779 1337 849 κεκοσμημένης
1379 777 1612 847 ψηφῖδας
1659 775 1754 828 καὶ
1801 775 1910 828 τῶν

337 871 566 941 μακρῶν
616 872 834 942 δρόμων
882 874 971 925 καὶ
1019 873 1387 942 περιδρόμοιν,
1438 870 1534 924 καὶ
1583 869 1773 941 χρυσῷ
1814 886 1912 922 κα-

332 965 616 1033 τελάμπου
675 966 770 1018 καὶ
837 963 1253 1034 περιελάμπου,
1317 963 1527 1032 ἀγνοῶν
1580 967 1664 1019 ὃτι
1717 965 1908 1036 κρείσ-

333 1075 448 1110 σων
506 1057 772 1126 ὕπαιθρος
837 1059 1020 1121 πίστις
1071 1057 1399 1120 πολυτελοῦς
1457 1058 1755 1122 ἀσεϐείας,
1814 1058 1909 1110 καὶ

334 1150 558 1213 πλείους
607 1150 727 1218 Θεῷ
794 1153 942 1220 τρεῖς
1005 1151 1339 1219 συνημμένοι
1412 1151 1471 1204 ἐν
1519 1142 1744 1219 ὀνόματι
1793 1150 1908 1202 Κυ-

334 1243 456 1310 ρίου
490 1242 698 1294 πολλῶν
721 1241 1070 1312 ἀρνουμένων
1093 1241 1325 1310 θεότητα
1355 1239 1490 1312 (2).»
1514 1242 1621 1294 Καὶ
1654 1240 1837 1304 Ἠλίας
1863 1242 1908 1295 δ’

331 1334 534 1402 ἔφευγε
562 1334 660 1396 τὰς
688 1337 786 1402 τῆς
837 1333 1073 1397 Ἰεζάϐελ
1097 1332 1347 1397 ἀπειλὰς,
1382 1334 1474 1385 καὶ
1499 1332 1596 1396 τὰς
1620 1334 1712 1385 τοῦ
1738 1333 1909 1386 Σαοὺλ

328 1427 361 1478 6
394 1427 583 1489 Δαϐὶδ,
618 1426 713 1478 καὶ
745 1425 855 1494 ὅπη
906 1425 1122 1495 τύχοιεν
1152 1424 1520 1478 ἐπεκαλοῦντο
1549 1425 1639 1477 τὸν
1678 1424 1906 1503 Κύριον.

331 1521 447 1574 Καὶ
501 1520 553 1572 οἱ
584 1520 862 1588 μάρτυρες
893 1519 993 1587 τῆς
1040 1518 1300 1588 ἀληθείας
1329 1519 1533 1570 ἐκεῖνοι
1583 1518 1908 1588 διωκόμενοι

335 1613 438 1681 μὲν
467 1612 702 1680 ἔφευγον
732 1613 823 1663 καὶ
859 1609 1214 1672 λανθάνοντες
1258 1609 1613 1679 ἐκαρτέρουν,
1655 1610 1908 1678 εὑρισκό-

333 1722 492 1775 μενοι
519 1705 576 1756 δὲ
625 1703 998 1774 ἐμαρτύρουν.
1031 1721 1051 1756 ι
1087 1703 1327 1756 Ἤκιστα
1353 1703 1447 1756 οῦν
1487 1719 1545 1755 σε
1577 1705 1757 1773 χρεὼν
1795 1707 1908 1768 τοῖς

333 1762 980 1870 σμικρολόγοιςέκείνοις
1013 1797 1391 1866 συμφέρεσθαι
1422 1796 1522 1867 τὴν
1553 1762 1820 1861 διάνοιαν,
1857 1762 1908 1851 oi
1941 1762 1984 1816 Β

327 1890 511 1960 δειλίᾳ
537 1891 644 1941 τινὶ
679 1889 882 1958 μεταξὺ
914 1888 1022 1941 τῶν
1051 1888 1242 1940 δεινῶν
1270 1890 1370 1958 τὴν
1400 1888 1580 1959 ψυχὴν
1621 1888 1910 1942 συνθολού-

331 1999 493 2050 μενοι
544 1982 914 2050 θαυμάζοσσιν
958 1982 1107 2042 ὅπως
1154 1981 1274 2043 ὁδὸς
1318 1981 1417 2051 μὲν
1450 1981 1664 2046 ἀσεϐῶς
1699 1983 1757 2036 ἐν
1795 1983 1908 2045 τοῖς

331 2079 602 2138 τοιούτοις
652 2077 860 2142 καιροῖς
910 2075 1210 2136 εύοδοῦται,
1240 2069 1320 2137 οἷς
1364 2074 1424 2128 δὲ
1458 2075 1549 2128 τὸν
1581 2075 1721 2143 ὑπὲρ
1755 2075 1914 2128 εὐσε-

329 2171 491 2232 ϐείας
544 2168 954 2239 σταδιοδρομεῖν
995 2167 1274 2235 ἐξεγένετο
1323 2167 1564 2232 δίαυλον,
1611 2167 1823 2230 τούτοις
1867 2166 1914 2221 δ’

331 2257 681 2328 ὑϐρίζεσθαι,
707 2256 1173 2326 περιφρονεῖσθαι,
1206 2256 1681 2324 συκοφαντεῖσθαι,
1718 2256 1916 2324 χλευά-

329 2352 555 2415 ζεσθαι,
601 2349 696 2402 καὶ
733 2347 988 2412 καθάπαξ
1017 2349 1215 2411 εἰπεῖν,
1250 2348 1360 2401 πᾶν
1409 2348 1648 2419 πονηρὸν
1680 2350 1905 2403 ἀκούειν

328 2443 492 2512 ῥῆμα
555 2441 764 2510 μακρόν
810 2457 932 2494 τινα
989 2439 1082 2492 καὶ
1140 2439 1488 2509 ἀτέκμαρτον
1539 2441 1908 2509 συγχωρεῖται

326 2535 537 2602 δρόμον
588 2533 682 2586 τοῦ
717 2533 934 2602 χρόνου,
969 2530 1064 2585 τοῦ
1100 2530 1236 2584 Θεοῦ
1287 2531 1362 2602 μὴ
1413 2534 1636 2602 ταχεῖαν
1680 2533 1908 2600 ἐπάγειν

335 2627 616 2688 ἐθέλοντος
663 2627 763 2695 τὴν
790 2625 1094 2696 ἐκδίκησιν,
1125 2624 1244 2677 ἀλλ’
1281 2624 1480 2687 ἐῶντος
1521 2626 1683 2678 παντὶ
1733 2625 1794 2678 τὸ
1822 2628 1908 2678 νό-

337 2737 518 2790 μισμα
557 2717 1054 2781 διακωδωνίζεσθαι
1101 2718 1308 2787 τρόπῳ,
1348 2717 1463 2771 ἀλλ’
1512 2716 1908 2785 ἀναλογιζόμε-

339 2827 434 2864 νον
469 2813 555 2863 ἐπὶ
589 2809 789 2863 σαυτοῦ
821 2809 892 2863 τά
942 2810 1108 2864 πάλαι
1155 2809 1444 2878 γενόμενα,
1495 2809 1589 2861 καὶ
1641 2807 1907 2877 θεοφιλῶς

338 2922 694 2990 ἀνιχνεύοντά
724 2938 780 2973 τε
811 2920 905 2973 καὶ
938 2919 1338 2989 ἀναλεγόμενον
1371 2918 1602 2985 ἕκαστα,
1638 2916 1819 2986 σαυτῷ
1844 2933 1905 2970 τε

337 3017 433 3067 καί
490 3014 706 3076 πολλοῖς
755 3013 964 3082 ἑτέροις
1014 3011 1266 3064 ἐντεῦθεν
1321 3011 1588 3080 μεγίστην
1640 3011 1907 3081 παρέχειν

328 3106 626 3172 ὠφέλειαν.
675 3105 920 3164 Ἀκούεις
949 3104 1057 3174 γὰρ
1091 3105 1184 3157 τοῦ
1236 3103 1475 3173 μεγάλου
1513 3101 1621 3154 τῶν
1648 3101 1907 3155 τοιούτων

2017 501 2162 556 intra
2210 519 2415 568 muros,
2447 506 2653 572 palatia
2687 508 2890 575 ampla,
2928 509 3194 576 porticus,
3232 516 3286 561 et
3308 522 3446 560 auro
3480 509 3554 562 fui

2015 609 2144 663 ges;
2171 593 2265 648 sed
2306 596 2474 649 Deum
2527 597 2630 650 sub
2662 597 2788 650 divo
2819 597 3002 652 colere
3034 598 3228 652 melius
3272 613 3394 653 esse
3419 614 3586 668 quam

2015 701 2170 740 sacra
2212 686 2497 755 splendida
2540 687 2722 744 facere
2777 705 2900 744 cum
2951 689 3118 760 impio
3172 691 3376 756 animo,
3420 691 3586 746 etiam

2019 786 2130 833 tres
2165 779 2415 833 homines
2454 779 2508 833 in
2555 783 2777 836 nomine
2834 781 3048 836 Domini
3093 783 3419 852 coniunctus
3475 781 3586 835 Deo

2017 870 2280 940 gratiores
2303 887 2422 926 esse
2449 887 2611 941 quam
2638 872 2809 926 multo
2829 873 3012 942 plures
3040 874 3132 944 qui
3164 874 3331 928 Deum
3365 885 3585 942 negent.

2018 962 2215 1018 neseis.
2274 961 2418 1018 Elias
2463 973 2644 1018 autem
2700 965 2794 1034 qui
2843 965 3110 1021 Jezabelae
3157 976 3213 1021 et
3273 967 3439 1022 David
3491 967 3586 1036 qui

2015 1053 2166 1109 Sauli
2210 1055 2383 1110 minas
2426 1057 2580 1124 fugit,
2615 1071 2945 1126 quocunque
2990 1069 3260 1111 venerunt
3294 1059 3590 1113 laudarunt

2019 1147 2208 1200 Deum.
2240 1147 2419 1201 Etiam
2473 1159 2736 1218 martyres
2783 1149 2858 1204 illi
2904 1151 3151 1205 veritatis
3195 1151 3428 1220 primoa
3464 1166 3589 1220 per-

2015 1239 2363 1294 secutoribus
2394 1242 2568 1294 vexati
2623 1241 2677 1294 in
2713 1241 2888 1311 fugam
2929 1257 2986 1296 se
3019 1243 3290 1298 dederunt
3329 1259 3346 1299 ι
3383 1242 3478 1297 sed
3531 1243 3586 1296 in

2015 1331 2233 1385 occulto
2289 1333 2532 1386 animum
2595 1334 2997 1389 confirmarunt
3040 1345 3098 1390 et
3153 1335 3415 1402 protracti
3487 1349 3588 1402 pro

2016 1423 2128 1478 Deo
2158 1425 2356 1478 mortui
2388 1434 2537 1479 sunt.
2581 1444 2600 1477 ι
2645 1426 2998 1496 Nequaquam
3031 1427 3199 1497 igitur
3232 1439 3292 1481 ut
3315 1428 3452 1482 levia
3483 1429 3588 1484 ista

2016 1515 2186 1571 debes
2234 1517 2526 1585 respicere.
2576 1517 2679 1583 Qui
2756 1519 2811 1572 in
2867 1519 3034 1573 rebus
3089 1519 3340 1587 angustis
3403 1521 3588 1589 pusilli

2013 1618 2143 1664 sunt
2171 1619 2226 1665 et
2253 1610 2443 1666 fractis
2468 1610 2665 1665 animis
2690 1611 2957 1688 mirantur
2997 1613 3139 1682 quod
3173 1613 3466 1682 impiorum
3493 1613 3591 1669 vite

2015 1702 2325 1756 istiusmodi
2371 1702 2424 1756 in
2462 1703 2627 1759 rebus
2666 1705 2842 1773 plana:
2891 1716 2946 1760 et
2979 1706 3166 1762 felices
3215 1717 3365 1772 sunt,
3399 1718 3588 1764 contra

2016 1794 2158 1863 quod
2189 1795 2226 1849 ii
2268 1795 2360 1865 qui
2393 1805 2617 1866 propter
2667 1799 2925 1866 pietatem
2963 1800 3300 1870 periculosas
3346 1802 3459 1856 vias
3505 1804 3590 1856 in-

2014 1887 2186 1956 gressi
2215 1900 2365 1953 sunt,
2399 1904 2498 1959 per
2531 1891 2753 1960 longum
2790 1902 2843 1946 et
2880 1892 3154 1946 infinitum
3192 1903 3405 1963 tempus
3441 1895 3591 1950 inso-

2016 1980 2194 2034 lenter
2233 1988 2559 2047 tractantur,
2593 1991 3046 2048 contemnuntur,
3071 1986 3230 2054 128
3255 1989 3586 2056 produntur,

2016 2071 2345 2136 irridentur,
2397 2073 2522 2127 aliis
2553 2075 2742 2129 multis
2791 2077 3058 2132 molestiis
3112 2091 3394 2148 urgentur.
3445 2083 3590 2139 Deus

2015 2164 2164 2218 enim
2189 2180 2299 2218 non
2322 2165 2550 2220 festinat
2573 2167 2863 2238 judicium,
2891 2168 2985 2223 sed
3035 2186 3309 2242 quemque
3346 2175 3584 2229 stadium

2013 2272 2174 2311 suum
2201 2258 2732 2315 vultdecurrere.Tu
2761 2277 2895 2316 vero
2920 2279 3042 2332 quze
3074 2285 3103 2318 a
3124 2266 3403 2334 majorbus
3427 2271 3587 2325 nobis

2011 2351 2212 2405 tradita
2240 2362 2368 2407 sunt
2409 2354 2568 2408 velim
2599 2356 2942 2412 consideres.
2977 2357 3131 2414 Unde
3181 2360 3225 2413 si
3277 2362 3367 2431 pio
3400 2364 3585 2416 animo

2010 2444 2431 2516 investigaveris
2452 2447 2663 2518 singula
2687 2465 2916 2520 qumque
2935 2460 2990 2506 et
3017 2463 3193 2506 tecum
3222 2457 3587 2524 reputaveris,

2010 2547 2063 2590 ct
2099 2537 2197 2592 tibi
2226 2548 2281 2593 et
2319 2540 2444 2594 aliis
2474 2543 2658 2596 multis
2689 2545 2883 2612 optimi
2915 2545 3128 2601 fructus
3170 2549 3583 2605 redundabunt.

2011 2629 2184 2684 Audis
2211 2631 2356 2684 enim
2386 2647 2451 2686 ex
2494 2649 2686 2703 magno
2719 2635 2816 2689 illo
2855 2636 3270 2708 Chrysostomo,
3303 2641 3372 2694 ab
3415 2641 3588 2696 initiis

2013 2719 2295 2792 Evangelii
2328 2722 2693 2793 Stephanum,
2725 2729 2902 2782 amnis
2930 2731 3104 2799 rapidi
3139 2747 3293 2787 more
3323 2732 3584 2789 ﬂuentem

2014 2818 2071 2866 et
2107 2827 2298 2868 omnes
2333 2815 2496 2870 silere
2551 2829 2859 2888 cogentem,
2892 2829 3012 2890 post
3042 2823 3204 2879 breve
3255 2834 3472 2896 tempus
3526 2827 3585 2882 in

2012 2906 2362 2976 praedicando
2413 2909 2707 2980 Evangelia
2761 2926 3172 2984 consumptum,
3220 2920 3404 2974 subito
3461 2936 3584 2978 esse

2009 3008 2325 3068 correptum
2377 3009 2542 3070 atque
2595 3011 2655 3056 ut
2705 3002 3088 3074 blasphemum
3151 3012 3579 3074 condemnatum

2009 3103 2064 3147 et
2095 3092 2466 3152 interfectum.
2497 3097 2904 3154 Jacobusinitio
2931 3111 2984 3155 et
3009 3102 3124 3171 ipse
3154 3105 3222 3159 ab
3253 3107 3386 3176 ipsis
3419 3121 3473 3165 et
3507 3111 3581 3168 ita

335 3156 506 3252 ίατῶν
537 3156 986 3268 χρυσορῤήμονος
1015 3156 1261 3266 λέγοντος
1288 3156 1366 3265 (6)
1397 3196 1474 3258 ὡς
1502 3197 1561 3249 ἐν
1594 3195 1906 3264 προοιμίοις

2010 3184 2188 3240 dicam
2213 3188 2528 3243 carceribus
2559 3199 2868 3258 protractus
2886 3203 2942 3246 et
2961 3156 3354 3253 abilleroderut
3376 3201 3580 3260 Juda-is

328 3287 432 3341 τοῦ
483 3288 839 3361 κηρύγματος
869 3287 1140 3356 Στέφανος
1194 3289 1222 3339 6
1270 3286 1411 3356 ὑπὲρ
1459 3286 1587 3346 τοὺς
1623 3287 1906 3352 ποταμοὺς

336 3381 480 3450 ῥέων
515 3379 611 3432 καὶ
647 3379 855 3440 πάντας
894 3377 1290 3447 ἐπιστομίζων,
1320 3377 1442 3430 οὐδὲ
1477 3377 1648 3431 πολύν
1671 3378 1905 3448 ποιήσας

332 3472 391 3522 ἐν
443 3469 521 3538 τῷ
549 3468 867 3538 κηρύγματι
919 3468 1134 3539 χρόνον,
1168 3467 1366 3538 ἀθρόον
1408 3469 1635 3539 ἡρπάγη
1693 3472 1790 3522 καὶ
1829 3468 1905 3530 ὡς

336 3561 656 3629 βλάσφημος
687 3559 1077 3620 κατεδικάξετό
1109 3575 1166 3609 τε
1202 3559 1296 3611 καὶ
1327 3558 1622 3612 κατελύετο
1645 3575 1659 3590 ο
1696 3559 1906 3612 καὶΊά-

331 3653 511 3714 κωϐος
539 3651 583 3703 δ’
624 3654 683 3705 ἐν
711 3653 852 3721 ἀρχῇ
884 3651 981 3702 καὶ
1014 3649 1176 3710 αὐτὸς
1203 3648 1261 3712 ἐξ
1291 3647 1463 3717 αὐτῆς
1492 3649 1568 3711 ὡς
1607 3650 1782 3701 εἰπεῖν
1803 3650 1905 3718 τῆς

335 3746 582 3811 βαλϐῖδος
621 3743 941 3812 ἀνεσπάσθη
979 3744 1074 3796 καὶ
1120 3743 1461 3814 ἀποτμηθεὶς
1487 3743 1570 3804 είς
1603 3742 1760 3811 χάριν
1793 3741 1902 3794 τῶν

285 3867 298 3872 -
345 3836 618 3888 Ἰουδαίων
671 3834 761 3902 ὑφ’
806 3832 1047 3901 Ἡρώδου
1089 3832 1182 3884 τὸν
1232 3830 1348 3900 βίον
1389 3831 1656 3884 κατέλυσε
1713 3830 1903 3893 στῦλος

331 3929 430 3981 καὶ
490 3925 774 3993 ἑδραίωμα
812 3924 1130 3992 τηλικοῦτον
1175 3923 1274 3993 τῆς
1328 3922 1612 3992 ἀληθείας.
1665 3922 1756 3990 Μὴ
1809 3919 1902 3973 οὖν

331 4020 626 4088 θαυμάσῃς
665 4018 712 4068 εί
752 4015 828 4086 μὴ
855 4016 919 4067 ἐκ
943 4017 1246 4085 προοιμίων
1274 4012 1402 4083 μηδ’
1429 4013 1630 4076 εὐθέως
1666 4013 1901 4065 ἐκδικεῖ-

333 4123 420 4158 ται
459 4106 606 4171 παρὰ
651 4101 787 4154 Θεοῦ
831 4101 900 4153 τὰ
943 4099 1218 4153 λυποῦντα
1241 4113 1256 4129 ⁸
1289 4100 1411 4162 ἔθος
1439 4099 1545 4170 γὰρ
1567 4100 1714 4168 αύτῷ
1747 4099 1822 4169 μὴ
1844 4101 1901 4153 ἐν

327 4202 478 4269 ἀρχῇ
511 4199 579 4251 τά
603 4196 752 4248 δεινά
770 4195 918 4247 λύειν
951 4194 1051 4262 (4),
1079 4193 1193 4247 ἀλλ’
1226 4193 1356 4244 ὅταν
1378 4192 1584 4260 αὐξηθῇ
1618 4192 1714 4245 καὶ
1749 4192 1902 4262 παρὰ

328 4289 443 4338 τῶν
482 4286 744 4337 πλειονων
779 4282 1132 4351 ἀπογνωσθῇ.
1176 4279 1426 4354 ’Λκούειις
1469 4281 1514 4332 δ’
1559 4281 1711 4343 ὅπως
1743 4282 1838 4334 καὶ
1873 4283 1902 4333 6

330 4380 437 4445 μὲν
475 4375 640 4428 Ἀϐελ
666 4375 870 4436 δίκαιος
903 4371 978 4424 ὢν
1012 4370 1276 4439 ἐφονεύθη
1303 4372 1464 4439 ταχὺ,
1500 4372 1528 4423 6
1557 4369 1613 4422 δὲ
1646 4371 1783 4424 Κάῖν
1804 4370 1896 4438 ἔζη
1933 4367 1957 4378 χ

2008 3277 2354 3333 satisfaceret
2399 3281 2723 3338 interfectus
2752 3293 2858 3340 est.
2895 3284 3142 3352 Quocum
3206 3292 3458 3351 veritatis
3493 3297 3584 3352 fir-

2007 3371 2314 3425 missimum
2345 3372 2592 3428 concidit
2639 3376 2894 3431 columen
2951 3388 3007 3434 et
3061 3383 3401 3450 prasidium.
3459 3388 3582 3444 Noli

2007 3461 2174 3532 igitur
2216 3464 2426 3531 mirari,
2464 3468 2612 3536 quod
2674 3485 2780 3522 non
2818 3473 3082 3528 continuo
3134 3475 3348 3546 injuria:
3393 3495 3420 3534 a
3470 3481 3582 3537 Deo

2007 3555 2382 3610 vindicantur.
2434 3558 2579 3614 Deus
2629 3562 2775 3614 enim
2827 3562 3199 3632 improborum
3240 3571 3421 3627 studia
3468 3590 3580 3630 non

2004 3645 2146 3700 solet
2169 3647 2280 3716 jam
2315 3662 2344 3701 a
2377 3662 2406 3700 a
2431 3649 2704 3718 principio
2754 3654 3050 3719 retardare,
3083 3657 3175 3712 sed
3218 3670 3330 3715 tum
3359 3662 3578 3720 demum

2003 3750 2130 3790 cum
2180 3753 2504 3808 progressus
2555 3743 2826 3809 fecerunt,
2868 3755 2923 3800 ct
2990 3749 3242 3818 plurimis
3293 3766 3578 3824 perspecta

2004 3837 2155 3882 sunt.
2198 3831 2282 3885 Uti
2315 3833 2442 3894 scis.
2475 3834 2607 3888 Abel
2646 3837 2738 3904 qui
2773 3837 3144 3909 homojustus
3174 3853 3293 3897 erat
3365 3857 3579 3902 mature

2004 3929 2232 3976 necatus
2263 3933 2382 3988 est;
2431 3923 2567 3978 Cain
2621 3942 2752 3980 vero
2795 3940 3051 3996 provecta
3142 3933 3362 3988 demum
3418 3945 3576 3992 :rtate

2003 4009 2257 4067 decessit.
2304 4013 2458 4078 Quod
2492 4017 2630 4071 Deus
2662 4027 2950 4087 propterea
2987 4021 3106 4076 fieri
3151 4009 3346 4092 passus
3391 4039 3475 4082 est
3497 4029 3577 4097 [ut

2004 4103 2095 4157 hic
2128 4104 2303 4174 culpa:
2329 4121 2441 4160 sua:
2481 4110 2737 4162 conscius
2769 4121 2916 4165 esset
2953 4129 3050 4182 per
3083 4113 3293 4185 longam
3331 4127 3573 4175 agtatem.

2003 4192 2180 4270 Etiam
2216 4210 2524 4264 prtecursor
2559 4198 2800 4254 Joannes
2835 4201 3159 4260 interfectus
3191 4215 3294 4263 est.
3331 4209 3576 4266 llerodes

2001 4293 2184 4337 autem
2220 4288 2312 4354 qui
2367 4287 2642 4344 interfecit
2695 4289 2788 4344 diu
2829 4292 3137 4363 impunitus
3192 4298 3328 4353 vixit
3398 4317 3574 4372 usque

2003 4375 2068 4429 ad
2101 4377 2487 4447 dictnjudicii,
2543 4382 2615 4434 ita
2667 4382 2889 4451 quidem
2932 4389 3123 4457 utqui
3175 4390 3286 4460 jam
3349 4393 3450 4448 hac
3519 4397 3571 4449 in

329 4465 567 4534 μακρὸν,
609 4465 676 4517 ἵν’
729 4464 1021 4531 ἐλέγχηται
1064 4460 1226 4512 πλέον
1257 4462 1290 4530 ἡ
1335 4461 1525 4512 τούτου
1559 4459 1728 4512 κακία
1751 4475 1765 4489 ·
1801 4462 1894 4511 καὶ

2009 4467 2166 4538 129
2199 4477 2341 4524 terra
2372 4476 2720 4527 verminosus
2752 4475 2928 4529 factus
2957 4488 3042 4532 est
3083 4491 3138 4534 et
3168 4459 3402 4536 animam
3431 4485 3574 4540 inter

324 4557 393 4613 αὖ
422 4559 484 4630 ιι.
522 4557 622 4611 126
651 4555 709 4627 a]
731 4557 759 4608 6
785 4556 884 4624 μέν
909 4553 1214 4624 πρόδρομος
1252 4552 1506 4621 Ἰωάννης
1525 4549 1623 4619 τὴν
1653 4549 1895 4618 κεφαλὴν

326 4653 615 4721 ἀφῃρεῖτο,
661 4651 686 4700 6
732 4646 777 4698 δ’
825 4645 1030 4700 ἀνελὼν
1078 4641 1324 4713 Ἡρώδης
1370 4640 1466 4710 ἔζη
1507 4641 1896 4710 ταμιευόμενος

326 4748 408 4807 εἰς
449 4741 638 4812 καιρὸν
669 4739 1023 4807 ἐκδικήσεως,
1068 4736 1153 4790 ἵνα
1188 4733 1388 4804 δηλαδὴ
1431 4731 1897 4802 σκωληκόϐρωτος

329 4838 566 4891 ἐνταῦθα
607 4835 902 4902 γενόμενος
930 4831 1024 4884 καὶ
1053 4827 1340 4898 ἀποψύξας
1380 4827 1596 4896 πικρῶς
1624 4826 1759 4895 πρὸς
1804 4826 1896 4878 τὸν

324 4929 632 4997 ἀκοίμητον
685 4926 894 4977 ἐκεῖνον
925 4921 1125 4973 οὑτωσὶ
1167 4916 1602 4988 παραπεμφοείη
1647 4918 1677 4968 6
1704 4916 1896 4968 ταλαί-

325 5036 508 5090 πωρος
565 5016 843 5084 σκώληκα.
885 5013 963 5065 Δι’
1014 5029 1090 5066 ων
1119 5011 1247 5078 γὰρ,
1304 5011 1471 5079 φησὶν
1521 5009 1622 5078 (5).
1669 5008 1892 5060 ἐπιϐου-

319 5112 594 5172 λεύουσιν,
619 5109 834 5168 ἑαυτοῖς
868 5104 1068 5174 μᾶλλον
1095 5103 1127 5173 ἦ
1157 5101 1362 5170 ἑτέροις
1387 5102 1454 5152 τὰ
1483 5101 1736 5170 βάραθρα
1774 5101 1897 5152 ἀνο.

329 5206 618 5271 ρύττουσιν
645 5215 658 5228 ⁶
700 5199 750 5250 οἱ
793 5198 892 5265 μὲν
928 5196 1037 5264 γὰρ
1077 5195 1552 5262 ἐπιϐουλευόμενοι
1585 5192 1682 5263 τὴν
1711 5193 1891 5245 οίκου·

321 5298 494 5366 μένην
525 5292 761 5360 ἐραστάς
791 5289 1010 5359 ἔχουσιν
1055 5288 1352 5348 ἐπαινέτας
1387 5285 1888 5355 ἀνακηρύττοντας,

315 5383 743 5454 στεφανοῦντας,
776 5383 898 5444 τοὺς
939 5380 1148 5441 ειδότας
1197 5381 1324 5438 τους
1366 5378 1468 5428 οὐκ
1503 5379 1736 5441 είόότας,
1766 5379 1892 5440 τοὺς

315 5480 427 5530 ἀπὸ
460 5479 568 5532 τῶν
613 5476 977 5548 πραγμάτων,
1014 5473 1139 5533 τοὺς
1181 5471 1246 5522 ἐκ
1285 5469 1382 5538 τῆς
1416 5469 1599 5538 φήμης,
1638 5472 1704 5523 τὰ
1750 5470 1891 5523 ἐκεί-

390 5644 470 5710 tl)
504 5642 604 5715 ῘΕκ
637 5640 730 5692 τοῦ
755 5639 1186 5715 ,ξυνλτακτηρίοψ
1436 5705 1461 5715 ⁸

391 5715 469 5784 (Ξ)
503 5713 824 5784 Ἀθάνα-σίου
857 5712 918 5784 ἐκ
945 5709 1486 5784 τοῦίάπολογητικιοῦ.

385 5779 468 5853 δῦ)
499 5782 594 5835 Ἐκ
625 5780 718 5833 τοῦ
753 5779 890 5835 κατὰ
921 5781 1189 5833 Ἰουδαίων
1218 5782 1260 5831 θ’
1293 5779 1472 5844 λόγου.

2001 4559 2216 4611 dolores
2240 4560 2556 4628 exspiravit,
2596 4563 2738 4616 idem
2766 4565 2964 4619 deinde
3000 4570 3168 4621 vermi
3226 4571 3300 4623 illi
3356 4575 3573 4630 assidue

2002 4651 2313 4706 absumenti
2335 4655 2389 4707 in
2403 4653 2586 4708 cibum
2607 4656 2962 4723 praeberetur.
2985 4659 3164 4724 Quare
3186 4678 3314 4718 vere
3333 4679 3390 4719 se
3405 4665 3574 4722 habet

2002 4745 2149 4816 quod
2176 4745 2384 4812 dicunt,
2415 4763 2512 4803 eos
2542 4748 2636 4818 qui
2668 4749 2790 4803 aliis
2831 4751 3056 4806 insidias
3107 4764 3404 4823 struerem,
3463 4762 3567 4816 sibi

2001 4838 2186 4907 potius
2215 4854 2378 4907 quam
2413 4840 2537 4894 aliis
2565 4847 2802 4896 struere.
2850 4842 3067 4898 Etenim
3093 4846 3129 4900 ii
3181 4849 3388 4917 quibus
3431 4851 3570 4909 insi-

2001 4929 2122 4983 dias
2169 4940 2362 5000 parant
2398 4946 2427 4986 a
2461 4932 2708 5002 plurimis
2738 4944 3012 5001 amantur,
3062 4938 3376 5007 laudantur,
3433 4961 3570 5014 pra»

2002 5020 2278 5089 dicantur,
2310 5037 2666 5092 coronantur,
2698 5042 2894 5098 nempe
2922 5031 2991 5083 ab
3016 5030 3084 5084 iis
3112 5032 3204 5100 qui
3237 5049 3321 5087 res
3381 5040 3569 5107 cogni-

2005 5123 2106 5178 tas,
2135 5126 2191 5170 et
2219 5119 2312 5186 qui
2337 5134 2444 5170 non
2482 5121 2730 5188 cognitas
2785 5121 3007 5185 habent,
3055 5125 3148 5192 qui
3211 5141 3300 5180 res
3361 5128 3463 5198 ipsi
3516 5141 3570 5185 ct

1997 5208 2091 5276 qui
2116 5208 2255 5262 fama
2289 5219 2496 5264 tantum
2525 5223 2835 5280 compertas
2855 5216 3076 5281 habent,
3108 5219 3343 5288 quicum
3380 5223 3447 5276 iis
3469 5222 3567 5278 do-

1997 5301 2142 5354 lores
2176 5302 2478 5370 patiuntur,
2505 5305 2600 5372 qui
2634 5304 2882 5359 laborum
2907 5307 3044 5361 socii
3098 5321 3246 5376 sunt,
3316 5313 3560 5382 denique

1999 5391 2346 5447 abontnibus
2377 5395 2470 5464 qui
2523 5411 2648 5449 cum
2704 5397 2769 5451 iis
2803 5400 3018 5452 veritati
3057 5404 3300 5458 student.
3361 5404 3566 5463 Contra

2000 5483 2349 5540 insidiatores
2397 5501 2424 5540 a
2457 5487 2712 5554 plurimis
2765 5487 2895 5541 odio
2947 5488 3241 5558 habentur,
3301 5510 3568 5551 accusan-

2069 5645 2140 5709 (-’t)
2175 5646 2269 5698 Ἐκ
2295 5646 2398 5697 τῶν
2429 5649 2560 5715 πρὸς
2588 5646 2929 5716 Ὀλυμπιάδα
2962 5649 3258 5702 ἐπιστολῶν

2065 5716 2140 5783 (ὅ)
2169 5716 2260 5767 ’ίίκ
2295 5715 2384 5768 τοῦ
2427 5718 2470 5770 0'
2496 5718 2652 5786 λόγου
2689 5715 2830 5771 κατᾶ
2860 5719 3151 5772 Ἱιυδᾱίων.
