  <div class='ocr_page' id='page_1' title='image "/cluster/home/n/w/nwhite01/storage/ocr_20150623/149/hvd.32044073498818/061.png"; bbox 0 0 4036 6210; ppageno 0'>
   <div class='ocr_carea' id='block_1_1' title="bbox 462 268 3739 363">
    <p class='ocr_par' dir='ltr' id='par_1_1' title="bbox 462 268 3739 363">
     <span class='ocr_line' id='line_1_1' title="bbox 462 268 3739 363; baseline 0.009 -31"><span class='ocrx_word' id='word_1_1' title='bbox 462 271 492 335; x_wconf 77' lang='lat' dir='ltr'><strong>‘i</strong></span> <span class='ocrx_word' id='word_1_2' title='bbox 510 268 568 337; x_wconf 76' lang='lat' dir='ltr'><strong>il</strong></span> <span class='ocrx_word' id='word_1_3' title='bbox 1645 277 2060 341; x_wconf 74' lang='lat' dir='ltr'><strong>NICEI‘HORI</strong></span> <span class='ocrx_word' id='word_1_4' title='bbox 2100 280 2487 344; x_wconf 79' lang='lat' dir='ltr'><strong>GREGOR.‘E</strong></span> <span class='ocrx_word' id='word_1_5' title='bbox 3637 292 3739 363; x_wconf 72' lang='grc'><strong>112</strong></span> 
     </span>
    </p>
   </div>
   <div class='ocr_carea' id='block_1_2' title="bbox 454 388 2041 478">
    <p class='ocr_par' dir='ltr' id='par_1_2' title="bbox 454 388 2041 465">
     <span class='ocr_line' id='line_1_2' title="bbox 454 388 2041 465; baseline 0.002 -22"><span class='ocrx_word' id='word_1_6' title='bbox 454 401 577 455; x_wconf 70' lang='lat' dir='ltr'><strong>tur,</strong></span> <span class='ocrx_word' id='word_1_7' title='bbox 652 397 1108 457; x_wconf 83' lang='lat' dir='ltr'><strong>contemnuntur,</strong></span> <span class='ocrx_word' id='word_1_8' title='bbox 1185 388 1573 463; x_wconf 79' lang='lat' dir='ltr'><strong>objurgantur.</strong></span> <span class='ocrx_word' id='word_1_9' title='bbox 1674 396 2041 465; x_wconf 74' lang='lat' dir='ltr'><strong>negliguntur,</strong></span> 
     </span>
    </p>
   </div>
   <div class='ocr_carea' id='block_1_3' title="bbox 2141 388 3742 478">
    <p class='ocr_par' dir='ltr' id='par_1_3' title="bbox 2153 396 3742 478">
     <span class='ocr_line' id='line_1_3' title="bbox 2153 396 3742 478; baseline 0.011 -30"><span class='ocrx_word' id='word_1_10' title='bbox 2153 412 2261 449; x_wconf 90' lang='grc' dir='ltr'><strong>νων</strong></span> <span class='ocrx_word' id='word_1_11' title='bbox 2293 396 2690 467; x_wconf 81' lang='grc' dir='ltr'>μανθάνοντας,</span> <span class='ocrx_word' id='word_1_12' title='bbox 2711 399 2839 464; x_wconf 76' lang='grc' dir='ltr'>τοὺς</span> <span class='ocrx_word' id='word_1_13' title='bbox 2865 400 3291 472; x_wconf 76' lang='grc' dir='ltr'><strong>συναλγοῦντας,</strong></span> <span class='ocrx_word' id='word_1_14' title='bbox 3324 405 3451 471; x_wconf 71' lang='grc' dir='ltr'>τοὺς</span> <span class='ocrx_word' id='word_1_15' title='bbox 3485 423 3742 478; x_wconf 84' lang='grc' dir='ltr'>συναγω-</span> 
     </span>
    </p>
   </div>
   <div class='ocr_carea' id='block_1_4' title="bbox 474 483 2041 568">
    <p class='ocr_par' dir='ltr' id='par_1_4' title="bbox 474 483 2041 556">
     <span class='ocr_line' id='line_1_4' title="bbox 474 483 2041 556; baseline 0.001 -19"><span class='ocrx_word' id='word_1_16' title='bbox 474 483 627 538; x_wconf 77' lang='lat' dir='ltr'><strong>mille</strong></span> <span class='ocrx_word' id='word_1_17' title='bbox 657 484 1138 539; x_wconf 70' lang='lat' dir='ltr'><strong>exsecrationibus</strong></span> <span class='ocrx_word' id='word_1_18' title='bbox 1158 484 1503 550; x_wconf 80' lang='lat' dir='ltr'><strong>obruuntur,</strong></span> <span class='ocrx_word' id='word_1_19' title='bbox 1564 494 1622 540; x_wconf 84' lang='lat' dir='ltr'><strong>et</strong></span> <span class='ocrx_word' id='word_1_20' title='bbox 1656 484 1773 540; x_wconf 72' lang='lat' dir='ltr'><strong>lucc</strong></span> <span class='ocrx_word' id='word_1_21' title='bbox 1828 485 2041 556; x_wconf 71' lang='lat' dir='ltr'><strong>quiden‘</strong></span> 
     </span>
    </p>
   </div>
   <div class='ocr_carea' id='block_1_5' title="bbox 2141 483 3743 568">
    <p class='ocr_par' dir='ltr' id='par_1_5' title="bbox 2166 488 3743 568">
     <span class='ocr_line' id='line_1_5' title="bbox 2166 488 3743 568; baseline 0.01 -27"><span class='ocrx_word' id='word_1_22' title='bbox 2166 488 2508 558; x_wconf 78' lang='grc' dir='ltr'>νιζομένους,</span> <span class='ocrx_word' id='word_1_23' title='bbox 2556 490 2684 553; x_wconf 80' lang='grc' dir='ltr'>τοὺς</span> <span class='ocrx_word' id='word_1_24' title='bbox 2713 492 2783 545; x_wconf 80' lang='grc' dir='ltr'><strong>τὰ</strong></span> <span class='ocrx_word' id='word_1_25' title='bbox 2831 495 3047 564; x_wconf 72' lang='grc' dir='ltr'>χρηστὰ</span> <span class='ocrx_word' id='word_1_26' title='bbox 3080 498 3511 568; x_wconf 77' lang='grc' dir='ltr'><strong>συνευχομένους</strong></span> <span class='ocrx_word' id='word_1_27' title='bbox 3556 500 3743 566; x_wconf 81' lang='grc' dir='ltr'>αὐτοῖς</span> 
     </span>
    </p>
   </div>
   <div class='ocr_carea' id='block_1_6' title="bbox 466 576 2041 664">
    <p class='ocr_par' dir='ltr' id='par_1_6' title="bbox 466 576 2041 650">
     <span class='ocr_line' id='line_1_6' title="bbox 466 576 2041 650; baseline 0.003 -19"><span class='ocrx_word' id='word_1_28' title='bbox 466 576 726 631; x_wconf 84' lang='lat' dir='ltr'><strong>accidunt</strong></span> <span class='ocrx_word' id='word_1_29' title='bbox 756 578 806 630; x_wconf 92' lang='lat' dir='ltr'><strong>in</strong></span> <span class='ocrx_word' id='word_1_30' title='bbox 836 587 996 633; x_wconf 89' lang='lat' dir='ltr'><strong>terra.</strong></span> <span class='ocrx_word' id='word_1_31' title='bbox 1015 580 1126 634; x_wconf 90' lang='lat' dir='ltr'><strong>Illic</strong></span> <span class='ocrx_word' id='word_1_32' title='bbox 1157 586 1340 634; x_wconf 89' lang='lat' dir='ltr'><strong>autem</strong></span> <span class='ocrx_word' id='word_1_33' title='bbox 1373 577 1553 648; x_wconf 79' lang='lat' dir='ltr'><strong>qualis</strong></span> <span class='ocrx_word' id='word_1_34' title='bbox 1581 592 1760 634; x_wconf 73' lang='lat' dir='ltr'><strong>sermo</strong></span> <span class='ocrx_word' id='word_1_35' title='bbox 1782 594 2041 650; x_wconf 79' lang='lat' dir='ltr'><strong>exponen</strong></span> 
     </span>
    </p>
   </div>
   <div class='ocr_carea' id='block_1_7' title="bbox 2141 576 3744 664">
    <p class='ocr_par' dir='ltr' id='par_1_7' title="bbox 2165 580 3744 664">
     <span class='ocr_line' id='line_1_7' title="bbox 2165 580 3744 664; baseline 0.011 -32"><span class='ocrx_word' id='word_1_36' title='bbox 2165 580 2401 644; x_wconf 80' lang='grc' dir='ltr'><strong>πάντας,</strong></span> <span class='ocrx_word' id='word_1_37' title='bbox 2437 582 2488 634; x_wconf 78' lang='lat' dir='ltr'><strong>oi</strong></span> <span class='ocrx_word' id='word_1_38' title='bbox 2521 581 2568 635; x_wconf 77' lang='grc' dir='ltr'>δ’</span> <span class='ocrx_word' id='word_1_39' title='bbox 2611 582 3061 649; x_wconf 77' lang='grc' dir='ltr'>ἐπιϐουλεύοντες</span> <span class='ocrx_word' id='word_1_40' title='bbox 3107 589 3236 652; x_wconf 79' lang='grc' dir='ltr'>τοὺς</span> <span class='ocrx_word' id='word_1_41' title='bbox 3296 590 3593 659; x_wconf 79' lang='grc' dir='ltr'><strong>μισοῦντας</strong></span> <span class='ocrx_word' id='word_1_42' title='bbox 3642 593 3744 664; x_wconf 78' lang='grc' dir='ltr'>μὲν</span> 
     </span>
    </p>
   </div>
   <div class='ocr_carea' id='block_1_8' title="bbox 468 670 2041 755">
    <p class='ocr_par' dir='ltr' id='par_1_8' title="bbox 468 670 2041 741">
     <span class='ocr_line' id='line_1_8' title="bbox 468 670 2041 741; baseline 0.003 -19"><span class='ocrx_word' id='word_1_43' title='bbox 468 679 657 738; x_wconf 73' lang='lat' dir='ltr'><strong>posset</strong></span> <span class='ocrx_word' id='word_1_44' title='bbox 689 670 1072 726; x_wconf 78' lang='lat' dir='ltr'><strong>insidiatorum</strong></span> <span class='ocrx_word' id='word_1_45' title='bbox 1107 671 1397 741; x_wconf 84' lang='lat' dir='ltr'><strong>impiorum</strong></span> <span class='ocrx_word' id='word_1_46' title='bbox 1422 685 1636 741; x_wconf 64' lang='lat' dir='ltr'><strong>pinnas,</strong></span> <span class='ocrx_word' id='word_1_47' title='bbox 1660 670 1875 740; x_wconf 89' lang='lat' dir='ltr'><strong>piorum</strong></span> <span class='ocrx_word' id='word_1_48' title='bbox 1925 684 2041 727; x_wconf 76' lang='lat' dir='ltr'><strong>vert</strong></span> 
     </span>
    </p>
   </div>
   <div class='ocr_carea' id='block_1_9' title="bbox 2141 670 3740 755">
    <p class='ocr_par' dir='ltr' id='par_1_9' title="bbox 2167 671 3740 755">
     <span class='ocr_line' id='line_1_9' title="bbox 2167 671 3740 755; baseline 0.011 -32"><span class='ocrx_word' id='word_1_49' title='bbox 2167 671 2482 736; x_wconf 80' lang='grc' dir='ltr'>πλείστους,</span> <span class='ocrx_word' id='word_1_50' title='bbox 2517 674 2698 746; x_wconf 87' lang='grc' dir='ltr'>πολλῷ</span> <span class='ocrx_word' id='word_1_51' title='bbox 2748 676 2805 729; x_wconf 84' lang='grc' dir='ltr'>δὲ</span> <span class='ocrx_word' id='word_1_52' title='bbox 2844 677 3064 741; x_wconf 87' lang='grc' dir='ltr'>πλείους</span> <span class='ocrx_word' id='word_1_53' title='bbox 3109 681 3233 743; x_wconf 82' lang='grc' dir='ltr'>τοὺς</span> <span class='ocrx_word' id='word_1_54' title='bbox 3273 684 3740 755; x_wconf 74' lang='grc' dir='ltr'>κατηγοροῦντας,</span> 
     </span>
    </p>
   </div>
   <div class='ocr_carea' id='block_1_10' title="bbox 460 760 2041 847">
    <p class='ocr_par' dir='ltr' id='par_1_10' title="bbox 460 760 1353 817">
     <span class='ocr_line' id='line_1_10' title="bbox 460 760 1353 817; baseline 0.002 -4"><span class='ocrx_word' id='word_1_55' title='bbox 460 760 850 816; x_wconf 79' lang='lat' dir='ltr'><strong>lacessitorum</strong></span> <span class='ocrx_word' id='word_1_56' title='bbox 890 762 1056 816; x_wconf 84' lang='lat' dir='ltr'><strong>vitam</strong></span> <span class='ocrx_word' id='word_1_57' title='bbox 1099 761 1353 817; x_wconf 84' lang='lat' dir='ltr'><strong>beatam?</strong></span> 
     </span>
    </p>
   </div>
   <div class='ocr_carea' id='block_1_11' title="bbox 2141 760 3745 847">
    <p class='ocr_par' dir='ltr' id='par_1_11' title="bbox 2164 764 3745 847">
     <span class='ocr_line' id='line_1_11' title="bbox 2164 764 3745 847; baseline 0.011 -31"><span class='ocrx_word' id='word_1_58' title='bbox 2164 764 2294 827; x_wconf 80' lang='grc' dir='ltr'>τοὺς</span> <span class='ocrx_word' id='word_1_59' title='bbox 2315 764 2728 833; x_wconf 80' lang='grc' dir='ltr'>διαϐάλλοντας,</span> <span class='ocrx_word' id='word_1_60' title='bbox 2760 769 2888 833; x_wconf 72' lang='grc' dir='ltr'>τοὺς</span> <span class='ocrx_word' id='word_1_61' title='bbox 2931 770 3277 842; x_wconf 75' lang='grc' dir='ltr'>ἐλέγχοντας,</span> <span class='ocrx_word' id='word_1_62' title='bbox 3303 775 3427 839; x_wconf 75' lang='grc' dir='ltr'>τοὺς</span> <span class='ocrx_word' id='word_1_63' title='bbox 3456 778 3745 847; x_wconf 80' lang='grc' dir='ltr'>αίσχύνον-</span> 
     </span>
    </p>
   </div>
   <div class='ocr_carea' id='block_1_12' title="bbox 466 853 3743 937">
    <p class='ocr_par' dir='ltr' id='par_1_12' title="bbox 466 853 3743 937">
     <span class='ocr_line' id='line_1_12' title="bbox 466 853 3743 937; baseline 0.005 -30"><span class='ocrx_word' id='word_1_64' title='bbox 466 871 586 917; x_wconf 84' lang='grc' dir='ltr'>τας,</span> <span class='ocrx_word' id='word_1_65' title='bbox 621 854 749 919; x_wconf 79' lang='grc' dir='ltr'>τοὺς</span> <span class='ocrx_word' id='word_1_66' title='bbox 788 854 1181 925; x_wconf 70' lang='grc' dir='ltr'><strong>ἐπαρωμένους</strong></span> <span class='ocrx_word' id='word_1_67' title='bbox 1214 854 1408 926; x_wconf 82' lang='grc' dir='ltr'>μυρία.</span> <span class='ocrx_word' id='word_1_68' title='bbox 1456 853 1567 909; x_wconf 72' lang='grc' dir='ltr'><strong>Καὶ</strong></span> <span class='ocrx_word' id='word_1_69' title='bbox 1585 854 1759 910; x_wconf 82' lang='grc' dir='ltr'>ταῦτα</span> <span class='ocrx_word' id='word_1_70' title='bbox 1779 855 1879 925; x_wconf 79' lang='grc' dir='ltr'>μὲν</span> <span class='ocrx_word' id='word_1_71' title='bbox 1911 853 2148 908; x_wconf 74' lang='grc' dir='ltr'>ἐνταῦθα</span> <span class='ocrx_word' id='word_1_72' title='bbox 2170 873 2181 885; x_wconf 81' lang='grc'><em>’</em></span> <span class='ocrx_word' id='word_1_73' title='bbox 2208 857 2277 910; x_wconf 83' lang='grc' dir='ltr'><strong>τὰ</strong></span> <span class='ocrx_word' id='word_1_74' title='bbox 2304 858 2353 910; x_wconf 79' lang='grc' dir='ltr'>δ’</span> <span class='ocrx_word' id='word_1_75' title='bbox 2390 862 2509 913; x_wconf 75' lang='grc' dir='ltr'>ἐκεῖ</span> <span class='ocrx_word' id='word_1_76' title='bbox 2546 862 2696 923; x_wconf 79' lang='grc' dir='ltr'>ποῖος</span> <span class='ocrx_word' id='word_1_77' title='bbox 2719 864 3065 935; x_wconf 74' lang='grc' dir='ltr'><strong>παραστήσει</strong></span> <span class='ocrx_word' id='word_1_78' title='bbox 3097 865 3277 935; x_wconf 90' lang='grc' dir='ltr'>λόγος,</span> <span class='ocrx_word' id='word_1_79' title='bbox 3312 866 3475 937; x_wconf 71' lang='grc' dir='ltr'><strong>ἧτῶν</strong></span> <span class='ocrx_word' id='word_1_80' title='bbox 3516 870 3743 923; x_wconf 79' lang='grc' dir='ltr'>διωκόν-</span> 
     </span>
    </p>
   </div>
   <div class='ocr_carea' id='block_1_13' title="bbox 383 947 2674 1022">
    <p class='ocr_par' dir='ltr' id='par_1_13' title="bbox 383 947 2674 1022">
     <span class='ocr_line' id='line_1_13' title="bbox 383 947 2674 1022; baseline 0.004 -23"><span class='ocrx_word' id='word_1_81' title='bbox 383 990 392 1021; x_wconf 39' lang='grc' dir='ltr'>ξ</span> <span class='ocrx_word' id='word_1_82' title='bbox 466 966 578 1001; x_wconf 87' lang='grc' dir='ltr'><strong>των</strong></span> <span class='ocrx_word' id='word_1_83' title='bbox 623 948 840 1000; x_wconf 72' lang='grc' dir='ltr'>ἀσεϐῶν</span> <span class='ocrx_word' id='word_1_84' title='bbox 876 948 974 1017; x_wconf 82' lang='grc' dir='ltr'>τὴν</span> <span class='ocrx_word' id='word_1_85' title='bbox 1043 947 1287 1012; x_wconf 84' lang='grc' dir='ltr'>κόλασιν,</span> <span class='ocrx_word' id='word_1_86' title='bbox 1332 948 1366 1020; x_wconf 75' lang='grc' dir='ltr'><strong>ἢ</strong></span> <span class='ocrx_word' id='word_1_87' title='bbox 1401 949 1514 1003; x_wconf 81' lang='grc' dir='ltr'><strong>τῶν</strong></span> <span class='ocrx_word' id='word_1_88' title='bbox 1544 949 1890 1020; x_wconf 78' lang='grc' dir='ltr'>διωκομένων</span> <span class='ocrx_word' id='word_1_89' title='bbox 1919 947 2164 1003; x_wconf 79' lang='grc' dir='ltr'>εὐσεϐῶν</span> <span class='ocrx_word' id='word_1_90' title='bbox 2204 950 2305 1022; x_wconf 78' lang='grc' dir='ltr'>τὴν</span> <span class='ocrx_word' id='word_1_91' title='bbox 2337 953 2674 1019; x_wconf 74' lang='grc' dir='ltr'>ἀπόλαυσινς</span> 
     </span>
    </p>
   </div>
   <div class='ocr_carea' id='block_1_14' title="bbox 530 1040 2047 1110">
    <p class='ocr_par' dir='ltr' id='par_1_14' title="bbox 530 1040 2047 1110">
     <span class='ocr_line' id='line_1_14' title="bbox 530 1040 2047 1110; baseline -0.001 -15"><span class='ocrx_word' id='word_1_92' title='bbox 530 1040 628 1095; x_wconf 82' lang='lat' dir='ltr'><strong>&#39;lV.</strong></span> <span class='ocrx_word' id='word_1_93' title='bbox 672 1040 798 1094; x_wconf 68' lang='lat' dir='ltr'><strong>llazc</strong></span> <span class='ocrx_word' id='word_1_94' title='bbox 820 1040 992 1110; x_wconf 79' lang='lat' dir='ltr'><strong>igitur</strong></span> <span class='ocrx_word' id='word_1_95' title='bbox 1020 1041 1149 1095; x_wconf 87' lang='lat' dir='ltr'><strong>dum</strong></span> <span class='ocrx_word' id='word_1_96' title='bbox 1178 1040 1523 1108; x_wconf 83' lang='lat' dir='ltr'><strong>consideres,</strong></span> <span class='ocrx_word' id='word_1_97' title='bbox 1549 1041 1876 1098; x_wconf 90' lang='lat' dir='ltr'><strong>charissime</strong></span> <span class='ocrx_word' id='word_1_98' title='bbox 1901 1041 2047 1110; x_wconf 76' lang='lat' dir='ltr'><strong>Aga—</strong></span> 
     </span>
    </p>
   </div>
   <div class='ocr_carea' id='block_1_15' title="bbox 466 1132 2047 1203">
    <p class='ocr_par' dir='ltr' id='par_1_15' title="bbox 466 1132 2047 1203">
     <span class='ocr_line' id='line_1_15' title="bbox 466 1132 2047 1203; baseline 0.001 -18"><span class='ocrx_word' id='word_1_99' title='bbox 466 1132 747 1202; x_wconf 82' lang='lat' dir='ltr'><strong>thangelc,</strong></span> <span class='ocrx_word' id='word_1_100' title='bbox 772 1132 988 1202; x_wconf 86' lang='lat' dir='ltr'><strong>hacque</strong></span> <span class='ocrx_word' id='word_1_101' title='bbox 1016 1132 1335 1188; x_wconf 67' lang='lat' dir='ltr'><strong>dulcissima</strong></span> <span class='ocrx_word' id='word_1_102' title='bbox 1366 1135 1589 1203; x_wconf 75' lang='lat' dir='ltr'><strong>potione</strong></span> <span class='ocrx_word' id='word_1_103' title='bbox 1610 1134 1859 1190; x_wconf 82' lang='lat' dir='ltr'><strong>animum</strong></span> <span class='ocrx_word' id='word_1_104' title='bbox 1891 1143 2047 1188; x_wconf 89' lang='lat' dir='ltr'><strong>tuum</strong></span> 
     </span>
    </p>
   </div>
   <div class='ocr_carea' id='block_1_16' title="bbox 459 1223 2045 1296">
    <p class='ocr_par' dir='ltr' id='par_1_16' title="bbox 459 1223 2045 1296">
     <span class='ocr_line' id='line_1_16' title="bbox 459 1223 2045 1296; baseline 0.002 -18"><span class='ocrx_word' id='word_1_105' title='bbox 459 1226 786 1289; x_wconf 75' lang='lat' dir='ltr'><strong>conﬁrmes,</strong></span> <span class='ocrx_word' id='word_1_106' title='bbox 846 1223 1040 1281; x_wconf 79' lang='lat' dir='ltr'><strong>timide</strong></span> <span class='ocrx_word' id='word_1_107' title='bbox 1091 1234 1276 1281; x_wconf 87' lang='lat' dir='ltr'><strong>tacere</strong></span> <span class='ocrx_word' id='word_1_108' title='bbox 1328 1234 1388 1281; x_wconf 90' lang='lat' dir='ltr'><strong>et</strong></span> <span class='ocrx_word' id='word_1_109' title='bbox 1440 1226 1683 1296; x_wconf 80' lang='lat' dir='ltr'><strong>linguam</strong></span> <span class='ocrx_word' id='word_1_110' title='bbox 1742 1228 2045 1296; x_wconf 85' lang='lat' dir='ltr'><strong>reprimere</strong></span> 
     </span>
    </p>
   </div>
   <div class='ocr_carea' id='block_1_17' title="bbox 460 1316 2048 1390">
    <p class='ocr_par' dir='ltr' id='par_1_17' title="bbox 460 1316 2048 1390">
     <span class='ocr_line' id='line_1_17' title="bbox 460 1316 2048 1390; baseline 0.001 -20"><span class='ocrx_word' id='word_1_111' title='bbox 460 1318 602 1381; x_wconf 85' lang='lat' dir='ltr'><strong>noli,</strong></span> <span class='ocrx_word' id='word_1_112' title='bbox 666 1316 761 1373; x_wconf 85' lang='lat' dir='ltr'><strong>sed</strong></span> <span class='ocrx_word' id='word_1_113' title='bbox 818 1332 922 1388; x_wconf 90' lang='lat' dir='ltr'><strong>pro</strong></span> <span class='ocrx_word' id='word_1_114' title='bbox 975 1318 1212 1374; x_wconf 82' lang='lat' dir='ltr'><strong>veritate</strong></span> <span class='ocrx_word' id='word_1_115' title='bbox 1280 1317 1499 1374; x_wconf 69' lang='lat' dir='ltr'><strong>fortiter</strong></span> <span class='ocrx_word' id='word_1_116' title='bbox 1578 1333 1759 1390; x_wconf 72' lang='lat' dir='ltr'><strong>pugna</strong></span> <span class='ocrx_word' id='word_1_117' title='bbox 1804 1329 1860 1373; x_wconf 89' lang='lat' dir='ltr'><strong>et</strong></span> <span class='ocrx_word' id='word_1_118' title='bbox 1911 1318 2048 1372; x_wconf 89' lang='lat' dir='ltr'><strong>alios</strong></span> 
     </span>
    </p>
   </div>
   <div class='ocr_carea' id='block_1_18' title="bbox 458 1408 2048 1481">
    <p class='ocr_par' dir='ltr' id='par_1_18' title="bbox 458 1408 2048 1481">
     <span class='ocr_line' id='line_1_18' title="bbox 458 1408 2048 1481; baseline -0.001 -18"><span class='ocrx_word' id='word_1_119' title='bbox 458 1409 670 1464; x_wconf 76' lang='lat' dir='ltr'><strong>auxilio</strong></span> <span class='ocrx_word' id='word_1_120' title='bbox 700 1408 997 1466; x_wconf 84' lang='lat' dir='ltr'><strong>destitutos</strong></span> <span class='ocrx_word' id='word_1_121' title='bbox 1027 1424 1194 1481; x_wconf 90' lang='lat' dir='ltr'><strong>opera</strong></span> <span class='ocrx_word' id='word_1_122' title='bbox 1231 1418 1322 1465; x_wconf 90' lang='lat' dir='ltr'><strong>tua</strong></span> <span class='ocrx_word' id='word_1_123' title='bbox 1364 1418 1419 1464; x_wconf 90' lang='lat' dir='ltr'><strong>et</strong></span> <span class='ocrx_word' id='word_1_124' title='bbox 1451 1411 1688 1467; x_wconf 90' lang='lat' dir='ltr'><strong>consilio</strong></span> <span class='ocrx_word' id='word_1_125' title='bbox 1724 1408 2048 1481; x_wconf 82' lang='lat' dir='ltr'><strong>adjuva,ita</strong></span> 
     </span>
    </p>
   </div>
   <div class='ocr_carea' id='block_1_19' title="bbox 460 1501 2052 1559">
    <p class='ocr_par' dir='ltr' id='par_1_19' title="bbox 460 1501 2052 1559">
     <span class='ocr_line' id='line_1_19' title="bbox 460 1501 2052 1559; baseline 0.001 -4"><span class='ocrx_word' id='word_1_126' title='bbox 460 1510 528 1555; x_wconf 87' lang='lat' dir='ltr'><strong>ut</strong></span> <span class='ocrx_word' id='word_1_127' title='bbox 568 1501 737 1556; x_wconf 91' lang='lat' dir='ltr'><strong>animi</strong></span> <span class='ocrx_word' id='word_1_128' title='bbox 767 1501 846 1556; x_wconf 92' lang='lat' dir='ltr'><strong>tui</strong></span> <span class='ocrx_word' id='word_1_129' title='bbox 877 1501 1109 1557; x_wconf 89' lang='lat' dir='ltr'><strong>virtutes</strong></span> <span class='ocrx_word' id='word_1_130' title='bbox 1138 1502 1407 1557; x_wconf 88' lang='lat' dir='ltr'><strong>continuo</strong></span> <span class='ocrx_word' id='word_1_131' title='bbox 1438 1501 1696 1557; x_wconf 91' lang='lat' dir='ltr'><strong>ﬂoreant.</strong></span> <span class='ocrx_word' id='word_1_132' title='bbox 1722 1501 1831 1559; x_wconf 86' lang='lat' dir='ltr'><strong>Sed</strong></span> <span class='ocrx_word' id='word_1_133' title='bbox 1861 1501 1929 1556; x_wconf 86' lang='lat' dir='ltr'><strong>de</strong></span> <span class='ocrx_word' id='word_1_134' title='bbox 1962 1501 2052 1556; x_wconf 84' lang='lat' dir='ltr'><strong>his</strong></span> 
     </span>
    </p>
   </div>
   <div class='ocr_carea' id='block_1_20' title="bbox 460 1590 2052 1661">
    <p class='ocr_par' dir='ltr' id='par_1_20' title="bbox 460 1590 2052 1661">
     <span class='ocr_line' id='line_1_20' title="bbox 460 1590 2052 1661; baseline 0.001 -17"><span class='ocrx_word' id='word_1_135' title='bbox 460 1592 755 1647; x_wconf 73' lang='lat' dir='ltr'><strong>hactenus.</strong></span> <span class='ocrx_word' id='word_1_136' title='bbox 802 1590 920 1646; x_wconf 83' lang='lat' dir='ltr'><strong>Jam</strong></span> <span class='ocrx_word' id='word_1_137' title='bbox 971 1599 1189 1659; x_wconf 81' lang='lat' dir='ltr'><strong>tempus</strong></span> <span class='ocrx_word' id='word_1_138' title='bbox 1220 1599 1322 1657; x_wconf 76' lang='lat' dir='ltr'><strong>est</strong></span> <span class='ocrx_word' id='word_1_139' title='bbox 1373 1600 1434 1645; x_wconf 92' lang='lat' dir='ltr'><strong>ut</strong></span> <span class='ocrx_word' id='word_1_140' title='bbox 1480 1591 1672 1657; x_wconf 87' lang='lat' dir='ltr'><strong>abeas,</strong></span> <span class='ocrx_word' id='word_1_141' title='bbox 1724 1605 1795 1646; x_wconf 88' lang='lat' dir='ltr'><strong>ne</strong></span> <span class='ocrx_word' id='word_1_142' title='bbox 1850 1590 2052 1661; x_wconf 79' lang='lat' dir='ltr'><strong>fugatis</strong></span> 
     </span>
    </p>
   </div>
   <div class='ocr_carea' id='block_1_21' title="bbox 456 1682 2051 1754">
    <p class='ocr_par' dir='ltr' id='par_1_21' title="bbox 456 1682 2051 1754">
     <span class='ocr_line' id='line_1_21' title="bbox 456 1682 2051 1754; baseline -0.001 -16"><span class='ocrx_word' id='word_1_143' title='bbox 456 1682 644 1738; x_wconf 76' lang='lat' dir='ltr'><strong>stellis</strong></span> <span class='ocrx_word' id='word_1_144' title='bbox 677 1683 797 1739; x_wconf 85' lang='lat' dir='ltr'><strong>dies</strong></span> <span class='ocrx_word' id='word_1_145' title='bbox 835 1682 1159 1739; x_wconf 84' lang='lat' dir='ltr'><strong>illucescens</strong></span> <span class='ocrx_word' id='word_1_146' title='bbox 1206 1682 1308 1739; x_wconf 87' lang='lat' dir='ltr'><strong>tibi</strong></span> <span class='ocrx_word' id='word_1_147' title='bbox 1348 1682 1605 1754; x_wconf 84' lang='lat' dir='ltr'><strong>obrepat,</strong></span> <span class='ocrx_word' id='word_1_148' title='bbox 1670 1696 1853 1753; x_wconf 91' lang='lat' dir='ltr'><strong>neque</strong></span> <span class='ocrx_word' id='word_1_149' title='bbox 1897 1696 2051 1736; x_wconf 87' lang='lat' dir='ltr'><strong>man-</strong></span> 
     </span>
    </p>
   </div>
   <div class='ocr_carea' id='block_1_22' title="bbox 454 1774 1178 1831">
    <p class='ocr_par' dir='ltr' id='par_1_22' title="bbox 454 1774 1178 1831">
     <span class='ocr_line' id='line_1_22' title="bbox 454 1774 1178 1831; baseline -0.003 0"><span class='ocrx_word' id='word_1_150' title='bbox 454 1776 724 1831; x_wconf 76' lang='lat' dir='ltr'><strong>datorum</strong></span> <span class='ocrx_word' id='word_1_151' title='bbox 753 1775 1045 1831; x_wconf 90' lang='lat' dir='ltr'><strong>immemor</strong></span> <span class='ocrx_word' id='word_1_152' title='bbox 1078 1774 1178 1830; x_wconf 88' lang='lat' dir='ltr'><strong>sis.</strong></span> 
     </span>
    </p>
   </div>
   <div class='ocr_carea' id='block_1_23' title="bbox 540 1958 2050 2031">
    <p class='ocr_par' dir='ltr' id='par_1_23' title="bbox 540 1958 2050 2031">
     <span class='ocr_line' id='line_1_23' title="bbox 540 1958 2050 2031; baseline -0.011 -9"><span class='ocrx_word' id='word_1_153' title='bbox 540 1961 700 2031; x_wconf 82' lang='lat'><strong>130</strong></span> <span class='ocrx_word' id='word_1_154' title='bbox 736 1961 802 2017; x_wconf 76' lang='grc' dir='ltr'>ν.</span> <span class='ocrx_word' id='word_1_155' title='bbox 827 1959 1016 2031; x_wconf 84' lang='lat' dir='ltr'><strong>itaque</strong></span> <span class='ocrx_word' id='word_1_156' title='bbox 1043 1974 1168 2015; x_wconf 90' lang='lat' dir='ltr'><strong>cum</strong></span> <span class='ocrx_word' id='word_1_157' title='bbox 1207 1959 1617 2031; x_wconf 79' lang='lat' dir='ltr'><strong>Agathangelus</strong></span> <span class='ocrx_word' id='word_1_158' title='bbox 1661 1974 1690 2013; x_wconf 88' lang='lat' dir='ltr'><strong>a</strong></span> <span class='ocrx_word' id='word_1_159' title='bbox 1722 1972 1808 2015; x_wconf 90' lang='lat' dir='ltr'><strong>me</strong></span> <span class='ocrx_word' id='word_1_160' title='bbox 1845 1958 2050 2015; x_wconf 74' lang='lat' dir='ltr'><strong>disces.</strong></span> 
     </span>
    </p>
   </div>
   <div class='ocr_carea' id='block_1_24' title="bbox 452 2051 2045 2122">
    <p class='ocr_par' dir='ltr' id='par_1_24' title="bbox 452 2051 2045 2122">
     <span class='ocr_line' id='line_1_24' title="bbox 452 2051 2045 2122; baseline -0.001 -14"><span class='ocrx_word' id='word_1_161' title='bbox 452 2054 648 2118; x_wconf 76' lang='lat' dir='ltr'><strong>sisset,</strong></span> <span class='ocrx_word' id='word_1_162' title='bbox 679 2051 937 2122; x_wconf 86' lang='lat' dir='ltr'><strong>equidem</strong></span> <span class='ocrx_word' id='word_1_163' title='bbox 976 2052 1028 2105; x_wconf 90' lang='lat' dir='ltr'><strong>in</strong></span> <span class='ocrx_word' id='word_1_164' title='bbox 1060 2051 1294 2122; x_wconf 90' lang='lat' dir='ltr'><strong>pristina</strong></span> <span class='ocrx_word' id='word_1_165' title='bbox 1331 2066 1526 2107; x_wconf 91' lang='lat' dir='ltr'><strong>rursus</strong></span> <span class='ocrx_word' id='word_1_166' title='bbox 1560 2051 1861 2108; x_wconf 90' lang='lat' dir='ltr'><strong>solitudine</strong></span> <span class='ocrx_word' id='word_1_167' title='bbox 1894 2051 2045 2106; x_wconf 91' lang='lat' dir='ltr'><strong>domi</strong></span> 
     </span>
    </p>
   </div>
   <div class='ocr_carea' id='block_1_25' title="bbox 461 2143 2050 2214">
    <p class='ocr_par' dir='ltr' id='par_1_25' title="bbox 461 2143 2050 2214">
     <span class='ocr_line' id='line_1_25' title="bbox 461 2143 2050 2214; baseline -0.001 -14"><span class='ocrx_word' id='word_1_168' title='bbox 461 2155 720 2201; x_wconf 84' lang='lat' dir='ltr'><strong>versatus</strong></span> <span class='ocrx_word' id='word_1_169' title='bbox 745 2160 894 2199; x_wconf 90' lang='lat' dir='ltr'><strong>sum.</strong></span> <span class='ocrx_word' id='word_1_170' title='bbox 926 2143 1062 2198; x_wconf 84' lang='lat' dir='ltr'><strong>Nam</strong></span> <span class='ocrx_word' id='word_1_171' title='bbox 1099 2158 1281 2213; x_wconf 89' lang='lat' dir='ltr'><strong>neque</strong></span> <span class='ocrx_word' id='word_1_172' title='bbox 1314 2144 1411 2214; x_wconf 89' lang='lat' dir='ltr'><strong>qui</strong></span> <span class='ocrx_word' id='word_1_173' title='bbox 1440 2143 1767 2213; x_wconf 67' lang='lat' dir='ltr'><strong>aegritudine</strong></span> <span class='ocrx_word' id='word_1_174' title='bbox 1797 2151 1853 2198; x_wconf 90' lang='lat' dir='ltr'><strong>et</strong></span> <span class='ocrx_word' id='word_1_175' title='bbox 1880 2143 2050 2198; x_wconf 88' lang='lat' dir='ltr'><strong>tristi-</strong></span> 
     </span>
    </p>
   </div>
   <div class='ocr_carea' id='block_1_26' title="bbox 454 2230 2047 2300">
    <p class='ocr_par' dir='ltr' id='par_1_26' title="bbox 454 2230 2047 2300">
     <span class='ocr_line' id='line_1_26' title="bbox 454 2230 2047 2300; baseline -0.003 -12"><span class='ocrx_word' id='word_1_176' title='bbox 454 2236 539 2288; x_wconf 74' lang='lat' dir='ltr'><strong>tia</strong></span> <span class='ocrx_word' id='word_1_177' title='bbox 563 2234 823 2288; x_wconf 84' lang='lat' dir='ltr'><strong>amictum</strong></span> <span class='ocrx_word' id='word_1_178' title='bbox 864 2246 950 2287; x_wconf 90' lang='lat' dir='ltr'><strong>me</strong></span> <span class='ocrx_word' id='word_1_179' title='bbox 972 2232 1356 2287; x_wconf 87' lang='lat' dir='ltr'><strong>consolaretur</strong></span> <span class='ocrx_word' id='word_1_180' title='bbox 1378 2230 1589 2295; x_wconf 89' lang='lat' dir='ltr'><strong>aderat,</strong></span> <span class='ocrx_word' id='word_1_181' title='bbox 1608 2246 1788 2300; x_wconf 87' lang='lat' dir='ltr'><strong>neque</strong></span> <span class='ocrx_word' id='word_1_182' title='bbox 1810 2240 2047 2285; x_wconf 88' lang='lat' dir='ltr'><strong>utantea</strong></span> 
     </span>
    </p>
   </div>
   <div class='ocr_carea' id='block_1_27' title="bbox 458 2321 2049 2394">
    <p class='ocr_par' dir='ltr' id='par_1_27' title="bbox 458 2321 2049 2394">
     <span class='ocr_line' id='line_1_27' title="bbox 458 2321 2049 2394; baseline -0.003 -14"><span class='ocrx_word' id='word_1_183' title='bbox 458 2342 592 2380; x_wconf 78' lang='lat' dir='ltr'><strong>eum</strong></span> <span class='ocrx_word' id='word_1_184' title='bbox 628 2332 950 2394; x_wconf 74' lang='lat' dir='ltr'><strong>exspectare</strong></span> <span class='ocrx_word' id='word_1_185' title='bbox 983 2322 1120 2377; x_wconf 89' lang='lat' dir='ltr'><strong>mihi</strong></span> <span class='ocrx_word' id='word_1_186' title='bbox 1151 2322 1313 2378; x_wconf 88' lang='lat' dir='ltr'><strong>licuit</strong></span> <span class='ocrx_word' id='word_1_187' title='bbox 1350 2321 1407 2376; x_wconf 93' lang='lat' dir='ltr'><strong>in</strong></span> <span class='ocrx_word' id='word_1_188' title='bbox 1442 2321 1588 2377; x_wconf 89' lang='lat' dir='ltr'><strong>diem</strong></span> <span class='ocrx_word' id='word_1_189' title='bbox 1625 2331 1909 2392; x_wconf 87' lang='lat' dir='ltr'><strong>posterum</strong></span> <span class='ocrx_word' id='word_1_190' title='bbox 1953 2332 2049 2377; x_wconf 89' lang='lat' dir='ltr'><strong>aut</strong></span> 
     </span>
    </p>
   </div>
   <div class='ocr_carea' id='block_1_28' title="bbox 463 2414 2047 2485">
    <p class='ocr_par' dir='ltr' id='par_1_28' title="bbox 463 2414 2047 2485">
     <span class='ocr_line' id='line_1_28' title="bbox 463 2414 2047 2485; baseline 0.001 -16"><span class='ocrx_word' id='word_1_191' title='bbox 463 2423 523 2473; x_wconf 86' lang='lat' dir='ltr'><strong>in</strong></span> <span class='ocrx_word' id='word_1_192' title='bbox 553 2417 777 2472; x_wconf 88' lang='lat' dir='ltr'><strong>tertium</strong></span> <span class='ocrx_word' id='word_1_193' title='bbox 810 2426 906 2470; x_wconf 83' lang='lat' dir='ltr'><strong>aut</strong></span> <span class='ocrx_word' id='word_1_194' title='bbox 938 2416 993 2470; x_wconf 92' lang='lat' dir='ltr'><strong>in</strong></span> <span class='ocrx_word' id='word_1_195' title='bbox 1024 2415 1143 2470; x_wconf 87' lang='lat' dir='ltr'><strong>dies</strong></span> <span class='ocrx_word' id='word_1_196' title='bbox 1166 2415 1261 2485; x_wconf 89' lang='lat' dir='ltr'><strong>qui</strong></span> <span class='ocrx_word' id='word_1_197' title='bbox 1308 2422 1642 2484; x_wconf 84' lang='lat' dir='ltr'><strong>sequuntur,</strong></span> <span class='ocrx_word' id='word_1_198' title='bbox 1685 2422 1742 2469; x_wconf 90' lang='lat' dir='ltr'><strong>et</strong></span> <span class='ocrx_word' id='word_1_199' title='bbox 1780 2414 2047 2470; x_wconf 88' lang='lat' dir='ltr'><strong>continuo</strong></span> 
     </span>
    </p>
   </div>
   <div class='ocr_carea' id='block_1_29' title="bbox 460 2503 2045 2576">
    <p class='ocr_par' dir='ltr' id='par_1_29' title="bbox 460 2503 2045 2576">
     <span class='ocr_line' id='line_1_29' title="bbox 460 2503 2045 2576; baseline -0.003 -13"><span class='ocrx_word' id='word_1_200' title='bbox 460 2508 649 2563; x_wconf 86' lang='lat' dir='ltr'><strong>hacin</strong></span> <span class='ocrx_word' id='word_1_201' title='bbox 682 2505 999 2561; x_wconf 89' lang='lat' dir='ltr'><strong>conditione</strong></span> <span class='ocrx_word' id='word_1_202' title='bbox 1045 2512 1293 2560; x_wconf 86' lang='lat' dir='ltr'><strong>versatus</strong></span> <span class='ocrx_word' id='word_1_203' title='bbox 1324 2519 1446 2559; x_wconf 89' lang='lat' dir='ltr'><strong>sum</strong></span> <span class='ocrx_word' id='word_1_204' title='bbox 1495 2515 1863 2576; x_wconf 66' lang='lat' dir='ltr'><strong>praeterquam</strong></span> <span class='ocrx_word' id='word_1_205' title='bbox 1898 2503 2045 2575; x_wconf 90' lang='lat' dir='ltr'><strong>quod</strong></span> 
     </span>
    </p>
   </div>
   <div class='ocr_carea' id='block_1_30' title="bbox 460 2594 2046 2667">
    <p class='ocr_par' dir='ltr' id='par_1_30' title="bbox 460 2594 2046 2667">
     <span class='ocr_line' id='line_1_30' title="bbox 460 2594 2046 2667; baseline 0 -15"><span class='ocrx_word' id='word_1_206' title='bbox 460 2597 602 2653; x_wconf 86' lang='lat' dir='ltr'><strong>mihi</strong></span> <span class='ocrx_word' id='word_1_207' title='bbox 651 2598 842 2651; x_wconf 83' lang='lat' dir='ltr'><strong>aderat</strong></span> <span class='ocrx_word' id='word_1_208' title='bbox 894 2595 987 2665; x_wconf 88' lang='lat' dir='ltr'><strong>qui</strong></span> <span class='ocrx_word' id='word_1_209' title='bbox 1040 2594 1302 2650; x_wconf 88' lang='lat' dir='ltr'><strong>omnibus</strong></span> <span class='ocrx_word' id='word_1_210' title='bbox 1336 2594 1474 2650; x_wconf 81' lang='lat' dir='ltr'><strong>locis</strong></span> <span class='ocrx_word' id='word_1_211' title='bbox 1527 2605 1728 2665; x_wconf 66' lang='lat' dir='ltr'><strong>praeest</strong></span> <span class='ocrx_word' id='word_1_212' title='bbox 1777 2596 2046 2667; x_wconf 90' lang='lat' dir='ltr'><strong>nobisque</strong></span> 
     </span>
    </p>
   </div>
   <div class='ocr_carea' id='block_1_31' title="bbox 456 2684 2045 2758">
    <p class='ocr_par' dir='ltr' id='par_1_31' title="bbox 456 2684 2045 2758">
     <span class='ocr_line' id='line_1_31' title="bbox 456 2684 2045 2758; baseline -0.001 -15"><span class='ocrx_word' id='word_1_213' title='bbox 456 2688 720 2743; x_wconf 83' lang='lat' dir='ltr'><strong>omnibus</strong></span> <span class='ocrx_word' id='word_1_214' title='bbox 745 2686 1035 2758; x_wconf 88' lang='lat' dir='ltr'><strong>prospicit,</strong></span> <span class='ocrx_word' id='word_1_215' title='bbox 1069 2684 1212 2741; x_wconf 89' lang='lat' dir='ltr'><strong>Deus</strong></span> <span class='ocrx_word' id='word_1_216' title='bbox 1248 2688 1494 2756; x_wconf 77' lang='lat' dir='ltr'><strong>inquam.</strong></span> <span class='ocrx_word' id='word_1_217' title='bbox 1528 2686 1626 2741; x_wconf 84' lang='lat' dir='ltr'><strong>llic</strong></span> <span class='ocrx_word' id='word_1_218' title='bbox 1657 2686 1805 2742; x_wconf 89' lang='lat' dir='ltr'><strong>enim</strong></span> <span class='ocrx_word' id='word_1_219' title='bbox 1840 2688 2045 2742; x_wconf 90' lang='lat' dir='ltr'><strong>interea</strong></span> 
     </span>
    </p>
   </div>
   <div class='ocr_carea' id='block_1_32' title="bbox 448 2778 2046 2851">
    <p class='ocr_par' dir='ltr' id='par_1_32' title="bbox 448 2778 2046 2851">
     <span class='ocr_line' id='line_1_32' title="bbox 448 2778 2046 2851; baseline -0.002 -14"><span class='ocrx_word' id='word_1_220' title='bbox 448 2780 848 2851; x_wconf 51' lang='lat' dir='ltr'><strong>aegritudinem</strong></span> <span class='ocrx_word' id='word_1_221' title='bbox 877 2795 1056 2836; x_wconf 84' lang='lat' dir='ltr'><strong>meam</strong></span> <span class='ocrx_word' id='word_1_222' title='bbox 1105 2778 1299 2835; x_wconf 83' lang='lat' dir='ltr'><strong>lenivit</strong></span> <span class='ocrx_word' id='word_1_223' title='bbox 1333 2796 1530 2849; x_wconf 84' lang='lat' dir='ltr'><strong>meque</strong></span> <span class='ocrx_word' id='word_1_224' title='bbox 1568 2780 1625 2835; x_wconf 90' lang='lat' dir='ltr'><strong>in</strong></span> <span class='ocrx_word' id='word_1_225' title='bbox 1656 2779 2046 2836; x_wconf 90' lang='lat' dir='ltr'><strong>continuandis</strong></span> 
     </span>
    </p>
   </div>
   <div class='ocr_carea' id='block_1_33' title="bbox 465 2872 2045 2944">
    <p class='ocr_par' dir='ltr' id='par_1_33' title="bbox 465 2872 2045 2944">
     <span class='ocr_line' id='line_1_33' title="bbox 465 2872 2045 2944; baseline -0.003 -14"><span class='ocrx_word' id='word_1_226' title='bbox 465 2872 824 2930; x_wconf 77' lang='lat' dir='ltr'><strong>historiarum</strong></span> <span class='ocrx_word' id='word_1_227' title='bbox 841 2872 1255 2928; x_wconf 87' lang='lat' dir='ltr'><strong>commentariis</strong></span> <span class='ocrx_word' id='word_1_228' title='bbox 1276 2872 1509 2943; x_wconf 79' lang='lat' dir='ltr'><strong>adjuvit,</strong></span> <span class='ocrx_word' id='word_1_229' title='bbox 1531 2888 1672 2944; x_wconf 89' lang='lat' dir='ltr'><strong>quos</strong></span> <span class='ocrx_word' id='word_1_230' title='bbox 1692 2873 2045 2928; x_wconf 89' lang='lat' dir='ltr'><strong>conscribere</strong></span> 
     </span>
    </p>
   </div>
   <div class='ocr_carea' id='block_1_34' title="bbox 456 2961 2044 3032">
    <p class='ocr_par' dir='ltr' id='par_1_34' title="bbox 456 2961 2044 3032">
     <span class='ocr_line' id='line_1_34' title="bbox 456 2961 2044 3032; baseline -0.003 -11"><span class='ocrx_word' id='word_1_231' title='bbox 456 2977 625 3022; x_wconf 78' lang='lat' dir='ltr'><strong>antea</strong></span> <span class='ocrx_word' id='word_1_232' title='bbox 685 2977 1119 3027; x_wconf 75' lang='lat' dir='ltr'><strong>consueverant,</strong></span> <span class='ocrx_word' id='word_1_233' title='bbox 1184 2976 1310 3015; x_wconf 90' lang='lat' dir='ltr'><strong>cum</strong></span> <span class='ocrx_word' id='word_1_234' title='bbox 1376 2963 1539 3017; x_wconf 85' lang='lat' dir='ltr'><strong>nobis</strong></span> <span class='ocrx_word' id='word_1_235' title='bbox 1610 2962 1783 3017; x_wconf 89' lang='lat' dir='ltr'><strong>multa</strong></span> <span class='ocrx_word' id='word_1_236' title='bbox 1837 2961 2044 3032; x_wconf 79' lang='lat' dir='ltr'><strong>perfrui</strong></span> 
     </span>
    </p>
   </div>
   <div class='ocr_carea' id='block_1_35' title="bbox 449 3050 2039 3112">
    <p class='ocr_par' dir='ltr' id='par_1_35' title="bbox 449 3050 2039 3112">
     <span class='ocr_line' id='line_1_35' title="bbox 449 3050 2039 3112; baseline -0.003 0"><span class='ocrx_word' id='word_1_237' title='bbox 449 3059 719 3112; x_wconf 83' lang='lat' dir='ltr'><strong>-libertate</strong></span> <span class='ocrx_word' id='word_1_238' title='bbox 747 3054 961 3108; x_wconf 86' lang='lat' dir='ltr'><strong>licitum</strong></span> <span class='ocrx_word' id='word_1_239' title='bbox 993 3061 1129 3106; x_wconf 87' lang='lat' dir='ltr'><strong>erat.</strong></span> <span class='ocrx_word' id='word_1_240' title='bbox 1162 3050 1320 3106; x_wconf 88' lang='lat' dir='ltr'><strong>Tunc</strong></span> <span class='ocrx_word' id='word_1_241' title='bbox 1354 3066 1487 3107; x_wconf 88' lang='lat' dir='ltr'><strong>vero</strong></span> <span class='ocrx_word' id='word_1_242' title='bbox 1515 3053 1618 3109; x_wconf 84' lang='lat' dir='ltr'><strong>etsi</strong></span> <span class='ocrx_word' id='word_1_243' title='bbox 1657 3068 1767 3109; x_wconf 93' lang='lat' dir='ltr'><strong>non</strong></span> <span class='ocrx_word' id='word_1_244' title='bbox 1807 3054 2039 3109; x_wconf 89' lang='lat' dir='ltr'><strong>multum</strong></span> 
     </span>
    </p>
   </div>
   <div class='ocr_carea' id='block_1_36' title="bbox 464 3148 2041 3219">
    <p class='ocr_par' dir='ltr' id='par_1_36' title="bbox 464 3148 2041 3219">
     <span class='ocr_line' id='line_1_36' title="bbox 464 3148 2041 3219; baseline 0.001 -16"><span class='ocrx_word' id='word_1_245' title='bbox 464 3166 649 3219; x_wconf 86' lang='lat' dir='ltr'><strong>neque</strong></span> <span class='ocrx_word' id='word_1_246' title='bbox 686 3156 747 3203; x_wconf 90' lang='lat' dir='ltr'><strong>ut</strong></span> <span class='ocrx_word' id='word_1_247' title='bbox 773 3164 912 3218; x_wconf 89' lang='lat' dir='ltr'><strong>opus</strong></span> <span class='ocrx_word' id='word_1_248' title='bbox 940 3158 1084 3215; x_wconf 71' lang='lat' dir='ltr'><strong>erat,</strong></span> <span class='ocrx_word' id='word_1_249' title='bbox 1123 3158 1303 3204; x_wconf 83' lang='lat' dir='ltr'><strong>tamen</strong></span> <span class='ocrx_word' id='word_1_250' title='bbox 1337 3157 1549 3204; x_wconf 88' lang='lat' dir='ltr'><strong>tantum</strong></span> <span class='ocrx_word' id='word_1_251' title='bbox 1582 3148 1884 3204; x_wconf 89' lang='lat' dir='ltr'><strong>scribendo</strong></span> <span class='ocrx_word' id='word_1_252' title='bbox 1912 3165 2041 3219; x_wconf 88' lang='lat' dir='ltr'><strong>per-</strong></span> 
     </span>
    </p>
   </div>
   <div class='ocr_carea' id='block_1_37' title="bbox 448 3239 2044 3310">
    <p class='ocr_par' dir='ltr' id='par_1_37' title="bbox 448 3239 2044 3310">
     <span class='ocr_line' id='line_1_37' title="bbox 448 3239 2044 3310; baseline 0 -14"><span class='ocrx_word' id='word_1_253' title='bbox 448 3242 569 3296; x_wconf 53' lang='lat' dir='ltr'><strong>feci</strong></span> <span class='ocrx_word' id='word_1_254' title='bbox 603 3247 864 3310; x_wconf 88' lang='lat' dir='ltr'><strong>quantum</strong></span> <span class='ocrx_word' id='word_1_255' title='bbox 899 3240 956 3294; x_wconf 89' lang='lat' dir='ltr'><strong>in</strong></span> <span class='ocrx_word' id='word_1_256' title='bbox 999 3240 1195 3297; x_wconf 90' lang='lat' dir='ltr'><strong>mediis</strong></span> <span class='ocrx_word' id='word_1_257' title='bbox 1225 3239 1359 3295; x_wconf 83' lang='lat' dir='ltr'><strong>mihi</strong></span> <span class='ocrx_word' id='word_1_258' title='bbox 1384 3239 1617 3295; x_wconf 89' lang='lat' dir='ltr'><strong>summis</strong></span> <span class='ocrx_word' id='word_1_259' title='bbox 1649 3240 1918 3309; x_wconf 81' lang='lat' dir='ltr'><strong>angustiis</strong></span> <span class='ocrx_word' id='word_1_260' title='bbox 1948 3255 2044 3296; x_wconf 84' lang='lat' dir='ltr'><strong>va-</strong></span> 
     </span>
    </p>
   </div>
   <div class='ocr_carea' id='block_1_38' title="bbox 454 3331 2043 3403">
    <p class='ocr_par' dir='ltr' id='par_1_38' title="bbox 454 3331 2043 3403">
     <span class='ocr_line' id='line_1_38' title="bbox 454 3331 2043 3403; baseline 0.001 -16"><span class='ocrx_word' id='word_1_261' title='bbox 454 3335 675 3403; x_wconf 75' lang='lat' dir='ltr'><strong>riisque</strong></span> <span class='ocrx_word' id='word_1_262' title='bbox 716 3333 771 3387; x_wconf 91' lang='lat' dir='ltr'><strong>in</strong></span> <span class='ocrx_word' id='word_1_263' title='bbox 799 3332 1272 3389; x_wconf 76' lang='lat' dir='ltr'><strong>sollicitudinibus</strong></span> <span class='ocrx_word' id='word_1_264' title='bbox 1316 3332 1424 3388; x_wconf 74' lang='lat' dir='ltr'><strong>frui</strong></span> <span class='ocrx_word' id='word_1_265' title='bbox 1459 3331 1616 3387; x_wconf 90' lang='lat' dir='ltr'><strong>licuit</strong></span> <span class='ocrx_word' id='word_1_266' title='bbox 1645 3332 2043 3403; x_wconf 81' lang='lat' dir='ltr'><strong>omnipotentis</strong></span> 
     </span>
    </p>
   </div>
   <div class='ocr_carea' id='block_1_39' title="bbox 456 3426 2044 3497">
    <p class='ocr_par' dir='ltr' id='par_1_39' title="bbox 456 3426 2044 3497">
     <span class='ocr_line' id='line_1_39' title="bbox 456 3426 2044 3497; baseline 0 -15"><span class='ocrx_word' id='word_1_267' title='bbox 456 3430 561 3484; x_wconf 64' lang='lat' dir='ltr'><strong>dlci</strong></span> <span class='ocrx_word' id='word_1_268' title='bbox 592 3443 756 3481; x_wconf 85' lang='lat' dir='ltr'><strong>manu</strong></span> <span class='ocrx_word' id='word_1_269' title='bbox 802 3426 1105 3497; x_wconf 82' lang='lat' dir='ltr'><strong>adjutriee;</strong></span> <span class='ocrx_word' id='word_1_270' title='bbox 1138 3428 1233 3497; x_wconf 91' lang='lat' dir='ltr'><strong>qui</strong></span> <span class='ocrx_word' id='word_1_271' title='bbox 1270 3440 1358 3481; x_wconf 93' lang='lat' dir='ltr'><strong>me</strong></span> <span class='ocrx_word' id='word_1_272' title='bbox 1390 3426 1654 3497; x_wconf 82' lang='lat' dir='ltr'><strong>adjuvare</strong></span> <span class='ocrx_word' id='word_1_273' title='bbox 1683 3426 1932 3497; x_wconf 84' lang='lat' dir='ltr'><strong>mihique</strong></span> <span class='ocrx_word' id='word_1_274' title='bbox 1960 3428 2044 3482; x_wconf 87' lang='lat' dir='ltr'><strong>la-</strong></span> 
     </span>
    </p>
   </div>
   <div class='ocr_carea' id='block_1_40' title="bbox 456 3517 2039 3588">
    <p class='ocr_par' dir='ltr' id='par_1_40' title="bbox 456 3517 2039 3588">
     <span class='ocr_line' id='line_1_40' title="bbox 456 3517 2039 3588; baseline -0.002 -12"><span class='ocrx_word' id='word_1_275' title='bbox 456 3523 628 3576; x_wconf 76' lang='lat' dir='ltr'><strong>bores</strong></span> <span class='ocrx_word' id='word_1_276' title='bbox 674 3520 860 3574; x_wconf 88' lang='lat' dir='ltr'><strong>levare</strong></span> <span class='ocrx_word' id='word_1_277' title='bbox 892 3534 1000 3573; x_wconf 82' lang='lat' dir='ltr'><strong>non</strong></span> <span class='ocrx_word' id='word_1_278' title='bbox 1045 3520 1300 3573; x_wconf 76' lang='lat' dir='ltr'><strong>cessavit.</strong></span> <span class='ocrx_word' id='word_1_279' title='bbox 1336 3517 1554 3573; x_wconf 83' lang='lat' dir='ltr'><strong>Etenim</strong></span> <span class='ocrx_word' id='word_1_280' title='bbox 1600 3518 1889 3588; x_wconf 64' lang='lat' dir='ltr'><strong>prtesentia</strong></span> <span class='ocrx_word' id='word_1_281' title='bbox 1939 3534 2039 3574; x_wconf 87' lang='lat' dir='ltr'><strong>sua</strong></span> 
     </span>
    </p>
   </div>
   <div class='ocr_carea' id='block_1_41' title="bbox 436 3611 2041 3683">
    <p class='ocr_par' dir='ltr' id='par_1_41' title="bbox 436 3611 2041 3683">
     <span class='ocr_line' id='line_1_41' title="bbox 436 3611 2041 3683; baseline -0.002 -13"><span class='ocrx_word' id='word_1_282' title='bbox 436 3614 647 3670; x_wconf 61' lang='lat' dir='ltr'><strong>reﬂecit</strong></span> <span class='ocrx_word' id='word_1_283' title='bbox 676 3622 738 3668; x_wconf 93' lang='lat' dir='ltr'><strong>ut</strong></span> <span class='ocrx_word' id='word_1_284' title='bbox 769 3628 992 3682; x_wconf 82' lang='lat' dir='ltr'><strong>Operam</strong></span> <span class='ocrx_word' id='word_1_285' title='bbox 1014 3627 1195 3666; x_wconf 84' lang='lat' dir='ltr'><strong>meam</strong></span> <span class='ocrx_word' id='word_1_286' title='bbox 1224 3621 1485 3683; x_wconf 89' lang='lat' dir='ltr'><strong>tanquam</strong></span> <span class='ocrx_word' id='word_1_287' title='bbox 1514 3611 1841 3667; x_wconf 85' lang='lat' dir='ltr'><strong>miraculum</strong></span> <span class='ocrx_word' id='word_1_288' title='bbox 1867 3611 2041 3681; x_wconf 86' lang='lat' dir='ltr'><strong>quod-</strong></span> 
     </span>
    </p>
   </div>
   <div class='ocr_carea' id='block_1_42' title="bbox 438 3700 2037 3772">
    <p class='ocr_par' dir='ltr' id='par_1_42' title="bbox 438 3700 2037 3772">
     <span class='ocr_line' id='line_1_42' title="bbox 438 3700 2037 3772; baseline -0.001 -13"><span class='ocrx_word' id='word_1_289' title='bbox 438 3706 587 3760; x_wconf 73' lang='lat' dir='ltr'><strong>~dam</strong></span> <span class='ocrx_word' id='word_1_290' title='bbox 616 3705 866 3759; x_wconf 82' lang='lat' dir='ltr'><strong>homines</strong></span> <span class='ocrx_word' id='word_1_291' title='bbox 897 3702 1312 3772; x_wconf 78' lang='lat' dir='ltr'><strong>obstupucrint.</strong></span> <span class='ocrx_word' id='word_1_292' title='bbox 1345 3700 1556 3771; x_wconf 81' lang='lat' dir='ltr'><strong>Nempe</strong></span> <span class='ocrx_word' id='word_1_293' title='bbox 1586 3711 1786 3772; x_wconf 69' lang='lat' dir='ltr'><strong>praeter</strong></span> <span class='ocrx_word' id='word_1_294' title='bbox 1815 3718 2037 3758; x_wconf 84' lang='lat' dir='ltr'><strong>onmem</strong></span> 
     </span>
    </p>
   </div>
   <div class='ocr_carea' id='block_1_43' title="bbox 457 3792 2039 3866">
    <p class='ocr_par' dir='ltr' id='par_1_43' title="bbox 457 3792 2039 3866">
     <span class='ocr_line' id='line_1_43' title="bbox 457 3792 2039 3866; baseline -0.001 -15"><span class='ocrx_word' id='word_1_295' title='bbox 457 3796 777 3866; x_wconf 80' lang='lat' dir='ltr'><strong>Opinionem</strong></span> <span class='ocrx_word' id='word_1_296' title='bbox 828 3793 1033 3848; x_wconf 73' lang='lat' dir='ltr'><strong>factum</strong></span> <span class='ocrx_word' id='word_1_297' title='bbox 1084 3800 1167 3847; x_wconf 86' lang='lat' dir='ltr'><strong>est</strong></span> <span class='ocrx_word' id='word_1_298' title='bbox 1216 3801 1275 3846; x_wconf 91' lang='lat' dir='ltr'><strong>ut</strong></span> <span class='ocrx_word' id='word_1_299' title='bbox 1325 3807 1391 3847; x_wconf 81' lang='lat' dir='ltr'><strong>ex</strong></span> <span class='ocrx_word' id='word_1_300' title='bbox 1435 3792 1725 3848; x_wconf 83' lang='lat' dir='ltr'><strong>contrariis</strong></span> <span class='ocrx_word' id='word_1_301' title='bbox 1764 3794 2039 3849; x_wconf 85' lang='lat' dir='ltr'><strong>contraria</strong></span> 
     </span>
    </p>
   </div>
   <div class='ocr_carea' id='block_1_44' title="bbox 393 3882 2040 3957">
    <p class='ocr_par' dir='ltr' id='par_1_44' title="bbox 393 3882 2040 3957">
     <span class='ocr_line' id='line_1_44' title="bbox 393 3882 2040 3957; baseline -0.002 -15"><span class='ocrx_word' id='word_1_302' title='bbox 393 3885 408 3897; x_wconf 71' lang='grc'><strong><em>⁸</em></strong></span> <span class='ocrx_word' id='word_1_303' title='bbox 458 3888 671 3957; x_wconf 88' lang='lat' dir='ltr'><strong>optime</strong></span> <span class='ocrx_word' id='word_1_304' title='bbox 704 3884 992 3940; x_wconf 88' lang='lat' dir='ltr'><strong>evenerint</strong></span> <span class='ocrx_word' id='word_1_305' title='bbox 1038 3893 1096 3937; x_wconf 89' lang='lat' dir='ltr'><strong>et</strong></span> <span class='ocrx_word' id='word_1_306' title='bbox 1127 3883 1451 3953; x_wconf 87' lang='lat' dir='ltr'><strong>sempiterni</strong></span> <span class='ocrx_word' id='word_1_307' title='bbox 1487 3898 1673 3938; x_wconf 89' lang='lat' dir='ltr'><strong>rerum</strong></span> <span class='ocrx_word' id='word_1_308' title='bbox 1713 3882 1867 3939; x_wconf 84' lang='lat' dir='ltr'><strong>orbis</strong></span> <span class='ocrx_word' id='word_1_309' title='bbox 1913 3898 2040 3954; x_wconf 86' lang='lat' dir='ltr'><strong>pro-</strong></span> 
     </span>
    </p>
   </div>
   <div class='ocr_carea' id='block_1_45' title="bbox 459 3975 2036 4048">
    <p class='ocr_par' dir='ltr' id='par_1_45' title="bbox 459 3975 2036 4048">
     <span class='ocr_line' id='line_1_45' title="bbox 459 3975 2036 4048; baseline -0.003 -15"><span class='ocrx_word' id='word_1_310' title='bbox 459 3980 617 4033; x_wconf 81' lang='lat' dir='ltr'><strong>cella:</strong></span> <span class='ocrx_word' id='word_1_311' title='bbox 676 3978 992 4046; x_wconf 78' lang='lat' dir='ltr'><strong>turbidique</strong></span> <span class='ocrx_word' id='word_1_312' title='bbox 1043 3986 1233 4032; x_wconf 82' lang='lat' dir='ltr'><strong>motus</strong></span> <span class='ocrx_word' id='word_1_313' title='bbox 1294 3980 1348 4030; x_wconf 91' lang='lat' dir='ltr'><strong>in</strong></span> <span class='ocrx_word' id='word_1_314' title='bbox 1408 3975 1808 4048; x_wconf 80' lang='lat' dir='ltr'><strong>Alcyonitidam</strong></span> <span class='ocrx_word' id='word_1_315' title='bbox 1871 3991 2036 4047; x_wconf 86' lang='lat' dir='ltr'><strong>quam</strong></span> 
     </span>
    </p>
   </div>
   <div class='ocr_carea' id='block_1_46' title="bbox 458 4068 2039 4138">
    <p class='ocr_par' dir='ltr' id='par_1_46' title="bbox 458 4068 2039 4138">
     <span class='ocr_line' id='line_1_46' title="bbox 458 4068 2039 4138; baseline 0.002 -18"><span class='ocrx_word' id='word_1_316' title='bbox 458 4071 655 4124; x_wconf 81' lang='lat' dir='ltr'><strong>dicunt</strong></span> <span class='ocrx_word' id='word_1_317' title='bbox 683 4070 966 4123; x_wconf 69' lang='lat' dir='ltr'><strong>malaciam</strong></span> <span class='ocrx_word' id='word_1_318' title='bbox 994 4077 1051 4122; x_wconf 88' lang='lat' dir='ltr'><strong>et</strong></span> <span class='ocrx_word' id='word_1_319' title='bbox 1075 4068 1530 4138; x_wconf 83' lang='lat' dir='ltr'><strong>tranquillitatem</strong></span> <span class='ocrx_word' id='word_1_320' title='bbox 1569 4068 1761 4123; x_wconf 84' lang='lat' dir='ltr'><strong>mutati</strong></span> <span class='ocrx_word' id='word_1_321' title='bbox 1783 4068 1917 4126; x_wconf 87' lang='lat' dir='ltr'><strong>sint.</strong></span> <span class='ocrx_word' id='word_1_322' title='bbox 1942 4068 2039 4123; x_wconf 86' lang='lat' dir='ltr'><strong>Est</strong></span> 
     </span>
    </p>
   </div>
   <div class='ocr_carea' id='block_1_47' title="bbox 457 4158 2038 4228">
    <p class='ocr_par' dir='ltr' id='par_1_47' title="bbox 457 4158 2038 4228">
     <span class='ocr_line' id='line_1_47' title="bbox 457 4158 2038 4228; baseline 0.001 -15"><span class='ocrx_word' id='word_1_323' title='bbox 457 4159 610 4213; x_wconf 87' lang='lat' dir='ltr'><strong>enim</strong></span> <span class='ocrx_word' id='word_1_324' title='bbox 637 4158 751 4213; x_wconf 80' lang='lat' dir='ltr'><strong>avis</strong></span> <span class='ocrx_word' id='word_1_325' title='bbox 783 4174 903 4227; x_wconf 73' lang='lat' dir='ltr'><strong>qu-ae</strong></span> <span class='ocrx_word' id='word_1_326' title='bbox 950 4168 1008 4213; x_wconf 87' lang='lat' dir='ltr'><strong>et</strong></span> <span class='ocrx_word' id='word_1_327' title='bbox 1053 4159 1111 4211; x_wconf 86' lang='lat' dir='ltr'><strong>in</strong></span> <span class='ocrx_word' id='word_1_328' title='bbox 1142 4173 1271 4212; x_wconf 89' lang='lat' dir='ltr'><strong>aere</strong></span> <span class='ocrx_word' id='word_1_329' title='bbox 1294 4167 1350 4213; x_wconf 90' lang='lat' dir='ltr'><strong>ct</strong></span> <span class='ocrx_word' id='word_1_330' title='bbox 1393 4158 1446 4212; x_wconf 92' lang='lat' dir='ltr'><strong>in</strong></span> <span class='ocrx_word' id='word_1_331' title='bbox 1478 4174 1619 4228; x_wconf 87' lang='lat' dir='ltr'><strong>aqua</strong></span> <span class='ocrx_word' id='word_1_332' title='bbox 1642 4158 1776 4214; x_wconf 75' lang='lat' dir='ltr'><strong>vivit</strong></span> <span class='ocrx_word' id='word_1_333' title='bbox 1814 4159 2038 4214; x_wconf 85' lang='lat' dir='ltr'><strong>nomine</strong></span> 
     </span>
    </p>
   </div>
   <div class='ocr_carea' id='block_1_48' title="bbox 464 4247 2039 4318">
    <p class='ocr_par' dir='ltr' id='par_1_48' title="bbox 464 4247 2039 4318">
     <span class='ocr_line' id='line_1_48' title="bbox 464 4247 2039 4318; baseline 0.002 -18"><span class='ocrx_word' id='word_1_334' title='bbox 464 4249 623 4318; x_wconf 79' lang='lat'><strong>131</strong></span> <span class='ocrx_word' id='word_1_335' title='bbox 653 4249 876 4318; x_wconf 58' lang='lat' dir='ltr'><strong>Ali-you.</strong></span> <span class='ocrx_word' id='word_1_336' title='bbox 905 4248 1030 4301; x_wconf 74' lang='lat' dir='ltr'><strong>[hec</strong></span> <span class='ocrx_word' id='word_1_337' title='bbox 1052 4247 1097 4301; x_wconf 90' lang='lat' dir='ltr'><strong>si</strong></span> <span class='ocrx_word' id='word_1_338' title='bbox 1114 4259 1343 4316; x_wconf 82' lang='lat' dir='ltr'><strong>tempus</strong></span> <span class='ocrx_word' id='word_1_339' title='bbox 1364 4249 1523 4301; x_wconf 87' lang='lat' dir='ltr'><strong>adest</strong></span> <span class='ocrx_word' id='word_1_340' title='bbox 1548 4248 1871 4317; x_wconf 89' lang='lat' dir='ltr'><strong>procreandi</strong></span> <span class='ocrx_word' id='word_1_341' title='bbox 1896 4247 2039 4303; x_wconf 81' lang='lat' dir='ltr'><strong>fetus</strong></span> 
     </span>
    </p>
   </div>
   <div class='ocr_carea' id='block_1_49' title="bbox 462 4322 2039 4408">
    <p class='ocr_par' dir='ltr' id='par_1_49' title="bbox 462 4322 2039 4408">
     <span class='ocr_line' id='line_1_49' title="bbox 462 4322 2039 4408; baseline 0.001 -15"><span class='ocrx_word' id='word_1_342' title='bbox 462 4342 519 4393; x_wconf 85' lang='lat' dir='ltr'><strong>in</strong></span> <span class='ocrx_word' id='word_1_343' title='bbox 566 4354 734 4393; x_wconf 83' lang='lat' dir='ltr'><strong>arena</strong></span> <span class='ocrx_word' id='word_1_344' title='bbox 779 4339 946 4393; x_wconf 86' lang='lat' dir='ltr'><strong>maris</strong></span> <span class='ocrx_word' id='word_1_345' title='bbox 971 4353 1188 4393; x_wconf 88' lang='lat' dir='ltr'><strong>summo</strong></span> <span class='ocrx_word' id='word_1_346' title='bbox 1215 4348 1463 4408; x_wconf 89' lang='lat' dir='ltr'><strong>tempore</strong></span> <span class='ocrx_word' id='word_1_347' title='bbox 1494 4322 1713 4394; x_wconf 81' lang='lat' dir='ltr'><strong>hiemali</strong></span> <span class='ocrx_word' id='word_1_348' title='bbox 1746 4340 2039 4395; x_wconf 73' lang='lat' dir='ltr'><strong>vehemen-</strong></span> 
     </span>
    </p>
   </div>
   <div class='ocr_carea' id='block_1_50' title="bbox 2230 1044 3743 1125">
    <p class='ocr_par' dir='ltr' id='par_1_50' title="bbox 2230 1044 3743 1125">
     <span class='ocr_line' id='line_1_50' title="bbox 2230 1044 3743 1125; baseline 0.011 -27"><span class='ocrx_word' id='word_1_349' title='bbox 2230 1047 2304 1099; x_wconf 84' lang='lat' dir='ltr'><strong>A&#39;.</strong></span> <span class='ocrx_word' id='word_1_350' title='bbox 2334 1045 2522 1101; x_wconf 80' lang='grc' dir='ltr'>Ταῦτα</span> <span class='ocrx_word' id='word_1_351' title='bbox 2564 1044 2659 1102; x_wconf 74' lang='grc' dir='ltr'>οὖν</span> <span class='ocrx_word' id='word_1_352' title='bbox 2693 1049 2915 1112; x_wconf 71' lang='grc' dir='ltr'>ἐννοῶν,</span> <span class='ocrx_word' id='word_1_353' title='bbox 2945 1051 3172 1119; x_wconf 77' lang='grc' dir='ltr'>φίλτατε</span> <span class='ocrx_word' id='word_1_354' title='bbox 3215 1054 3609 1125; x_wconf 82' lang='grc' dir='ltr'>’Λγαθάγγελε,</span> <span class='ocrx_word' id='word_1_355' title='bbox 3642 1061 3743 1115; x_wconf 75' lang='grc' dir='ltr'>καὶ</span> 
     </span>
    </p>
   </div>
   <div class='ocr_carea' id='block_1_51' title="bbox 2155 1138 3738 1223">
    <p class='ocr_par' dir='ltr' id='par_1_51' title="bbox 2155 1138 3738 1223">
     <span class='ocr_line' id='line_1_51' title="bbox 2155 1138 3738 1223; baseline 0.02 -34"><span class='ocrx_word' id='word_1_356' title='bbox 2155 1140 2420 1203; x_wconf 74' lang='grc' dir='ltr'>τοιούτοις</span> <span class='ocrx_word' id='word_1_357' title='bbox 2465 1138 2623 1195; x_wconf 75' lang='grc' dir='ltr'>ὕδασι</span> <span class='ocrx_word' id='word_1_358' title='bbox 2672 1142 2772 1211; x_wconf 80' lang='grc' dir='ltr'>τὴν</span> <span class='ocrx_word' id='word_1_359' title='bbox 2815 1143 2995 1214; x_wconf 78' lang='grc' dir='ltr'>ψυχὴν</span> <span class='ocrx_word' id='word_1_360' title='bbox 3038 1140 3431 1217; x_wconf 67' lang='grc' dir='ltr'>ἀρδευόμενος.’</span> <span class='ocrx_word' id='word_1_361' title='bbox 3483 1150 3559 1222; x_wconf 82' lang='grc' dir='ltr'>μὴ</span> <span class='ocrx_word' id='word_1_362' title='bbox 3608 1156 3738 1223; x_wconf 80' lang='grc' dir='ltr'>σιγῇ</span> 
     </span>
    </p>
   </div>
   <div class='ocr_carea' id='block_1_52' title="bbox 2154 1228 3740 1313">
    <p class='ocr_par' dir='ltr' id='par_1_52' title="bbox 2154 1228 3740 1313">
     <span class='ocr_line' id='line_1_52' title="bbox 2154 1228 3740 1313; baseline 0.004 -32"><span class='ocrx_word' id='word_1_363' title='bbox 2154 1228 2412 1304; x_wconf 78' lang='grc' dir='ltr'>δειλιώσῃ</span> <span class='ocrx_word' id='word_1_364' title='bbox 2444 1234 2512 1286; x_wconf 83' lang='grc' dir='ltr'>τὰ</span> <span class='ocrx_word' id='word_1_365' title='bbox 2552 1233 2652 1302; x_wconf 83' lang='grc' dir='ltr'>τῆς</span> <span class='ocrx_word' id='word_1_366' title='bbox 2694 1236 2795 1306; x_wconf 79' lang='grc' dir='ltr'>σῆς</span> <span class='ocrx_word' id='word_1_367' title='bbox 2844 1235 3168 1307; x_wconf 80' lang='grc' dir='ltr'>χαρίζεσθαι</span> <span class='ocrx_word' id='word_1_368' title='bbox 3219 1239 3469 1309; x_wconf 79' lang='grc' dir='ltr'>γλώττης</span> <span class='ocrx_word' id='word_1_369' title='bbox 3519 1245 3740 1313; x_wconf 76' lang='grc' dir='ltr'>προπύ-</span> 
     </span>
    </p>
   </div>
   <div class='ocr_carea' id='block_1_53' title="bbox 2154 1318 3737 1406">
    <p class='ocr_par' dir='ltr' id='par_1_53' title="bbox 2154 1318 3737 1406">
     <span class='ocr_line' id='line_1_53' title="bbox 2154 1318 3737 1406; baseline 0.012 -36"><span class='ocrx_word' id='word_1_370' title='bbox 2154 1318 2281 1372; x_wconf 86' lang='grc' dir='ltr'>λαια</span> <span class='ocrx_word' id='word_1_371' title='bbox 2331 1320 2455 1372; x_wconf 85' lang='grc' dir='ltr'>θέλε</span> <span class='ocrx_word' id='word_1_372' title='bbox 2482 1336 2496 1352; x_wconf 72' lang='grc' dir='ltr'><strong>ο</strong></span> <span class='ocrx_word' id='word_1_373' title='bbox 2542 1322 2661 1375; x_wconf 88' lang='grc' dir='ltr'>ἀλλ’</span> <span class='ocrx_word' id='word_1_374' title='bbox 2719 1325 2917 1396; x_wconf 81' lang='grc' dir='ltr'><strong>εὐγενῆ</strong></span> <span class='ocrx_word' id='word_1_375' title='bbox 2964 1327 3065 1396; x_wconf 87' lang='grc' dir='ltr'>τῆς</span> <span class='ocrx_word' id='word_1_376' title='bbox 3112 1327 3372 1398; x_wconf 79' lang='grc' dir='ltr'>ἀληθείας</span> <span class='ocrx_word' id='word_1_377' title='bbox 3421 1335 3737 1406; x_wconf 75' lang='grc' dir='ltr'>προστάτην</span> 
     </span>
    </p>
   </div>
   <div class='ocr_carea' id='block_1_54' title="bbox 2155 1410 3737 1494">
    <p class='ocr_par' dir='ltr' id='par_1_54' title="bbox 2155 1410 3737 1494">
     <span class='ocr_line' id='line_1_54' title="bbox 2155 1410 3737 1494; baseline 0.013 -32"><span class='ocrx_word' id='word_1_378' title='bbox 2155 1410 2356 1464; x_wconf 77' lang='grc' dir='ltr'>σαυτὸν</span> <span class='ocrx_word' id='word_1_379' title='bbox 2402 1412 2825 1484; x_wconf 73' lang='grc' dir='ltr'>καθιστάμενος,</span> <span class='ocrx_word' id='word_1_380' title='bbox 2873 1417 2969 1471; x_wconf 77' lang='grc' dir='ltr'>καὶ</span> <span class='ocrx_word' id='word_1_381' title='bbox 3007 1421 3122 1484; x_wconf 83' lang='grc' dir='ltr'>τοϊς</span> <span class='ocrx_word' id='word_1_382' title='bbox 3171 1423 3490 1491; x_wconf 82' lang='grc' dir='ltr'>προσιοῦσιν</span> <span class='ocrx_word' id='word_1_383' title='bbox 3530 1427 3737 1494; x_wconf 68' lang='grc' dir='ltr'>ἀγαθὸς</span> 
     </span>
    </p>
   </div>
   <div class='ocr_carea' id='block_1_55' title="bbox 2155 1501 3738 1589">
    <p class='ocr_par' dir='ltr' id='par_1_55' title="bbox 2155 1501 3738 1589">
     <span class='ocr_line' id='line_1_55' title="bbox 2155 1501 3738 1589; baseline 0.013 -36"><span class='ocrx_word' id='word_1_384' title='bbox 2155 1501 2439 1573; x_wconf 78' lang='grc' dir='ltr'>γινόμενος</span> <span class='ocrx_word' id='word_1_385' title='bbox 2493 1503 2784 1575; x_wconf 78' lang='grc' dir='ltr'>σύμόολος,</span> <span class='ocrx_word' id='word_1_386' title='bbox 2831 1506 2975 1563; x_wconf 80' lang='grc' dir='ltr'>οὓτω</span> <span class='ocrx_word' id='word_1_387' title='bbox 3035 1510 3305 1583; x_wconf 80' lang='grc' dir='ltr'>διηνεκῶς</span> <span class='ocrx_word' id='word_1_388' title='bbox 3353 1516 3423 1569; x_wconf 81' lang='grc' dir='ltr'>τὰ</span> <span class='ocrx_word' id='word_1_389' title='bbox 3472 1519 3572 1589; x_wconf 79' lang='grc' dir='ltr'>τῆς</span> <span class='ocrx_word' id='word_1_390' title='bbox 3632 1519 3738 1588; x_wconf 86' lang='grc' dir='ltr'>σῆς</span> 
     </span>
    </p>
   </div>
   <div class='ocr_carea' id='block_1_56' title="bbox 2153 1592 3732 1676">
    <p class='ocr_par' dir='ltr' id='par_1_56' title="bbox 2153 1592 3732 1676">
     <span class='ocr_line' id='line_1_56' title="bbox 2153 1592 3732 1676; baseline 0.013 -31"><span class='ocrx_word' id='word_1_391' title='bbox 2153 1592 2337 1666; x_wconf 71' lang='grc' dir='ltr'>ψυχῆς</span> <span class='ocrx_word' id='word_1_392' title='bbox 2384 1594 2667 1663; x_wconf 72' lang='grc' dir='ltr'>ἐγκαίνιζε</span> <span class='ocrx_word' id='word_1_393' title='bbox 2716 1597 2982 1670; x_wconf 83' lang='grc' dir='ltr'>χρώματα</span> <span class='ocrx_word' id='word_1_394' title='bbox 3032 1602 3171 1672; x_wconf 80' lang='grc' dir='ltr'>πρὸς</span> <span class='ocrx_word' id='word_1_395' title='bbox 3212 1608 3273 1659; x_wconf 84' lang='grc' dir='ltr'><strong>τδ</strong></span> <span class='ocrx_word' id='word_1_396' title='bbox 3300 1605 3534 1676; x_wconf 77' lang='grc' dir='ltr'>βέλτιον.</span> <span class='ocrx_word' id='word_1_397' title='bbox 3569 1607 3732 1665; x_wconf 75' lang='grc' dir='ltr'>Εἶενο</span> 
     </span>
    </p>
   </div>
   <div class='ocr_carea' id='block_1_57' title="bbox 2157 1684 3736 1773">
    <p class='ocr_par' dir='ltr' id='par_1_57' title="bbox 2157 1684 3736 1773">
     <span class='ocr_line' id='line_1_57' title="bbox 2157 1684 3736 1773; baseline 0.012 -35"><span class='ocrx_word' id='word_1_398' title='bbox 2157 1686 2255 1738; x_wconf 69' lang='grc' dir='ltr'><strong>καὶ</strong></span> <span class='ocrx_word' id='word_1_399' title='bbox 2307 1684 2410 1755; x_wconf 73' lang='grc' dir='ltr'><strong>μὲν</strong></span> <span class='ocrx_word' id='word_1_400' title='bbox 2456 1687 2523 1758; x_wconf 80' lang='grc' dir='ltr'>δὴ</span> <span class='ocrx_word' id='word_1_401' title='bbox 2572 1688 2693 1761; x_wconf 81' lang='grc' dir='ltr'>ὥρα</span> <span class='ocrx_word' id='word_1_402' title='bbox 2747 1691 2840 1745; x_wconf 81' lang='grc' dir='ltr'>καὶ</span> <span class='ocrx_word' id='word_1_403' title='bbox 2897 1692 2957 1745; x_wconf 85' lang='grc' dir='ltr'>σὲ</span> <span class='ocrx_word' id='word_1_404' title='bbox 3011 1694 3238 1750; x_wconf 77' lang='grc' dir='ltr'>ἀπιέναι</span> <span class='ocrx_word' id='word_1_405' title='bbox 3279 1697 3468 1753; x_wconf 68' lang='grc' dir='ltr'>λοιπον</span> <span class='ocrx_word' id='word_1_406' title='bbox 3514 1704 3645 1773; x_wconf 75' lang='grc' dir='ltr'>πρὶν</span> <span class='ocrx_word' id='word_1_407' title='bbox 3675 1705 3736 1766; x_wconf 70' lang='grc' dir='ltr'>ἐς</span> 
     </span>
    </p>
   </div>
   <div class='ocr_carea' id='block_1_58' title="bbox 2084 1763 3731 1865">
    <p class='ocr_par' dir='ltr' id='par_1_58' title="bbox 2084 1763 3731 1865">
     <span class='ocr_line' id='line_1_58' title="bbox 2084 1763 3731 1865; baseline 0.013 -36"><span class='ocrx_word' id='word_1_408' title='bbox 2084 1763 2127 1820; x_wconf 79' lang='grc' dir='ltr'>Β</span> <span class='ocrx_word' id='word_1_409' title='bbox 2153 1776 2384 1842; x_wconf 68' lang='grc' dir='ltr'>ἑωθινὰς</span> <span class='ocrx_word' id='word_1_410' title='bbox 2411 1781 2536 1845; x_wconf 76' lang='grc' dir='ltr'>τοὺς</span> <span class='ocrx_word' id='word_1_411' title='bbox 2567 1783 2856 1852; x_wconf 75' lang='grc' dir='ltr'>οὐρανίους</span> <span class='ocrx_word' id='word_1_412' title='bbox 2892 1788 3236 1857; x_wconf 83' lang='grc' dir='ltr'>καταστῆναι</span> <span class='ocrx_word' id='word_1_413' title='bbox 3265 1791 3501 1858; x_wconf 80' lang='grc' dir='ltr'>κύκλους</span> <span class='ocrx_word' id='word_1_414' title='bbox 3532 1763 3731 1865; x_wconf 48' lang='grc' dir='ltr'>α’ύγάς,</span> 
     </span>
    </p>
   </div>
   <div class='ocr_carea' id='block_1_59' title="bbox 2151 1868 3477 1954">
    <p class='ocr_par' dir='ltr' id='par_1_59' title="bbox 2151 1868 3477 1954">
     <span class='ocr_line' id='line_1_59' title="bbox 2151 1868 3477 1954; baseline 0.016 -34"><span class='ocrx_word' id='word_1_415' title='bbox 2151 1868 2260 1922; x_wconf 80' lang='grc' dir='ltr'>τῶν</span> <span class='ocrx_word' id='word_1_416' title='bbox 2295 1870 2735 1944; x_wconf 83' lang='grc' dir='ltr'>ἀνατεθειμένων</span> <span class='ocrx_word' id='word_1_417' title='bbox 2769 1877 2997 1948; x_wconf 75' lang='grc' dir='ltr'>μηδενὸς</span> <span class='ocrx_word' id='word_1_418' title='bbox 3024 1882 3477 1954; x_wconf 75' lang='grc' dir='ltr'>ἐπιλελησμένον.</span> 
     </span>
    </p>
   </div>
   <div class='ocr_carea' id='block_1_60' title="bbox 2224 1959 3727 2049">
    <p class='ocr_par' dir='ltr' id='par_1_60' title="bbox 2224 1959 3727 2049">
     <span class='ocr_line' id='line_1_60' title="bbox 2224 1959 3727 2049; baseline 0.014 -33"><span class='ocrx_word' id='word_1_419' title='bbox 2224 1959 2300 2018; x_wconf 80' lang='lat' dir='ltr'><strong>E&#39;.</strong></span> <span class='ocrx_word' id='word_1_420' title='bbox 2341 1964 2752 2035; x_wconf 81' lang='grc' dir='ltr'>Ἀγαθαγγέλου</span> <span class='ocrx_word' id='word_1_421' title='bbox 2809 1970 2909 2041; x_wconf 70' lang='grc' dir='ltr'>μὲν</span> <span class='ocrx_word' id='word_1_422' title='bbox 2950 1973 3015 2044; x_wconf 75' lang='grc' dir='ltr'><strong>δή</strong></span> <span class='ocrx_word' id='word_1_423' title='bbox 3068 1974 3326 2042; x_wconf 78' lang='grc' dir='ltr'>ἀπιόντος</span> <span class='ocrx_word' id='word_1_424' title='bbox 3380 1979 3438 2031; x_wconf 72' lang='grc' dir='ltr'><strong>ἐν</strong></span> <span class='ocrx_word' id='word_1_425' title='bbox 3489 1980 3727 2049; x_wconf 79' lang='grc' dir='ltr'>τούτοις,</span> 
     </span>
    </p>
   </div>
   <div class='ocr_carea' id='block_1_61' title="bbox 2153 2051 3729 2129">
    <p class='ocr_par' dir='ltr' id='par_1_61' title="bbox 2153 2051 3729 2129">
     <span class='ocr_line' id='line_1_61' title="bbox 2153 2051 3729 2129; baseline 0.015 -25"><span class='ocrx_word' id='word_1_426' title='bbox 2153 2051 2301 2123; x_wconf 83' lang='grc' dir='ltr'><strong>μόνῳ</strong></span> <span class='ocrx_word' id='word_1_427' title='bbox 2331 2054 2431 2124; x_wconf 81' lang='grc' dir='ltr'>τὴν</span> <span class='ocrx_word' id='word_1_428' title='bbox 2479 2057 2686 2128; x_wconf 85' lang='grc' dir='ltr'>συνήθη</span> <span class='ocrx_word' id='word_1_429' title='bbox 2738 2059 2967 2126; x_wconf 77' lang='grc' dir='ltr'>βόσκειν</span> <span class='ocrx_word' id='word_1_430' title='bbox 3002 2062 3161 2129; x_wconf 80' lang='grc' dir='ltr'>αὖθις</span> <span class='ocrx_word' id='word_1_431' title='bbox 3197 2066 3338 2122; x_wconf 81' lang='grc' dir='ltr'>οῐκοι</span> <span class='ocrx_word' id='word_1_432' title='bbox 3371 2071 3729 2126; x_wconf 77' lang='grc' dir='ltr'>κατελείπετο</span> 
     </span>
    </p>
   </div>
   <div class='ocr_carea' id='block_1_62' title="bbox 2149 2144 3728 2236">
    <p class='ocr_par' dir='ltr' id='par_1_62' title="bbox 2149 2144 3728 2236">
     <span class='ocr_line' id='line_1_62' title="bbox 2149 2144 3728 2236; baseline 0.015 -41"><span class='ocrx_word' id='word_1_433' title='bbox 2149 2144 2385 2215; x_wconf 69' lang='grc' dir='ltr'>ἐρημίαν</span> <span class='ocrx_word' id='word_1_434' title='bbox 2425 2148 2569 2217; x_wconf 75' lang='grc' dir='ltr'>ἐμοὶ,</span> <span class='ocrx_word' id='word_1_435' title='bbox 2618 2152 2870 2222; x_wconf 77' lang='grc' dir='ltr'>μηδενὸς,</span> <span class='ocrx_word' id='word_1_436' title='bbox 2901 2155 3078 2211; x_wconf 79' lang='grc' dir='ltr'>ὁπόσα</span> <span class='ocrx_word' id='word_1_437' title='bbox 3131 2161 3544 2230; x_wconf 82' lang='grc' dir='ltr'>παραμυθεῖται</span> <span class='ocrx_word' id='word_1_438' title='bbox 3583 2166 3728 2236; x_wconf 84' lang='grc' dir='ltr'>νόσῳ</span> 
     </span>
    </p>
   </div>
   <div class='ocr_carea' id='block_1_63' title="bbox 2150 2237 3724 2328">
    <p class='ocr_par' dir='ltr' id='par_1_63' title="bbox 2150 2237 3724 2328">
     <span class='ocr_line' id='line_1_63' title="bbox 2150 2237 3724 2328; baseline 0.015 -38"><span class='ocrx_word' id='word_1_439' title='bbox 2150 2237 2242 2290; x_wconf 84' lang='grc' dir='ltr'>καὶ</span> <span class='ocrx_word' id='word_1_440' title='bbox 2309 2238 2522 2312; x_wconf 78' lang='grc' dir='ltr'>ἀθυμίᾳ</span> <span class='ocrx_word' id='word_1_441' title='bbox 2576 2242 2967 2316; x_wconf 81' lang='grc' dir='ltr'>δαπανώμενον</span> <span class='ocrx_word' id='word_1_442' title='bbox 3042 2250 3371 2322; x_wconf 74' lang='grc' dir='ltr'>ἄνθρωπον,</span> <span class='ocrx_word' id='word_1_443' title='bbox 3436 2256 3569 2327; x_wconf 84' lang='grc' dir='ltr'>μήτ’</span> <span class='ocrx_word' id='word_1_444' title='bbox 3621 2257 3724 2328; x_wconf 69' lang='grc' dir='ltr'>ἢδη</span> 
     </span>
    </p>
   </div>
   <div class='ocr_carea' id='block_1_64' title="bbox 2150 2329 3725 2422">
    <p class='ocr_par' dir='ltr' id='par_1_64' title="bbox 2150 2329 3725 2422">
     <span class='ocr_line' id='line_1_64' title="bbox 2150 2329 3725 2422; baseline 0.017 -41"><span class='ocrx_word' id='word_1_445' title='bbox 2150 2329 2420 2400; x_wconf 83' lang='grc' dir='ltr'>παρόντος</span> <span class='ocrx_word' id='word_1_446' title='bbox 2451 2334 2586 2404; x_wconf 77' lang='grc' dir='ltr'>ἡμῖν</span> <span class='ocrx_word' id='word_1_447' title='bbox 2620 2337 2760 2408; x_wconf 86' lang='grc' dir='ltr'>μήτε</span> <span class='ocrx_word' id='word_1_448' title='bbox 2793 2340 2902 2409; x_wconf 77' lang='grc' dir='ltr'><strong>μὴν</strong></span> <span class='ocrx_word' id='word_1_449' title='bbox 2931 2340 3080 2406; x_wconf 86' lang='grc' dir='ltr'>ὅπως</span> <span class='ocrx_word' id='word_1_450' title='bbox 3115 2345 3245 2399; x_wconf 82' lang='grc' dir='ltr'>ποτὲ</span> <span class='ocrx_word' id='word_1_451' title='bbox 3269 2348 3725 2422; x_wconf 80' lang='grc' dir='ltr'>προσδοκωμένου</span> 
     </span>
    </p>
   </div>
   <div class='ocr_carea' id='block_1_65' title="bbox 2152 2423 3725 2512">
    <p class='ocr_par' dir='ltr' id='par_1_65' title="bbox 2152 2423 3725 2512">
     <span class='ocr_line' id='line_1_65' title="bbox 2152 2423 3725 2512; baseline 0.016 -39"><span class='ocrx_word' id='word_1_452' title='bbox 2152 2424 2289 2491; x_wconf 86' lang='grc' dir='ltr'><strong>μετά</strong></span> <span class='ocrx_word' id='word_1_453' title='bbox 2342 2423 2446 2495; x_wconf 83' lang='grc' dir='ltr'>τὴν</span> <span class='ocrx_word' id='word_1_454' title='bbox 2500 2426 2819 2498; x_wconf 77' lang='grc' dir='ltr'>ὑστεραίαν,</span> <span class='ocrx_word' id='word_1_455' title='bbox 2846 2431 3017 2503; x_wconf 75' lang='grc' dir='ltr'>ἤγουν</span> <span class='ocrx_word' id='word_1_456' title='bbox 3062 2434 3164 2507; x_wconf 81' lang='grc' dir='ltr'>τὴν</span> <span class='ocrx_word' id='word_1_457' title='bbox 3200 2438 3321 2506; x_wconf 86' lang='grc' dir='ltr'>μετ’</span> <span class='ocrx_word' id='word_1_458' title='bbox 3353 2440 3570 2512; x_wconf 71' lang='grc' dir='ltr'>εκείνην</span> <span class='ocrx_word' id='word_1_459' title='bbox 3626 2444 3725 2499; x_wconf 77' lang='grc' dir='ltr'>καὶ</span> 
     </span>
    </p>
   </div>
   <div class='ocr_carea' id='block_1_66' title="bbox 2148 2515 3721 2607">
    <p class='ocr_par' dir='ltr' id='par_1_66' title="bbox 2148 2515 3721 2607">
     <span class='ocr_line' id='line_1_66' title="bbox 2148 2515 3721 2607; baseline 0.012 -38"><span class='ocrx_word' id='word_1_460' title='bbox 2148 2515 2290 2607; x_wconf 36' lang='grc' dir='ltr'><strong>ἑξῆς-</strong></span> <span class='ocrx_word' id='word_1_461' title='bbox 2333 2520 2430 2572; x_wconf 74' lang='grc' dir='ltr'>καὶ</span> <span class='ocrx_word' id='word_1_462' title='bbox 2488 2519 2690 2589; x_wconf 82' lang='grc' dir='ltr'>ὁμοίως</span> <span class='ocrx_word' id='word_1_463' title='bbox 2740 2522 2850 2586; x_wconf 81' lang='grc' dir='ltr'>ἀεὶ,</span> <span class='ocrx_word' id='word_1_464' title='bbox 2902 2524 3043 2596; x_wconf 81' lang='grc' dir='ltr'>πλήν</span> <span class='ocrx_word' id='word_1_465' title='bbox 3102 2544 3165 2596; x_wconf 92' lang='grc' dir='ltr'><strong>γε</strong></span> <span class='ocrx_word' id='word_1_466' title='bbox 3208 2530 3274 2601; x_wconf 80' lang='grc' dir='ltr'>δὴ</span> <span class='ocrx_word' id='word_1_467' title='bbox 3326 2531 3423 2585; x_wconf 78' lang='grc' dir='ltr'><strong>τοῦ</strong></span> <span class='ocrx_word' id='word_1_468' title='bbox 3471 2538 3721 2607; x_wconf 82' lang='grc' dir='ltr'>πανταχῆ</span> 
     </span>
    </p>
   </div>
   <div class='ocr_carea' id='block_1_67' title="bbox 2148 2602 3720 2690">
    <p class='ocr_par' dir='ltr' id='par_1_67' title="bbox 2148 2602 3720 2690">
     <span class='ocr_line' id='line_1_67' title="bbox 2148 2602 3720 2690; baseline 0.014 -36"><span class='ocrx_word' id='word_1_469' title='bbox 2148 2602 2419 2673; x_wconf 83' lang='grc' dir='ltr'>παρόντος</span> <span class='ocrx_word' id='word_1_470' title='bbox 2465 2607 2556 2660; x_wconf 79' lang='grc' dir='ltr'>ἀεὶ</span> <span class='ocrx_word' id='word_1_471' title='bbox 2604 2609 2701 2662; x_wconf 75' lang='grc' dir='ltr'><strong>καὶ</strong></span> <span class='ocrx_word' id='word_1_472' title='bbox 2746 2609 2974 2666; x_wconf 80' lang='grc' dir='ltr'>πάντων</span> <span class='ocrx_word' id='word_1_473' title='bbox 3012 2614 3319 2685; x_wconf 83' lang='grc' dir='ltr'>κηδομένου</span> <span class='ocrx_word' id='word_1_474' title='bbox 3363 2619 3525 2688; x_wconf 89' lang='grc' dir='ltr'>μόνου</span> <span class='ocrx_word' id='word_1_475' title='bbox 3560 2602 3720 2690; x_wconf 56' lang='lat' dir='ltr'><strong>Geor},</strong></span> 
     </span>
    </p>
   </div>
   <div class='ocr_carea' id='block_1_68' title="bbox 2146 2695 3803 2780">
    <p class='ocr_par' dir='ltr' id='par_1_68' title="bbox 2146 2695 3803 2780">
     <span class='ocr_line' id='line_1_68' title="bbox 2146 2695 3803 2780; baseline 0.011 -33"><span class='ocrx_word' id='word_1_476' title='bbox 2146 2695 2206 2758; x_wconf 81' lang='grc' dir='ltr'>ὃς</span> <span class='ocrx_word' id='word_1_477' title='bbox 2253 2698 2559 2766; x_wconf 82' lang='grc' dir='ltr'>τηνικαῦτα</span> <span class='ocrx_word' id='word_1_478' title='bbox 2612 2703 2846 2772; x_wconf 81' lang='grc' dir='ltr'>μετρίαν</span> <span class='ocrx_word' id='word_1_479' title='bbox 2896 2721 2988 2773; x_wconf 91' lang='grc' dir='ltr'><strong>μοι</strong></span> <span class='ocrx_word' id='word_1_480' title='bbox 3029 2705 3128 2760; x_wconf 81' lang='grc' dir='ltr'><strong>τοῦ</strong></span> <span class='ocrx_word' id='word_1_481' title='bbox 3181 2712 3489 2780; x_wconf 78' lang='grc' dir='ltr'>νοσήματος</span> <span class='ocrx_word' id='word_1_482' title='bbox 3535 2713 3721 2767; x_wconf 80' lang='grc' dir='ltr'>ἄνεσιν</span> <span class='ocrx_word' id='word_1_483' title='bbox 3792 2758 3803 2765; x_wconf 85' lang='grc'><strong>.</strong></span> 
     </span>
    </p>
   </div>
   <div class='ocr_carea' id='block_1_69' title="bbox 2148 2788 3723 2883">
    <p class='ocr_par' dir='ltr' id='par_1_69' title="bbox 2148 2788 3723 2883">
     <span class='ocr_line' id='line_1_69' title="bbox 2148 2788 3723 2883; baseline 0.011 -43"><span class='ocrx_word' id='word_1_484' title='bbox 2148 2788 2450 2883; x_wconf 83' lang='grc' dir='ltr'>πεπραχὼς</span> <span class='ocrx_word' id='word_1_485' title='bbox 2513 2792 2608 2844; x_wconf 83' lang='grc' dir='ltr'>τοῦ</span> <span class='ocrx_word' id='word_1_486' title='bbox 2673 2795 2979 2865; x_wconf 74' lang='grc' dir='ltr'>συνήθους,</span> <span class='ocrx_word' id='word_1_487' title='bbox 3037 2801 3285 2883; x_wconf 67' lang='grc' dir='ltr'>συνήθως</span> <span class='ocrx_word' id='word_1_488' title='bbox 3354 2804 3723 2875; x_wconf 81' lang='grc' dir='ltr'>αὐτοσχεδίοις</span> 
     </span>
    </p>
   </div>
   <div class='ocr_carea' id='block_1_70' title="bbox 2147 2878 3722 2965">
    <p class='ocr_par' dir='ltr' id='par_1_70' title="bbox 2147 2878 3722 2965">
     <span class='ocr_line' id='line_1_70' title="bbox 2147 2878 3722 2965; baseline 0.011 -32"><span class='ocrx_word' id='word_1_489' title='bbox 2147 2878 2501 2950; x_wconf 76' lang='grc' dir='ltr'>ὑπομνήμασι</span> <span class='ocrx_word' id='word_1_490' title='bbox 2534 2883 2718 2939; x_wconf 78' lang='grc' dir='ltr'>δοῦναι</span> <span class='ocrx_word' id='word_1_491' title='bbox 2765 2886 2866 2958; x_wconf 78' lang='grc' dir='ltr'>τὴν</span> <span class='ocrx_word' id='word_1_492' title='bbox 2890 2888 3000 2941; x_wconf 84' lang='grc' dir='ltr'><strong>τῶν</strong></span> <span class='ocrx_word' id='word_1_493' title='bbox 3029 2878 3336 2960; x_wconf 72' lang='grc' dir='ltr'>γινομένων</span> <span class='ocrx_word' id='word_1_494' title='bbox 3370 2896 3722 2965; x_wconf 76' lang='grc' dir='ltr'>παρεσκεύαο</span> 
     </span>
    </p>
   </div>
   <div class='ocr_carea' id='block_1_71' title="bbox 2146 2972 3722 3053">
    <p class='ocr_par' dir='ltr' id='par_1_71' title="bbox 2146 2972 3722 3053">
     <span class='ocr_line' id='line_1_71' title="bbox 2146 2972 3722 3053; baseline 0.011 -27"><span class='ocrx_word' id='word_1_495' title='bbox 2146 2988 2242 3026; x_wconf 82' lang='grc' dir='ltr'><strong>κεν</strong></span> <span class='ocrx_word' id='word_1_496' title='bbox 2275 2972 2542 3042; x_wconf 87' lang='grc' dir='ltr'>ίστορίαν,</span> <span class='ocrx_word' id='word_1_497' title='bbox 2572 2978 2713 3032; x_wconf 81' lang='grc' dir='ltr'>κατὰ</span> <span class='ocrx_word' id='word_1_498' title='bbox 2746 2978 2807 3032; x_wconf 89' lang='grc' dir='ltr'>τὸ</span> <span class='ocrx_word' id='word_1_499' title='bbox 2856 2980 2987 3051; x_wconf 71' lang='grc' dir='ltr'>πρὶν</span> <span class='ocrx_word' id='word_1_500' title='bbox 3030 2984 3163 3053; x_wconf 77' lang='grc' dir='ltr'>ἡμῖν</span> <span class='ocrx_word' id='word_1_501' title='bbox 3191 2985 3403 3049; x_wconf 80' lang='grc' dir='ltr'>εἰωθὸς,</span> <span class='ocrx_word' id='word_1_502' title='bbox 3439 2988 3519 3041; x_wconf 84' lang='grc' dir='ltr'><strong>ὅτ’</strong></span> <span class='ocrx_word' id='word_1_503' title='bbox 3560 2988 3722 3043; x_wconf 77' lang='grc' dir='ltr'>ἐλευ-</span> 
     </span>
    </p>
   </div>
   <div class='ocr_carea' id='block_1_72' title="bbox 2069 3063 3720 3170">
    <p class='ocr_par' dir='ltr' id='par_1_72' title="bbox 2069 3063 3720 3170">
     <span class='ocr_line' id='line_1_72' title="bbox 2069 3063 3720 3170; baseline 0.013 -56"><span class='ocrx_word' id='word_1_504' title='bbox 2069 3103 2112 3164; x_wconf 74' lang='lat' dir='ltr'>c</span> <span class='ocrx_word' id='word_1_505' title='bbox 2143 3063 2335 3170; x_wconf 69' lang='grc' dir='ltr'>θερίαν</span> <span class='ocrx_word' id='word_1_506' title='bbox 2365 3069 2585 3170; x_wconf 60' lang='grc' dir='ltr'>μακρὰν</span> <span class='ocrx_word' id='word_1_507' title='bbox 2624 3072 2739 3133; x_wconf 87' lang='grc' dir='ltr'>τοῖς</span> <span class='ocrx_word' id='word_1_508' title='bbox 2770 3073 3062 3144; x_wconf 70' lang='grc' dir='ltr'>ἡμετέροις</span> <span class='ocrx_word' id='word_1_509' title='bbox 3095 3076 3555 3161; x_wconf 71' lang='grc' dir='ltr'>ἐμπολιτεύεσθαι</span> <span class='ocrx_word' id='word_1_510' title='bbox 3589 3082 3720 3170; x_wconf 78' lang='grc' dir='ltr'>βου-</span> 
     </span>
    </p>
   </div>
   <div class='ocr_carea' id='block_1_73' title="bbox 2143 3154 3721 3246">
    <p class='ocr_par' dir='ltr' id='par_1_73' title="bbox 2143 3154 3721 3246">
     <span class='ocr_line' id='line_1_73' title="bbox 2143 3154 3721 3246; baseline 0.014 -37"><span class='ocrx_word' id='word_1_511' title='bbox 2143 3155 2381 3227; x_wconf 81' lang='grc' dir='ltr'>λήμασιν</span> <span class='ocrx_word' id='word_1_512' title='bbox 2418 3154 2507 3232; x_wconf 85' lang='grc' dir='ltr'>ἦν,</span> <span class='ocrx_word' id='word_1_513' title='bbox 2553 3162 2603 3214; x_wconf 85' lang='grc' dir='ltr'><strong>εί</strong></span> <span class='ocrx_word' id='word_1_514' title='bbox 2654 3163 2748 3215; x_wconf 71' lang='grc' dir='ltr'>καὶ</span> <span class='ocrx_word' id='word_1_515' title='bbox 2792 3164 2868 3235; x_wconf 78' lang='grc' dir='ltr'>μὴ</span> <span class='ocrx_word' id='word_1_516' title='bbox 2910 3166 3110 3232; x_wconf 81' lang='grc' dir='ltr'>τελέως</span> <span class='ocrx_word' id='word_1_517' title='bbox 3138 3154 3254 3241; x_wconf 33' lang='grc' dir='ltr'>*ἤδη</span> <span class='ocrx_word' id='word_1_518' title='bbox 3303 3173 3398 3225; x_wconf 74' lang='grc' dir='ltr'>καὶ</span> <span class='ocrx_word' id='word_1_519' title='bbox 3423 3173 3497 3236; x_wconf 85' lang='grc' dir='ltr'><strong>ὡς</strong></span> <span class='ocrx_word' id='word_1_520' title='bbox 3526 3160 3721 3246; x_wconf 66' lang='grc' dir='ltr'>ἐχρῆν,</span> 
     </span>
    </p>
   </div>
   <div class='ocr_carea' id='block_1_74' title="bbox 2142 3246 3721 3334">
    <p class='ocr_par' dir='ltr' id='par_1_74' title="bbox 2142 3246 3721 3334">
     <span class='ocr_line' id='line_1_74' title="bbox 2142 3246 3721 3334; baseline 0.012 -33"><span class='ocrx_word' id='word_1_521' title='bbox 2142 3246 2262 3301; x_wconf 73' lang='grc' dir='ltr'>ἀλλ’</span> <span class='ocrx_word' id='word_1_522' title='bbox 2305 3246 2400 3301; x_wconf 74' lang='grc' dir='ltr'><strong>οὖν</strong></span> <span class='ocrx_word' id='word_1_523' title='bbox 2439 3249 2639 3304; x_wconf 83' lang='grc' dir='ltr'>ὁπόσον</span> <span class='ocrx_word' id='word_1_524' title='bbox 2684 3252 2819 3323; x_wconf 83' lang='grc' dir='ltr'>ἡμῖν</span> <span class='ocrx_word' id='word_1_525' title='bbox 2853 3255 2913 3308; x_wconf 72' lang='grc' dir='ltr'><strong>ἐν</strong></span> <span class='ocrx_word' id='word_1_526' title='bbox 2956 3257 3220 3328; x_wconf 85' lang='grc' dir='ltr'>μεσότητι</span> <span class='ocrx_word' id='word_1_527' title='bbox 3258 3262 3721 3334; x_wconf 83' lang='grc' dir='ltr'>συνειλημμένοις</span> 
     </span>
    </p>
   </div>
   <div class='ocr_carea' id='block_1_75' title="bbox 2146 3338 3722 3425">
    <p class='ocr_par' dir='ltr' id='par_1_75' title="bbox 2146 3338 3722 3425">
     <span class='ocr_line' id='line_1_75' title="bbox 2146 3338 3722 3425; baseline 0.014 -35"><span class='ocrx_word' id='word_1_528' title='bbox 2146 3338 2421 3408; x_wconf 82' lang='grc' dir='ltr'>μεγίστων</span> <span class='ocrx_word' id='word_1_529' title='bbox 2461 3340 2651 3396; x_wconf 82' lang='grc' dir='ltr'>δεινῶν</span> <span class='ocrx_word' id='word_1_530' title='bbox 2699 3345 2795 3398; x_wconf 81' lang='grc' dir='ltr'>καὶ</span> <span class='ocrx_word' id='word_1_531' title='bbox 2830 3345 3014 3414; x_wconf 77' lang='grc' dir='ltr'>φόόων</span> <span class='ocrx_word' id='word_1_532' title='bbox 3049 3349 3407 3421; x_wconf 87' lang='grc' dir='ltr'>πολυτρόπων</span> <span class='ocrx_word' id='word_1_533' title='bbox 3445 3356 3547 3425; x_wconf 74' lang='grc' dir='ltr'><strong>τὴν</strong></span> <span class='ocrx_word' id='word_1_534' title='bbox 3585 3375 3722 3411; x_wconf 86' lang='grc' dir='ltr'>παν-</span> 
     </span>
    </p>
   </div>
   <div class='ocr_carea' id='block_1_76' title="bbox 2141 3430 3723 3519">
    <p class='ocr_par' dir='ltr' id='par_1_76' title="bbox 2141 3430 3723 3519">
     <span class='ocr_line' id='line_1_76' title="bbox 2141 3430 3723 3519; baseline 0.013 -35"><span class='ocrx_word' id='word_1_535' title='bbox 2141 3430 2444 3501; x_wconf 83' lang='grc' dir='ltr'>τοδύναμον</span> <span class='ocrx_word' id='word_1_536' title='bbox 2471 3436 2911 3505; x_wconf 83' lang='grc' dir='ltr'>κεχορηγηκέναι</span> <span class='ocrx_word' id='word_1_537' title='bbox 2937 3440 3126 3508; x_wconf 83' lang='grc' dir='ltr'>γέγονε</span> <span class='ocrx_word' id='word_1_538' title='bbox 3154 3441 3358 3510; x_wconf 78' lang='grc' dir='ltr'>δεξιὰν,</span> <span class='ocrx_word' id='word_1_539' title='bbox 3378 3463 3723 3519; x_wconf 83' lang='grc' dir='ltr'>συνεφαπτο-</span> 
     </span>
    </p>
   </div>
   <div class='ocr_carea' id='block_1_77' title="bbox 2145 3525 3720 3611">
    <p class='ocr_par' dir='ltr' id='par_1_77' title="bbox 2145 3525 3720 3611">
     <span class='ocr_line' id='line_1_77' title="bbox 2145 3525 3720 3611; baseline 0.015 -37"><span class='ocrx_word' id='word_1_540' title='bbox 2145 3525 2319 3593; x_wconf 86' lang='grc' dir='ltr'>μένην</span> <span class='ocrx_word' id='word_1_541' title='bbox 2361 3525 2510 3589; x_wconf 85' lang='grc' dir='ltr'>ὄπως</span> <span class='ocrx_word' id='word_1_542' title='bbox 2557 3528 2688 3581; x_wconf 81' lang='grc' dir='ltr'>ποτὲ</span> <span class='ocrx_word' id='word_1_543' title='bbox 2720 3531 2817 3583; x_wconf 75' lang='grc' dir='ltr'>καὶ</span> <span class='ocrx_word' id='word_1_544' title='bbox 2856 3537 3426 3605; x_wconf 79' lang='grc' dir='ltr'>συνεπικουφίζουσάν</span> <span class='ocrx_word' id='word_1_545' title='bbox 3453 3558 3547 3611; x_wconf 87' lang='grc' dir='ltr'><strong>μοι</strong></span> <span class='ocrx_word' id='word_1_546' title='bbox 3589 3546 3720 3608; x_wconf 72' lang='grc' dir='ltr'>τοὺς</span> 
     </span>
    </p>
   </div>
   <div class='ocr_carea' id='block_1_78' title="bbox 2140 3617 3714 3708">
    <p class='ocr_par' dir='ltr' id='par_1_78' title="bbox 2140 3617 3714 3708">
     <span class='ocr_line' id='line_1_78' title="bbox 2140 3617 3714 3708; baseline 0.013 -38"><span class='ocrx_word' id='word_1_547' title='bbox 2140 3617 2362 3682; x_wconf 88' lang='grc' dir='ltr'>πόνους.</span> <span class='ocrx_word' id='word_1_548' title='bbox 2390 3617 2564 3671; x_wconf 83' lang='grc' dir='ltr'>Είωθε</span> <span class='ocrx_word' id='word_1_549' title='bbox 2609 3620 2719 3691; x_wconf 79' lang='grc' dir='ltr'><strong>γὰρ</strong></span> <span class='ocrx_word' id='word_1_550' title='bbox 2765 3621 2795 3675; x_wconf 83' lang='grc' dir='ltr'><strong>δ</strong></span> <span class='ocrx_word' id='word_1_551' title='bbox 2833 3628 3097 3694; x_wconf 74' lang='grc' dir='ltr'>κραταιὸς</span> <span class='ocrx_word' id='word_1_552' title='bbox 3125 3629 3254 3699; x_wconf 73' lang='grc' dir='ltr'>ἐμοὶ</span> <span class='ocrx_word' id='word_1_553' title='bbox 3302 3630 3495 3703; x_wconf 75' lang='grc' dir='ltr'>βοηθὸς</span> <span class='ocrx_word' id='word_1_554' title='bbox 3524 3633 3714 3708; x_wconf 81' lang='grc' dir='ltr'>ὥσπερ</span> 
     </span>
    </p>
   </div>
   <div class='ocr_carea' id='block_1_79' title="bbox 2138 3709 3714 3800">
    <p class='ocr_par' dir='ltr' id='par_1_79' title="bbox 2138 3709 3714 3800">
     <span class='ocr_line' id='line_1_79' title="bbox 2138 3709 3714 3800; baseline 0.012 -37"><span class='ocrx_word' id='word_1_555' title='bbox 2138 3709 2344 3780; x_wconf 78' lang='grc' dir='ltr'>τέρατα</span> <span class='ocrx_word' id='word_1_556' title='bbox 2390 3710 2679 3780; x_wconf 85' lang='grc' dir='ltr'>φαίνεσθαι</span> <span class='ocrx_word' id='word_1_557' title='bbox 2728 3715 2844 3778; x_wconf 78' lang='grc' dir='ltr'>τοῖς</span> <span class='ocrx_word' id='word_1_558' title='bbox 2899 3717 3115 3783; x_wconf 81' lang='grc' dir='ltr'>πολλοῖς</span> <span class='ocrx_word' id='word_1_559' title='bbox 3166 3722 3234 3775; x_wconf 77' lang='grc' dir='ltr'><strong>τά</strong></span> <span class='ocrx_word' id='word_1_560' title='bbox 3284 3722 3534 3797; x_wconf 75' lang='grc' dir='ltr'>ήμέτερα</span> <span class='ocrx_word' id='word_1_561' title='bbox 3558 3727 3714 3800; x_wconf 53' lang='lat' dir='ltr'><strong>om,</strong></span> 
     </span>
    </p>
   </div>
   <div class='ocr_carea' id='block_1_80' title="bbox 2140 3801 3716 3888">
    <p class='ocr_par' dir='ltr' id='par_1_80' title="bbox 2140 3801 3716 3888">
     <span class='ocr_line' id='line_1_80' title="bbox 2140 3801 3716 3888; baseline 0.012 -34"><span class='ocrx_word' id='word_1_562' title='bbox 2140 3802 2251 3855; x_wconf 89' lang='grc' dir='ltr'><strong>κάκ</strong></span> <span class='ocrx_word' id='word_1_563' title='bbox 2302 3801 2410 3854; x_wconf 83' lang='grc' dir='ltr'>τῶν</span> <span class='ocrx_word' id='word_1_564' title='bbox 2460 3803 2721 3859; x_wconf 72' lang='grc' dir='ltr'>ἐναντίων</span> <span class='ocrx_word' id='word_1_565' title='bbox 2768 3806 3028 3862; x_wconf 66' lang='grc' dir='ltr'>τάναντία</span> <span class='ocrx_word' id='word_1_566' title='bbox 3068 3812 3390 3881; x_wconf 77' lang='grc' dir='ltr'>παραδόξως</span> <span class='ocrx_word' id='word_1_567' title='bbox 3433 3818 3716 3888; x_wconf 83' lang='grc' dir='ltr'>περαίνειν</span> 
     </span>
    </p>
   </div>
   <div class='ocr_carea' id='block_1_81' title="bbox 2138 3893 3716 3979">
    <p class='ocr_par' dir='ltr' id='par_1_81' title="bbox 2138 3893 3716 3979">
     <span class='ocr_line' id='line_1_81' title="bbox 2138 3893 3716 3979; baseline 0.013 -34"><span class='ocrx_word' id='word_1_568' title='bbox 2138 3893 2235 3946; x_wconf 72' lang='grc' dir='ltr'><strong>ἐπὶ</strong></span> <span class='ocrx_word' id='word_1_569' title='bbox 2262 3894 2322 3947; x_wconf 85' lang='grc' dir='ltr'>τὸ</span> <span class='ocrx_word' id='word_1_570' title='bbox 2351 3893 2461 3948; x_wconf 84' lang='grc' dir='ltr'><strong>τῶν</strong></span> <span class='ocrx_word' id='word_1_571' title='bbox 2510 3896 2807 3966; x_wconf 78' lang='grc' dir='ltr'>βελτίστων</span> <span class='ocrx_word' id='word_1_572' title='bbox 2853 3901 2995 3954; x_wconf 88' lang='grc' dir='ltr'>πάνυ</span> <span class='ocrx_word' id='word_1_573' title='bbox 3049 3920 3102 3955; x_wconf 90' lang='grc' dir='ltr'><strong>τι</strong></span> <span class='ocrx_word' id='word_1_574' title='bbox 3149 3906 3581 3979; x_wconf 84' lang='grc' dir='ltr'>ἀπροσδόκητον,</span> <span class='ocrx_word' id='word_1_575' title='bbox 3617 3914 3716 3965; x_wconf 78' lang='grc' dir='ltr'>καὶ</span> 
     </span>
    </p>
   </div>
   <div class='ocr_carea' id='block_1_82' title="bbox 2134 3984 3713 4070">
    <p class='ocr_par' dir='ltr' id='par_1_82' title="bbox 2134 3984 3713 4070">
     <span class='ocr_line' id='line_1_82' title="bbox 2134 3984 3713 4070; baseline 0.011 -31"><span class='ocrx_word' id='word_1_576' title='bbox 2134 3986 2268 4050; x_wconf 80' lang='grc' dir='ltr'>τοὺς</span> <span class='ocrx_word' id='word_1_577' title='bbox 2319 3984 2518 4059; x_wconf 63' lang='lat'><strong>[£126</strong></span> <span class='ocrx_word' id='word_1_578' title='bbox 2571 3987 2648 4060; x_wconf 79' lang='lat' dir='ltr'><strong>bj.</strong></span> <span class='ocrx_word' id='word_1_579' title='bbox 2693 3992 2782 4043; x_wconf 77' lang='grc' dir='ltr'>ἀεὶ</span> <span class='ocrx_word' id='word_1_580' title='bbox 2822 3991 2933 4045; x_wconf 83' lang='grc' dir='ltr'>τῶν</span> <span class='ocrx_word' id='word_1_581' title='bbox 2984 3996 3084 4065; x_wconf 66' lang='grc' dir='ltr'>τῆς</span> <span class='ocrx_word' id='word_1_582' title='bbox 3134 3999 3407 4070; x_wconf 86' lang='grc' dir='ltr'>κοσμικῆς</span> <span class='ocrx_word' id='word_1_583' title='bbox 3458 4003 3713 4070; x_wconf 80' lang='grc' dir='ltr'>περιόδου</span> 
     </span>
    </p>
   </div>
   <div class='ocr_carea' id='block_1_83' title="bbox 2140 4079 3715 4160">
    <p class='ocr_par' dir='ltr' id='par_1_83' title="bbox 2140 4079 3715 4160">
     <span class='ocr_line' id='line_1_83' title="bbox 2140 4079 3715 4160; baseline 0.013 -31"><span class='ocrx_word' id='word_1_584' title='bbox 2140 4079 2491 4148; x_wconf 74' lang='grc' dir='ltr'>πραγμάτων</span> <span class='ocrx_word' id='word_1_585' title='bbox 2518 4080 2711 4135; x_wconf 74' lang='grc' dir='ltr'>’ἄλλοτ’</span> <span class='ocrx_word' id='word_1_586' title='bbox 2739 4081 2935 4147; x_wconf 78' lang='grc' dir='ltr'>ἄλλους</span> <span class='ocrx_word' id='word_1_587' title='bbox 2974 4088 3260 4153; x_wconf 81' lang='grc' dir='ltr'>κυκεῶνας</span> <span class='ocrx_word' id='word_1_588' title='bbox 3304 4094 3402 4147; x_wconf 71' lang='grc' dir='ltr'>καὶ</span> <span class='ocrx_word' id='word_1_589' title='bbox 3436 4093 3715 4160; x_wconf 83' lang='grc' dir='ltr'>κλύδωνας</span> 
     </span>
    </p>
   </div>
   <div class='ocr_carea' id='block_1_84' title="bbox 2141 4168 3715 4255">
    <p class='ocr_par' dir='ltr' id='par_1_84' title="bbox 2141 4168 3715 4255">
     <span class='ocr_line' id='line_1_84' title="bbox 2141 4168 3715 4255; baseline 0.012 -33"><span class='ocrx_word' id='word_1_590' title='bbox 2141 4172 2224 4232; x_wconf 87' lang='grc' dir='ltr'><strong>είς</strong></span> <span class='ocrx_word' id='word_1_591' title='bbox 2267 4170 2646 4236; x_wconf 86' lang='grc' dir='ltr'>ἀλκυονίτιδας</span> <span class='ocrx_word' id='word_1_592' title='bbox 2695 4168 2807 4227; x_wconf 74' lang='grc' dir='ltr'>οἷον</span> <span class='ocrx_word' id='word_1_593' title='bbox 2853 4176 3029 4232; x_wconf 79' lang='grc' dir='ltr'>εἰπεῖν</span> <span class='ocrx_word' id='word_1_594' title='bbox 3062 4180 3187 4250; x_wconf 67' lang='grc' dir='ltr'>ἐμοὶ</span> <span class='ocrx_word' id='word_1_595' title='bbox 3232 4186 3499 4255; x_wconf 83' lang='grc' dir='ltr'>νηνεμίας</span> <span class='ocrx_word' id='word_1_596' title='bbox 3542 4204 3715 4255; x_wconf 73' lang='grc' dir='ltr'>μετα-</span> 
     </span>
    </p>
   </div>
   <div class='ocr_carea' id='block_1_85' title="bbox 2141 4262 3719 4350">
    <p class='ocr_par' dir='ltr' id='par_1_85' title="bbox 2141 4262 3719 4350">
     <span class='ocr_line' id='line_1_85' title="bbox 2141 4262 3719 4350; baseline 0.014 -38"><span class='ocrx_word' id='word_1_597' title='bbox 2141 4263 2340 4316; x_wconf 77' lang='grc' dir='ltr'>ποιεῖν.</span> <span class='ocrx_word' id='word_1_598' title='bbox 2375 4262 2531 4317; x_wconf 83' lang='grc' dir='ltr'>Ἔστι</span> <span class='ocrx_word' id='word_1_599' title='bbox 2566 4264 2677 4335; x_wconf 77' lang='grc' dir='ltr'><strong>γάρ</strong></span> <span class='ocrx_word' id='word_1_600' title='bbox 2722 4281 2775 4319; x_wconf 87' lang='grc' dir='ltr'><strong>τι</strong></span> <span class='ocrx_word' id='word_1_601' title='bbox 2806 4266 2948 4332; x_wconf 79' lang='grc' dir='ltr'><strong>ζῶον</strong></span> <span class='ocrx_word' id='word_1_602' title='bbox 2981 4272 3106 4342; x_wconf 80' lang='grc' dir='ltr'>ἀέρι</span> <span class='ocrx_word' id='word_1_603' title='bbox 3138 4273 3234 4327; x_wconf 75' lang='grc' dir='ltr'>καὶ</span> <span class='ocrx_word' id='word_1_604' title='bbox 3277 4275 3516 4350; x_wconf 74' lang='grc' dir='ltr'>θαλάττῃ</span> <span class='ocrx_word' id='word_1_605' title='bbox 3558 4281 3719 4350; x_wconf 87' lang='grc' dir='ltr'>μερί-</span> 
     </span>
    </p>
   </div>
   <div class='ocr_carea' id='block_1_86' title="bbox 2142 4352 3715 4438">
    <p class='ocr_par' dir='ltr' id='par_1_86' title="bbox 2142 4352 3715 4438">
     <span class='ocr_line' id='line_1_86' title="bbox 2142 4352 3715 4438; baseline 0.013 -33"><span class='ocrx_word' id='word_1_606' title='bbox 2142 4352 2235 4416; x_wconf 80' lang='grc' dir='ltr'><strong>ζον</strong></span> <span class='ocrx_word' id='word_1_607' title='bbox 2288 4354 2380 4407; x_wconf 76' lang='grc' dir='ltr'>τὸν</span> <span class='ocrx_word' id='word_1_608' title='bbox 2438 4354 2554 4425; x_wconf 84' lang='grc' dir='ltr'>βίον</span> <span class='ocrx_word' id='word_1_609' title='bbox 2602 4356 2779 4428; x_wconf 73' lang='grc' dir='ltr'>ὄνομα</span> <span class='ocrx_word' id='word_1_610' title='bbox 2831 4360 3070 4418; x_wconf 81' lang='grc' dir='ltr'>ἀλκυών.</span> <span class='ocrx_word' id='word_1_611' title='bbox 3123 4364 3276 4435; x_wconf 78' lang='grc' dir='ltr'>Αὕτη</span> <span class='ocrx_word' id='word_1_612' title='bbox 3326 4368 3469 4438; x_wconf 73' lang='grc' dir='ltr'>πρὸς</span> <span class='ocrx_word' id='word_1_613' title='bbox 3501 4371 3715 4426; x_wconf 86' lang='grc' dir='ltr'>παίδων</span> 
     </span>
    </p>
   </div>
   <div class='ocr_carea' id='block_1_87' title="bbox 463 4427 2041 4531">
    <p class='ocr_par' dir='ltr' id='par_1_87' title="bbox 463 4427 2038 4499">
     <span class='ocr_line' id='line_1_87' title="bbox 463 4427 2038 4499; baseline 0.002 -17"><span class='ocrx_word' id='word_1_614' title='bbox 463 4430 803 4499; x_wconf 75' lang='lat' dir='ltr'><strong>tissimisque</strong></span> <span class='ocrx_word' id='word_1_615' title='bbox 870 4427 1148 4498; x_wconf 59' lang='lat' dir='ltr'><strong>proceliis.</strong></span> <span class='ocrx_word' id='word_1_616' title='bbox 1188 4428 1377 4481; x_wconf 89' lang='lat' dir='ltr'><strong>nidum</strong></span> <span class='ocrx_word' id='word_1_617' title='bbox 1431 4428 1612 4499; x_wconf 84' lang='lat' dir='ltr'><strong>ponit.</strong></span> <span class='ocrx_word' id='word_1_618' title='bbox 1670 4429 1802 4485; x_wconf 82' lang='lat' dir='ltr'><strong>Item</strong></span> <span class='ocrx_word' id='word_1_619' title='bbox 1853 4431 2038 4499; x_wconf 82' lang='lat' dir='ltr'><strong>provi-</strong></span> 
     </span>
    </p>
   </div>
   <div class='ocr_carea' id='block_1_88' title="bbox 2141 4427 3719 4531">
    <p class='ocr_par' dir='ltr' id='par_1_88' title="bbox 2144 4427 3719 4531">
     <span class='ocr_line' id='line_1_88' title="bbox 2144 4427 3719 4531; baseline 0.012 -34"><span class='ocrx_word' id='word_1_620' title='bbox 2144 4446 2479 4517; x_wconf 68' lang='grc' dir='ltr'>ἐπειγομένη</span> <span class='ocrx_word' id='word_1_621' title='bbox 2512 4427 2816 4516; x_wconf 14' lang='grc' dir='ltr'>γονάς,νὲπ’</span> <span class='ocrx_word' id='word_1_622' title='bbox 2838 4452 3010 4515; x_wconf 69' lang='grc' dir='ltr'>αὐτὰς</span> <span class='ocrx_word' id='word_1_623' title='bbox 3038 4452 3140 4525; x_wconf 69' lang='grc' dir='ltr'><strong>τὴν</strong></span> <span class='ocrx_word' id='word_1_624' title='bbox 3183 4427 3389 4511; x_wconf 65' lang='grc' dir='ltr'>καλιὰν</span> <span class='ocrx_word' id='word_1_625' title='bbox 3415 4427 3513 4524; x_wconf 78' lang='grc' dir='ltr'><strong>τάς</strong></span> <span class='ocrx_word' id='word_1_626' title='bbox 3536 4477 3719 4531; x_wconf 75' lang='grc' dir='ltr'>παρα-</span> 
     </span>
    </p>
   </div>
   <div class='ocr_carea' id='block_1_89' title="bbox 458 4520 2041 4592">
    <p class='ocr_par' dir='ltr' id='par_1_89' title="bbox 458 4520 2041 4592">
     <span class='ocr_line' id='line_1_89' title="bbox 458 4520 2041 4592; baseline 0.001 -17"><span class='ocrx_word' id='word_1_627' title='bbox 458 4523 649 4578; x_wconf 83' lang='lat' dir='ltr'><strong>dentia</strong></span> <span class='ocrx_word' id='word_1_628' title='bbox 698 4522 791 4577; x_wconf 89' lang='lat' dir='ltr'><strong>Dei</strong></span> <span class='ocrx_word' id='word_1_629' title='bbox 828 4520 937 4576; x_wconf 74' lang='lat' dir='ltr'><strong>frui</strong></span> <span class='ocrx_word' id='word_1_630' title='bbox 991 4520 1027 4575; x_wconf 92' lang='lat' dir='ltr'><strong>ii</strong></span> <span class='ocrx_word' id='word_1_631' title='bbox 1082 4520 1433 4591; x_wconf 73' lang='lat' dir='ltr'><strong>proﬁtentur,</strong></span> <span class='ocrx_word' id='word_1_632' title='bbox 1467 4520 1669 4590; x_wconf 76' lang='lat' dir='ltr'><strong>quibus</strong></span> <span class='ocrx_word' id='word_1_633' title='bbox 1711 4536 1797 4576; x_wconf 78' lang='lat' dir='ltr'><strong>res</strong></span> <span class='ocrx_word' id='word_1_634' title='bbox 1845 4532 2041 4592; x_wconf 62' lang='lat' dir='ltr'><strong>praeter</strong></span> 
     </span>
    </p>
   </div>
   <div class='ocr_carea' id='block_1_90' title="bbox 461 4613 2042 4685">
    <p class='ocr_par' dir='ltr' id='par_1_90' title="bbox 461 4613 2042 4685">
     <span class='ocr_line' id='line_1_90' title="bbox 461 4613 2042 4685; baseline 0.003 -18"><span class='ocrx_word' id='word_1_635' title='bbox 461 4616 777 4685; x_wconf 73' lang='lat' dir='ltr'><strong>opinionem</strong></span> <span class='ocrx_word' id='word_1_636' title='bbox 814 4614 1144 4677; x_wconf 78' lang='lat' dir='ltr'><strong>succedunt,</strong></span> <span class='ocrx_word' id='word_1_637' title='bbox 1177 4628 1303 4667; x_wconf 89' lang='lat' dir='ltr'><strong>cum</strong></span> <span class='ocrx_word' id='word_1_638' title='bbox 1334 4614 1406 4668; x_wconf 87' lang='lat' dir='ltr'><strong>ab</strong></span> <span class='ocrx_word' id='word_1_639' title='bbox 1435 4613 1603 4669; x_wconf 81' lang='lat' dir='ltr'><strong>Arcto</strong></span> <span class='ocrx_word' id='word_1_640' title='bbox 1634 4615 1806 4669; x_wconf 78' lang='lat' dir='ltr'><strong>altum</strong></span> <span class='ocrx_word' id='word_1_641' title='bbox 1837 4615 2042 4672; x_wconf 86' lang='lat' dir='ltr'><strong>sollici-</strong></span> 
     </span>
    </p>
   </div>
   <div class='ocr_carea' id='block_1_91' title="bbox 461 4704 2040 4776">
    <p class='ocr_par' dir='ltr' id='par_1_91' title="bbox 461 4704 2040 4776">
     <span class='ocr_line' id='line_1_91' title="bbox 461 4704 2040 4776; baseline 0.003 -16"><span class='ocrx_word' id='word_1_642' title='bbox 461 4717 612 4761; x_wconf 80' lang='lat' dir='ltr'><strong>tatur</strong></span> <span class='ocrx_word' id='word_1_643' title='bbox 671 4706 1136 4775; x_wconf 81' lang='lat' dir='ltr'><strong>vehementerque</strong></span> <span class='ocrx_word' id='word_1_644' title='bbox 1192 4704 1532 4776; x_wconf 77' lang='lat' dir='ltr'><strong>ﬂagellatur,</strong></span> <span class='ocrx_word' id='word_1_645' title='bbox 1583 4707 1750 4761; x_wconf 82' lang='lat' dir='ltr'><strong>etiam</strong></span> <span class='ocrx_word' id='word_1_646' title='bbox 1805 4709 2040 4764; x_wconf 82' lang='lat' dir='ltr'><strong>summis</strong></span> 
     </span>
    </p>
   </div>
   <div class='ocr_carea' id='block_1_92' title="bbox 460 4794 2038 4868">
    <p class='ocr_par' dir='ltr' id='par_1_92' title="bbox 460 4794 2038 4868">
     <span class='ocr_line' id='line_1_92' title="bbox 460 4794 2038 4868; baseline 0.003 -18"><span class='ocrx_word' id='word_1_647' title='bbox 460 4798 719 4867; x_wconf 86' lang='lat' dir='ltr'><strong>procellis</strong></span> <span class='ocrx_word' id='word_1_648' title='bbox 739 4797 926 4866; x_wconf 73' lang='lat' dir='ltr'><strong>agitati</strong></span> <span class='ocrx_word' id='word_1_649' title='bbox 948 4795 1156 4851; x_wconf 78' lang='lat' dir='ltr'><strong>ﬂuctus</strong></span> <span class='ocrx_word' id='word_1_650' title='bbox 1178 4807 1479 4868; x_wconf 77' lang='lat' dir='ltr'><strong>assurgunt</strong></span> <span class='ocrx_word' id='word_1_651' title='bbox 1494 4796 1558 4850; x_wconf 74' lang='lat' dir='ltr'><strong>in</strong></span> <span class='ocrx_word' id='word_1_652' title='bbox 1581 4794 1797 4868; x_wconf 75' lang='lat' dir='ltr'><strong>Olympi</strong></span> <span class='ocrx_word' id='word_1_653' title='bbox 1818 4807 1876 4852; x_wconf 88' lang='lat' dir='ltr'><strong>et</strong></span> <span class='ocrx_word' id='word_1_654' title='bbox 1898 4798 2038 4854; x_wconf 80' lang='lat' dir='ltr'><strong>Cau-</strong></span> 
     </span>
    </p>
   </div>
   <div class='ocr_carea' id='block_1_93' title="bbox 459 4886 2038 4958">
    <p class='ocr_par' dir='ltr' id='par_1_93' title="bbox 459 4886 2038 4958">
     <span class='ocr_line' id='line_1_93' title="bbox 459 4886 2038 4958; baseline 0 -15"><span class='ocrx_word' id='word_1_655' title='bbox 459 4890 573 4944; x_wconf 77' lang='lat' dir='ltr'><strong>casi</strong></span> <span class='ocrx_word' id='word_1_656' title='bbox 608 4888 875 4942; x_wconf 85' lang='lat' dir='ltr'><strong>montium</strong></span> <span class='ocrx_word' id='word_1_657' title='bbox 922 4886 1310 4953; x_wconf 81' lang='lat' dir='ltr'><strong>altitudinem;</strong></span> <span class='ocrx_word' id='word_1_658' title='bbox 1360 4889 1437 4942; x_wconf 85' lang='lat' dir='ltr'><strong>ita</strong></span> <span class='ocrx_word' id='word_1_659' title='bbox 1493 4896 1553 4942; x_wconf 88' lang='lat' dir='ltr'><strong>ut</strong></span> <span class='ocrx_word' id='word_1_660' title='bbox 1607 4889 1655 4945; x_wconf 91' lang='lat' dir='ltr'><strong>si</strong></span> <span class='ocrx_word' id='word_1_661' title='bbox 1702 4889 1838 4958; x_wconf 85' lang='lat' dir='ltr'><strong>quid</strong></span> <span class='ocrx_word' id='word_1_662' title='bbox 1871 4889 2038 4944; x_wconf 84' lang='lat' dir='ltr'><strong>nimis</strong></span> 
     </span>
    </p>
   </div>
   <div class='ocr_carea' id='block_1_94' title="bbox 461 4976 2037 5047">
    <p class='ocr_par' dir='ltr' id='par_1_94' title="bbox 461 4976 2037 5047">
     <span class='ocr_line' id='line_1_94' title="bbox 461 4976 2037 5047; baseline 0.002 -15"><span class='ocrx_word' id='word_1_663' title='bbox 461 4980 699 5033; x_wconf 88' lang='lat' dir='ltr'><strong>arduum</strong></span> <span class='ocrx_word' id='word_1_664' title='bbox 733 4979 824 5042; x_wconf 91' lang='lat' dir='ltr'><strong>sit,</strong></span> <span class='ocrx_word' id='word_1_665' title='bbox 857 4978 910 5031; x_wconf 91' lang='lat' dir='ltr'><strong>iu</strong></span> <span class='ocrx_word' id='word_1_666' title='bbox 935 4976 1278 5030; x_wconf 80' lang='lat' dir='ltr'><strong>contrariam</strong></span> <span class='ocrx_word' id='word_1_667' title='bbox 1314 4987 1526 5047; x_wconf 84' lang='lat' dir='ltr'><strong>partem</strong></span> <span class='ocrx_word' id='word_1_668' title='bbox 1559 4993 1647 5033; x_wconf 90' lang='lat' dir='ltr'><strong>res</strong></span> <span class='ocrx_word' id='word_1_669' title='bbox 1686 4980 1949 5035; x_wconf 77' lang='lat' dir='ltr'><strong>succedat</strong></span> <span class='ocrx_word' id='word_1_670' title='bbox 1979 4990 2037 5035; x_wconf 88' lang='lat' dir='ltr'><strong>et</strong></span> 
     </span>
    </p>
   </div>
   <div class='ocr_carea' id='block_1_95' title="bbox 460 5068 2036 5142">
    <p class='ocr_par' dir='ltr' id='par_1_95' title="bbox 460 5068 2036 5142">
     <span class='ocr_line' id='line_1_95' title="bbox 460 5068 2036 5142; baseline 0.003 -18"><span class='ocrx_word' id='word_1_671' title='bbox 460 5082 664 5142; x_wconf 68' lang='lat' dir='ltr'><strong>praeter</strong></span> <span class='ocrx_word' id='word_1_672' title='bbox 697 5070 1015 5141; x_wconf 84' lang='lat' dir='ltr'><strong>opinionem</strong></span> <span class='ocrx_word' id='word_1_673' title='bbox 1062 5068 1270 5139; x_wconf 85' lang='lat' dir='ltr'><strong>aliquid</strong></span> <span class='ocrx_word' id='word_1_674' title='bbox 1319 5070 1538 5126; x_wconf 84' lang='lat' dir='ltr'><strong>accidat</strong></span> <span class='ocrx_word' id='word_1_675' title='bbox 1584 5071 1890 5126; x_wconf 81' lang='lat' dir='ltr'><strong>secundum</strong></span> <span class='ocrx_word' id='word_1_676' title='bbox 1940 5073 2036 5129; x_wconf 88' lang='lat' dir='ltr'><strong>Dei</strong></span> 
     </span>
    </p>
   </div>
   <div class='ocr_carea' id='block_1_96' title="bbox 459 5160 2031 5233">
    <p class='ocr_par' dir='ltr' id='par_1_96' title="bbox 459 5160 2031 5233">
     <span class='ocr_line' id='line_1_96' title="bbox 459 5160 2031 5233; baseline 0.003 -17"><span class='ocrx_word' id='word_1_677' title='bbox 459 5162 890 5233; x_wconf 78' lang='lat' dir='ltr'><strong>providentiam.</strong></span> <span class='ocrx_word' id='word_1_678' title='bbox 927 5160 1136 5230; x_wconf 79' lang='lat' dir='ltr'><strong>Nempe</strong></span> <span class='ocrx_word' id='word_1_679' title='bbox 1188 5160 1413 5216; x_wconf 84' lang='lat' dir='ltr'><strong>sedatur</strong></span> <span class='ocrx_word' id='word_1_680' title='bbox 1466 5172 1759 5219; x_wconf 85' lang='lat' dir='ltr'><strong>ventorum</strong></span> <span class='ocrx_word' id='word_1_681' title='bbox 1814 5165 2031 5220; x_wconf 86' lang='lat' dir='ltr'><strong>illorum</strong></span> 
     </span>
    </p>
   </div>
   <div class='ocr_carea' id='block_1_97' title="bbox 458 5251 2035 5320">
    <p class='ocr_par' dir='ltr' id='par_1_97' title="bbox 458 5251 2035 5320">
     <span class='ocr_line' id='line_1_97' title="bbox 458 5251 2035 5320; baseline 0.004 -14"><span class='ocrx_word' id='word_1_682' title='bbox 458 5254 743 5320; x_wconf 77' lang='lat' dir='ltr'><strong>violentia,</strong></span> <span class='ocrx_word' id='word_1_683' title='bbox 773 5257 997 5309; x_wconf 88' lang='lat' dir='ltr'><strong>sedatur</strong></span> <span class='ocrx_word' id='word_1_684' title='bbox 1023 5263 1190 5309; x_wconf 59' lang='lat' dir='ltr'><strong>astus</strong></span> <span class='ocrx_word' id='word_1_685' title='bbox 1215 5251 1481 5310; x_wconf 87' lang='lat' dir='ltr'><strong>ﬂuctuum</strong></span> <span class='ocrx_word' id='word_1_686' title='bbox 1508 5255 1606 5312; x_wconf 88' lang='lat' dir='ltr'><strong>Dei</strong></span> <span class='ocrx_word' id='word_1_687' title='bbox 1640 5257 1875 5313; x_wconf 86' lang='lat' dir='ltr'><strong>vinculis</strong></span> <span class='ocrx_word' id='word_1_688' title='bbox 1906 5273 2035 5313; x_wconf 86' lang='lat' dir='ltr'><strong>sen-</strong></span> 
     </span>
    </p>
   </div>
   <div class='ocr_carea' id='block_1_98' title="bbox 458 5342 2032 5421">
    <p class='ocr_par' dir='ltr' id='par_1_98' title="bbox 458 5342 2032 5421">
     <span class='ocr_line' id='line_1_98' title="bbox 458 5342 2032 5421; baseline 0.003 -20"><span class='ocrx_word' id='word_1_689' title='bbox 458 5342 563 5401; x_wconf 81' lang='lat' dir='ltr'><strong>sim</strong></span> <span class='ocrx_word' id='word_1_690' title='bbox 602 5346 846 5401; x_wconf 82' lang='lat' dir='ltr'><strong>domitus</strong></span> <span class='ocrx_word' id='word_1_691' title='bbox 889 5362 954 5401; x_wconf 84' lang='lat' dir='ltr'><strong>ac</strong></span> <span class='ocrx_word' id='word_1_692' title='bbox 988 5361 1367 5417; x_wconf 86' lang='lat' dir='ltr'><strong>compressus,</strong></span> <span class='ocrx_word' id='word_1_693' title='bbox 1396 5349 1573 5404; x_wconf 87' lang='lat' dir='ltr'><strong>donec</strong></span> <span class='ocrx_word' id='word_1_694' title='bbox 1596 5348 1858 5421; x_wconf 72' lang='lat' dir='ltr'><strong>Alcyonis</strong></span> <span class='ocrx_word' id='word_1_695' title='bbox 1900 5351 2032 5420; x_wconf 88' lang='lat' dir='ltr'><strong>pulli</strong></span> 
     </span>
    </p>
   </div>
   <div class='ocr_carea' id='block_1_99' title="bbox 456 5439 2032 5513">
    <p class='ocr_par' dir='ltr' id='par_1_99' title="bbox 456 5439 2032 5513">
     <span class='ocr_line' id='line_1_99' title="bbox 456 5439 2032 5513; baseline 0.003 -21"><span class='ocrx_word' id='word_1_696' title='bbox 456 5439 728 5509; x_wconf 86' lang='lat' dir='ltr'><strong>pcnnulas</strong></span> <span class='ocrx_word' id='word_1_697' title='bbox 765 5439 911 5493; x_wconf 83' lang='lat' dir='ltr'><strong>nacti</strong></span> <span class='ocrx_word' id='word_1_698' title='bbox 942 5449 1213 5509; x_wconf 87' lang='lat' dir='ltr'><strong>protenus</strong></span> <span class='ocrx_word' id='word_1_699' title='bbox 1250 5455 1542 5497; x_wconf 76' lang='lat' dir='ltr'><strong>excursum</strong></span> <span class='ocrx_word' id='word_1_700' title='bbox 1565 5451 1776 5513; x_wconf 73' lang='lat' dir='ltr'><strong>tentare</strong></span> <span class='ocrx_word' id='word_1_701' title='bbox 1800 5443 2032 5513; x_wconf 84' lang='lat' dir='ltr'><strong>possint.</strong></span> 
     </span>
    </p>
   </div>
   <div class='ocr_carea' id='block_1_100' title="bbox 462 5531 2033 5605">
    <p class='ocr_par' dir='ltr' id='par_1_100' title="bbox 462 5531 2033 5605">
     <span class='ocr_line' id='line_1_100' title="bbox 462 5531 2033 5605; baseline 0.001 -19"><span class='ocrx_word' id='word_1_702' title='bbox 462 5531 671 5586; x_wconf 73' lang='lat' dir='ltr'><strong>Similia</strong></span> <span class='ocrx_word' id='word_1_703' title='bbox 697 5546 798 5601; x_wconf 72' lang='lat' dir='ltr'><strong>ego</strong></span> <span class='ocrx_word' id='word_1_704' title='bbox 829 5546 1044 5600; x_wconf 80' lang='lat' dir='ltr'><strong>quoque</strong></span> <span class='ocrx_word' id='word_1_705' title='bbox 1069 5547 1169 5599; x_wconf 87' lang='lat' dir='ltr'><strong>per</strong></span> <span class='ocrx_word' id='word_1_706' title='bbox 1196 5533 1250 5587; x_wconf 90' lang='lat' dir='ltr'><strong>id</strong></span> <span class='ocrx_word' id='word_1_707' title='bbox 1284 5534 1546 5603; x_wconf 85' lang='lat' dir='ltr'><strong>temporis</strong></span> <span class='ocrx_word' id='word_1_708' title='bbox 1571 5535 1807 5603; x_wconf 87' lang='lat' dir='ltr'><strong>spatium</strong></span> <span class='ocrx_word' id='word_1_709' title='bbox 1835 5551 2033 5605; x_wconf 71' lang='lat' dir='ltr'><strong>eXper-</strong></span> 
     </span>
    </p>
   </div>
   <div class='ocr_carea' id='block_1_101' title="bbox 456 5623 2031 5696">
    <p class='ocr_par' dir='ltr' id='par_1_101' title="bbox 456 5623 2031 5696">
     <span class='ocr_line' id='line_1_101' title="bbox 456 5623 2031 5696; baseline 0.003 -19"><span class='ocrx_word' id='word_1_710' title='bbox 456 5634 551 5677; x_wconf 89' lang='lat' dir='ltr'><strong>tus</strong></span> <span class='ocrx_word' id='word_1_711' title='bbox 582 5639 703 5678; x_wconf 91' lang='lat' dir='ltr'><strong>sum</strong></span> <span class='ocrx_word' id='word_1_712' title='bbox 742 5623 835 5679; x_wconf 88' lang='lat' dir='ltr'><strong>Dei</strong></span> <span class='ocrx_word' id='word_1_713' title='bbox 864 5624 1091 5679; x_wconf 81' lang='lat' dir='ltr'><strong>auxilio.</strong></span> <span class='ocrx_word' id='word_1_714' title='bbox 1123 5625 1257 5681; x_wconf 86' lang='lat' dir='ltr'><strong>Nam</strong></span> <span class='ocrx_word' id='word_1_715' title='bbox 1292 5626 1421 5680; x_wconf 88' lang='lat' dir='ltr'><strong>dmn</strong></span> <span class='ocrx_word' id='word_1_716' title='bbox 1457 5636 1834 5696; x_wconf 89' lang='lat' dir='ltr'><strong>persecutores</strong></span> <span class='ocrx_word' id='word_1_717' title='bbox 1859 5643 1942 5682; x_wconf 90' lang='lat' dir='ltr'><strong>me</strong></span> <span class='ocrx_word' id='word_1_718' title='bbox 1979 5630 2031 5681; x_wconf 93' lang='lat' dir='ltr'><strong>in</strong></span> 
     </span>
    </p>
   </div>
   <div class='ocr_carea' id='block_1_102' title="bbox 442 5716 2029 5776">
    <p class='ocr_par' dir='ltr' id='par_1_102' title="bbox 442 5716 2029 5776">
     <span class='ocr_line' id='line_1_102' title="bbox 442 5716 2029 5776; baseline 0.004 -7"><span class='ocrx_word' id='word_1_719' title='bbox 442 5716 680 5771; x_wconf 63' lang='lat' dir='ltr'><strong>nurnine</strong></span> <span class='ocrx_word' id='word_1_720' title='bbox 705 5716 907 5774; x_wconf 84' lang='lat' dir='ltr'><strong>Christi</strong></span> <span class='ocrx_word' id='word_1_721' title='bbox 941 5716 1183 5774; x_wconf 84' lang='lat' dir='ltr'><strong>vinctum</strong></span> <span class='ocrx_word' id='word_1_722' title='bbox 1213 5718 1410 5774; x_wconf 85' lang='lat' dir='ltr'><strong>crebro</strong></span> <span class='ocrx_word' id='word_1_723' title='bbox 1442 5721 1881 5776; x_wconf 86' lang='lat' dir='ltr'><strong>circumcursant</strong></span> <span class='ocrx_word' id='word_1_724' title='bbox 1916 5728 2029 5776; x_wconf 52' lang='lat' dir='ltr'><strong>me;</strong></span> 
     </span>
    </p>
   </div>
   <div class='ocr_carea' id='block_1_103' title="bbox 2144 4537 3717 4622">
    <p class='ocr_par' dir='ltr' id='par_1_103' title="bbox 2144 4537 3717 4622">
     <span class='ocr_line' id='line_1_103' title="bbox 2144 4537 3717 4622; baseline 0.011 -33"><span class='ocrx_word' id='word_1_725' title='bbox 2144 4537 2290 4600; x_wconf 85' lang='grc' dir='ltr'>λίους</span> <span class='ocrx_word' id='word_1_726' title='bbox 2321 4539 2559 4607; x_wconf 84' lang='grc' dir='ltr'>πήγνυσι</span> <span class='ocrx_word' id='word_1_727' title='bbox 2590 4541 2852 4608; x_wconf 77' lang='grc' dir='ltr'>ψάμμους</span> <span class='ocrx_word' id='word_1_728' title='bbox 2875 4545 2931 4595; x_wconf 72' lang='grc' dir='ltr'>ἐν</span> <span class='ocrx_word' id='word_1_729' title='bbox 2963 4546 3191 4614; x_wconf 86' lang='grc' dir='ltr'>χειμῶνι</span> <span class='ocrx_word' id='word_1_730' title='bbox 3218 4549 3373 4617; x_wconf 79' lang='grc' dir='ltr'>μέσῳ</span> <span class='ocrx_word' id='word_1_731' title='bbox 3403 4552 3497 4603; x_wconf 76' lang='grc' dir='ltr'>καὶ</span> <span class='ocrx_word' id='word_1_732' title='bbox 3528 4552 3717 4622; x_wconf 82' lang='grc' dir='ltr'>κυμά-</span> 
     </span>
    </p>
   </div>
   <div class='ocr_carea' id='block_1_104' title="bbox 2138 4626 3717 4712">
    <p class='ocr_par' dir='ltr' id='par_1_104' title="bbox 2138 4626 3717 4712">
     <span class='ocr_line' id='line_1_104' title="bbox 2138 4626 3717 4712; baseline 0.012 -33"><span class='ocrx_word' id='word_1_733' title='bbox 2138 4643 2250 4681; x_wconf 89' lang='grc' dir='ltr'><strong>των</strong></span> <span class='ocrx_word' id='word_1_734' title='bbox 2297 4626 2675 4696; x_wconf 76' lang='grc' dir='ltr'>ἀκμαζούσαις</span> <span class='ocrx_word' id='word_1_735' title='bbox 2738 4630 2906 4699; x_wconf 78' lang='grc' dir='ltr'>βὶαις.</span> <span class='ocrx_word' id='word_1_736' title='bbox 2966 4635 3188 4707; x_wconf 84' lang='grc' dir='ltr'>Ταύτην</span> <span class='ocrx_word' id='word_1_737' title='bbox 3239 4640 3511 4712; x_wconf 80' lang='grc' dir='ltr'>τοσαύτης</span> <span class='ocrx_word' id='word_1_738' title='bbox 3573 4647 3717 4698; x_wconf 70' lang='lat' dir='ltr'><strong>dm-</strong></span> 
     </span>
    </p>
   </div>
   <div class='ocr_carea' id='block_1_105' title="bbox 2138 4717 3718 4803">
    <p class='ocr_par' dir='ltr' id='par_1_105' title="bbox 2138 4717 3718 4803">
     <span class='ocr_line' id='line_1_105' title="bbox 2138 4717 3718 4803; baseline 0.011 -33"><span class='ocrx_word' id='word_1_739' title='bbox 2138 4717 2326 4772; x_wconf 83' lang='grc' dir='ltr'>λαύειν</span> <span class='ocrx_word' id='word_1_740' title='bbox 2356 4718 2682 4788; x_wconf 77' lang='grc' dir='ltr'>ὁμολογοῦσι</span> <span class='ocrx_word' id='word_1_741' title='bbox 2710 4721 2811 4792; x_wconf 80' lang='grc' dir='ltr'><strong>τῆς</strong></span> <span class='ocrx_word' id='word_1_742' title='bbox 2833 4723 3041 4778; x_wconf 75' lang='grc' dir='ltr'>ἀνωθεν</span> <span class='ocrx_word' id='word_1_743' title='bbox 3066 4728 3413 4798; x_wconf 83' lang='grc' dir='ltr'>προμηθείας</span> <span class='ocrx_word' id='word_1_744' title='bbox 3439 4732 3490 4785; x_wconf 83' lang='lat' dir='ltr'><strong>oi</strong></span> <span class='ocrx_word' id='word_1_745' title='bbox 3517 4734 3718 4803; x_wconf 81' lang='grc' dir='ltr'>πεῖραν</span> 
     </span>
    </p>
   </div>
   <div class='ocr_carea' id='block_1_106' title="bbox 2138 4810 3715 4893">
    <p class='ocr_par' dir='ltr' id='par_1_106' title="bbox 2138 4810 3715 4893">
     <span class='ocr_line' id='line_1_106' title="bbox 2138 4810 3715 4893; baseline 0.011 -32"><span class='ocrx_word' id='word_1_746' title='bbox 2138 4810 2232 4863; x_wconf 82' lang='grc' dir='ltr'>τοῦ</span> <span class='ocrx_word' id='word_1_747' title='bbox 2289 4811 2597 4880; x_wconf 77' lang='grc' dir='ltr'>παραδόξου</span> <span class='ocrx_word' id='word_1_748' title='bbox 2656 4812 3048 4883; x_wconf 76' lang='grc' dir='ltr'>λαμδάνοντες,</span> <span class='ocrx_word' id='word_1_749' title='bbox 3098 4819 3241 4873; x_wconf 81' lang='grc' dir='ltr'>ὥστε</span> <span class='ocrx_word' id='word_1_750' title='bbox 3286 4821 3386 4892; x_wconf 85' lang='grc' dir='ltr'>τῆς</span> <span class='ocrx_word' id='word_1_751' title='bbox 3438 4822 3715 4893; x_wconf 80' lang='grc' dir='ltr'>θαλάττης</span> 
     </span>
    </p>
   </div>
   <div class='ocr_carea' id='block_1_107' title="bbox 2142 4902 3714 4984">
    <p class='ocr_par' dir='ltr' id='par_1_107' title="bbox 2142 4902 3714 4984">
     <span class='ocr_line' id='line_1_107' title="bbox 2142 4902 3714 4984; baseline 0.011 -30"><span class='ocrx_word' id='word_1_752' title='bbox 2142 4902 2328 4973; x_wconf 84' lang='grc' dir='ltr'>μακρά</span> <span class='ocrx_word' id='word_1_753' title='bbox 2377 4904 2493 4967; x_wconf 86' lang='grc' dir='ltr'>τοῖς</span> <span class='ocrx_word' id='word_1_754' title='bbox 2544 4904 2641 4959; x_wconf 82' lang='grc' dir='ltr'>ἀπ’</span> <span class='ocrx_word' id='word_1_755' title='bbox 2685 4906 2905 4977; x_wconf 80' lang='grc' dir='ltr'>ἄρκτων</span> <span class='ocrx_word' id='word_1_756' title='bbox 2955 4907 3237 4983; x_wconf 78' lang='grc' dir='ltr'>ὐσρίζουσι</span> <span class='ocrx_word' id='word_1_757' title='bbox 3283 4914 3563 4984; x_wconf 77' lang='grc' dir='ltr'>πνεύμασι</span> <span class='ocrx_word' id='word_1_758' title='bbox 3612 4918 3714 4971; x_wconf 76' lang='grc' dir='ltr'>καὶ</span> 
     </span>
    </p>
   </div>
   <div class='ocr_carea' id='block_1_108' title="bbox 2139 4993 3713 5075">
    <p class='ocr_par' dir='ltr' id='par_1_108' title="bbox 2139 4993 3713 5075">
     <span class='ocr_line' id='line_1_108' title="bbox 2139 4993 3713 5075; baseline 0.009 -30"><span class='ocrx_word' id='word_1_759' title='bbox 2139 4993 2282 5047; x_wconf 88' lang='grc' dir='ltr'>πάνυ</span> <span class='ocrx_word' id='word_1_760' title='bbox 2328 4995 2757 5067; x_wconf 80' lang='grc' dir='ltr'>μαστιζομένης,</span> <span class='ocrx_word' id='word_1_761' title='bbox 2804 4999 2902 5052; x_wconf 77' lang='grc' dir='ltr'>καὶ</span> <span class='ocrx_word' id='word_1_762' title='bbox 2944 5003 3137 5071; x_wconf 82' lang='grc' dir='ltr'>καιρὸν</span> <span class='ocrx_word' id='word_1_763' title='bbox 3183 5003 3417 5075; x_wconf 75' lang='grc' dir='ltr'>ἐχούσης</span> <span class='ocrx_word' id='word_1_764' title='bbox 3446 5005 3549 5075; x_wconf 68' lang='grc' dir='ltr'>ἤδη</span> <span class='ocrx_word' id='word_1_765' title='bbox 3596 5008 3713 5069; x_wconf 82' lang='grc' dir='ltr'>τοῖς</span> 
     </span>
    </p>
   </div>
   <div class='ocr_carea' id='block_1_109' title="bbox 2139 5085 3713 5162">
    <p class='ocr_par' dir='ltr' id='par_1_109' title="bbox 2139 5085 3713 5162">
     <span class='ocr_line' id='line_1_109' title="bbox 2139 5085 3713 5162; baseline 0.01 -25"><span class='ocrx_word' id='word_1_766' title='bbox 2139 5085 2381 5155; x_wconf 74' lang='grc' dir='ltr'>κύμασιν</span> <span class='ocrx_word' id='word_1_767' title='bbox 2430 5088 2764 5154; x_wconf 77' lang='grc' dir='ltr'>ἁμιλλᾶσθαι</span> <span class='ocrx_word' id='word_1_768' title='bbox 2812 5091 2948 5161; x_wconf 79' lang='grc' dir='ltr'>πρὸς</span> <span class='ocrx_word' id='word_1_769' title='bbox 2994 5093 3301 5162; x_wconf 83' lang='grc' dir='ltr'>Ὀλύμπους</span> <span class='ocrx_word' id='word_1_770' title='bbox 3347 5097 3444 5150; x_wconf 82' lang='grc' dir='ltr'>καὶ</span> <span class='ocrx_word' id='word_1_771' title='bbox 3488 5099 3713 5152; x_wconf 82' lang='grc' dir='ltr'>Καυκά-</span> 
     </span>
    </p>
   </div>
   <div class='ocr_carea' id='block_1_110' title="bbox 2140 5178 3708 5258">
    <p class='ocr_par' dir='ltr' id='par_1_110' title="bbox 2140 5178 3708 5258">
     <span class='ocr_line' id='line_1_110' title="bbox 2140 5178 3708 5258; baseline 0.007 -29"><span class='ocrx_word' id='word_1_772' title='bbox 2140 5194 2265 5240; x_wconf 88' lang='grc' dir='ltr'>σους</span> <span class='ocrx_word' id='word_1_773' title='bbox 2291 5178 2385 5230; x_wconf 78' lang='grc' dir='ltr'>καὶ</span> <span class='ocrx_word' id='word_1_774' title='bbox 2415 5179 2468 5232; x_wconf 76' lang='grc' dir='ltr'><strong>εί</strong></span> <span class='ocrx_word' id='word_1_775' title='bbox 2495 5194 2548 5231; x_wconf 89' lang='grc' dir='ltr'><strong>τι</strong></span> <span class='ocrx_word' id='word_1_776' title='bbox 2571 5178 2683 5232; x_wconf 82' lang='grc' dir='ltr'><strong>τῶν</strong></span> <span class='ocrx_word' id='word_1_777' title='bbox 2712 5181 2973 5248; x_wconf 76' lang='grc' dir='ltr'>ἐπιγείων</span> <span class='ocrx_word' id='word_1_778' title='bbox 3004 5184 3147 5252; x_wconf 85' lang='grc' dir='ltr'>ὀρῶν</span> <span class='ocrx_word' id='word_1_779' title='bbox 3174 5185 3324 5238; x_wconf 69' lang='grc' dir='ltr'>ἐστιν</span> <span class='ocrx_word' id='word_1_780' title='bbox 3350 5185 3708 5258; x_wconf 75' lang='grc' dir='ltr'>ὑψηλότερον,</span> 
     </span>
    </p>
   </div>
   <div class='ocr_carea' id='block_1_111' title="bbox 2137 5268 3712 5346">
    <p class='ocr_par' dir='ltr' id='par_1_111' title="bbox 2137 5268 3712 5346">
     <span class='ocr_line' id='line_1_111' title="bbox 2137 5268 3712 5346; baseline 0.009 -27"><span class='ocrx_word' id='word_1_781' title='bbox 2137 5268 2218 5330; x_wconf 80' lang='grc' dir='ltr'><strong>είς</strong></span> <span class='ocrx_word' id='word_1_782' title='bbox 2274 5268 2590 5323; x_wconf 79' lang='grc' dir='ltr'>τούναντίον</span> <span class='ocrx_word' id='word_1_783' title='bbox 2633 5273 2806 5341; x_wconf 85' lang='grc' dir='ltr'>χωρεί</span> <span class='ocrx_word' id='word_1_784' title='bbox 2857 5275 2927 5325; x_wconf 78' lang='grc' dir='ltr'>τὰ</span> <span class='ocrx_word' id='word_1_785' title='bbox 2982 5274 3074 5327; x_wconf 83' lang='grc' dir='ltr'>τοῦ</span> <span class='ocrx_word' id='word_1_786' title='bbox 3135 5277 3484 5346; x_wconf 85' lang='grc' dir='ltr'>πράγματος,</span> <span class='ocrx_word' id='word_1_787' title='bbox 3515 5279 3612 5332; x_wconf 82' lang='grc' dir='ltr'><strong>καί</strong></span> <span class='ocrx_word' id='word_1_788' title='bbox 3655 5294 3712 5333; x_wconf 83' lang='grc' dir='ltr'><strong>τι</strong></span> 
     </span>
    </p>
   </div>
   <div class='ocr_carea' id='block_1_112' title="bbox 2137 5359 3709 5441">
    <p class='ocr_par' dir='ltr' id='par_1_112' title="bbox 2137 5359 3709 5441">
     <span class='ocr_line' id='line_1_112' title="bbox 2137 5359 3709 5441; baseline 0.01 -31"><span class='ocrx_word' id='word_1_789' title='bbox 2137 5359 2443 5428; x_wconf 77' lang='grc' dir='ltr'>παράδοξον</span> <span class='ocrx_word' id='word_1_790' title='bbox 2476 5362 2581 5414; x_wconf 78' lang='grc' dir='ltr'><strong>ὑπὸ</strong></span> <span class='ocrx_word' id='word_1_791' title='bbox 2634 5363 2737 5432; x_wconf 80' lang='grc' dir='ltr'>τῆς</span> <span class='ocrx_word' id='word_1_792' title='bbox 2787 5365 3048 5436; x_wconf 76' lang='grc' dir='ltr'>προνοίας</span> <span class='ocrx_word' id='word_1_793' title='bbox 3097 5369 3293 5439; x_wconf 77' lang='grc' dir='ltr'>ὁρᾶται</span> <span class='ocrx_word' id='word_1_794' title='bbox 3340 5372 3709 5441; x_wconf 73' lang='grc' dir='ltr'>γιγνόμενον·</span> 
     </span>
    </p>
   </div>
   <div class='ocr_carea' id='block_1_113' title="bbox 2136 5451 3707 5535">
    <p class='ocr_par' dir='ltr' id='par_1_113' title="bbox 2136 5451 3707 5535">
     <span class='ocr_line' id='line_1_113' title="bbox 2136 5451 3707 5535; baseline 0.01 -34"><span class='ocrx_word' id='word_1_795' title='bbox 2136 5452 2367 5519; x_wconf 79' lang='grc' dir='ltr'>ἀτρεμεῖ</span> <span class='ocrx_word' id='word_1_796' title='bbox 2410 5451 2520 5522; x_wconf 78' lang='grc' dir='ltr'>γὰρ</span> <span class='ocrx_word' id='word_1_797' title='bbox 2564 5455 2597 5523; x_wconf 79' lang='grc' dir='ltr'>ἡ</span> <span class='ocrx_word' id='word_1_798' title='bbox 2638 5454 2745 5507; x_wconf 83' lang='grc' dir='ltr'><strong>τῶν</strong></span> <span class='ocrx_word' id='word_1_799' title='bbox 2796 5460 3126 5526; x_wconf 77' lang='grc' dir='ltr'>πνευμάτων</span> <span class='ocrx_word' id='word_1_800' title='bbox 3155 5463 3416 5535; x_wconf 87' lang='grc' dir='ltr'>ἀγριότης</span> <span class='ocrx_word' id='word_1_801' title='bbox 3455 5464 3707 5531; x_wconf 68' lang='grc' dir='ltr'>δκείνων,</span> 
     </span>
    </p>
   </div>
   <div class='ocr_carea' id='block_1_114' title="bbox 2134 5541 3711 5624">
    <p class='ocr_par' dir='ltr' id='par_1_114' title="bbox 2134 5541 3711 5624">
     <span class='ocr_line' id='line_1_114' title="bbox 2134 5541 3711 5624; baseline 0.01 -30"><span class='ocrx_word' id='word_1_802' title='bbox 2134 5541 2364 5614; x_wconf 81' lang='grc' dir='ltr'>ἀτρεμεῖ</span> <span class='ocrx_word' id='word_1_803' title='bbox 2384 5545 2428 5596; x_wconf 80' lang='grc' dir='ltr'>δ’</span> <span class='ocrx_word' id='word_1_804' title='bbox 2455 5547 2482 5598; x_wconf 79' lang='grc' dir='ltr'><strong><em>ὁ</em></strong></span> <span class='ocrx_word' id='word_1_805' title='bbox 2511 5545 2621 5601; x_wconf 81' lang='grc' dir='ltr'>τῶν</span> <span class='ocrx_word' id='word_1_806' title='bbox 2661 5550 2923 5617; x_wconf 86' lang='grc' dir='ltr'>κυμάτων</span> <span class='ocrx_word' id='word_1_807' title='bbox 2954 5552 3194 5623; x_wconf 70' lang='grc' dir='ltr'>ὑδρίζων</span> <span class='ocrx_word' id='word_1_808' title='bbox 3245 5556 3430 5624; x_wconf 77' lang='grc' dir='ltr'>ὄγκος,</span> <span class='ocrx_word' id='word_1_809' title='bbox 3455 5558 3711 5611; x_wconf 85' lang='grc' dir='ltr'>δεσποτι-</span> 
     </span>
    </p>
   </div>
   <div class='ocr_carea' id='block_1_115' title="bbox 2136 5632 3709 5719">
    <p class='ocr_par' dir='ltr' id='par_1_115' title="bbox 2136 5632 3709 5719">
     <span class='ocr_line' id='line_1_115' title="bbox 2136 5632 3709 5719; baseline 0.015 -39"><span class='ocrx_word' id='word_1_810' title='bbox 2136 5632 2250 5691; x_wconf 71' lang='lat' dir='ltr'><strong>xei;</strong></span> <span class='ocrx_word' id='word_1_811' title='bbox 2298 5632 2627 5703; x_wconf 76' lang='grc' dir='ltr'>άπορῤήτως</span> <span class='ocrx_word' id='word_1_812' title='bbox 2679 5636 2898 5708; x_wconf 83' lang='grc' dir='ltr'>δεσμοῖς</span> <span class='ocrx_word' id='word_1_813' title='bbox 2949 5642 3360 5714; x_wconf 77' lang='grc' dir='ltr'>χαλινούμενος,</span> <span class='ocrx_word' id='word_1_814' title='bbox 3406 5649 3605 5719; x_wconf 86' lang='grc' dir='ltr'>μέχρις</span> <span class='ocrx_word' id='word_1_815' title='bbox 3642 5648 3709 5703; x_wconf 82' lang='grc' dir='ltr'><strong>ἂν</strong></span> 
     </span>
    </p>
   </div>
   <div class='ocr_carea' id='block_1_116' title="bbox 2137 5725 3708 5809">
    <p class='ocr_par' dir='ltr' id='par_1_116' title="bbox 2137 5725 3708 5809">
     <span class='ocr_line' id='line_1_116' title="bbox 2137 5725 3708 5809; baseline 0.021 -37"><span class='ocrx_word' id='word_1_816' title='bbox 2137 5725 2493 5797; x_wconf 73' lang='grc' dir='ltr'>πτεροφυήσῃ</span> <span class='ocrx_word' id='word_1_817' title='bbox 2539 5744 2596 5781; x_wconf 87' lang='grc' dir='ltr'><strong>τε</strong></span> <span class='ocrx_word' id='word_1_818' title='bbox 2630 5734 2726 5784; x_wconf 81' lang='grc' dir='ltr'>καὶ</span> <span class='ocrx_word' id='word_1_819' title='bbox 2760 5731 2839 5796; x_wconf 84' lang='grc' dir='ltr'><strong>είς</strong></span> <span class='ocrx_word' id='word_1_820' title='bbox 2883 5734 3115 5806; x_wconf 87' lang='grc' dir='ltr'>νόμιμον</span> <span class='ocrx_word' id='word_1_821' title='bbox 3148 5738 3216 5792; x_wconf 72' lang='grc' dir='ltr'>τὰ</span> <span class='ocrx_word' id='word_1_822' title='bbox 3250 5742 3443 5809; x_wconf 83' lang='grc' dir='ltr'>νεογνά</span> <span class='ocrx_word' id='word_1_823' title='bbox 3490 5744 3589 5809; x_wconf 82' lang='grc' dir='ltr'>τῆς</span> <span class='ocrx_word' id='word_1_824' title='bbox 3616 5745 3708 5807; x_wconf 73' lang='grc' dir='ltr'>άλ-</span> 
     </span>
    </p>
   </div>
  </div>
