4036 6210
353 313 460 378 H3

1297 325 1740 392 ΒΥΖᾹΝΤΙΝίΕ
1775 334 2159 404 HISTORIA?
2195 341 2337 402 LIB.
2381 345 2620 409 XXVII.

3496 361 3598 428 lli

351 435 548 496 κυόνος
607 433 874 506 ἀφίκηται
924 437 1128 509 πτῆσιν
1177 439 1420 500 ἐκτὸκια.
1455 447 1578 502 Τῶν
1632 452 1919 524 παραπλη-

2027 470 2134 525 que
2165 469 2326 514 noctu
2377 460 2581 534 diuque
2629 465 3036 524 circumsedent
3077 469 3244 524 etiam
3291 486 3506 526 omnem
3543 477 3598 530 in

351 525 488 614 σίων
531 525 720 580 τοίνυν
756 529 904 598 κάμέ
955 531 1092 600 πρὸς
1121 532 1222 604 τῆς
1249 535 1346 589 τοῦ
1389 537 1526 592 Θεοῦ
1563 540 1745 607 δεξιᾶς
1781 561 1930 614 τηνι-

355 613 536 667 καῦτα
575 615 777 688 συνέδη
809 619 1110 688 πειρᾶσθαι
1133 638 1150 656 ο
1187 623 1298 678 τῶν
1329 626 1440 698 γάρ
1471 646 1554 682 τοι
1601 613 1926 700 διωκόντων,

353 705 544 780 κύκλῳ
587 709 718 780 περὶ
763 713 858 766 τὸν
903 713 1127 784 δέσμιον
1169 719 1228 772 ἐν
1261 719 1482 792 Χριστῷ
1530 725 1727 796 κομιδῆ
1760 729 1930 797 συχνά

353 803 798 872 περιτρεχόντων
831 805 932 876 ἐμὲ
959 808 1052 860 καὶ
1075 809 1294 882 νύκτωρ
1325 829 1384 866 τε
1417 817 1510 868 καὶ
1545 817 1666 885 μεθ’
1713 819 1930 888 ἡμέραν

353 892 768 962 ἑνεδρευῦντων,
793 898 888 950 καὶ
929 901 1112 953 πᾶσαν
1138 901 1226 955 ἐπ’
1256 904 1356 973 ἐμὲ
1383 907 1678 964 κινούντων
1703 911 1929 982 γνώμης

349 1005 416 1040 τε
471 991 568 1043 καὶ
627 983 876 1066 γλώττης
932 997 1166 1068 μανίαν,
1223 1001 1554 1076 ὠρυομένων
1613 1007 1772 1080 δίκην
1831 1011 1928 1066 καὶ

349 1081 738 1176 ύλακτούντων
773 1087 978 1159 θηρῶν,
1008 1093 1102 1146 καὶ
1143 1095 1282 1165 μήτε
1315 1099 1522 1168 μηδένα
1559 1103 1785 1176 μηδαμῆ
1817 1105 1928 1159 τῶν

347 1172 662 1268 causam
693 1178 862 1248 μηδὲν
893 1183 1119 1256 μηδαμῆ
1154 1187 1266 1243 τῶν
1309 1172 1636 1262 ἐπιτηδείων
1685 1172 1929 1268 εἰσκομί-

347 1264 468 1358 ςειν
518 1265 849 1337 δθενδὴποτε
903 1276 1358 1347 συγχωρούντων,
1403 1283 1542 1356 μήτε
1600 1287 1766 1358 μηδὲν
1816 1264 1926 1343 τῶν

345 1356 448 1454 es?
470 1359 690 1454 τὴν-τού
717 1362 952 1432 γράφειν
978 1370 1283 1439 παρέχεται
1325 1374 1517 1445 χρείαν
1548 1356 1765 1434 ἐώντων
1796 1383 1926 1454 μήτ’

347 1448 540 1546 ξνδον-
563 1452 1028 1546 ἡμῖνῌσυνοικεῖν
1085 1462 1216 1533 μήτ’
1265 1465 1466 1532 ἔξωθεν
1515 1471 1739 1527 είσιέναι
1795 1448 1928 1546 παρ’

343 1539 596 1636 ὸτουούν,
625 1541 894 1636 ἐλάθομεν
936 1549 1237 1624 ἀπορρήτῳ
1282 1557 1420 1610 Θεοῦ
1459 1563 1687 1632 προνοίᾳ
1721 1539 1923 1636 μικροῦ

343 1627 652 1725 ιτὴνίἶῃληνΔ
696 1635 807 1688 τῶν
859 1643 1172 1710 γενομένων
1214 1651 1400 1720 γραφῇ
1454 1627 1925 1725 παραπέμιβαντες

351 1717 606 1817 ἱστορίαν
637 1722 695 1776 ἐν
726 1728 910 1817 μικρῷ
941 1733 1140 1801 καιροῦ
1181 1717 1704 1814 διαστὴ-ματι,τμήτε
1737 1717 1924 1817 μακρά

345 1806 460 1902 τιῦν
498 1809 828 1902 άναγκαίων
879 1821 1309 1888 παραλιπόντες,
1361 1806 1530 1898 μήτε
1564 1806 1750 1902 μακρά
1815 1806 1923 1888 τίῦν

343 1898 554 1996 οίρισδή
587 1917 733 1956 τισιν
775 1903 916 1960 εἶναι
942 1910 1247 1966 δοκούντων
1293 1898 1705 1988 παραμίξαντες
1734 1941 1924 1996 περιτ-

343 1987 482 2051 τῶν,
519 1991 640 2043 ἀλλ’
687 1995 1058 2069 ἁπλούστερον
1104 1987 1422 2062 παντάπασι
1452 1987 1550 2082 τῷ
1586 2014 1686 2081 τῆς
1711 1987 1926 2090 ἀφηγὴ-

347 2092 495 2181 σεῖο-ς
540 2085 748 2181 ,τρόπον
785 2093 1126 2160 χρησάμενοι
1182 2101 1444 2170 σχήματι.
1500 2105 1694 2162 Καίτοι
1757 2085 1924 2181 ἐχρῆν

348 2171 512 2271 ἡμᾶς
533 2175 1028 2254 ἐπιστατικώτερον
1051 2189 1344 2260 δήπουθεν,
1365 2195 1440 2260 ὠς
1471 2197 1570 2268 ἐμέ
1595 2217 1658 2266 γε
1691 2171 1921 2271 οἴεσθαι,

339 2263 552 2366 τά-τῆς
591 2269 931 2366 δογματικῆς
971 2277 1286 2346 ὑποθέσεως
1325 2288 1418 2339 καὶ
1445 2263 1547 2342 ὅσα
1588 2263 1705 2356 τοῖς
1731 2263 1920 2366 λῃστιἐ

346 2355 472 2446 κοῖς
504 2359 876 2426 συμπέπτωκε
904 2369 1204 2438 συνεδρίοις
1237 2355 1710 2446 ἐπεξεργάζεσθαί
1738 2355 1798 2437 τΞ
1826 2387 1922 2440 καὶ

347 2445 1241 2546 πολλαπλασιάζειν-Αάμωσγέπως
1274 2465 1370 2529 τὰς
1409 2445 1522 2524 τῶν
1563 2473 1780 2529 ἐννοιῶν
1815 2455 1920 2546 ἆγ-

345 2536 686 2606 χιστρόφους
731 2543 1014 2612 μεθόδους,
1055 2551 1502 2620 ἀνακυκλοῢντας
1549 2559 1664 2630 ἅμα
1695 2562 1790 2616 καὶ
1819 2536 1922 2618 πα-

349 2630 808 2698 ρεισκυκλοῦντας
853 2638 1045 2706 συχνὰ,
1099 2640 1192 2694 καὶ
1237 2644 1312 2713 πῆ
1365 2646 1466 2716 μὲν
1509 2648 1619 2703 τῶν
1663 2653 1921 2708 ἐναντίων

349 2723 646 2788 εὐρώστως
693 2727 1102 2799 ἀποκρούεσθαι
1149 2737 1244 2789 καὶ
1297 2738 1585 2796 ἀνασοϐεῖν
1635 2746 1701 2798 τὰ
1729 2748 1920 2812 τοξεύ-

355 2830 522 2881 ματα,
559 2817 634 2887 πῆ
675 2819 732 2872 δὲ
763 2827 1132 2894 καιριωτέραν
1161 2829 1510 2902 ἐγγοητεύειν
1551 2837 1643 2888 καὶ
1676 2837 1822 2904 μάλα
1855 2841 1919 2908 γὲ

351 2921 438 2957 τοι
468 2908 684 3002 άσςραλῆ
722 2915 843 2976 ταῖς
874 2915 1172 2986 ἡμετέραις
1207 2921 1330 2976 κατ’
1355 2925 1580 2979 ἐκείνων
1612 2927 1796 2995 βολαῖς
1821 2931 1921 3002 τὴν

349 2998 634 3067 περίνοιαν
657 3018 674 3034 ·
715 3004 826 3058 δεῖν
866 3007 974 3078 γὰρ
1013 3011 1158 3065 κατὰ
1201 3014 1327 3076 τοὺς
1359 3019 1703 3088 στρατηγοὺς
1731 2998 1921 3076 ἐνταυ-

2031 563 2120 604 me
2152 551 2508 608 consiliorum
2553 557 2811 626 vocisque
2856 557 3096 612 furorem
3132 559 3374 614 fundunt
3423 563 3600 616 iustar-
3661 601 3667 638 -,_

2031 637 2326 696 bestiarum
2357 645 2688 714 rugientium
2717 649 3218 716 et'allatrantium;
3251 650 3382 704 dum
3418 669 3595 722 neque
3663 637 3668 660 “

2030 731 2284 800 cuiquam
2306 735 2610 788 necessaria
2637 737 2768 790 mihi
2800 747 2892 792 aut
2929 739 3130 807 quibus
3163 744 3228 796 ad
3261 745 3587 814 scripturam

2030 835 2167 889 opus
2208 831 2292 878 est
2337 835 2648 894 apportare,
2689 845 2866 900 neque
2917 833 3178 902 quiquam
3211 815 3335 889 luna
3383 851 3604 891 mecum

2031 913 2178 970 intus
2211 915 2456 973 habitare
2497 935 2580 974 me
2620 936 2791 991 neque
2823 927 3117 982 convenire
3137 929 3480 998 permittunt,
3516 938 3598 984 ta-

2029 1021 2154 1062 men
2186 1009 2278 1063 Dei
2313 1011 2518 1065 auxilio
2561 1012 2612 1066 id
2663 1027 2945 1074 assecutus
2987 1035 3108 1074 sum
3168 1030 3227 1076 ut
3283 1023 3596 1080 universam

2029 1115 2208 1154 rerum
2237 1101 2518 1157 historiam
2539 1103 2688 1160 brevi
2710 1116 2953 1178 tempore
2972 1113 3598 1183 conscriberem.Neque

2029 1195 2208 1245 tamen
2240 1191 2396 1262 132
2425 1195 2477 1248 in
2507 1195 2592 1252 bis
2619 1201 2942 1266 praetermisi
2970 1203 3122 1270 plura
3155 1205 3593 1259 Memorabilium

2028 1294 2206 1350 neque
2249 1281 2518 1340 immiscui
2571 1288 2726 1357 plura
2782 1304 2972 1346 eorum
3020 1309 3142 1362 qua:
3189 1310 3594 1362 supervacanea

2025 1373 2318 1441 videntur;
2346 1377 2441 1431 sed
2469 1377 2790 1449 simplicidri
2817 1385 3044 1438 omnino
3065 1389 3358 1442 enarrandi
3385 1389 3598 1442 ratione

2027 1479 2162 1520 usus
2203 1481 2344 1520 sum.
2381 1467 2584 1522 Tamen
2624 1471 2943 1540 diligentius
2990 1491 3110 1546 qua:
3162 1478 3227 1532 ad
3279 1480 3594 1548 dogmalum

2029 1556 2270 1610 rationes
2298 1557 2622 1625 spectabant
2651 1575 2882 1633 qumque
2911 1561 2966 1617 in
3005 1565 3295 1634 rapacibus
3327 1567 3598 1637 syncdriis

2027 1649 2342 1704 acciderant
2403 1661 2635 1708 tractare
2685 1666 2851 1726 atque
2905 1657 3274 1727 multiplicare
3337 1661 3600 1730 quodam-

2029 1743 2192 1795 modo
2225 1745 2546 1812 repetundis
2579 1747 2886 1818 crebroque
2935 1751 3247 1806 intexendis
3287 1753 3451 1806 variis
3485 1769 3602 1808 mo-

2028 1831 2339 1902 bilibusque
2361 1836 2722 1890 consiliorum
2741 1841 3048 1894 rationibus
3065 1857 3288 1896 necesse
3313 1843 3604 1910 putabam;

2025 1924 2190 1980 etiam
2230 1926 2526 1983 observare
2554 1939 2666 1982 tum
2709 1932 2990 1999 quomodo
3017 1933 3464 1988 adversariorum
3491 1935 3600 1989 tela

2023 2013 2186 2070 facile
2233 2025 2454 2085 possent
2501 2021 2770 2074 retardari
2820 2031 2983 2091 atque
3035 2024 3247 2092 repelli,
3298 2035 3412 2079 tum
3462 2039 3600 2080 vero

2025 2107 2306 2176 quomodo
2333 2123 2432 2162 nos
2461 2110 2666 2166 nostris
2698 2112 2750 2164 in
2777 2113 2922 2182 ipsos
2955 2113 3078 2168 telis
3112 2118 3498 2184 percommode
3541 2127 3600 2172 et

2028 2206 2142 2252 tute
2171 2207 2474 2255 uteremur.
2505 2199 2638 2274 Nam
2687 2211 2746 2255 ut
2779 2203 3012 2257 militum
3057 2205 3226 2260 duces
3267 2205 3458 2259 oculos
3487 2220 3602 2260 non

2023 2288 2202 2342 solum
2235 2289 2288 2342 in
2325 2289 2614 2346 adversum
2647 2301 2862 2346 vertere
2905 2307 3126 2348 necesse
3147 2302 3250 2360 est,
3287 2294 3382 2350 sed
3429 2295 3601 2349 etiam

2023 2395 2053 2432 a
2087 2389 2239 2450 tergo
2267 2382 2470 2452 quippe
2501 2397 2612 2451 quo
2643 2383 2746 2437 tela
2774 2383 3048 2454 conjicere
3078 2393 3132 2439 et
3159 2401 3376 2439 omnem
3407 2385 3462 2438 in
3497 2401 3602 2440 nos

2024 2469 2212 2525 dolum
2246 2472 2533 2529 intendere
2565 2473 2902 2530 adversariis
2934 2475 3252 2532 facillimum
3282 2485 3451 2532 esset.
3485 2476 3596 2532 Sed

2023 2576 2206 2632 neque
2243 2579 2434 2618 eorum
2488 2565 2584 2635 qui
2636 2581 2924 2620 sacrorum
2972 2567 3305 2636 scriptorum
3340 2569 3590 2623 consiliis

2018 2653 2212 2724 juvare
2265 2670 2350 2709 me
2403 2657 2638 2712 antehac
2673 2658 2939 2724 solebant,
2976 2660 3118 2714 ullus
3178 2659 3312 2714 mihi
3365 2662 3586 2726 aderat,

2023 2760 2202 2814 neque
2272 2761 2488 2810 eorum,
2525 2761 2666 2815 quos
2717 2761 2822 2800 una
2891 2763 3104 2803 mecum
3150 2749 3454 2818 dogmatica
3505 2750 3594 2804 illa

2024 2837 2323 2894 certamina
2351 2846 2408 2892 et.
2432 2839 2662 2893 consilia
2695 2839 2980 2908 suscipere
3011 2843 3279 2908 oportuit.
3315 2841 3472 2906 Quod
3507 2842 3604 2896 vel-

2023 2931 2256 2986 maxime
2287 2930 2394 2985 hoc
2429 2937 2674 3000 tempore
2715 2941 2944 3000 questus
2977 2945 3098 2986 sum
3145 2939 3370 3001 prepter
3406 2933 3596 2985 oculo-

2023 3037 2146 3076 rum
2196 3023 2476 3094 totiusque
2523 3023 2718 3092 capitis
2775 3023 3028 3078 morbum
3081 3032 3138 3077 et
3180 3024 3360 3078 intimi
3419 3024 3588 3077 animi

345 3089 444 3186 δοῖ
461 3093 558 3186 καὶ
594 3095 744 3186 ἡμᾶς
786 3099 888 3186 οὐχ
942 3101 1094 3166 ὅπως
1144 3104 1248 3174 πρὸ
1288 3107 1586 3176 ὀφθαλμῶν
1617 3109 1762 3181 ἔχειν
1791 3113 1919 3176 τοὺς

2023 3089 2445 3170 sollicitudines.
2473 3089 2628 3186 133
2653 3115 3067 3170 Praetermittam
3098 3117 3246 3170 enim
3279 3116 3424 3186 quod
3455 3115 3592 3170 mihi

341 3179 682 3270 δφθαλμοὺς,
712 3185 850 3241 ἀλλὰ
878 3190 1015 3270 κάπὶ
1041 3193 1154 3245 τῶν
1187 3197 1540 3266 μεταφρένων
1567 3179 1677 3268 ὅπη
1703 3217 1766 3252 τε
1792 3200 1918 3270 βάλ-

343 3266 461 3320 λειν
488 3263 1027 3344 εὐχερέστερόν’πως
1069 3279 1148 3349 τῷ
1187 3263 1385 3352 ἐχθρῷ,
1417 3284 1512 3336 καὶ
1543 3263 1916 3358 ὅπη-μάλιστα

341 3361 446 3428 τὴν
473 3361 604 3432 ὃλην
660 3365 787 3418 καθ’
824 3367 980 3436 ἡμῶν
1010 3369 1256 3426 ἐπίνοιαν
1291 3372 1356 3446 [ί.
1385 3375 1486 3429 127
1513 3375 1570 3448 α]
1606 3380 1633 3432 ὁ
1661 3380 1916 3450 πολέμιος

341 3452 531 3520 ἐκχεῖν
566 3454 872 3540 ἐπείγεται.
913 3459 1056 3514 Ἀλλ’
1101 3461 1214 3517 οὔτ’
1243 3464 1416 3530 οὐδεὶς
1449 3467 1573 3536 ἐμοὶ
1611 3474 1916 3540 τηνικαῦτα

342 3543 532 3635 παρῆν
583 3537 664 3607 οἷς
707 3547 867 3602 εἴωθε
921 3551 1052 3618 πρὶν
1093 3555 1214 3618 ταῖς
1257 3557 1368 3610 τῶν
1401 3537 1749 3630 γραμμάτων
1780 3567 1916 3635 ἡμῖν

341 3633 738 3704 ὑπηρετεῖσθαι
783 3639 1240 3714 ύπαγορεύσεσιν,
1287 3647 1410 3702 οὔτε
1467 3655 1577 3722 μην
1630 3633 1810 3717 οὐδεὶς
1824 3633 1916 3710 Ϋτὺ

344 3725 614 3794 παράπαν
645 3722 727 3792 οἷς
780 3731 947 3802 ἐχρῆν
997 3733 1108 3786 τῶν
1140 3735 1488 3804 δογματικῶν
1533 3741 1739 3796 τούτων
1767 3743 1916 3813 ἀγώ-

342 3833 454 3868 νων
507 3835 568 3871 τε
619 3822 714 3874 xal.
761 3820 1150 3891 βουλευμάτων
1195 3827 1320 3895 ἐμοὶ
1381 3830 1763 3900 συναίρεσθαι,
1823 3835 1917 3888 καὶ

344 3910 586 3979 μάλιστα
617 3913 710 3966 νῦν
750 3915 1062 3985 ὀφθαλμοὺς
1099 3917 1192 3972 καὶ
1233 3919 1362 3989 ὅλην
1389 3921 1619 3991 ἁλγοῦσι
1661 3927 1915 3998 ’κεφαλὴν

343 4005 448 4057 καὶ
491 4005 618 4075 ὃλην
659 4007 984 4078 ἀνιωμένοις
1030 4009 1276 4078 καρδίαν.
1314 4013 1424 4069 Ἐὦ
1465 4016 1574 4087 γὰρ
1619 4017 1800 4086 λέγειν
1840 4019 1916 4084 ὡς

345 4099 431 4150 Gri
464 4097 526 4150 τὸ
555 4097 818 4166 αἰφνίδιον
845 4101 943 4172 τῆς
967 4103 1191 4172 εἱρκτῆς
1220 4105 1331 4159 οὐδ’
1363 4107 1541 4182 εὐφυᾶ
1561 4128 1683 4166 τινα
1707 4113 1916 4186 χάρτην

341 4191 492 4258 ἔχειν
523 4191 648 4258 ἐμοὶ⁵
681 4192 984 4258 τηνικαῦτα
1024 4195 1324 4268 τετύχηκεν
1369 4201 1448 4264 είς
1494 4219 1554 4255 τε
1583 4204 1916 4275 ἀποχρῶσαν

341 4283 616 4354 ὑποδοχὴν
647 4285 929 4342 συλλαϐῶν
966 4288 1060 4342 καὶ
1087 4291 1312 4359 γραφῶν
1349 4295 1704 4350 πολυπλόκων
1733 4315 1792 4350 τε
1821 4299 1916 4353 καὶ

341 4377 728 4442 παντοδαπῶν,
776 4379 871 4434 καὶ
921 4381 1038 4450 ἅμα
1086 4383 1353 4454 ἁρμονίαν
1399 4387 1514 4450 τοῖς
1567 4389 1917 4459 δογματικαῖς

2025 3206 2118 3276 qui
2155 3205 2454 3275 improviso
2486 3207 2540 3260 in
2576 3205 2880 3261 custodiam
2909 3207 3106 3262 ductus
3136 3221 3312 3262 essem
3346 3208 3596 3262 nancisci

2025 3313 2131 3354 non
2180 3297 2334 3352 licuit
2379 3298 2578 3352 bonam
2629 3297 2896 3362 chartam,
2949 3297 3132 3367 itaque
3165 3297 3280 3352 istis
3325 3299 3379 3353 in
3427 3301 3592 3355 undis

2025 3389 2378 3446 vehementer
2419 3389 2815 3450 ﬂuctuantibus
2862 3390 3108 3459 mihique
3139 3389 3594 3461 obstrepentibus

2024 3498 2094 3538 ne
2131 3498 2302 3553 pauca
2345 3482 2568 3554 quidem
2599 3499 2696 3538 ore
2729 3483 3251 3553 pronuntiaremihi
3290 3483 3464 3551 licuit,
3493 3486 3590 3540 sed

2023 3586 2086 3630 ut
2133 3577 2370 3647 linguam
2413 3590 2816 3646 compescerem
2854 3585 2910 3630 et
2957 3590 3181 3644 exspem
3231 3576 3590 3648 Endymionis

2023 3682 2220 3724 somno
2248 3683 2336 3724 me
2373 3667 2562 3724 darem
2610 3667 2935 3724 necessitate
2962 3676 3190 3722 coactus
3221 3683 3394 3722 eram.
3433 3669 3588 3736 Quod

2025 3769 2206 3817 tamen
2231 3775 2572 3832 nequaquam
2595 3777 2738 3831 regre
2768 3761 3008 3816 tul‘ssem
3036 3761 3082 3816 si
3107 3761 3236 3814 mihi
3263 3777 3370 3816 non
3403 3777 3596 3815 veren-

2022 3853 2154 3908 dum
2183 3853 2378 3908 fuisset
2409 3869 2478 3908 ne
2517 3853 2692 3923 pietas
2725 3868 2846 3907 mea
2880 3853 3208 3908 obrueretur
3251 3854 3594 3908 Criminatio-

2022 3942 2188 3998 nibus
2219 3942 2522 3997 inﬁdelium
2555 3943 2906 4014 impudenter
2923 3944 3084 3998 nobis
3120 3945 3362 4012 ipsorum
3395 3945 3592 4013 impro-

2023 4033 2250 4090 bitatem
2300 4033 2689 4103 applicantium
2719 4053 2733 4098 ;
2767 4049 2938 4103 porro
2989 4033 3034 4088 si
3078 4049 3176 4102 pro
3217 4034 3418 4088 misero
3465 4051 3590 4088 meo

2023 4141 2253 4196 corpore
2297 4126 2460 4180 ﬁnem
2507 4125 2756 4180 laborum
2783 4141 2884 4195 pro
2917 4127 3100 4181 anima
3129 4141 3248 4181 mea
3293 4128 3587 4184 immortaii

2023 4226 2300 4274 certamen
2351 4217 2603 4272 ultimum
2653 4220 2970 4288 prospicere
3007 4221 3332 4290 potuissem.
3380 4221 3484 4275 Sed
3541 4223 3594 4278 si

2022 4326 2172 4382 spem
2203 4309 2400 4366 fallunt
2427 4319 2658 4366 eventus
2683 4317 2740 4366 et
2781 4311 2906 4382 iuga
2948 4311 3195 4366 laborum
3229 4313 3472 4383 iniquior
3503 4326 3587 4370 est

2023 4403 2156 4473 ipsis
2179 4403 2480 4467 laboribus,
2501 4403 2680 4459 inanis
2698 4413 2783 4460 est
2804 4405 3066 4474 splendor
3085 4409 3599 4476 exspectationmn,_

343 4471 735 4540 προσήκουσαν
803 4473 1224 4546 ἀγωνίσμασιν*
1274 4477 1416 4532 ὥστε
1488 4480 1584 4532 καὶ
1640 4481 1913 4537 τοσούτων

2023 4471 2200 4548 inanis
2233 4492 2428 4548 ﬁducia
2462 4493 2516 4548 in
2549 4494 2793 4550 ferendis
2821 4471 3122 4551 laboribus.
3161 4471 3340 4562 Quare
3373 4499 3590 4564 scapha:

339 4563 750 4634 περιρρεόντων
779 4564 972 4634 ῥοθίων
994 4568 1126 4636 ἡμῖν
1153 4567 1384 4638 σφοδρόν
1410 4586 1472 4626 τε
1501 4570 1788 4624 οίδούντων
1815 4573 1913 4626 καὶ

341 4654 488 4723 μάλα
519 4654 868 4726 άντίπρωρον
898 4657 1034 4727 ἡμῖν
1061 4658 1518 4728 ἐπενηνεγμένων
1549 4661 1648 4731 τὴν
1677 4663 1913 4730 κίνησιν,

339 4747 394 4808 ἐς
417 4747 668 4816 ἀνάγκας
714 4748 1036 4803 ἐλαύνεσθαι
1079 4746 1148 4822 ἦν
1183 4752 1306 4806 ούδέ
1345 4754 1520 4822 μικρά
1577 4771 1699 4809 τινα
1727 4755 1914 4820 ἁπλῶς

343 4839 662 4908 φράσαντας
698 4842 826 4911 σιγῇ
873 4857 930 4893 τε
959 4841 1054 4911 τὴν
1089 4842 1336 4909 γλῶτταν
1365 4846 1726 4900 κατακλεῖσαι
1762 4847 1911 4918 ἑξῆς,

345 4931 440 4984 καὶ
468 4932 560 4985 τὸν
608 4931 970 5001 Ἐνδυμίωνος
999 4932 1060 4998 ἐξ
1101 4934 1468 5003 ἀπογνώσεως
1509 4935 1675 4991 ὕπνον
1718 4938 1920 4992 καθεύ-

340 5024 474 5080 δειν.
517 5023 680 5076 Ἀλλὰ
719 5025 866 5078 τοῦτ’
903 5025 1033 5089 ἴσως
1058 5022 1127 5096 ἦν
1155 5026 1220 5081 ἄν
1246 5045 1362 5091 πως
1393 5029 1696 5102 εὐπρεπὲς,
1731 5033 1779 5084 εί
1813 5047 1924 5101 prid

335 5113 432 5166 δέν
470 5129 524 5166 τι
576 5115 812 5184 πρᾶγμα
855 5109 924 5186 ἦν
972 5117 1146 5186 δήπου
1193 5115 1578 5174 διαϐάλλεσθαι
1623 5119 1758 5190 πρὸς
1807 5121 1917 5177 τῶν

337 5206 650 5270 κακοδόξων
703 5207 804 5276 τὴν
854 5209 1131 5279 ἡμετέραν
1179 5210 1486 5276 εύσέὂειαν,
1533 5213 1768 5274 ἀναιδῶς
1821 5214 1914 5267 ού-

335 5299 476 5350 τωσὶ
528 5298 628 5370 τὴν
675 5299 946 5370 σφετέραν
1003 5302 1450 5371 περιτρεπόντων
1511 5303 1711 5356 κακίαν
1757 5305 1910 5375 ἡμῖν,

339 5391 436 5443 καὶ
487 5391 666 5452 ἄλλως
718 5392 768 5443 εί
816 5391 946 5460 περὶ
997 5391 1156 5460 σῶμα
1195 5394 1382 5462 γήινον
1423 5388 1492 5464 ἦν
1533 5393 1594 5447 τὸ
1633 5394 1786 5458 τέλος
1817 5383 1922 5466 τῆς

342 5483 527 5553 μάχης
579 5485 712 5554 ὁρᾷν
761 5483 860 5538 καὶ
900 5484 1104 5555 ἡκιστα
1133 5486 1223 5538 τόν
1253 5502 1316 5553 γε
1344 5487 1474 5556 περὶ
1505 5488 1605 5556 τῆς
1641 5487 1913 5540 ἀθανάτου

335 5575 522 5644 ψυχῆς
553 5575 922 5644 ἀγωνίζεσθαι
951 5577 1173 5646 δρόμον.
1215 5579 1389 5630 Ὅπου
1417 5577 1474 5630 δέ
1503 5578 1612 5630 τῶν
1647 5595 1707 5631 τε
1747 5579 1914 5632 ἐλπί-

335 5668 448 5720 δων
487 5668 552 5719 τὺ
599 5669 774 5738 πέρας
817 5667 960 5722 κατὰ
989 5670 1087 5732 τὰς
1129 5669 1354 5732 ἐλπίδας
1386 5669 1487 5721 οὐκ
1525 5669 1591 5722 ἂν
1625 5669 1910 5742 ἀπαντῴη,

335 5763 434 5816 καὶ
477 5761 576 5832 τὴν
609 5761 784 5832 φυγὴν
827 5761 921 5816 τοῦ
966 5761 1150 5825 κακῶς
1201 5761 1393 5814 παθεῖν
1445 5761 1654 5829 ἐφόδιον
1685 5762 1779 5818 τοῦ
1814 5781 1911 5818 κα-

2019 4583 2300 4652 pmclaris
2358 4584 2862 4650 exspectationibus
2919 4597 3158 4640 onerata:
3217 4587 3424 4640 clarum
3475 4587 3584 4640 Deo

2019 4675 2216 4732 tradidi
2248 4689 2346 4745 pro
2387 4691 2506 4744 quo
2539 4677 2716 4744 ipsum
2749 4691 2970 4731 cursum
3019 4675 3390 4740 inStitueram,
3421 4679 3586 4746 eique

2018 4764 2240 4836 permisi
2263 4764 2430 4819 etiam
2464 4764 2787 4834 graphium;
2818 4779 2926 4834 quo
2951 4763 3155 4818 factum
3190 4776 3272 4820 est
3301 4773 3360 4820 ut
3391 4775 3589 4834 [muter

2018 4871 2240 4913 omnem
2265 4854 2584 4926 opinionem
2615 4854 2844 4923 plurima
2868 4855 3022 4912 brevi
3050 4865 3296 4926 tempore
3327 4857 3588 4926 prmelare

2018 4949 2266 5004 conlecta
2303 4947 2557 5004 viderim.
2591 4947 2780 5016 Neque
2823 4946 3024 5002 deinde
3055 4947 3171 5005 hmo
3209 4949 3442 5017 amplius
3487 4965 3588 5002 cu-

2019 5039 2136 5094 ravi
2167 5039 2262 5095 sed
2298 5038 2376 5094 uti
2409 5037 2655 5094 confecta
2685 5047 2814 5092 sunt.
2848 5037 2902 5092 in
2950 5040 3128 5093 medio
3160 5039 3380 5108 reliqui.
3415 5040 3588 5094 Nimi-

2019 5143 2142 5183 rum
2187 5128 2332 5198 quod
2391 5128 2535 5182 inter
2579 5127 2730 5182 viros
2772 5127 3210 5196 sapientissimos
3257 5139 3492 5193 constat,
3531 5140 3592 5183 ut

2019 5227 2230 5274 statuas
2245 5217 2525 5286 pulchras,
2551 5217 2624 5270 ita
2643 5233 2864 5287 quoque
2887 5235 3008 5287 qua:
3030 5229 3286 5274 accurate
3307 5221 3598 5274 etlicicnda

2019 5307 2130 5364 sint
2171 5309 2374 5377 scripta
2422 5307 2664 5362 secunda
2705 5325 2770 5364 ac
2817 5311 2976 5365 tertia
3030 5327 3192 5368 manu
3243 5313 3594 5368 retractanda

2018 5414 2141 5455 esse
2193 5414 2302 5454 non
2345 5397 2600 5456 dilliteor.
2663 5401 2822 5472 134
2883 5403 2990 5458 Sed
3046 5419 3171 5460 cum
3225 5407 3362 5462 mihi
3413 5421 3593 5474 neque

2017 5491 2156 5558 satis
2189 5499 2338 5547 esset
2383 5493 2666 5562 temporis,
2717 5509 2898 5563 neque
2928 5497 3098 5552 ullum
3148 5498 3396 5567 quietqu
3445 5499 3597 5553 hora:

2020 5593 2382 5650 momentum,
2407 5599 2516 5653 quo
2543 5584 2762 5652 quidem
2783 5586 2956 5656 prima
2985 5605 3144 5642 manu
3170 5590 3232 5642 ad
3263 5591 3592 5644 sententiam

2023 5691 2196 5732 meam
2229 5685 2432 5741 uterer,
2464 5677 2743 5746 quomodo
2775 5681 2869 5748 qui
2907 5681 2960 5734 in
2993 5683 3158 5736 tantis
3197 5695 3380 5734 rerum
3416 5681 3598 5737 turbis

2021 5784 2086 5823 ac
2113 5765 2358 5824 molibus
2389 5765 2880 5827 demersus-essem
2913 5781 2967 5827 et
2995 5772 3086 5840 qui
3122 5771 3388 5828 continuo
3421 5773 3606 5845 magis
