4036 6210
2544 236 2561 265 ί

476 363 578 432 125
1654 379 2045 442 NICEPHOB

2148 384 2511 448 iREGORz’E
3628 386 3733 454 116

470 492 634 588 quam
658 478 870 538 Tantali
895 483 1133 556 lapidem
1155 498 1544 559 persecutores
1568 490 1637 547 ad
1662 492 1807 550 fores
1828 495 2045 552 assidue

2158 501 2271 564 κῶς
2321 502 2520 556 παθεῖν
2570 503 2935 575 περιγίνεται,
2977 504 3209 576 μάταιος
3248 506 3348 574 μὲν
3378 504 3410 575 ἡ
3440 505 3550 559 τῶν
3575 506 3735 558 ἐλπί-

466 569 768 669 assidentes
807 584 863 631 et
900 576 1117 648 singula
1161 595 1396 652 quaeque
1450 584 1928 656 impudentissime
1962 589 2045 644 iu-

2150 592 2257 646 δων
2312 594 2613 663 πρόφασις,
2642 569 2883 666 μάταιος
2909 569 2955 651 δ’
2977 569 3021 669 ψη
3069 598 3205 668 πρὸς
3345 569 3529 652 πονεῖν
3562 597 3733 667 ῥᾳθυ-

469 658 734 731 dagantes
758 665 1032 733 timerem,
1052 671 1217 726 etiam
1239 675 1400 729 tertia
1427 690 1587 731 manu
1612 676 1679 731 ad
1698 680 2045 736 retractanda

2154 682 2276 752 μία.
2309 658 2400 737 Αίδ
2434 658 2525 754 .τῷ
2567 658 2715 756 μόνῳ
2762 658 2886 758 eaq;
2915 658 3020 741 τοῦ
3067 658 3449 754 τῶννεῦγενῶν
3495 658 3729 739 ἐλπίδων

468 754 676 824 scripta
732 758 907 815 libere
960 762 1040 816 uti
1102 765 1415 834 potuerim?
1470 768 1652 834 Quare
1706 769 1762 824 in
1824 771 2045 842 scriptis

2149 771 2413 842 γέμοντας
2459 754 2701 843 σκάφους
2750 754 2880 841 τοὺς
2924 777 3121 840 οίακας
3152 776 3552 848 θαρρήσαντες,
3584 774 3730 838 ὑπὲρ

470 855 754 919 utcunque
774 867 804 906 e
830 853 1003 921 prima
1033 870 1196 911 manu
1225 859 1552 928 prodierunt
1590 863 1842 933 acquievi
1874 862 2045 919 fretus

2150 863 2212 917 οὗ
2246 864 2342 919 καὶ
2395 864 2487 919 τὸν
2516 866 2686 921 πλοῦν
2720 867 2961 936 άνύομεν
3010 869 3184 933 τόνδε,
3224 873 3321 922 καὶ
3363 868 3531 937 μόνην
3576 866 3730 936 αὐτῷ

469 939 568 995 Dei
599 957 763 998 manu
794 947 1082 1016 adjutrice.
1636 1026 1639 1032 ι

2148 956 2250 1026 τὴν
2281 957 2438 1027 χεῖρα
2475 957 2617 1028 μετὰ
2640 959 2740 1027 τῆς
2772 960 3033 1032 γραφίδος
3063 961 3390 1031 χρήσαντες,
3409 960 3733 1030 εὐχερέστε-

474 1038 627 1110 ρονῆ
669 1041 812 1096 κατὰ
847 1046 1030 1100 πᾶσαν
1062 1048 1397 1119 προσδοκίαν
1441 1050 1502 1105 τδ
1570 1040 1757 1107 πλεῖον
1801 1053 1860 1106 ἐν
1929 1052 2123 1124 βραχεῖ
2160 1052 2259 1123 τῆς
2284 1053 2415 1123 ὅλης
2447 1056 2685 1126 σπουδῆς
2712 1055 2962 1111 τελεσθὲν
2998 1057 3329 1127 τεθεάμεθα,
3354 1056 3595 1110 κᾶπειτα
3623 1071 3731 1126 μη·-

468 1128 559 1184 δέν
608 1132 834 1208 μηδαμῆ
890 1138 1549 1215 πολυπραγμονήσαντες,
1581 1145 1729 1216 ἔχειν
1758 1144 1837 1209 ὡς
1890 1145 2049 1217 ἔσχεν
2086 1147 2407 1217 ἀφήκαμεν,
2436 1147 2535 1202 καὶ
2578 1148 2770 1217 ταῦτα,
2834 1150 3087 1222 καθάπερ
3145 1149 3256 1206 τῶν
3284 1149 3617 1220 ἀγαλμάτων
3657 1147 3727 1200 τά

465 1226 751 1299 κάλλιστα,
817 1233 964 1290 οὕτω
1004 1238 1067 1310 δὴ
1106 1241 1200 1294 καὶ
1268 1241 1396 1305 τοὺς
1449 1241 1521 1296 δι’
1580 1242 1867 1314 ἀκριϐείας
1913 1238 2106 1311 λόγους
2156 1243 2387 1315 δευτέρᾳ
2436 1246 2534 1299 καὶ
2587 1246 2748 1320 τρίτῃ
2779 1248 2923 1319 χειρὶ
2970 1248 3171 1319 χρῆναι
3220 1245 3584 1303 καθίστασθαι
3616 1245 3729 1298 τῶν

468 1320 756 1388 βελτιόνων
806 1329 989 1398 σοφῶν
1027 1333 1459 1402 παραινούντων.
1519 1335 1662 1389 Ἀλλ’
1702 1337 1839 1407 ἡμῖν
1868 1352 1934 1405 γε
1972 1333 2038 1406 δὴ
2081 1334 2211 1407 μήθ’
2240 1336 2377 1401 ὅλως
2401 1337 2520 1393 ὅλον
2559 1337 2745 1410 ἔχουσι
2797 1340 2986 1409 καιρὸν
3028 1342 3086 1404 ἐς
3126 1340 3270 1407 δέον,
3289 1338 3366 1404 ῶς
3393 1356 3457 1408 γε
3492 1337 3730 1407 ἔφαμεν.

466 1414 606 1484 μήτε
665 1418 774 1491 μὴν
826 1422 946 1476 οὐδὲ
1002 1423 1178 1496 βραχύ
1235 1445 1287 1481 τι
1338 1429 1504 1499 μέρος
1572 1428 1726 1499 ὥρας
1773 1427 2071 1500 άκλόνητον
2112 1428 2248 1499 μηδέ
2293 1432 2363 1500 τῇ
2422 1430 2617 1503 πρώτη
2664 1431 2795 1501 γοῦν
2871 1435 3021 1505 χειρὶ
3069 1434 3212 1487 κατὰ
3251 1433 3313 1487 τὸ
3362 1433 3461 1502 τῆς
3503 1428 3731 1501 γνώμης

464 1505 790 1581 βουλόμενον
819 1516 1126 1587 χρήσασθαι
1157 1518 1306 1593 (πῶς
1346 1522 1456 1593 γάρ
1489 1517 1573 1588 οἷς
1605 1520 1880 1585 τοσούτοις
1916 1519 2305 1575 κεκυκλῶσθαι
2333 1522 2627 1594 Κύκλωψιν
2667 1526 2816 1597 ἐνῆν,
2855 1527 2949 1579 καὶ.
2986 1521 3069 1590 οἷς
3103 1527 3251 1597 μάλα
3284 1524 3544 1596 μᾶλλονῆ
3584 1524 3731 1576 Ταν-

460 1601 679 1657 τάλειον
728 1608 895 1675 φάναι
946 1611 1091 1666 λίθον
1149 1614 1280 1683 ἐξῆν
1345 1615 1436 1670 ἀεὶ
1498 1614 1815 1687 περιφανῶς
1879 1614 2111 1668 δεδιέναι
2148 1616 2277 1679 τοὺς
2307 1617 2395 1671 ἀεὶ
2420 1618 2525 1687 πρὸ
2555 1618 2738 1688 θυρῶν
2771 1620 3165 1690 ἐφεδμύοντᾶς
3199 1637 3259 1673 τε
3287 1620 3383 1674 καὶ
3412 1616 3608 1672 ἅπαντ’
3641 1617 3733 1669 άεὶ

462 1698 616 1771 τάμά
644 1702 835 1768 δεινῶς
882 1723 943 1760 τε
976 1709 1073 1763 καὶ
1121 1710 1332 1782 ἰταμῶς
1376 1712 1841 1784 άνιχνεὺοντας;)
1877 1710 2041 1782 σχολῇ
2082 1712 2138 1777 γ’
2171 1710 2237 1765 ἂν
2269 1712 2399 1783 άχρι
2446 1715 2543 1769 καί⁵
2609 1716 2669 1779 ἐς
2736 1717 2931 1787 τρίτην
2983 1718 3121 1770 ἰέναι
3176 1715 3360 1787 χειρὸς
3400 1714 3735 1783 αὐτονομου-

468 1796 640 1868 μένην
685 1800 917 1871 ζήτησιν
955 1805 1066 1887 εἴη.
1146 1807 1242 1861 Διδ
1284 1809 1382 1864 καὶ
1430 1811 1685 1881 στέργειν
1743 1810 1893 1872 ὅπως
1950 1807 2082 1861 ποτὲ
2121 1807 2521 1882 ἠναγκάσμεθα
2585 1814 2655 1884 τῇ
2686 1813 2883 1887 πρώτῃ
2902 1815 2995 1867 καὶ
3036 1812 3114 1877 ὡς
3137 1814 3328 1883 ἔτυχεν
3354 1809 3554 1881 ἐχούσῃ
3585 1808 3735 1880 χειρὶ

462 1892 558 1948 τοῦ
585 1896 653 1949 τά
684 1899 935 1972 ἡμέτερα
974 1885 1471 1977 πηδάλιουχοῦντος
1501 1908 1662 1964 Θεοῦ.

533 1988 623 2045 Vl.
662 1989 1032 2065 Quadraginta
1073 1998 1273 2055 diebus
1299 2002 1802 2074 postAgathangeli
1832 2002 2043 2058 disces-

2218 1999 2312 2065 ς’.
2345 2000 2950 2073 Τεσσαρακονθημέρου
2992 2000 3041 2055 δ’
3067 2000 3172 2071 ἤδη
3230 1998 3329 2053 τὸν
3363 1995 3572 2068 μεταξῦ
3626 1998 3732 2068 τῆς

462 2096 583 2137 sum
612 2087 1008 2157 praeter-lapsis,
1045 2105 1169 2146 sera
1211 2103 1374 2149 nocte
1398 2110 1498 2165 per
1524 2098 1747 2149 domum
1777 2094 2047 2165 posticam

462 2172 759 2242 strepitum
795 2177 1090 2245 quemdam
1139 2182 1411 2252 percipio.
1454 2182 1521 2237 Et
1573 2183 1800 2253 quidem
1848 2182 2049 2238 accidit

462 2271 528 2317 ut
552 2279 661 2318 nox
693 2265 855 2323 initio
877 2269 1115 2324 obscura
1142 2280 1313 2327 esset.
1336 2272 1470 2328 Nam
1500 2283 1624 2344 post
1652 2273 2045 2344 plenilunium,

463 2369 591 2408 cum
630 2355 758 2410 luna
796 2357 865 2411 ad
900 2359 1056 2415 orbis
1092 2360 1475 2417 lustrationem
1522 2380 1553 2418 e
1605 2372 1797 2419 centro
1843 2364 2044 2418 iterum

461 2446 703 2513 excedit,
724 2449 902 2519 prima
934 2460 1092 2508 nocte
1124 2453 1304 2509 lucem
1334 2454 1387 2508 in
1420 2463 1617 2510 terram
1646 2469 1755 2509 non
1783 2453 2046 2509 demittit.

461 2536 580 2593 Jam
615 2555 717 2610 ego
745 2542 1015 2600 accedens
1067 2540 1255 2601 n'otam
1308 2546 1455 2601 illam
1506 2534 1726 2617 portam.
1770 2548 1957 2617 aperio
1990 2554 2048 2601 et

463 2643 592 2684 cum
626 2631 850 2688 silentio
884 2635 1317 2707 Agatltangelum
1340 2637 1567 2708 recipio,
1587 2639 1679 2709 qui
1707 2653 2050 2709 quaecunque

460 2720 722 2776 mandata
760 2737 920 2780 erant
952 2726 1092 2782 bene
1115 2736 1174 2782 et
1207 2742 1273 2782 ex
1306 2737 1495 2799 Optato
1526 2730 1857 2799 perfecerat,
1882 2744 2052 2798 expo-

465 2825 673 2881 suerat,
691 2827 1099 2887 apportaverat.
1116 2819 1384 2890 Equidem
1407 2820 1537 2877 dum
1563 2821 1712 2876 hunc
1735 2821 1923 2877 labore
1951 2821 2052 2876 de-

461 2903 667 2961 fessum
681 2908 903 2980 jamque
920 2910 1196 2966 interdum
1215 2922 1364 2968 metu
1390 2914 1772 2984 perturbatum
1788 2916 1853 2970 ad
1875 2915 2051 2985 respi-
2070 2926 2076 2931 ‘

461 2997 696 3054 randum
716 2998 893 3055 locum
911 3016 976 3057 ac
994 3003 1332 3072 tempussibi
1346 3019 1566 3060 sumere
1582 3006 1704 3061 volo
1719 3021 1841 3077 egu,
1853 3027 1870 3057 σ
1884 3006 2050 3061 Isme-

461 3087 571 3143 nia
595 3089 711 3157 isti,
725 3090 1458 3165 charissimaAgathangele,
1479 3095 1819 3167 resipiscenti
1834 3112 1974 3167 sepe
1991 3098 2051 3153 in

461 3186 705 3234 mentem
735 3181 892 3237 venit
926 3183 1111 3239 dicere
1140 3183 1330 3240 :Nune
1351 3186 1526 3242 musis
1544 3202 1609 3243 ac
1630 3188 1764 3243 mibi
1792 3189 1893 3259 ipsi
1919 3204 2045 3245 car-

462 3285 591 3327 men
615 3272 878 3342 cantabo;
915 3284 974 3331 et
988 3290 1116 3333 vere
1131 3284 1287 3348 grato
1311 3293 1378 3333 ex
1394 3278 1579 3335 animo
1610 3278 1866 3344 canebat,
1909 3287 2037 3349 post

462 3368 772 3424 discessum
806 3379 960 3425 tuum
994 3387 1119 3428 eum
1179 3373 1424 3429 animum
1455 3389 1794 3430 recreassem
1826 3390 1950 3447 quae
1985 3376 2041 3430 in

462 3458 707 3515 Ecclesia
725 3471 782 3515 et
802 3462 857 3517 in
881 3462 1226 3534 vitapubliea
1249 3466 1591 3533 acciderunt,
1616 3467 1832 3538 135m
1856 3468 2047 3524 decem

464 3550 625 3608 libris
641 3554 970 3624 conseri-psi,
993 3556 1185 3627 hisque
1223 3558 1426 3614 librum
1447 3574 1627 3614 memn
1650 3562 1920 3615 universae
1960 3576 2049 3615 re-

467 3661 589 3699 rum
611 3644 982 3702 Romanarum
1003 3648 1246 3705 historia:
1260 3650 1611 3721 ampliﬁcavi.
1629 3653 1821 3708 electis
1844 3653 1910 3707 iis
1926 3668 2049 3723 qua:

466 3745 773 3792 memoratu
792 3738 1108 3802 dignissima
1127 3756 1257 3797 sunt
1271 3752 1328 3798 et
1345 3758 1467 3814 quae
1491 3744 1653 3814 paulo
1669 3752 1962 3814 antequam
1991 3745 2045 3799 in

467 3834 776 3890 custodiam
807 3835 929 3890 veni
953 3851 1054 3906 pro
1069 3847 1254 3893 saneta
1274 3837 1522 3895 doctrina
1542 3849 1728 3895 nostra
1750 3854 2047 3911 perpessus

469 3941 615 3981 sum.
646 3927 788 3994 Quid
818 3939 1007 3985 autem
1036 3930 1186 3985 aliud
1223 3929 1359 3986 viris
1390 3932 1735 4002 sapientibus
1772 3934 1865 4004 qui
1899 3935 2046 4007 ejus-

468 4018 617 4074 modi
635 4020 688 4073 in
710 4020 1030 4077 conditione
1045 4032 1337 4079 versantur
1356 4024 1528 4095 magis
1545 4026 1858 4091 conveniat,
1880 4042 2044 4096 quam

466 4109 536 4163 ad
559 4110 936 4181 hujuscemodi
961 4128 1047 4168 res
1064 4115 1267 4171 mentis
1285 4115 1618 4185 applicatio?
1639 4115 1742 4182 Qui
1762 4118 1814 4172 in
1836 4118 1946 4172 vita
1966 4118 2047 4172 la-

468 4202 639 4258 bores
676 4202 917 4257 subeunt
945 4204 1014 4258 ad
1048 4206 1320 4261 incertum
1361 4208 1577 4262 lucrum
1603 4208 1936 4277 divitiasque
1961 4209 2046 4263 in-

467 4294 1090 4366 tentigquotiescuuque
1117 4296 1174 4352 in
1204 4301 1487 4369 angustias
1511 4299 1786 4361 incidunt.
1808 4300 2047 4356 libenter

470 4385 708 4442 tolerant
739 4401 839 4457 spe
890 4390 1159 4444 bonorum
1197 4389 1515 4445 sustentati.
1548 4389 1663 4446 Hoc
1694 4391 1858 4447 modo
1903 4392 2034 4449 olim

470 4476 724 4535 homines
742 4478 1004 4550 deceptos
1022 4480 1278 4536 audimus
1304 4481 1595 4538 cantilenis
1620 4481 1897 4551 Sirenum,
1925 4499 2047 4555 quae

468 4570 790 4631 dulcissima
828 4589 964 4631 voce
1007 4589 1173 4630 aures
1221 4574 1501 4645 implendo
1546 4583 1603 4632 et
1650 4576 2045 4647 permulcendo

2150 2089 2419 2161 ἐκδημίας
2465 2090 2875 2160 Ἀγαθαγγέλου
2903 2090 3308 2163 διαμετρούσης
3342 2091 3559 2163 χρόνον,
3589 2090 3719 2160 ﬂvit:

2148 2181 2248 2252 (ιψέ
2297 2172 2399 2252 τῆς
2424 2183 2751 2248 τελευταίας
2776 2183 2840 2256 [ί.
2863 2185 2978 2241 ’127
3009 2183 3061 2256 b]
3099 2185 3316 2256 ἡμέρας
3360 2184 3592 2252 γένοιτο,
3626 2183 3733 2253 ψό-

2151 2291 2255 2343 φου
2296 2276 2442 2340 τινδς
2471 2278 2612 2332 κατὰ
2659 2279 2751 2332 τὸν
2778 2277 3141 2348 ὀπισθόδομον
3188 2275 3476 2331 αἰσθέσθαι
3513 2292 3602 2345 μοι
3637 2277 3731 2344 γί-

2149 2384 2325 2431 νεται,
2383 2369 2484 2439 τῆς
2540 2386 2605 2440 γε
2666 2362 2974 2440 τηνικαῦτα
3036 2370 3234 2432 νυκτὸς
3293 2372 3357 2421 ἐκ
3421 2368 3728 2440 προοιμίων

2148 2459 2431 2529 ἁφεγγοῦς
2453 2462 2812 2534 ὑπαρχούσης
2837 2480 2853 2497 ·
2891 2461 3030 2534 μετά
3081 2464 3191 2534 γάρ
3223 2461 3562 2531 πανσέληνον
3588 2462 3730 2523 τέως

2148 2553 2208 2618 ἐς
2245 2552 2307 2607 τὸ
2354 2554 2636 2624 περίγειον
2684 2555 2780 2610 τοῦ
2808 2555 3010 2625 ἑαυτῆς
3038 2556 3072 2626 ἡ
3109 2554 3311 2625 σελήνη
3338 2552 3629 2622 ἐληλυθυῖα
3665 2553 3730 2605 ἐκ

2148 2647 2379 2718 κέντρου
2403 2649 2466 2700 τὸ
2494 2636 2773 2716 δεύτερον,
2811 2646 2909 2700 καὶ
2933 2646 3076 2700 κατὰ
3116 2645 3460 2715 τετράγωνον
3486 2641 3565 2712 τῷ
3592 2640 3732 2712 ἡλίῳ

2152 2740 2410 2811 γινομένη
2441 2740 2858 2811 σχηματισμὸν,
2892 2739 2956 2792 ού
2990 2737 3137 2808 μάλα
3167 2737 3535 2807 ἀκρονύκτους
3563 2736 3627 2803 τῇ
3653 2735 3726 2804 τῇ

2151 2832 2413 2903 παρέχειν
2436 2832 2691 2886 ἐϐούλετο
2736 2829 2835 2894 τάς
2868 2829 3069 2899 αὐγάς.
3100 2827 3209 2881 Καὶ
3233 2827 3351 2896 άμα
3383 2825 3584 2895 σπουδῇ
3619 2843 3729 2878 πα-

2151 2923 2286 2996 ριὼν
2332 2924 2466 2993 ἐγὼ,
2520 2923 2617 2977 καὶ
2672 2923 2773 2994 τὴν
2831 2921 3037 2991 συνήθη
3102 2918 3297 2974 πυλίδα
3352 2917 3730 2982 ἀναπετάσας,

2147 3017 2331 3088 ἠσυχῆ
2365 3016 2458 3070 τὸν
2501 3014 2905 3084 Ἀγαθάγγελον
2938 3011 3227 3083 ἐδεχόμην,
3263 3010 3301 3065 ἃ
3329 3011 3731 3079 ἐπιτέτραπται

2151 3110 2311 3165 πάντ’
2342 3112 2399 3173 ἐς
2427 3109 2546 3163 δέον
2574 3106 2671 3161 καὶ
2701 3108 2848 3161 κατὰ
2874 3106 2934 3159 τὸ
2963 3104 3231 3174 ἀνάλογον
3274 3103 3603 3175 πεπραχότα
3631 3102 3733 3155 καὶ

2148 3201 2408 3274 εἰρηκότα
2448 3201 2544 3255 καὶ
2587 3199 2948 3269 κεκομικότα.
2985 3198 3110 3251 Ἔτι
3152 3196 3337 3250 τοίνυν
3380 3195 3486 3249 ύπό
3528 3212 3592 3264 γε
3630 3193 3730 3249 τοῦ

2071 3345 2114 3404 c
2155 3295 2357 3366 μόχθου
2409 3291 2504 3346 καὶ
2549 3292 2659 3344 τῶν
2705 3288 3146 3352 ἐπιπολαζόντων
3195 3288 3500 3359 τηνικαῦτα
3547 3287 3735 3357 φόϐων

2214 3387 2239 3404 ,ι
2298 3403 2301 3404 ,
2353 3386 2413 3404 ρ,
2649 3383 2857 3404 ι---,..--.
2902 3380 2955 3404 ,ι
3015 3379 3115 3404 -3-
3157 3380 3336 3404 -Lmz-
3376 3378 3730 3404 suns-1-.-“--.

2150 3385 2589 3457 τεθορυϐημένον
2646 3383 2858 3437 ἐκεῖνον
2899 3380 2960 3435 τὸ
3014 3379 3115 3451 τῆς
3157 3380 3336 3451 ψυχῆς
3376 3378 3732 3449 λογιζόμενον

2150 3480 2509 3537 διαναπαύειν
2546 3479 2753 3533 ἐθέλων
2798 3477 2932 3546 ἐγὼ,
2978 3476 3074 3529 καὶ
3116 3475 3314 3548 καιρὸν
3350 3476 3431 3540 είς
3463 3473 3734 3545 άνάψυξιν

2151 3573 2417 3645 παρέ-χειν
2483 3571 2796 3637 ὁντιναοῦν,
2849 3589 2869 3624 ι
2922 3571 3169 3641 Ἰσμηνίᾳ
3238 3572 3372 3640 μέν,
3463 3586 3482 3621 ι
3555 3567 3730 3639 ἔφην,

2156 3685 2176 3719 ι
2215 3664 2428 3735 ἐκείνῳ,
2463 3664 2688 3734 φίλτατε
2730 3662 3131 3732 Ἀγαθάγγελε,
3166 3661 3288 3716 καθ’
3335 3661 3530 3715 ἑαυτὸν
3585 3677 3733 3730 γινο-

2155 3758 2304 3828 μένῳ
2371 3754 2634 3819 πολλάκις
2661 3755 2841 3824 λέγειν
2866 3753 3150 3824 ἐπῄει,“--
3171 3770 3190 3805 ι
3214 3750 3330 3806 Νῦν
3353 3752 3476 3814 ταῖς
3503 3750 3730 3821 μούσαις

2150 3850 2267 3922 ᾄσω
2296 3851 2392 3903 καὶ
2426 3846 2648 3920 ἐμαυτῷ
2674 3863 2689 3878 ’
2728 3865 2748 3900 ι
2787 3846 2883 3899 και
2914 3840 3040 3916 ἦνή
3074 3843 3185 3915 ᾠδὴ
3216 3842 3573 3916 χαριστήριός
3603 3860 3687 3906 τις
3710 3859 3727 3875 ο

2149 3942 2276 4014 ἐμοὶ
2300 3942 2358 3996 δέ
2379 3942 2503 3995 καθ’
2525 3940 2690 3996 αύτδν
2716 3938 2996 4009 γενομένῳ
3025 3937 3164 4007 μετὰ
3186 3936 3287 4006 τὴν
3315 3935 3413 4007 σὴν
3434 3935 3730 4005 ἐκδημίαν,

2151 4035 2327 4090 ὁπόσα
2375 4034 2487 4089 τῶν
2533 4034 2581 4088 τ’
2615 4030 3093 4101 ἐκκλησιαστικῶν
3133 4027 3271 4099 δμοῦ
3320 4028 3417 4083 καὶ
3451 4027 3730 4098 δημοσίων

2151 4129 2499 4200 πραγμάτων
2559 4125 2637 4196 τῷ
2690 4125 2871 4196 χρόνῳ
2930 4122 3169 4192 γένοιτο,
3233 4122 3359 4176 ὅσον
3418 4119 3580 4183 είκδς,
3633 4118 3733 4172 καὶ

2149 4224 2297 4292 ἡμᾶς
2321 4223 2378 4275 ἐν
2410 4221 2542 4274 δέκα
2568 4218 2748 4287 λόγοις
2792 4215 3117 4286 ἀναγράψαι
3146 4214 3340 4283 γέγονε
3378 4212 3474 4267 καὶ
3508 4214 3573 4282 τῇ
3603 4227 3735 4265 συν-

2149 4314 2270 4386 ήθει
2300 4312 2485 4367 δοῦναι
2530 4311 2631 4382 τῆς
2676 4309 2807 4381 ὅλης
2854 4308 3177 4377 Ῥωμαϊκῆς
3237 4306 3480 4374 ἱστορίας
3535 4304 3731 4373 βιϐλῳ,

2150 4406 2548 4477 ἐκλεξαμένους
2578 4403 2647 4456 τὰ
2687 4400 3029 4470 καιριώτερα
3074 4390 3151 4451 ὧν
3180 4414 3239 4451 τε
3275 4399 3412 4468 μετά
3443 4399 3547 4465 τὴν
3585 4394 3733 4466 ἐμὴν

2150 4494 2235 4559 δίς
2266 4494 2431 4557 αὗτδς
2479 4490 2899 4561 ἐπιδεδημηκὼς
2945 4489 3220 4558 αφηγῆσω
3271 4484 3575 4555 κάθειρξιν,
3621 4486 3722 4539 καὶ

2149 4582 2227 4644 ῶν
2254 4586 2429 4659 βραχύ
2459 4603 2513 4640 τι
2539 4585 2830 4656 τηοότερον,
2864 4581 2997 4652 πρὶν
3023 4582 3056 4651 ἦ
3085 4580 3496 4650 καθειρχθῆναι,
3527 4579 3730 4633 παθεῖν

465 4679 743 4737 quemque
774 4667 1036 4723 audiendi
1084 4666 1389 4738 cupiditate
1439 4668 1728 4723 incensum
1776 4677 2043 4740 caperent

2148 4682 2300 4752 ἡμᾶς
2343 4677 2484 4749 ὑπὲρ
2527 4676 2638 4731 τῶν
2676 4675 2839 4728 θείων
2889 4672 3195 4743 συνηνέχθη
3230 4672 3519 4741 δογμάτων
3544 4688 3558 4701 ·
3593 4672 3729 4724 ποία

465 4764 523 4812 et
550 4756 758 4812 ultimae
788 4758 1055 4827 perniciei
1088 4760 1392 4821 traderent,
1430 4758 1503 4813 ita
1536 4767 1595 4813 ut
1631 4756 1856 4812 brevem
1888 4758 2041 4813 dele-

467 4848 766 4904 ctationem
814 4847 935 4902 dira
953 4851 1135 4917 gpmna
1171 4850 1467 4918 etciperet.
1502 4849 1701 4906 Contra
1734 4851 2041 4906 litterarum

466 4941 649 4996 studia
676 4940 889 4995 fructus
917 4955 1103 4995 secum
1133 4940 1317 4995 ferunt
1339 4944 1577 5011 optimos
1600 4941 1693 5011 qui
1720 4955 1830 4996 non
1864 4941 2041 4996 solum

464 5031 624 5086 vivos
639 5040 931 5097 exornant,
959 5030 1053 5087 sed
1081 5031 1245 5086 etiam
1276 5040 1528 5086 mortuos
1556 5031 1679 5087 illos
1703 5032 1903 5103 quibus
1927 5032 2043 5088 otio

464 5139 570 5181 suo
618 5124 829 5195 optimo
875 5126 956 5180 uti
999 5124 1239 5180 licuerit.
1278 5124 1415 5180 Nam
1464 5140 1570 5179 una
1613 5125 1918 5197 eademque
1957 5134 2045 5182 est

462 5213 778 5270 litterarum
813 5225 869 5271 et
905 5214 1106 5271 mentis
1161 5214 1321 5287 136
1367 5225 1571 5270 nostra:
1618 5224 1839 5280 natura,
1870 5216 2038 5272 etiam

462 5306 657 5362 eadem
690 5306 1092 5372 immortalitas,
1137 5322 1261 5377 quae
1293 5317 1587 5377 utrumque
1623 5308 1674 5362 in
1708 5323 1878 5363 unum
1910 5324 2042 5364 con-

461 5397 718 5470 junctum
756 5408 927 5465 tenet,
948 5399 1250 5455 dummodo
1276 5414 1348 5455 ne
1378 5399 1703 5454 alterutrum
1729 5401 2041 5457 concordia:

463 5489 814 5547 conditiones
848 5490 1032 5557 laedat,
1062 5501 1157 5547 aut
1197 5491 1452 5546 amicitiae
1492 5506 1821 5561 generosum
1855 5492 2038 5546 lauto-

463 5597 585 5639 rem
619 5591 676 5638 et
718 5583 986 5654 aurigam,
1022 5594 1082 5639 ut
1106 5586 1176 5639 ita
1222 5583 1425 5652 dicam,
1460 5583 1720 5654 depellat,
1755 5592 1814 5639 ut
1859 5583 2044 5656 Lydus

465 5674 559 5730 ille
608 5673 757 5730 ferox
806 5675 1005 5746 Pelops
1050 5675 1374 5733 bellicosum
1427 5675 1702 5747 Myrtilum
1749 5676 1816 5732 de
1874 5691 2040 5732 curru

465 5768 746 5838 depulisse
800 5779 965 5841 atque
999 5770 1350 5841 impudenter
1381 5769 1733 5825 moderamen
1763 5784 1981 5839 aequum
2013 5786 2041 5824 a

2150 4773 2261 4842 γὰρ
2288 4770 2353 4826 ἂν
2373 4770 2506 4839 άλλη
2534 4787 2618 4832 τις
2641 4770 2727 4838 εἴη
2764 4764 3121 4836 σχολάζουσιν
3149 4764 3496 4834 άρμδττουσα
3527 4763 3731 4829 μᾶλλον

2151 4861 2324 4931 αὐτῆς
2363 4844 2590 4930 ἀσχολία
2643 4859 2866 4927 σοφοῖς;
2901 4856 3061 4925 Λέγω
3103 4854 3158 4907 δέ
3202 4852 3301 4919 τὴν
3347 4855 3403 4916 ἐς
3448 4852 3730 4914 τοιούτους

2148 4947 2341 5016 λόγους
2388 4946 2603 5016 κίνησιν
2645 4944 2740 4998 τοῦ
2790 4944 2907 4999 νοῦ.
2946 4944 3073 5007 Τοῖς
3125 4942 3227 5012 μὲν
3275 4943 3387 5014 γάρ
3422 4943 3566 4996 κατὰ
3614 4943 3731 5012 βίον

2154 5036 2449 5111 μοχθοῦσιν
2500 5035 2990 5107 ἀμφισϐητησίμου
3048 5034 3276 5104 κέρδους
3322 5033 3417 5085 καὶ
3463 5032 3731 5100 συλλογῆς

2150 5133 2456 5204 Χρημάτων
2508 5128 2790 5198 φροντίδες
2839 5124 3250 5197 ἀπασχολοῦσαι
3297 5125 3360 5179 τὸ
3397 5124 3583 5193 νοερὸν
3628 5124 3731 5193 τῆς

2149 5220 2331 5291 ψυχῆς
2373 5216 2726 5272 ὑποσαίνουσί
2774 5232 2834 5269 τε
2889 5218 2986 5270 καὶ
3018 5217 3224 5285 κοῦφον
3258 5215 3320 5268 τὸ
3362 5215 3472 5268 τῶν
3502 5213 3591 5267 ἀεὶ
3624 5231 3733 5268 πα-

2153 5314 2354 5384 ρόντων
2384 5310 2694 5382 ἀλγηδόνων
2718 5310 2973 5363 ἐπίπονον
3012 5309 3100 5363 διὰ
3124 5310 3233 5364 τῶν
3262 5310 3319 5361 ἐν
3347 5309 3555 5372 τούτοις
3581 5309 3735 5372 ὅπως

2154 5405 2287 5458 ποτέ
2317 5403 2517 5473 δρῶσιν
2560 5403 2956 5471 αἰωρουμένων
2987 5402 3239 5465 ἐλπίδων,
3269 5402 3527 5471 καθάπερ
3551 5400 3730 5468 δήπου

2157 5496 2251 5550 καὶ
2282 5495 2381 5557 τάς
2414 5493 2523 5547 τῶν
2568 5494 2867 5562 Σειρήνων,
2901 5495 3105 5556 αἵτινές
3152 5493 3274 5545 ποτ’
3322 5493 3410 5563 ἄρ’
3447 5490 3558 5546 εἶεν
3582 5494 3730 5546 ἐκεῖ-

2153 5606 2262 5653 ναι,
2307 5587 2630 5658 προτάττειν
2675 5586 2818 5658 ᾠδὰς
2858 5587 3130 5657 ἀκούομεν
3167 5586 3359 5653 πάλαι,
3395 5586 3454 5640 αἶ
3504 5589 3572 5657 τῇ
3625 5586 3732 5656 τῆς

2147 5679 2428 5752 ἐμμελοῦς
2467 5680 2663 5752 ἡδονῆς
2695 5681 2985 5754 ἐμϐριθείᾳ
3029 5681 3129 5744 τὰς
3161 5679 3331 5742 ἀκοάς
3362 5679 3731 5751 γοητεύουσαί

2147 5791 2208 5828 τε
2236 5774 2330 5828 καὶ
2361 5772 2671 5841 θέλγουσαι,
2700 5772 2923 5844 δέσμιον
2959 5772 3071 5826 οἷον
3107 5774 3307 5841 εἰπεῖν,
3336 5775 3487 5836 ὅστις
3516 5769 3636 5824 ποτ’
3659 5764 3730 5837 ἦν

466 5872 526 5914 se
564 5858 819 5931 reiecisse
868 5861 1092 5921 dicitur.
1149 5862 1338 5935 Itaque
1390 5878 1492 5934 ego
1553 5870 1675 5935 post
1735 5859 2039 5919 discessum

2148 5869 2172 5921 δ
2217 5865 2309 5921 τοῦ
2359 5865 2558 5937 μέλους
2607 5867 2815 5923 ἐκείνου
2864 5866 3251 5936 κατατρυφῶν,
3294 5865 3428 5937 πρὸς
3469 5863 3567 5929 τὶς
3625 5859 3731 5916 τοῦ
