4036 6210
302 306 400 370 121

1255 301 1702 364 ΒῩΖΑΝΤΙΝιΕ
1743 301 2130 364 HISTORIA!
2167 304 2314 366 LIB.
2354 305 2596 369 XXVII.

3453 308 3558 374 192

297 425 398 478 καὶ
447 421 628 488 φόϐοι,
677 423 776 475 καὶ
832 422 955 476 ὅσαι
1002 420 1112 476 τῶν
1145 421 1462 492 ἐπιθυμιῶν
1505 421 1801 484 διαθέσεις,
1851 420 1884 489 ἢ

1989 421 2228 493 animam
2271 438 2489 495 unaque
2530 437 2773 494 corpus;
2825 422 3148 494 neutiquam
3192 440 3325 482 vero
3371 442 3574 499 corpus

295 513 477 586 ψυχήν
503 512 864 583 ὑποκείμενον
886 511 1056 584 μόνην
1075 511 1259 578 ἕξουσι
1291 511 1415 566 καθ’
1443 512 1616 582 αὐτὴν
1639 511 1671 582 ἦ
1695 511 1874 582 ψυχὴν

295 607 590 679 χριομένην
621 605 862 676 σώματι,
899 607 1059 676 σῶμα
1104 605 1148 660 δ’
1180 606 1308 660 ἄνευ
1353 606 1533 677 ψυχῆς
1567 605 1688 658 καθ’
1717 605 1873 672 αὐτὸ,

295 699 462 751 τοῦτο
513 696 559 749 δ’
611 694 798 750 οὔποτ’
829 697 896 751 ἂν
945 696 1196 768 οὺδαμῆ”
1234 698 1500 767 πρότερον
1529 697 1639 767 γὰρ
1685 696 1751 750 ἀν
1793 714 1878 761 τις

295 788 619 857 ἐγκαλέσειε
668 787 848 852 ξύλοις
878 787 1112 858 ἀψύχοις
1163 790 1259 842 καὶ
1290 787 1459 852 λίθοις
1508 791 1681 860 χαρᾶς
1723 789 1878 859 ἐντή-

299 879 496 933 κεσθαι
546 879 644 932 καὶ
692 877 872 949 λύπης
911 879 1170 950 αἴσθησιν
1219 881 1316 934 καὶ
1367 880 1475 933 τῶν
1528 881 1874 953 τοιούτων,ἢ

296 970 549 1040 σώμασιν
575 970 943 1041 ἀνθρωπίνοις
976 972 1342 1041 ἀπαλλαγεῖσι
1380 973 1583 1042 ψυχῆς.
1627 973 1876 1028 Γίνεσθαι

294 1058 341 1111 δ’
381 1057 475 1113 οῦν
507 1059 660 1130 ὅμως
713 1061 852 1131 πρὸς
880 1060 1016 1114 Θεοῦ
1064 1063 1176 1126 τοῖς
1223 1060 1323 1131 μὲν
1373 1061 1576 1130 δρῶσιν
1609 1061 1878 1130 ἀκούομεν

294 1147 522 1219 ἔλεγχον
556 1149 628 1203 τὰ
661 1150 836 1204 τοιαδὶ
880 1151 1078 1213 κακίας
1109 1153 1204 1206 καὶ
1248 1151 1366 1221 ἃμα
1401 1151 1599 1221 φλογὸς
1638 1154 1754 1205 ἐκεῖ
1783 1171 1876 1206 κο-

293 1240 572 1311 λαζούσης
612 1242 954 1311 ἐτοιμασίαν,
1013 1237 1094 1306 οἷς
1129 1243 1176 1297 δ’
1219 1244 1516 1313 ὑπομένειν
1548 1245 1696 1307 ὅπως
1749 1244 1878 1298 ποτὲ

294 1334 584 1404 προθυμία
608 1373 625 1399 ,
665 1334 878 1398 τούτοις
911 1335 958 1388 δ’
994 1337 1321 1407 ἀπαλλαγὴν
1367 1336 1736 1407 ἐγκλημάτων
1774 1337 1879 1406 ψυ-

294 1427 423 1495 κῆς·
463 1427 603 1496 μηδὲ
647 1427 756 1497 γὰρ
797 1427 924 1480 ἄλλο
950 1447 1004 1482 τι
1036 1428 1322 1500 βούλεσθαι
1351 1429 1450 1498 τὴν
1485 1428 1720 1500 θηριώδη
1747 1447 1878 1482 ταυ-

291 1515 424 1586 τηνὶ
454 1516 579 1569 καθ’
616 1518 775 1588 ἡμῶν
823 1519 1064 1589 κατοχὴν
1108 1521 1223 1583 τοῖς
1267 1522 1419 1591 ἐμοῖς
1465 1521 1683 1590 δημίοις
1717 1523 1750 1592 ἢ
1787 1519 1878 1574 τοῦ

292 1606 568 1676 παρόντος
610 1607 870 1677 ἐπίτομον
919 1607 1035 1677 βίου
1086 1609 1432 1680 ἀπαλλαγήν.
1489 1613 1554 1664 Ὃ
1605 1611 1712 1681 γὰρ
1750 1613 1881 1664 ἰου-

292 1699 468 1762 δαίοις
523 1699 757 1764 ἐκείνοις
792 1701 1116 1771 ἐπέπρακτο
1166 1700 1358 1760 πάλαι.
1411 1699 1595 1770 ἔργοις
1643 1703 1744 1771 μὲν
1785 1702 1897 1755 καὶ

294 1790 506 1855 πάσαις
563 1792 788 1864 γνώμης
829 1793 1032 1864 όρμαῖς
1082 1792 1172 1848 τὸν
1219 1795 1458 1864 Χριστοῦ
1507 1795 1878 1850 συσκευάσασι

295 1882 553 1948 θᾶνατον,
586 1884 728 1954 λόγῳ
753 1883 798 1937 δ’
828 1885 1255 1956 εὐλαϐουμένοις
1289 1886 1449 1956 δῆθεν
1484 1886 1630 1958 ψιλῷ
1676 1890 1879 1958 χωρεῖν

294 1977 379 2039 εἰς
422 1975 757 2046 πραιτώριον
785 1977 1119 2049 ὀψιαίτερον,
1159 1979 1306 2034 τοῦτ’
1348 1978 1612 2054 ἄντικρυς
1663 1978 1761 2032 ἴδοι
1793 1996 1880 2042 τις

295 2068 364 2120 ἂν
388 2069 523 2120 κάπ’
554 2069 689 2136 ἐμοῦ
749 2071 1192 2135 συσκευάζοντας
1233 2071 1490 2126 τουτουσὶ
1535 2071 1662 2134 τοὺς
1711 2071 1879 2140 ἐμοὺς

308 2161 645 2226 Ἰουδαίους·
693 2163 931 2227 δεδιότες
977 2165 1084 2235 γὰρ
1142 2164 1274 2228 ἴσως
1325 2165 1454 2226 τοὺς
1504 2165 1881 2235 ἀνθρωπίνους

293 2254 578 2323 ἐλέγχους,
630 2253 850 2326 σίδηρον
887 2256 988 2326 μὲν
1033 2257 1134 2310 οὐκ
1181 2257 1408 2325 ἐπάγειν
1445 2257 1619 2326 ταχὺν
1662 2257 1876 2327 οὐδαμῆ

293 2349 442 2400 κατά
469 2365 534 2413 γε
563 2347 657 2400 τοῦ
690 2349 828 2418 ἐμοῦ
883 2349 1265 2420 συγχωροῦσιν
1319 2349 1580 2417 ἐμφανῶς
1629 2349 1878 2418 αὐχένος,

299 2441 375 2510 μὴ
409 2440 652 2495 λάθωσιν
675 2441 1020 2512 ἀνδροφόνων
1044 2443 1102 2505 ἐς
1129 2441 1404 2512 προῦπτον
1427 2442 1678 2510 ὀφλόντες
1701 2441 1879 2512 δίκην,

297 2532 481 2601 βίαιον
535 2533 581 2586 δ’
620 2531 796 2597 ἄλλως
847 2550 941 2602 μοι
997 2535 1210 2587 τουτονὶ
1240 2534 1328 2588 διὰ
1367 2535 1568 2597 παντὸς
1617 2536 1883 2588 συσκευάέ-

297 2629 458 2692 ζουσι
492 2629 689 2699 χρόνου
723 2629 818 2682 τὸν
856 2630 1109 2694 θάνατον,
1154 2631 1235 2694 είς
1283 2631 1695 2700 ἀπροφάσιστον
1719 2631 1882 2702 δῆθεν

299 2721 486 2774 αὐτῶν
537 2721 736 2776 κακίαν
785 2720 1174 2786 δ.ατυποῦντες
1225 2723 1389 2776 αὑτὸν
1418 2723 1638 2778 οὑτωσί’
1684 2723 1745 2776 τὸ
1774 2725 1880 2793 γάρ

300 2830 390 2865 τοι
428 2813 604 2880 μεῖζον
631 2813 1095 2884 δημιουργοῦντες
1140 2814 1435 2868 τοῦλαττον
1471 2815 1879 2883 είρωνεύονται.

302 2905 379 2959 Σὺ
413 2905 459 2958 δ’
485 2906 620 2958 ἀλλὰ
654 2905 752 2959 καὶ
789 2906 1113 2960 τελευταίαν
1148 2905 1379 2976 ταυτηνὶ
1413 2906 1489 2976 μὴ
1537 2910 1882 2977 κατοκνήσῐιῖ

302 2997 621 3049 καταθεῖναι
653 3015 743 3064 μοι
769 2998 954 3068 χάριν·
994 2997 1178 3052 λαϐὼν
1224 2999 1332 3068 γὰρ
1372 2998 1434 3051 τὸ
1482 2997 1656 3067 ἄγγος
1702 3001 1878 3067 τουτὶ,

1980 515 2338 582 exanimum;
2372 517 2484 571 imo
2514 516 2714 571 durum
2769 515 2978 587 lignum
3039 517 3223 587 potius
3263 533 3570 591 saxumque

1980 608 2264 678 voluptate
2294 606 2433 664 alIici
2456 617 2512 663 et
2537 608 2758 663 dolores
2789 624 3021 678 qumque
3047 609 3249 665 similia
3281 619 3414 666 sunt
3441 628 3569 668 sen-

1982 697 2087 753 tire
2135 697 2345 754 dixeris
2402 713 2570 767 quam
2634 701 2948 754 exanimata
3002 714 3235 770 corpora
3302 700 3567 760 humana.

1980 789 2185 846 Tamen
2221 791 2364 860 apud
2399 792 2566 846 Deum
2601 793 2715 848 hate
2740 800 3092 861 peccatorum
3148 793 3307 850 nobis
3364 810 3568 866 oppro-

1980 879 2103 935 brio
2136 896 2262 936 esse
2305 885 2532 936 scimus.
2566 883 2754 952 Neque
2807 883 2940 953 quid
2979 884 3130 938 aliud
3164 884 3271 940 hac
3307 887 3570 942 custodia

1981 973 2318 1029 immanitate
2352 985 2731 1044 persecutores
2763 977 2868 1032 mei
2893 977 3186 1032 intendunt
3215 993 3378 1047 quam
3410 980 3564 1051 141

1981 1075 2040 1120 ut
2064 1081 2209 1120 mors
2232 1068 2360 1121 mihi
2384 1062 2708 1124 maturetur.
2735 1067 3212 1134 Quemadmodum
3239 1069 3410 1125 Judaei
3437 1071 3566 1126 olim

1981 1173 2040 1212 re
2072 1168 2126 1212 et
2157 1160 2401 1214 consiliis
2433 1169 2491 1216 ut
2536 1159 2696 1216 Jesus
2725 1161 2976 1217 Christus
3029 1174 3204 1216 morte
3231 1164 3562 1218 condemna.

1980 1260 2135 1306 retur
2164 1252 2490 1310 cﬁecerunt.
2536 1252 2632 1306 sed
2699 1253 3019 1321 praetorium
3079 1253 3233 1308 adire
3295 1269 3366 1308 ne
3419 1254 3568 1310 nuda

1980 1341 2116 1409 legis
2147 1343 2310 1396 verba
2337 1343 2680 1397 offenderent
2713 1345 3036 1408 noluerunt,
3088 1345 3160 1398 ila
3195 1347 3296 1400 hos
3345 1362 3568 1415 quoque

1979 1433 2070 1498 qui
2099 1432 2231 1486 mihi
2257 1442 2486 1488 mortem
2518 1435 2906 1487 machinantur
2931 1434 3151 1489 Judzeos
3177 1451 3340 1501 agere
3365 1436 3567 1504 cuique

1979 1531 2230 1590 apertum
2285 1531 2389 1577 est.
2449 1523 2584 1577 Nam
2655 1524 2888 1577 aliorum
2948 1526 3246 1592 Opprohria
3301 1541 3369 1580 ne
3426 1526 3564 1580 inci-

1980 1612 2114 1666 dant
2143 1613 2456 1670 cervicibus
2490 1615 2625 1669 meis
2653 1617 2825 1682 palam
2855 1618 3041 1669 statim
3097 1617 3338 1686 gladium
3372 1620 3569 1672 admo-

1981 1719 2112 1759 vere
2145 1707 2361 1766 nolunt,
2417 1706 2648 1762 fortasse
2703 1708 2860 1760 veriti
2914 1723 2982 1760 ne
3047 1708 3352 1762 manifesue
3403 1709 3571 1764 caadis

1981 1797 2059 1850 rei
2091 1799 2244 1852 liaut.
2274 1798 2478 1852 Tamen
2503 1799 2615 1867 jam
2680 1799 2851 1852 multo
2885 1814 2949 1852 cx
3009 1807 3257 1868 tempore
3311 1815 3408 1868 per
3455 1799 3568 1853 vim

1980 1888 2114 1942 mihi
2162 1904 2359 1944 manus
2409 1889 2611 1944 illaturi
2643 1898 2792 1943 sunt.
2826 1890 2906 1943 Tu
2962 1905 3092 1942 vero
3147 1890 3251 1944 hoc
3307 1899 3569 1958 praetcrea

1980 1979 2114 2034 mihi
2167 1991 2378 2050 gratum
2430 1981 2608 2035 facere
2660 1996 2728 2035 ne
2773 1995 2948 2035 cessa.
2986 1980 3464 2046 Sume_urceum,
3510 1991 3570 2035 et

1979 2087 2045 2128 ex
2076 2080 2239 2143 puteo
2267 2072 2402 2126 mihi
2427 2088 2624 2142 aquam
2654 2071 2907 2143 frigidam
2939 2071 3166 2127 haurire
3183 2072 3351 2138 aude,
3384 2072 3570 2142 quoad

1981 2163 2240 2219 custodes
2268 2165 2372 2218 mei
2398 2165 2546 2234 gravi
2585 2173 2640 2219 et
2684 2163 2794 2218 alto
2833 2179 3027 2220 somno
3081 2165 3249 2234 sepiti
3297 2165 3428 2220 sint.
3458 2165 3571 2220 Hac

1980 2257 2132 2313 enim
2165 2258 2281 2326 ipsa
2307 2257 2439 2311 hora
2477 2257 2530 2311 id
2583 2257 2768 2313 facere
2812 2272 3137 2313 consueram
3182 2257 3367 2327 quinis
3413 2257 3574 2312 denis

1982 2353 2066 2407 vel
2092 2354 2345 2422 pluribus
2379 2353 2578 2409 diebus
2625 2353 3015 2422 prmterlapsis.
3055 2352 3161 2407 Sed
3217 2352 3391 2406 multo
3441 2361 3573 2406 ante

1980 2447 2171 2517 viginti
2203 2447 2322 2502 dies
2385 2463 2510 2501 cum
2568 2447 2710 2500 hanc
2764 2461 2926 2516 quam
2967 2446 3235 2514 reliquam
3294 2444 3447 2500 vides
3470 2457 3574 2513 po-

1985 2539 2188 2592 tionem
2222 2538 2551 2603 hausissem,
2587 2549 2751 2593 nocte
2784 2555 2926 2595 caeca
2975 2539 3042 2594 ad
3077 2537 3316 2606 lapidem
3373 2552 3466 2606 pes
3494 2536 3577 2589 ol-

1982 2631 2170 2686 fensus
2204 2639 2310 2695 est,
2345 2647 2414 2687 ex
2446 2649 2553 2702 quo
2583 2648 2753 2701 usque
2777 2633 2957 2688 adhuc
2995 2648 3102 2685 non
3151 2629 3352 2686 leviter
3396 2643 3574 2697 regre—

1982 2724 2112 2787 tavi,
2134 2725 2205 2778 ita
2238 2732 2297 2778 ut
2330 2741 2450 2794 quae
2479 2725 2739 2779 consuevi
2771 2725 2952 2779 facere
2972 2724 3574 2794 Iampliusnequierim.

1983 2815 2174 2884 Itaque
2213 2830 2353 2886 aqua
2387 2817 2501 2870 hmc
2553 2817 2856 2886 putrefacta
2883 2826 2967 2871 est
2993 2827 3050 2870 et
3102 2818 3242 2870 male
3271 2816 3402 2870 olet.
3440 2817 3574 2872 Nam

1983 2925 2125 2980 aqua
2148 2919 2405 2980 stagnans
2439 2920 2492 2964 et
2515 2911 2618 2964 alia
2675 2925 3022 2980 quaecunque
3053 2925 3082 2963 a
3142 2909 3300 2980 142
3353 2911 3462 2964 lateo
3506 2911 3577 2966 ad

1989 3000 2290 3055 motionem
2321 2999 2592 3055 destinata
2613 3009 2744 3054 sunt
2773 2999 2931 3054 facile
2965 3008 3310 3069 putrescunt,
3343 2982 3576 3069 praeser-

303 3089 498 3159 νεαρὸν
533 3091 597 3143 ἐκ
623 3089 719 3143 τοῦ
749 3090 986 3160 φρέατος
1013 3091 1159 3162 ὕδωρ
1211 3091 1437 3161 κομίσαι
1465 3109 1556 3161 μοι
1600 3091 1882 3164 προθυμή-

1988 3095 2084 3148 tim
2111 3109 2256 3148 nunc
2289 3108 2413 3148 cum
2453 3102 2619 3147 aestus
2667 3090 3080 3147 fervidissimus
3104 3100 3215 3146 est.
3277 3091 3366 3146 Sol
3423 3093 3573 3163 enim

306 3181 455 3251 θητι,
484 3183 591 3246 ἕως
621 3184 702 3237 ἔτι
731 3186 962 3255 νεαροὺς
1005 3187 1100 3238 καὶ
1136 3185 1488 3255 ἀκμάζοντας
1514 3188 1546 3256 ἡ
1593 3185 1690 3253 νὺξ
1720 3184 1881 3256 ληνο-

1986 3188 2330 3243 sidereorum
2363 3182 2852 3256 ignium'princeps
2875 3184 2966 3240 ille
2993 3193 3052 3238 et
3078 3193 3270 3238 auctor
3295 3199 3420 3238 cum
3451 3191 3580 3254 post

304 3276 549 3330 ϐατοῦσα
579 3279 798 3348 κίρνησι
843 3279 968 3341 τοὺς
1016 3276 1223 3342 ὕπνους
1260 3279 1374 3340 τοῖς
1415 3278 1571 3347 ἐμοῖς
1601 3279 1879 3348 δεσμοφύ-

302 3367 448 3434 λαξιο
486 3370 614 3440 τῇδε
645 3371 754 3441 γὰρ
787 3369 959 3440 κάμοὶ
985 3372 1051 3441 τῇ
1081 3369 1202 3441 ὥρᾳ
1233 3372 1408 3423 ποιεῖν
1437 3369 1629 3430 εἰωθὸς
1671 3371 1745 3433 ὡς
1791 3371 1894 3424 ἐπὶ,

302 3460 366 3511 τὸ
391 3459 650 3513 πλεῖστον
682 3461 824 3531 μετὰ
853 3461 1250 3516 πεντεκαίδεκα
1287 3461 1382 3514 καὶ
1427 3460 1650 3524 πλείους
1683 3463 1884 3530 μεταξὺ

301 3555 403 3618 τὰς
428 3557 667 3627 ἡμέρας.
705 3554 774 3609 Ὀ
805 3555 860 3608 δὲ
892 3555 986 3609 νῦν
1024 3555 1179 3625 δρᾷς,
1210 3554 1382 3608 εἴκοσι
1427 3553 1694 3624 πρότερον
1739 3554 1882 3624 ὴμέ-

303 3665 409 3716 ρας
439 3633 683 3717 κομίζων
714 3647 928 3713 νυκτὸς,
977 3646 1170 3700 ἔλαθον
1195 3645 1284 3698 διὰ
1321 3645 1547 3708 σκότους
1579 3644 1713 3716 λίθῳ
1753 3647 1863 3700 τινὶ

1987 3279 2208 3334 Orionis
2237 3292 2493 3334 occasum
2527 3279 2690 3332 orbes
2721 3278 2775 3331 in
2806 3277 2947 3331 caelo
2989 3269 3368 3339 evolvit,"dies
3417 3277 3579 3331 nobis

1991 3372 2158 3426 nimis
2218 3373 2404 3426 aridos
2460 3369 2626 3426 efﬁcit
2671 3378 2728 3424 et
2773 3369 3037 3434 fervidos,
3082 3377 3138 3424 et
3170 3384 3293 3439 qtae
3333 3370 3388 3423 in
3431 3378 3579 3423 terra

1993 3475 2125 3521 sunt
2157 3465 2602 3533 arefacit.Quare
2621 3466 2790 3522 etiam
2827 3463 2924 3518 Dei
2967 3463 3316 3533 providentia
3353 3462 3570 3518 vicissi-

1997 3557 2244 3611 tudinem
2280 3568 2671 3628 tempestatum
2694 3557 2940 3612 instituit
2973 3567 3030 3611 et
3063 3557 3200 3611 alias
3231 3555 3578 3610 humidiores

1971 3663 2034 3703 ac
2055 3649 2364 3720 frigidiores
2384 3650 2589 3713 cll'ecit,
2605 3665 2726 3720 qua:
2744 3649 2947 3703 nimios
2967 3648 3098 3722 solis
3118 3648 3271 3717 ignes
3291 3648 3566 3703 minuant.
3613 3673 3628 3680 -

303 3741 402 3790 τὸν
431 3739 571 3792 πόδα
604 3740 858 3810 πληγεὶς,
909 3739 1006 3791 καὶ
1066 3736 1359 3807 ἀλγηδόσιν
1401 3737 1614 3790 ἐκεῖθεν
1662 3739 1719 3801 ἐς
1767 3737 1882 3791 τόδε
1923 3740 2270 3810 χρησάμενος
2338 3741 2397 3792 οὺ
2442 3739 2723 3809 βραχέσιν⁹
2765 3738 2840 3802 ὡς
2913 3737 2988 3808 μὴ
3019 3739 3316 3808 δυνηθῆναι
3373 3739 3598 3808 πρᾶξαι)

304 3834 402 3888 τοῦ
435 3832 627 3887 λοιποῦ
690 3833 759 3886 τά
790 3832 1099 3902 εἰθισμένα.
1158 3830 1250 3884 Διὸ
1305 3830 1398 3883 καὶ
1448 3832 1658 3901 σέσηπέ
1712 3849 1791 3897 τε,
1846 3832 1920 3894 ὼς
1958 3833 2114 3904 δρᾷς,
2153 3835 2246 3886 καὶ
2308 3833 2504 3887 δδωδεν
2532 3849 2545 3863 ·
2601 3832 2772 3896 ἑστὼς
2815 3834 2922 3899 γὰρ
2973 3833 3068 3885 καὶ
3113 3832 3290 3892 ἄλλως
3329 3834 3480 3883 νοσεῖ
3517 3831 3580 3881 τὸ

306 3926 480 3996 ὕδωρ,
517 3926 770 3994 καθάπερ
807 3925 871 3990 δὴ
916 3924 1011 3978 καὶ
1041 3921 1400 3982 τάλλαπάνθ⁹
1427 3923 1602 3975 ὁπόσα
1629 3938 1692 3990 γε
1714 3924 1812 3994 τὴν
1848 3924 2063 3992 γένεσιν
2101 3927 2153 3987 ἐς
2195 3925 2258 3976 τὸ
2310 3925 2578 3976 κυεῖσθαι
2612 3924 2750 3992 πρὸς
2811 3922 2906 3973 τοῦ
2956 3923 3318 3989 πεποιηκότος
3365 3920 3580 3987 εἰλήφει

307 4016 470 4082 Θεοῦ,
502 4016 739 4085 μάλιστα
775 4016 832 4068 δὲ
869 4014 966 4069 νῦν
992 4015 1154 4068 ὁπότε
1186 4014 1279 4067 τοῦ
1306 4011 1587 4082 καύματος
1627 4015 1712 4081 εἴη
1751 4015 1810 4067 τὸ
1841 4015 2232 4085 ἀκμαιότατον
2276 4015 2418 4084 μετά
2456 4015 2564 4083 γὰρ
2588 4015 2689 4077 τὰς
2713 4013 2807 4065 τοῦ
2856 4013 3113 4082 Ὠρίωνος
3137 4011 3409 4071 ἐπιτολὰς
3451 4012 3583 4072 τοὺς

309 4110 598 4180 οὐρανίους
626 4111 918 4162 ἀνελίττων
942 4109 1147 4180 ἀρτίως
1183 4106 1419 4168 κύκλους
1445 4108 1473 4159 ό
1498 4105 1603 4158 τῶν
1630 4106 1885 4178 αἱθερίων
1911 4109 2213 4179 λαμπάδων
2257 4107 2563 4177 βραϐευτὴς
2591 4106 2685 4158 καὶ
2725 4104 2926 4175 ταμίας
2951 4105 3100 4174 ἥλιος
3145 4101 3291 4171 μὰλα
3325 4103 3488 4172 ξηρόν
3521 4119 3581 4154 τε

311 4225 330 4256 ι
349 4209 406 4257 αἱ
441 4205 674 4274 ἀνικμον
699 4205 777 4273 τῷ
805 4204 1050 4272 περιόντι
1083 4202 1184 4271 τῆς
1207 4201 1416 4274 θέρμης
1455 4201 1516 4254 οὐ
1563 4200 1723 4271 μόνον
1749 4203 1893 4254 ποιεῖ
1917 4203 2010 4255 τὸν
2046 4202 2205 4271 ἀέρα,
2238 4199 2376 4253 ἀλλά
2403 4202 2501 4253 καὶ
2533 4200 2632 4252 ὃσα
2655 4197 2758 4267 τῆς
2783 4199 2878 4251 τοῦ
2916 4201 3075 4270 ἀέρος
3100 4199 3252 4252 τοῦδε
3303 4195 3585 4266 μεταλτμς

308 4300 472 4351 ϐανει
502 4298 805 4368 ποιότητος.
834 4295 932 4349 Διά
962 4294 1069 4363 γὰρ
1095 4294 1254 4347 τοῦτο
1292 4293 1389 4348 καὶ
1410 4296 1476 4365 τῇ
1501 4292 1623 4364 θείᾳ
1647 4293 1874 4363 προνοίᾳ
1905 4295 2140 4366 ἐμέλησε
2173 4293 2274 4358 τὰς
2323 4292 2435 4346 τῶν
2481 4296 2694 4366 χρόνων
2721 4293 2924 4367 καρπῷ
2957 4294 3247 4360 ποιότητας
3283 4289 3582 4360 ὑγροτέρας

308 4392 432 4461 ἅμα.
470 4389 931 4460 καὶψυχροτέρας
953 4389 1018 4441 ὲκ
1045 4388 1293 4459 διαδοχῆς
1315 4387 1580 4456 ἀναλόγου
1634 4390 1811 4439 ποιεῖν
1845 4389 1924 4450 είς
1962 4390 2260 4444 ἀντίπαλον
2305 4390 2401 4443 τοῦ
2453 4391 2682 4461 ἡλιακοῦ
2721 4392 2892 4461 πυρὸς
2962 4387 3174 4442 ἐκείνου
3219 4385 3577 4450 κατάστασιν,

387 4485 444 4539 l'.
486 4484 653 4537 Ἀλλὰ
697 4481 905 4535 τούτων
949 4481 1047 4551 μὲν
1079 4480 1201 4544 ἆλις
1225 4497 1237 4511 ·
1275 4480 1361 4535 σοὶ
1404 4482 1448 4534 δ’
1494 4480 1615 4534 ἔνια
1650 4479 1759 4532 τῶν
1791 4481 1884 4533 ὅσα

2071 4483 2141 4538 Χ.
2171 4485 2275 4540 Sed
2307 4486 2440 4540 satis
2491 4485 2560 4540 de
2595 4485 2721 4540 hoc.
2789 4483 2868 4537 Tu
2929 4496 3064 4536 vero
3118 4492 3268 4532 nunc
3331 4475 3580 4546 quaedam

311 4579 393 4645 τῷ
441 4577 544 4649 βίῳ
578 4577 842 4641 τελεῖται,
885 4575 1125 4644 καίριον,
1163 4571 1322 4644 εἴπερ
1372 4573 1525 4638 ποτὲ,
1562 4572 1628 4626 ἂν
1671 4572 1755 4644 εἴη
1798 4572 1884 4626 νῦν

1997 4593 2222 4632 enarres
2246 4578 2378 4632 mihi
2411 4578 2571 4631 velim
2615 4593 2645 4631 e
2677 4577 2789 4629 vita
2826 4573 3061 4644 publica.
3088 4571 3221 4624 Nam
3253 4569 3320 4623 ad
3359 4582 3445 4620 me
3485 4567 3582 4634 qui

314 4676 452 4743 ἡμῖν
484 4663 805 4741 προτιθέναι
847 4669 1143 4736 καινότερα
1186 4665 1250 4738 [ί.
1289 4665 1394 4719 129
1427 4663 1478 4736 ὁ]
1535 4666 1884 4734 διηγήματαε

2001 4670 2104 4724 hac
2147 4670 2397 4724 custodia
2438 4669 2686 4724 inclusus
2718 4683 2865 4730 sum,
2903 4665 3046 4718 fama
3102 4664 3252 4717 nulla
3307 4661 3578 4732 pervenit.

315 4772 542 4820 πάντων
573 4765 682 4833 γὰρ
707 4763 858 4832 ἡμᾶς
878 4761 987 4814 τῶν
1015 4759 1276 4812 τοιούτων
1300 4759 1357 4810 ἐν
1379 4757 1574 4827 ἀγνοίᾳ
1607 4758 1884 4826 πέπραχει

1999 4763 2205 4818 Tamen
2239 4763 2291 4818 id
2337 4779 2424 4817 me
2477 4763 2705 4832 pristina
2748 4759 3085 4829 experientia
3149 4757 3279 4811 satis
3333 4755 3579 4816 edocuit,

317 4857 462 4912 εἶναι
487 4858 557 4910 τά
587 4856 690 4925 τῆς
724 4851 1063 4922 καθείρξεως
1102 4850 1390 4919 ταυτησίν.
1437 4849 1688 4914 Είκάζειν
1719 4850 1766 4902 δ’
1803 4846 1896 4902 οὖν

315 4953 470 5011 ὅπως
503 4949 622 5001 ποθ’
649 4950 784 5017 ἡμῖν
818 4946 1122 5016 παρέχεται
1147 4943 1213 4995 τὰ
1239 4942 1336 5010 τῆς
1362 4941 1699 5011 ἡλικιώτιδος
1726 4943 1897 4995 πάλαι

322 5044 521 5112 πείρας
552 5039 730 5094 ἄλλοτ’
761 5039 898 5093 ἄλλα
919 5036 1076 5104 φύειν
1109 5037 1197 5089 ἀεὶ
1223 5035 1315 5087 τὸν
1349 5034 1559 5104 χρόνον·
1597 5034 1757 5101 φύσις
1789 5035 1896 5105 γὰρ

299 5136 516 5205 ,ὥσπερ
565 5136 679 5196 τοῖς
725 5131 996 5200 αἰθερίοις
1030 5129 1254 5199 δρόμοις
1291 5126 1554 5189 ὡσαύτως
1593 5126 1739 5196 ἔχειν
1787 5129 1894 5192 ἀεὶ,

318 5231 419 5282 καὶ
450 5227 779 5299 μεταϐολαῖς
802 5222 1114 5294 κεχρῆσθαι
1144 5221 1369 5291 μυρίαις
1403 5219 1500 5273 καὶ
1527 5219 1899 5290 ἀτεκμάρτοις

318 5324 420 5379 καὶ
461 5323 633 5394 μηδὲν
686 5320 914 5392 μηδαμῆ
958 5317 1176 5388 βέϐαιον
1227 5315 1396 5386 ἔχειν,
1531 5314 1607 5386 μὴ
1641 5315 1901 5384 συνεχοῦς

319 5433 471 5480 τινος
498 5417 602 5471 καὶ
633 5414 988 5483 παντοδαπῆς
1009 5412 1192 5482 δεήσει
1220 5409 1320 5476 τῆς
1351 5407 1599 5481 γλώττης
1637 5407 1734 5462 καὶ
1767 5409 1902 5461 ἀπο-

321 5507 549 5578 χρώσης
582 5505 888 5577 πορθμείου
916 5503 1072 5574 δίκην
1103 5500 1284 5556 ἄλλοτ’
1328 5500 1466 5572 ἄλλῃ
1500 5500 1901 5571 παραπέμπειν

319 5603 491 5671 ἀκοῇ.
537 5599 706 5670 Ὁρᾷς
753 5599 799 5650 δ’
851 5597 926 5659 ὼς
967 5597 1061 5648 καὶ
1109 5594 1288 5655 αὐτοῖς
1344 5609 1407 5660 γε
1467 5593 1598 5662 ἡμῖν
1635 5591 1792 5652 ἀνίας
1837 5589 1898 5643 ού

328 5695 480 5765 μάλα
510 5711 565 5748 τι
600 5692 819 5762 μέτριον
844 5691 1044 5760 ἤνεγκε
1091 5689 1159 5757 τῇ
1189 5686 1335 5757 ψυχῇ
1374 5685 1466 5738 τὸν
1492 5683 1588 5737 τοῦ
1628 5681 1902 5754 ἐπαχθοῦς

319 5789 528 5858 φόρτον
554 5785 618 5839 τὰ
648 5784 932 5853 φθάσαντα
981 5780 1084 5834 τῶν
1129 5780 1258 5850 ἡμῖν
1312 5776 1761 5850 συμϐεϐηκότων,
1808 5774 1900 5828 καὶ

1998 4862 2212 4908 aetatem
2257 4853 2520 4907 continuo
2574 4864 2765 4920 parere
2825 4847 3032 4918 aliquid
3105 4847 3254 4900 novi.
3307 4843 3583 4899 Nimirum

1999 4944 2174 4998 instar
2203 4944 2325 4998 εαξιί
2373 4953 2620 4997 motuum
2655 4956 2760 4995 una
2801 4940 3100 5008 eademque
3133 4951 3351 5005 semper
3388 4947 3590 4990 natura

2000 5039 2296 5107 conspicua
2331 5047 2438 5102 est,
2473 5047 2655 5090 tamen
2710 5035 2864 5090 mille
2915 5042 2970 5087 et
3027 5033 3345 5085 innumeras
3401 5028 3588 5082 induit

1998 5129 2316 5191 Varictates,
2353 5144 2529 5198 neque
2556 5127 2856 5197 quidquam
2901 5133 3009 5179 tam
3047 5124 3355 5186 ﬁrmum‘ac
3384 5121 3593 5176 stabile-

1997 5230 2084 5275 est
2114 5231 2172 5272 ut
2202 5235 2308 5273 non
2344 5219 2607 5274 continuo
2649 5225 2836 5271 nostro
2873 5232 2936 5271 ae
2973 5215 3124 5269 vario
3160 5227 3414 5267 sermone
3445 5225 3597 5281 opus

2002 5313 2222 5376 habeat,
2255 5321 2510 5381 tanquam
2537 5310 2788 5365 navicula
2823 5324 2928 5378 qua
2965 5309 3071 5362 huc
3090 5305 3218 5360 illuc
3247 5303 3586 5359 transmitta-

2003 5413 2113 5459 tur.
2163 5402 2319 5470 Quod
2378 5403 2445 5456 ad
2504 5417 2591 5456 me
2651 5404 2868 5465 attinet,
2903 5400 3036 5455 satis
3089 5399 3186 5454 tibi
3249 5408 3439 5451 nutum
3499 5403 3595 5449 est

2001 5495 2224 5565 quantis
2265 5510 2353 5550 me
2385 5493 2624 5549 miseriis
2657 5495 2878 5550 fortuna
2931 5491 3292 5556 demerserit;
3327 5506 3450 5559 qua:
3503 5488 3586 5542 le-

2001 5588 2228 5644 niantur
2295 5603 2360 5644 ac
2414 5589 2787 5659 reprimantur
2867 5585 3272 5658 quodammodo
3342 5581 3591 5636 novitate

2005 5690 2222 5734 tuarum
2255 5681 2629 5736 narrationum
2677 5681 3031 5736 vehementer
3065 5680 3249 5747 cupio.
3288 5673 3406 5727 Scis
3433 5673 3590 5726 enim

2009 5773 2366 5845 Pythagoram
2399 5773 2554 5831 illum
2579 5774 2820 5830 Samium
2847 5772 3025 5837 primo
3053 5785 3211 5826 mane
3248 5765 3313 5820 ad
3344 5763 3589 5819 chorda-
