4036 6210
458 299 560 364 1-23

1667 301 2082 362 NlCEPIlOBI
2124 302 2506 363 GREGOll/E

3617 309 3720 375 124

454 434 574 472 rum
597 435 793 474 sonum
825 435 1047 478 carmen
1081 429 1300 475 cantare
1324 433 1642 481 consuesse,
1663 435 1774 487 quo
1794 418 2036 472 animum

2146 419 2226 470 δεῖ
2252 419 2611 490 ψυχαγωγίας
2642 419 2840 486 ἔξωθεν
2875 420 3064 488 ἱκανῆς
3094 419 3152 484 ἐξ
3191 421 3499 474 ἀντιπάλων
3534 425 3720 493 ῥαγεί-

451 524 484 563 a
527 504 701 566 'variis
751 528 813 567 ac
847 512 1080 567 turbidis
1115 510 1400 565 noeturnis
1451 508 1683 562 somniis
1730 518 2033 573 revocaret,

453 601 694 671 cu'mque
730 604 884 657 bona».
919 603 1073 673 143
1112 599 1494 668 tranquillitati
1544 599 1702 654 facile
1757 599 2032 653 redderet.

450 693 588 749 Nam
655 695 867 749 somnia
936 707 1332 760 nonnunquam
1407 693 1607 744 mirum
1682 689 1737 743 in
1807 689 2032 744 modum

453 797 712 856 tanquam
769 785 882 840 acri
924 783 1182 838 violentia
1242 791 1484 837 mentem
1549 782 1867 848 sollicitant,
1901 781 2034 851 quin

453 877 504 932 si
555 879 740 948 gravia
783 884 912 932 sunt
961 875 1427 944 vehementerque
1487 889 1683 930 sensus
1744 880 2033 940 occupant,

455 983 676 1024 omnem
708 969 820 1023 fere
859 983 919 1022 se
974 966 1270 1037 colligendi
1325 974 1646 1036 potestatem
1684 965 1735 1020 ci
1770 965 2034 1034 eripiunt.

451 1059 641 1128 Itaque
673 1058 805 1112 mihi
840 1073 1062 1126 quoque
1111 1056 1481 1126 gratissimum
1536 1056 1678 1111 foret
1727 1056 1976 1124 accipere
2005 1069 2035 1108 a

455 1159 512 1204 te
550 1163 720 1205 novas
752 1150 1122 1215 narrationes,
1149 1158 1206 1203 et
1235 1148 1495 1217 quoniam
1537 1147 1641 1202 hoc
1676 1147 1794 1216 ipso
1823 1155 2036 1214 tempo-

452 1256 514 1296 re
541 1242 687 1296 Deus
717 1249 940 1310 propter
960 1255 1099 1295 verae
1127 1240 1388 1294 doctrina:
1417 1238 1826 1309 pervcrsionem
1860 1237 2035 1291 iratus

455 1343 535 1388 tot
590 1348 654 1386 ac
713 1341 892 1388 tantas
921 1331 1088 1385 mittit
1138 1331 1411 1396 miserias,
1475 1330 1669 1383 borum
1713 1328 2035 1382 alterutrum

455 1438 669 1478 mecum
697 1422 1132 1478 communicabis
1156 1441 1168 1476 :
1193 1431 1287 1476 aut
1316 1436 1401 1474 me
1428 1421 1731 1475 amicorum
1762 1418 2039 1474 conditio-

455 1517 544 1568 nis
567 1515 863 1569 certiorem
922 1513 1110 1569 facies.
1143 1514 1254 1584 Ego
1301 1526 1486 1569 autem
1530 1513 1883 1583 complorabo
1943 1527 2037 1568 eos

454 1607 733 1674 etiamque
755 1614 818 1660 ut
849 1606 1100 1661 laborum
1157 1606 1500 1675 fortunasque
1562 1607 1740 1661 socios
1778 1607 2036 1661 salutabo

453 1704 511 1749 et
557 1696 722 1750 mutis
771 1696 909 1751 meis
936 1695 1122 1752 verbis
1159 1711 1480 1766 prosequar,
1530 1705 1584 1751 et
1627 1711 1735 1750 una
1791 1711 1916 1750 cum
1969 1696 2036 1750 iis

2142 526 2241 574 σης
2280 511 2661 581 δηγημάτων.
2723 507 2893 565 Οἶσθα
2949 514 3059 582 γὰρ
3113 512 3189 576 ὡς
3243 514 3342 566 καὶ
3393 515 3717 587 Πυθαγόρας

2138 603 2347 663 ἐκεῖνος
2399 605 2425 654 ό
2475 603 2678 671 Σάμιος
2721 604 2890 673 λύρας
2925 603 3095 656 ἕωθεν
3129 603 3222 657 καὶ
3249 603 3404 674 ᾠδῶν
3440 608 3715 673 μουσικῶν

2139 695 2530 764 νενουθέτηκεν
2565 693 2858 762 ἅπτεσθαι,
2918 695 3117 749 ὁπόσαι
3173 713 3238 764 γε
3286 698 3469 750 ἱκαναὶ
3516 699 3577 749 τδ
3606 699 3714 751 τῶν

2139 785 2420 856 λογισμῶν
2448 785 2751 857 τηνικαῦτα
2781 787 3052 857 κοιμίζειν
3097 790 3362 857 κυμαῖνον
3393 789 3456 842 ἐκ
3483 790 3592 843 τῶν
3620 790 3716 843 τοῦ

2141 880 2312 934 ὕπνου
2345 880 2680 951 νυκτερινῶν
2711 881 3046 951 ἀθυρμάτων
3076 881 3479 952 καθιστάμενον
3514 883 3716 950 ῥόθιον,

2140 975 2238 1027 καὶ
2281 973 2690 1043 μεθαρμόττειν
2735 971 2937 1042 ῥᾳδίως
2983 971 3167 1024 ἐπὶτδ
3199 972 3442 1042 εὔθυμον
3478 974 3652 1027 ὁπόσα
3684 974 3717 1043 ἡ

2141 1065 2250 1118 τῶν
2302 1063 2528 1132 ὀνείρων
2598 1061 2899 1132 αὐτονομία
2953 1062 3223 1126 παίζουσα
3280 1063 3716 1134 δραστικώτερον

2141 1155 2314 1210 ἐνίοτε
2371 1154 2516 1209 κατά
2555 1154 2658 1224 τῆς
2716 1155 2956 1224 γαλήνης
2999 1153 3111 1207 τῶν
3160 1154 3440 1224 λογισμῶν
3488 1155 3714 1224 ἀφίησιν

2143 1247 2456 1317 ἀπαρκτίου
2489 1245 2647 1316 δίκην
2696 1243 2913 1316 μακροῦ
2959 1261 3140 1307 τινος,
3173 1245 3262 1297 ὅτε
3311 1245 3376 1316 δὴ
3423 1247 3515 1298 καὶ
3568 1246 3712 1314 μάλα

2141 1338 2475 1408 ἀταμίευτος
2529 1337 2645 1398 τοῖς
2696 1335 3077 1406 αἰσθητηρίοις
3127 1336 3156 1388 ὀ
3211 1335 3377 1398 ὕπνος
3441 1337 3713 1406 ἐντρέχων

2141 1432 2340 1501 ἥκιστα
2366 1431 2427 1481 τὸ
2454 1428 2590 1499 πρὸς
2613 1429 2830 1498 ἄμυναν
2856 1428 2994 1488 τέως
3022 1428 3166 1497 ἔχειν
3195 1427 3497 1495 δυνάμενον
3526 1426 3714 1493 σφίσιν

2140 1520 2249 1592 ἐῴη
2281 1521 2365 1575 ἀν.
2417 1520 2506 1572 Διὸ
2539 1519 2633 1571 καὶ
2665 1520 2796 1588 ἡμῖν
2832 1517 3051 1588 ἣδιστον
3103 1517 3170 1571 ἂν
3215 1517 3427 1586 γένοιτο
3460 1515 3716 1586 ἄκουσμα

2140 1613 2250 1666 τῶν
2285 1612 2390 1678 ἔξω
2420 1609 2769 1682 πραγμάτων
2815 1609 2934 1664 ἐνια
2970 1611 3278 1679 διηγήσεως
3323 1609 3583 1661 ὑπόθεσιν
3616 1609 3714 1662 νῦν

2142 1706 2458 1775 κομίζοντος
2489 1704 2583 1756 σοῦ
2615 1719 2704 1771 γε.
2735 1703 2891 1755 Ἐπεὶ
2944 1701 3053 1771 γάρ
3103 1701 3316 1768 κακῶν,
3364 1701 3524 1770 εἴπερ
3557 1701 3712 1767 ποτὲ,

456 1801 753 1841 maerorem
839 1787 1052 1855 capiam
1105 1797 1162 1842 et
1217 1787 1484 1853 laetitiam,
1557 1801 1737 1857 neque
1790 1802 2032 1854 unquam

2146 1771 2237 1848 νῦν
2274 1797 2303 1848 ό
2331 1797 2444 1866 βίος
2485 1795 2871 1864 ἐμπέπλησται
2897 1793 3264 1864 ὀργιζομένου
3305 1792 3444 1845 Θεοῦ
3483 1793 3572 1845 διὰ
3611 1793 3714 1860 τὴν

453 1885 660 1931 tantam
688 1892 879 1932 eorum
915 1877 1280 1934 constantiam
1314 1878 1572 1932 admirari
1629 1877 1877 1933 cessabo.
1927 1877 2037 1932 Aut

451 1969 520 2024 de
554 1979 971 2038 persecutorum
1003 1970 1319 2025 conditione
1360 1970 1494 2024 mihi
1545 1970 1818 2034 narrabis,
1853 1979 1908 2024 et
1941 1971 2035 2025 lae-

451 2061 581 2115 tiori
604 2061 835 2117 fortasse
865 2076 961 2131 spe
1015 2060 1336 2116 alliciemur.
1361 2060 1498 2116 Nam
1547 2060 1696 2131 ipsos
1742 2061 2036 2131 aliquando

454 2154 728 2209 insaniam
754 2169 908 2209 suam
943 2154 1229 2222 agnituros
1260 2168 1380 2208 esse
1406 2167 1584 2223 spero,
1620 2153 1892 2223 siquidem
1928 2155 2043 2225 jam

453 2249 599 2302 inter
627 2249 772 2317 ipsos
803 2248 1136 2318 ﬂagitiorum
1181 2246 1474 2316 Opprobria
1503 2247 1764 2310 suboriri,
1793 2256 1984 2300 contra
2013 2261 2044 2301 ο

453 2339 765 2395 recessibus
792 2354 983 2394 eorum
1026 2353 1164 2407 quos
1206 2347 1616 2407 persequuntur
1644 2347 1700 2392 et
1749 2353 1780 2391 e
1807 2337 2039 2391 summis

455 2430 700 2486 tenebris
719 2430 935 2500 plenam
964 2431 1169 2486 sensim
1200 2427 1491 2483 veritatem
1519 2429 1573 2483 in
1599 2428 1781 2484 lucem
1813 2428 2039 2498 prodire

455 2523 724 2576 sentiunt.

2140 1889 2250 1941 τῶν
2277 1887 2437 1940 θείων
2468 1886 2758 1955 δογμάτων
2795 1883 3082 1954 ἀθέτησιν,
3125 1885 3270 1938 δυοῖν
3300 1884 3450 1937 ἐσται
3485 1883 3715 1952 θάτερον

2143 1980 2388 2041 πάντως·
2438 1977 2472 2048 ἢ
2519 1978 2628 2047 γάρ
2657 1977 2828 2045 φίλων
2856 1979 2986 2047 ἡμῖν
3017 1976 3350 2046 ἀπαγγελεῖς
3395 1976 3711 2044 συμφοράς.

2141 2070 2236 2124 καὶ
2269 2068 2528 2139 δακρύσω
2576 2070 2677 2139 μὲν
2729 2068 2805 2132 ὠς
2839 2069 2988 2130 είκδς
3021 2069 3210 2139 ἓτερον
3240 2067 3441 2138 τρόπον
3474 2065 3605 2134 ἐγὼ,
3642 2069 3711 2133 τῇ

2142 2157 2198 2210 δέ
2229 2155 2484 2226 κοινωνίᾳ
2510 2156 2605 2209 τοῦ
2646 2156 2857 2219 πάθους
2889 2157 3134 2219 ἐκείνους
3165 2155 3593 2228 προσαγορεύσω
3621 2157 3718 2209 καὶ⁹

2141 2247 2450 2317 πόρρωθεν,
2465 2246 2765 2314 άφθόγγοις
2780 2263 2838 2299 τε
2861 2246 3074 2311 λαλιαῖς
3095 2247 3168 2309 ὡς
3193 2251 3370 2301 εἰπεῖν
3398 2247 3715 2316 προσφθεγ-

2140 2339 2396 2406 γόμενος,
2435 2336 2532 2390 καὶ
2556 2337 2724 2408 οίκτῳ
2762 2338 2853 2391 τὸν
2881 2335 3064 2392 οῖκτον
3091 2339 3391 2400 ἀντιδιδοὺς
3424 2341 3520 2393 καὶ
3548 2353 3715 2406 συνη-

2139 2429 2366 2498 δόμενος
2405 2429 2584 2499 σφίσι,
2637 2430 2734 2482 καὶ
2768 2429 3068 2500 θαυμάζων
3110 2431 3212 2500 τῆς
3259 2431 3558 2503 καρτερίας
3589 2429 3717 2490 τοὺς

2138 2520 2365 2590 ἄνδρας,
2396 2519 2429 2590 ἢ
2457 2521 2750 2592 συμφορὰς
2789 2522 3039 2576 διωκτῶν
3069 2524 3439 2594 ἀκουσόμεθα,
3471 2525 3566 2577 καὶ
3598 2522 3713 2594 βελ-

451 2616 606 2680 τίους
627 2615 813 2669 λοιπδν
837 2618 932 2670 καὶ
961 2614 1103 2686 ὑπὲρ
1138 2615 1320 2670 αὐτῶν
1366 2616 1469 2680 τὰς
1523 2617 1747 2680 ἐλπίδας
1784 2613 2090 2686 ληψόμεθα.
2131 2614 2355 2669 Σύνεσιν
2400 2615 2511 2685 γὰρ
2569 2613 2724 2687 οἶμαι
2779 2618 2876 2672 καὶ
2926 2620 3069 2687 σφᾶς
3127 2618 3225 2684 ὀψὲ
3270 2619 3402 2687 γοῦν
3431 2619 3715 2689 είληφότας

453 2711 837 2782 διορθωθῆναι,
899 2708 1084 2779 ἔργοις
1143 2709 1243 2782 ἤδη
1277 2709 1577 2781 βλέποντας
1620 2709 1918 2781 προφανεῖς
1959 2707 2264 2777 φυομένους
2291 2708 2420 2772 τοὺς
2447 2709 2560 2763 τῶν
2621 2711 2844 2764 οίκείων
2874 2709 3262 2781 ἀτοπημάτων
3326 2713 3601 2784 ἐλέγχους,
3622 2719 3719 2773 καὶ

456 2805 568 2866 τῶν
603 2809 662 2856 ἐν
695 2803 887 2873 μυχοῖς
917 2801 1180 2872 διωγμῶν
1215 2804 1312 2856 καὶ
1364 2805 1541 2872 σκότῳ
1579 2801 1732 2873 βαθεῖ
1772 2799 2136 2871 κοιμωμένων
2167 2801 2491 2872 προτάσεων
2525 2802 2742 2873 ἀληθῶν
2780 2807 2840 2856 τὸ
2881 2805 3258 2876 συμπέρασμα
3289 2806 3601 2861 ἀνατέλλον.

523 2895 617 2952 XI.
657 2897 927 2968 Equidem
954 2899 1030 2954 mi
1059 2897 1380 2953 charissime
1402 2896 1514 2966 jam
1551 2903 1776 2964 paratus
1813 2909 1960 2960 sum,
1988 2900 2044 2947 et

455 3002 839 3059 quamcunque
873 2988 959 3042 vis
996 2987 1373 3042 narrationem
1403 2985 1628 3040 faciam.

2230 2894 2333 2948 IA'.
2364 2896 2475 2948 Καὶ
2502 2895 2611 2964 μὴν
2642 2895 2858 2965 ἕτοιμος
2891 2898 3090 2966 ἔγωγε,
3125 2897 3387 2968 βέλτιστε,
3417 2898 3596 2967 λέγειν
3620 2901 3721 2956 ὅσα

2153 2985 2216 3056 δὴ
2245 2987 2342 3041 καὶ
2367 2981 2455 3038 οἷα
2488 2986 2698 3055 βούλοιο
2728 2989 2795 3040 ἂν
2825 2989 3134 3042 ἐπιτάττειν
3158 2989 3341 3052 αὐτός.

530 3076 692 3149 1M
704 3077 822 3132 XII.
841 3077 924 3131 'l‘u
948 3092 1106 3144 vero,
1123 3077 1445 3132 cbarissime
1461 3074 1854 3146 Agatbangele,
1869 3089 2042 3130 nonne

2223 3076 2324 3131 IB'.
2363 3077 2573 3133 Οὐκοῦν
2611 3078 2995 3150 ἁρμόττουσαν
3033 3080 3212 3150 ἀρχὴν
3236 3079 3514 3134 ἀναθεῖναι
3541 3081 3623 3134 δεῖ
3643 3081 3722 3149 τῷ

455 3169 616 3238 prius
673 3168 982 3223 narrationi
1034 3176 1223 3239 aptum
1278 3167 1568 3224 exordium
1620 3167 1844 3232 addere,
1890 3167 2040 3238 quod

457 3259 981 3330 deincepsinvenire
1004 3275 1136 3317 sane
1165 3258 1382 3315 dimeile
1413 3268 1517 3326 est,
1553 3269 1649 3315 aut
1681 3259 1881 3328 prioris
1911 3276 2043 3314 nar-

459 3346 690 3408 rationis
713 3354 1032 3408 memoriam
1066 3368 1326 3409 revocare
1355 3353 1592 3408 nobisin
1616 3355 1800 3408 animo
1835 3352 2044 3408 babes?

461 3443 538 3499 ita
574 3453 635 3498 ut
662 3445 992 3499 narrationis
1035 3443 1335 3498 momentis
1365 3452 1570 3498 catenae
1617 3443 1793 3498 instar
1845 3443 2047 3499 adnec-

459 3533 642 3590 tendis
666 3543 876 3589 certum
909 3534 1206 3605 quemdam
1233 3535 1299 3590 ad
1320 3550 1503 3590 rerum
1528 3535 1899 3590 narrationem
1925 3550 2046 3604 quae

463 3635 654 3697 postea
683 3636 817 3682 acta:
842 3635 974 3682 sunt
1006 3627 1297 3683 transitum
1327 3626 1424 3681 tibi
1449 3625 1782 3696 patefacias?
1803 3626 2046 3681 Primum

461 3719 614 3775 enim
641 3719 831 3775 auditu
853 3719 1079 3790 dignum
1101 3729 1186 3774 est
1224 3718 1354 3788 quid
1387 3727 1510 3788 post
1538 3733 1771 3788 pugnam
1793 3718 2047 3772 navalem

461 3810 612 3868 illam
644 3810 962 3866 Latinorum
1008 3811 1212 3866 classes
1253 3811 1489 3866 invicem
1535 3824 1594 3864 se
1644 3810 1944 3880 premendo
1990 3819 2048 3865 et

462 3903 769 3960 obsidendo
817 3903 1136 3969 effecerint;
1201 3902 1402 3957 deinde
1471 3902 1601 3972 quid
1649 3902 1807 3956 lrene
1862 3903 2048 3972 regina

462 4004 752 4065 postquam
787 3994 1131 4050 Orestiadetn
1172 4004 1229 4049 et
1287 3993 1730 4064 Didymoticltum
1794 3993 2052 4062 pervertit

460 4086 727 4149 ellecerit,
786 4087 1022 4141 ﬁliorum
1096 4084 1249 4156 regni
1319 4084 1671 4155 cupiditatem
1733 4085 2049 4153 priusquam

462 4178 646 4234 furore
681 4179 886 4233 incitati
919 4179 1122 4233 caedem
1161 4176 1390 4232 ederent
1416 4191 1770 4246 repressura;
1824 4175 2049 4230 tertium

463 4285 584 4339 qute
620 4269 840 4323 fanatici
913 4277 1297 4338 persecutores
1346 4267 1402 4321 in
1460 4283 1561 4321 nos
1624 4265 1936 4333 concipiant
1997 4273 2053 4319 et

464 4371 807 4432 concoquant
843 4361 1093 4416 consilia.
1575 4351 1582 4358 “

2141 3169 2284 3238 λόγῳ
2309 3168 2600 3240 πρότερον,
2627 3170 2854 3237 φίλτατε
2899 3172 3294 3240 Ἀγαθάγγελε·
3323 3172 3392 3243 ἣν
3418 3174 3517 3226 οὐκ
3543 3173 3722 3233 ἄλλως

2145 3261 2422 3330 ἁλώσιμον
2453 3259 2674 3314 ἔσεσθαι
2711 3256 2865 3331 οἶμαι
2899 3261 2933 3332 ἢ
2965 3263 3021 3325 ἐς
3055 3265 3117 3315 τὸ
3147 3263 3414 3332 πρότερον
3443 3263 3588 3332 ίχνος
3613 3262 3724 3314 τῶν

2143 3352 2320 3420 λόγων
2354 3353 2581 3406 ἐκείνων
2615 3353 3014 3424 ἀναπόμπιμον
3055 3355 3412 3425 πεπραχότας
3441 3355 3540 3424 τὴν
3582 3355 3722 3424 μνή-

2148 3459 2279 3512 μην,
2309 3444 2404 3496 καὶ
2427 3444 2587 3514 δίκην
2618 3445 2810 3515 σειρᾶς
2835 3446 2933 3510 τὰς
2955 3446 3055 3517 τῆς
3074 3446 3324 3516 γλώττης
3348 3445 3563 3498 ἐκεῖθεν
3587 3462 3725 3514 κρηι

2147 3535 2304 3598 πίδας
2365 3535 2704 3606 ἀνάψαντας,
2739 3538 2955 3608 ἀσφαλῆ
2989 3539 3059 3592 τὰ
3091 3539 3190 3605 τῆς
3237 3537 3561 3609 ἀναλήψεως
3619 3537 3723 3608 ἤδη

2149 3628 2339 3697 ἐφόδια
2368 3629 2424 3692 ἐς
2451 3630 2552 3698 τὴν
2583 3629 2692 3682 τῶν
2726 3629 2856 3698 tea;
2882 3630 3186 3700 κεκτῆσθαι
3220 3629 3474 3699 διήγησιν
3503 3631 3561 3682 ἐν
3588 3629 3691 3698 βρα
3709 3659 3723 3672 -

2149 3719 2256 3787 χεῖ.
2288 3713 2442 3770 Εἶναι
2475 3717 2520 3770 δ’
2557 3719 2860 3785 ἀναγκαῖον
2903 3718 3172 3771 πυθέσθαι
3203 3718 3421 3788 πρῶτον
3465 3719 3613 3788 ἡμᾶς
3639 3719 3720 3769 ὅτι

2151 3809 2282 3862 ποτὲ
2343 3808 2485 3878 μετά
2537 3810 2636 3877 τὴν
2669 3811 2986 3880 ναυμαχίαν
3024 3809 3241 3880 ἐκείνην
3295 3808 3722 3878 ἀντικαθήμενοι

2151 3902 2246 3954 καὶ
2278 3899 2770 3970 ἀντεφεδρεύοντες
2797 3900 3080 3969 ἑκατέροις
3108 3900 3362 3969 ἑκάτεροι
3401 3898 3511 3952 τῶν
3555 3899 3721 3952 Λατί-

2152 4010 2260 4047 νων
2287 3992 2336 4045 οί
2378 3991 2559 4046 στόλοι
2582 3992 2704 4044 τότε
2743 3992 3081 4062 πεπράκασι·
3111 3991 3364 4060 δεύτερον
3395 3990 3440 4042 δ’
3479 3991 3561 4042 ὅτι
3591 3990 3721 4041 ποτὲ

2153 4087 2249 4139 καὶ
2285 4086 2316 4154 ἡ
2363 4083 2576 4153 βασιλὶς
2601 4083 2805 4153 Εἰρήνη
2832 4083 2895 4154 [ί.
2933 4084 3029 4138 150
3069 4081 3127 4155 a]
3156 4081 3439 4136 τετέλεκεν
3485 4080 3726 4134 ἀπιοῦσά

2153 4195 2212 4231 τε
2246 4178 2304 4240 ἐς
2344 4175 2670 4246 Ὀρεστιάδα
2701 4176 2798 4228 καὶ
2827 4174 3236 4244 Διδυμότειχον,
3271 4175 3366 4225 καὶ
3394 4173 3488 4235 τὰς
3517 4170 3721 4241 μεταξὺ

2155 4269 2253 4337 τῆς
2281 4266 2573 4338 φιλαρχίας
2601 4265 2712 4320 τῶν
2736 4266 2942 4320 παίδων
2970 4265 3152 4336 ἐριδας
3183 4267 3512 4333 ἐπειγομένη
3545 4263 3725 4332 κοιμί-

2160 4375 2274 4423 σαι,
2308 4359 2438 4429 πρὶν
2470 4359 2550 4422 είς
2580 4358 2834 4428 αἱμάτων
2863 4357 3047 4428 χύσεις
3093 4359 3152 4414 τὸ
3199 4359 3321 4410 κατ’
3350 4357 3595 4428 ἀλλήλων
3629 4358 3722 4410 ἐκ-

464 4451 626 4521 ϐῆναι
657 4451 1006 4522 μαινόμενονο
1038 4450 1134 4504 καὶ
1163 4449 1351 4518 τρίτον
1380 4450 1574 4514 ὁποίας
1601 4450 1696 4503 καὶ
1721 4449 1844 4502 καθ’
1877 4450 2034 4520 ἡμῶν
2072 4450 2172 4516 τὰς
2203 4453 2434 4523 μελέτας
2457 4453 2485 4506 ό
2509 4451 2618 4506 τῶν
2680 4452 2930 4506 διωκτῶν
2993 4452 3275 4522 ίστουργεῖ
3299 4452 3394 4505 καὶ
3420 4449 3724 4520 συρῤἀπτει

465 4547 678 4608 θίασος.

434 4664 444 4671 ·
533 4639 818 4694 Xlll.ll.ec
872 4653 996 4692 cum
1037 4635 1244 4708 optime
1288 4650 1348 4692 se
1377 4636 1616 4692 habeant
1647 4638 1872 4709 obloqui
1923 4639 2042 4702 tibi,

2233 4636 2334 4693 ll".
2379 4637 2509 4707 Ἐμέ
2548 4635 2594 4690 δ’
2629 4632 2689 4690 εὖ
2719 4654 2800 4690 σοι
2826 4636 3063 4713 λέγοντι,
3092 4635 3212 4688 θεία
3257 4652 3347 4706 μοι
3381 4634 3612 4704 κεφαλὴ,
3639 4636 3730 4688 ἀν-

464 4729 548 4786 vir
602 4731 807 4795 divine,
869 4731 1021 4796 nolo,
1071 4730 1184 4784 imo
1224 4743 1451 4798 prorsus
1513 4729 1612 4784 tibi
1661 4731 1934 4800 obsequar
1987 4737 2044 4784 et

447 4823 624 4877 initio
653 4822 875 4891 quidem
911 4823 956 4877 si
997 4837 1106 4875 non
1159 4821 1372 4890 singula
1411 4821 1595 4875 omnia
1646 4837 1770 4890 quae
1822 4822 2042 4876 interim

467 4925 585 4970 acta
635 4925 780 4978 sunt,
839 4924 1020 4969 tamen
1073 4927 1195 4982 qum
1241 4921 1672 4968 commemoratu
1725 4913 2045 4983 dignissima

463 5016 598 5063 s-tnt
627 5005 724 5060 tibi
758 5019 1052 5074 exponam.

542 5097 678 5153 XIV.
715 5097 1047 5152 Venetorum
1081 5095 1271 5151 classis
1299 5095 1614 5166 praefectus,
1647 5095 1890 5153 incertus
1913 5096 2048 5166 quid

469 5189 679 5242 iaceret
711 5203 836 5241 cum
885 5195 1084 5256 praeter
1121 5201 1340 5242 omnem
1375 5188 1694 5257 Opinionem
1739 5190 1852 5259 jam
1905 5189 2049 5244 facta

473 5294 655 5348 pugna
686 5279 864 5338 navali
893 5279 1215 5334 Genuenses
1243 5279 1566 5335 oﬂ‘endisset
1593 5281 1649 5335 in
1675 5283 1938 5338 societate
1964 5283 2052 5336 Bi-

475 5372 772 5443 thynorum
801 5371 957 5428 ducis
989 5370 1243 5443 Hyrcani,
1276 5372 1365 5428 cui
1395 5386 1517 5426 cum
1549 5388 1820 5428 summam
1858 5373 1924 5429 ad
1954 5373 2054 5428 de-

485 5464 848 5532 sperationem
885 5464 1042 5536 145
1075 5463 1296 5520 adducti
1330 5473 1535 5531 essent,
1591 5465 1670 5520 illi
1727 5481 1785 5520 se
1815 5466 2054 5521 tradide-

477 5565 635 5615 rant;
679 5572 912 5625 cumque
945 5559 1044 5614 lios
1069 5571 1261 5626 magna
1298 5571 1423 5611 cum
1465 5557 1760 5611 securitate
1809 5574 1876 5612 ex
1923 5559 2052 5613 Asia

483 5649 740 5718 traicere
799 5650 1028 5706 vidisset
1087 5649 1274 5719 capias
1328 5648 1698 5704 mercenarias
1744 5666 1864 5718 qua:
1920 5647 2053 5704 satis

485 5740 690 5798 idunca-
715 5756 894 5800 essent
917 5745 982 5799 ad
1019 5747 1204 5802 hostes
1237 5741 1657 5813 impugnandos,
1683 5743 2047 5810 repellendus,

2151 4731 2388 4798 τιλέγειν
2417 4729 2517 4798 μὲν
2546 4729 2751 4799 ἥκιστα
2787 4729 3028 4792 πάντων,
3066 4727 3353 4780 πείθεσθαι
3396 4727 3456 4780 δὲ
3489 4726 3730 4793 μάλιστα

2153 4821 2374 4876 πάντων
2407 4820 2605 4891 χρεών.
2653 4820 2760 4873 Καί
2801 4837 2884 4872 σοι
2928 4821 3068 4888 ἐρῶν
3100 4819 3332 4889 ἔρχομαι
3362 4820 3411 4872 εί
3442 4820 3514 4889 μὴ
3549 4819 3731 4873 πάντα

2151 4914 2316 4985 δὴτά
2375 4912 2580 4984 μεταξὺ
2631 4914 2752 4968 καθ’
2791 4913 3022 4979 ἕκαστα,
3065 4913 3184 4966 ἀλλ’
3229 4910 3324 4967 οὖν
3362 4911 3630 4976 ἀπολέξας
3661 4913 3731 4962 τὰ

2155 5005 2516 5074 καιριώτερα.

2226 5096 2326 5150 ΙΔ’.
2370 5096 2430 5149 '0
2457 5095 2567 5166 γάρ
2616 5112 2700 5148 τοι
2753 5095 2846 5147 τοῦ
2880 5096 3168 5147 Βενετικοῦ
3219 5093 3407 5147 στόλου
3454 5092 3731 5162 ναύαρχος

2155 5188 2336 5258 ἥκιστ’
2371 5186 2510 5256 ἔχων
2538 5188 2566 5239 ὅ
2595 5203 2649 5241 τι
2687 5185 2945 5255 πράξειεν
2972 5187 3067 5255 ἀφ’
3098 5179 3160 5238 οὗ
3204 5185 3356 5254 παρά
3387 5186 3568 5238 πᾶσαν
3609 5183 3729 5235 ἐνέ-

2159 5297 2289 5351 τυχε
2320 5279 2652 5351 προσδοκίαν
2685 5279 2788 5348 ἢδη
2825 5279 2966 5346 μετά
2989 5279 3086 5349 τὴν
3117 5276 3430 5348 ναυμαχίαν
3463 5278 3576 5339 τοῖς
3599 5275 3732 5327 Γεν-

2157 5373 2400 5434 νουῒταις
2449 5368 2528 5440 τῷ
2587 5369 2697 5423 τῶν
2750 5369 2992 5422 Βιθυνῶν
3045 5369 3435 5438 σπεισαμένοις
3498 5365 3731 5436 ἡγεμόνι

2158 5459 2389 5531 Περσῶν
2428 5456 2704 5528 Ὑρκανῷ,
2758 5457 2894 5526 πρὸς
2928 5457 3095 5527 μόνην
3141 5456 3370 5526 ταυτηνὶ
3408 5453 3731 5507 τελευταίαν

2155 5552 2214 5615 ἐξ
2243 5547 2610 5617 ἀπογνώσεως
2631 5549 2914 5619 ἐληλυθόσι
2939 5549 3263 5616 καταφυγὴν
3285 5547 3564 5615 πολεμίοις
3586 5547 3728 5598 πάνυ

2158 5663 2209 5697 τι
2236 5641 2690 5696 δυσαντίόλεπτον
2717 5643 2811 5695 καὶ⁵
2839 5637 2953 5695 οἷον
2995 5639 3492 5709 ἀνανταγώνιστον,
3534 5639 3731 5691 κάκεῖ-

2160 5739 2250 5794 θεν
2281 5737 2378 5808 ἤδη
2422 5734 2559 5806 μετά
2595 5738 2815 5806 μακρᾶς
2870 5736 2968 5805 τῆς
3021 5733 3201 5797 ἀδείας
3247 5734 3643 5804 μισθοφορικην
3677 5727 3743 5797 ἐξ
