4036 6210
353 281 460 346 125

1321 287 1764 350 BYZANTIN/E
1793 289 2177 356 HISTORIA!
2205 295 2350 362 LIB.
2375 297 2618 362 XXVII.

3507 305 3608 369 126

360 399 550 463 Ἀσίας
577 399 958 466 διαϐιϐάζουσι
988 401 1238 472 δύναμιν,
1274 405 1450 476 ὁπόση
1485 406 1552 462 ἂν
1584 407 1668 479 εἴη
1707 407 1928 480 μάλισθ’

2039 411 2102 468 iis
2135 415 2514 471 omnesaditus
2556 415 3037 486 intercludendos;
3071 419 3204 476 velis
3231 421 3406 491 passis
3437 423 3616 478 Vener

347 494 516 563 ἱκανὴ
563 497 882 564 συμμαχεῖν
915 512 972 546 τε
1030 495 1121 547 καὶ
1191 497 1474 568 πόρρωθεν
1518 499 1928 568 ἀποκρούεσθαι

345 588 448 638 καὶ
473 585 764 640 ἀνασοϐεῖν
795 587 1072 656 πολεμίων
1111 587 1372 641 ἁπάντων
1415 589 1626 658 ἔφοδον,
1665 592 1930 662 πλήρεσιν

348 679 666 733 ἀπέπλευσε
709 682 822 744 τοῖς
857 681 1052 744 ἱστίοις
1091 682 1149 744 ὲς
1199 683 1478 746 Βενετίαν,
1523 683 1932 753 ἐπαγγειλάμε-

347 787 445 833 νος
502 769 647 840 μετά
700 769 948 834 πλείονος
999 771 1292 841 ἐπανήξειν
1333 771 1430 841 ὀψὲ
1481 771 1580 839 τῆς
1623 772 1926 842 δυνάμεως.

347 863 660 915 Κατέλειπε
707 861 752 915 δ’
784 863 934 931 ὅμως
983 863 1260 932 συνθήκας
1313 865 1426 926 τοῖς
1467 864 1806 926 Γεννουΐταις
1836 865 1927 920 τὸν

351 955 583 1024 βασιλέα
633 957 813 1008 ποιεῖν
871 955 1164 1026 καιρικὲς,
1217 956 1321 1019 ἕως
1377 957 1443 1010 ἂν
1497 957 1784 1027 ἑκατέροις
1813 960 1927 1022 τοῖς

353 1049 553 1118 μέρεσι
601 1047 1042 1102 διαναπαύσασιν
1093 1049 1358 1113 ἑαυτοὺς,
1401 1051 1509 1103 ’καὶ
1561 1049 1925 1122 διαρκέστερα

349 1138 676 1209 τάπιτήδεια
707 1139 1216 1210 είσκομισαμένοις,
1252 1141 1652 1211 ἀνδρικώτερον
1683 1143 1822 1212 πρὸς
1841 1143 1934 1194 τὸν

349 1233 554 1300 ἐφεξῆς
590 1233 841 1302 ἀπαντᾷν
903 1233 1278 1300 προσγένηται
1337 1234 1595 1302 πόλεμον.
1653 1235 1936 1288 Ἐνταυθοϊ

345 1327 405 1380 δέ
437 1344 530 1396 μοι
561 1325 845 1396 γενομένῳ
873 1325 968 1378 τοῦ
998 1326 1158 1392 λόγου
1187 1326 1366 1396 ἥκιστ’
1391 1325 1548 1379 εὔοδα
1588 1327 1653 1378 tit
1687 1325 1816 1395 ἑξῆς
1843 1327 1930 1395 εἴη

345 1417 438 1480 ἂν,
475 1417 788 1488 βουλομένῳ
819 1418 960 1472 κατά
999 1435 1064 1486 γε
1111 1419 1209 1488 τὴν
1243 1419 1342 1489 σὴν
1380 1418 1660 1486 τὸνλόγον
1705 1419 1929 1472 συστέλ-

345 1510 466 1562 λειν
495 1512 554 1572 ἐς
577 1512 636 1564 τὸ
674 1509 1012 1582 βραχύτερον
1040 1509 1316 1581 βούλησιν.
1361 1509 1426 1564 ΕΞ
1462 1510 1535 1580 μὴ
1573 1510 1681 1578 γὰρ
1716 1509 1926 1564 ἀνωθεν

2039 503 2168 558 tiam
2199 507 2540 577 renavigavit
2585 521 2709 561 eum
2743 507 2996 576 pluribus
3037 512 3236 580 opibus
3279 527 3401 567 mox
3434 529 3490 568 se
3523 529 3616 567 re-

2037 609 2328 650 versurum
2362 613 2482 652 esse
2513 598 2810 668 pollicitus.
2853 600 3110 657 Permisit
3157 619 3378 674 quoque
3413 605 3523 674 regi
3557 613 3620 659 ut

2039 689 2094 740 in
2155 695 2404 757 tempore
2453 703 2577 742 cum
2623 687 3006 744 Genuensibus
3059 693 3208 760 pacis
3275 695 3620 750 conditiones

2037 778 2226 844 iniret,
2273 781 2448 835 donec
2477 791 2723 851 utrmque
2753 793 2939 851 partes
2973 799 3030 837 se
3081 785 3402 841 reiecissent
3431 798 3486 842 et
3516 803 3616 842 ne-

2033 871 2288 926 cessariis
2337 871 2672 926 sufficienter
2731 872 3015 929 instruetze
3055 877 3357 934 animosius
3408 879 3614 933 bellum

2031 963 2405 1032 redintegrare
2436 972 2678 1033 possent.
2710 964 2806 1019 llis
2845 967 2916 1020 ita
2943 968 3204 1036 expositis
3237 977 3297 1022 ut
3337 970 3612 1024 volumati

2031 1063 2138 1110 tua:
2171 1057 2442 1124 reliquam
2477 1058 2846 1112 narrationem
2881 1059 3070 1125 paucis
3106 1059 3427 1116 absolvendi
3455 1063 3618 1117 obse-

2035 1148 2130 1215 qui
2165 1146 2295 1200 mihi
2347 1147 2512 1202 liceat
2546 1161 2758 1213 vereor,
2796 1162 2920 1201 cum
2988 1147 3092 1202 nisi
3145 1161 3309 1217 supra
3361 1149 3621 1206 iudicatis

2033 1238 2277 1291 rationes
2327 1239 2722 1308 subsequentis
2813 1240 3152 1294 narrationis
3208 1241 3407 1294 additae
3467 1253 3616 1307 sunt,

2033 1326 2171 1381 nihil
2203 1327 2433 1382 fortasse
2461 1329 2718 1397 cuiquam
2753 1338 3003 1397 apertum
3053 1329 3166 1392 fiat,
3203 1329 3308 1383 nisi
3341 1331 3484 1399 quod
3515 1347 3618 1401 ego

2030 1419 2297 1487 suppetiis
2327 1433 2566 1490 egerem,
2585 1420 2787 1490 quippe
2818 1419 2911 1491 qui
2938 1419 3316 1490 imperfectam
3353 1423 3622 1476 narratio—-

2028 1523 2154 1562 nem
2191 1509 2507 1566 redderem.

345 1607 652 1676 ἡργμένοις
685 1608 783 1669 τὰς
813 1606 926 1658 τῶν
954 1605 1371 1676 λεχθησομένων
1424 1604 1606 1666 αίτίας
1674 1603 2024 1674 προστιθέναι
2051 1603 2255 1672 γένοιθ’
2321 1607 2476 1674 ἡμῖν,
2543 1606 2642 1659 οὐκ
2683 1603 2748 1658 ἄν
2817 1621 2944 1658 ποτε
2978 1607 3190 1675 γένοιτο
3219 1608 3498 1680 γνώριμον
3525 1607 3618 1660 οὗ·

345 1700 471 1752 δέσι
503 1697 612 1750 τῶν
645 1697 952 1751 ἀκουόντων
981 1697 1153 1760 οὐδὲν,
1190 1696 1329 1768 πλὴν
1381 1697 1462 1750 ὅτι
1513 1697 1812 1766 ἀμεινόνων
1867 1713 1934 1765 γε
1969 1696 2080 1750 τῶν
2141 1698 2389 1768 ἀποριῶν
2453 1699 2692 1768 ἐσόμεθα
2741 1699 3017 1772 πρόξενοι,
3053 1701 3322 1772 ἡμίεργόν
3369 1717 3489 1754 τινα
3521 1687 3617 1754 καὶ

346 1791 591 1862 ἡμιτελῆ
621 1794 688 1860 τῇ
727 1791 984 1861 διηγήσει
1015 1791 1112 1860 τὴν
1137 1791 1240 1859 τῆς
1274 1789 1525 1860 γλώττης
1557 1789 1929 1860 παρεχόμενοι
1968 1790 2185 1860 χρείαν.

421 1885 527 1941 IE'.
565 1886 900 1955 Ἐϐουλόμην
961 1903 1019 1938 σε
1065 1885 1266 1956 ἔγωγε,
1319 1886 1450 1940 καλὲ
1509 1887 1883 1956 ’Λγαθὰγγελε
1917 1928 1932 1950 ,

2111 1885 2224 1940 XV.
2259 1887 2548 1956 Equidem,
2600 1887 2924 1944 charissime
2973 1889 3046 1942 mi
3103 1887 3508 1959 Agathangele,
3564 1898 3618 1945 te

345 1979 499 2032 πάνυ
535 1995 587 2030 τι
623 1977 876 2032 πλεῖστον
901 1978 1024 2048 ἐμοὶ
1067 1981 1308 2032 συνεῖναι
1356 1979 1446 2032 τὸν
1477 1980 1668 2050 χρόνον
1697 1969 1794 2033 καῖ
1815 1981 1938 2049 ὁμι-

342 2073 466 2126 λεῖν
492 2071 764 2132 ἐνταυθοῖ,
790 2070 885 2123 καὶ
915 2070 1129 2142 μακρὰν
1161 2071 1290 2138 παρ’
1325 2072 1604 2146 ἑκατέρων
1640 2071 1938 2139 ἑκατέρους

344 2159 604 2215 ἐντεῦθεν
634 2161 780 2228 ἡμᾶς
829 2161 930 2226 τὴν
964 2157 1312 2228 παραμυθίαν
1349 2158 1486 2228 μετά
1537 2157 1629 2208 τοῦ
1661 2156 1936 2227 ὠφελίμου

345 2249 724 2322 καρποῦσθαι,
788 2248 980 2319 χρείας
1013 2249 1208 2318 χρείαν
1270 2247 1636 2309 ἀντιδιδόντας
1670 2247 1937 2317 ἀλλήλους

345 2343 606 2410 ἀλλήλοις
653 2345 749 2396 καὶ
795 2341 864 2393 αὖ
903 2343 1032 2412 παρ’
1077 2341 1321 2411 ἀλλήλων
1365 2339 1634 2408 ἀλλήλους
1669 2339 1936 2407 ἀντιλαμ-

347 2431 624 2494 ϐάνοντας
678 2433 752 2494 ὡς
809 2433 980 2496 είκ³.ς,
1041 2431 1238 2502 μέχρις
1291 2432 1379 2494 ἂν,
1407 2432 1454 2483 εί
1485 2432 1580 2484 καὶ
1612 2431 1746 2501 ἡμῖν
1787 2429 1936 2498 ἐξείη

347 2527 456 2596 ζῇν
480 2567 494 2592 ,
544 2527 572 2577 ό
603 2527 703 2596 τῆς
733 2525 952 2596 αἰθρίας
993 2525 1278 2596 ἐπιλάμψῃ
1315 2525 1528 2595 καιρὸς,
1570 2527 1660 2577 καὶ
1689 2523 1762 2594 δῷ
1795 2524 1938 2594 παῤ-

353 2616 558 2686 ρησίαν
589 2617 656 2686 τῇ
678 2615 898 2686 γλώττῃ
932 2614 1026 2680 ξύν
1062 2631 1126 2682 γε
1152 2613 1295 2683 Θεῷ,
1325 2617 1417 2667 καὶ
1466 2613 1594 2686 δοθῇ
1651 2631 1742 2684 μοι
1779 2615 1936 2682 λόγος

353 2709 502 2762 κατᾶ
529 2709 620 2762 τὸν
654 2709 798 2761 θεῖον
854 2708 1158 2760 ἀπόστολον
1189 2708 1248 2760 ὲν
1283 2707 1484 2772 ἀνοίξει
1533 2707 1627 2760 τοῦ
1665 2708 1935 2775 στόματός

357 2813 468 2866 μου
499 2796 780 2866 παρρησία
814 2795 1077 2864 γνωρίσαι
1123 2796 1184 2848 τὸ
1233 2797 1534 2866 μυστήριον
1567 2794 1662 2847 τοῦ
1691 2795 1936 2863 Εὐαγγε-

347 2889 474 2942 Risu
532 2889 674 2958 ὑπὲρ
729 2888 788 2940 οὗ
821 2888 1109 2957 πρεσϐεύω
1168 2890 1225 2940 ὲν
1264 2889 1508 2957 δεσμοῖς,
1564 2888 1650 2940 ἵνα
1683 2889 1740 2940 ὲν
1782 2889 1932 2958 αὐτῷ

349 2979 720 3052 παρῤησιάσω
751 2981 824 3043 ὡς
854 2981 937 3034 δεῖ
963 2997 1032 3050 με
1063 2981 1317 3049 λαλῆσαι.
1356 2981 1511 3034 Ἐπεὶ
1533 2981 1578 3035 δ’
1601 2981 1933 3035 ἄλλοτ-’ἀλλα

346 3076 455 3137 τὰς
493 3074 636 3143 ἐμὰς
663 3073 879 3142 νύκτωρ
915 3075 1011 3128 καὶ
1048 3071 1169 3142 μεθ’
1210 3074 1429 3143 ἡμέραν
1475 3075 1654 3144 σμήνη
1685 3074 1930 3127 διωκτῶν

351 3163 820 3236 περιστοιχίζουσι
871 3161 1064 3232 θύρας,
1095 3163 1282 3232 θηρῶν
1308 3163 1682 3235 χαλεπώτεροι
1709 3167 1927 3218 πάντων

2049 1978 2316 2048 temporis
2363 1979 2664 2046 plurimum
2721 1980 2912 2034 adesse
2969 1979 3102 2032 mihi
3157 1981 3351 2034 vellem
3414 1981 3618 2050 hicque

2039 2085 2253 2124 mecum
2287 2071 2650 2132 confabulari,
2710 2071 2780 2124 ita
2831 2079 2891 2124 ut
2925 2079 3158 2140 uterque
3191 2082 3438 2127 nostrum
3473 2073 3620 2128 sola-

2043 2163 2177 2216 tium
2213 2177 2430 2231 unaque
2472 2163 2759 2216 utilitatem
2797 2171 3016 2231 caperet
3046 2162 3281 2216 invicem
3310 2177 3410 2216 nos
3440 2171 3497 2216 ut
3522 2178 3620 2232 par

2041 2265 2127 2310 est
2177 2253 2524 2308 sermonibus
2572 2252 2893 2308 delectando
2932 2259 2984 2304 et
3038 2251 3389 2321 adiuvando,
3439 2253 3616 2309 donec

2039 2345 2344 2415 quietiores
2396 2344 2516 2397 dies
2575 2357 2770 2412 capere
2825 2352 2898 2407 et,
2934 2343 3044 2397 Deo
3071 2342 3386 2412 adjuvante.
3419 2342 3620 2411 lingua:

2040 2435 2297 2488 fiduciam
2356 2434 2607 2502 recipere
2668 2431 2826 2486 nobis
2875 2431 3080 2496 liceat,
3143 2430 3388 2500 mihique
3434 2445 3620 2484 sermo

2037 2527 2198 2581 datus
2219 2525 2378 2597 146
2404 2527 2494 2589 sil,
2523 2534 2582 2578 ut
2611 2532 2833 2579 sanctus
2851 2523 3146 2592 Apostolus
3163 2524 3298 2578 dicit
3325 2524 3362 2586 ',
3387 2522 3622 2592 infaper-

2040 2621 2188 2674 tione
2223 2619 2335 2673 oris
2375 2617 2480 2671 mei
2513 2633 2634 2671 cum
2693 2615 2910 2680 fi-lucia,
2975 2627 3165 2669 notum
3195 2615 3378 2670 facere
3414 2622 3616 2684 myste-

2039 2713 2178 2764 rium
2220 2709 2520 2779 Evangelii,
2551 2723 2651 2776 pro
2683 2721 2792 2776 quo
2839 2707 3112 2776 legatione
3167 2706 3364 2776 iungor
3419 2705 3472 2758 in
3521 2717 3614 2758 ca-

2039 2812 2182 2868 tena,
2221 2801 2292 2855 ita
2342 2809 2401 2854 ut
2437 2801 2490 2852 in
2545 2799 2664 2868 ipso
2698 2798 2928 2852 audeam
2967 2805 3131 2866 prout
3177 2807 3394 2864 oportet
3423 2811 3510 2850 me
3537 2797 3618 2848 lo-

2038 2895 2154 2964 qui.
2234 2893 2339 2948 Sed
2391 2893 2652 2962 quoniam
2697 2891 2961 2944 continuo
2995 2898 3409 2959 persecuturum
3445 2889 3618 2942 turba:

2038 2991 2184 3045 fores
2213 2988 2654 3051 circumsistunt,
2693 2988 2762 3042 ita
2798 2995 2857 3040 ut
2895 3001 3076 3055 neque
3107 2983 3280 3038 libere
3313 2983 3500 3054 lingua
3532 2987 3619 3037 uti

2038 3095 2214 3151 neque
2246 3080 2545 3149 quidquam
2589 3089 2788 3146 praeter
2818 3077 3112 3146 strepitum
3161 3075 3450 3143 percipere
3491 3087 3618 3142 pos-

2037 3173 2233 3236 simus,
2269 3171 2410 3224 hauc
2459 3179 2706 3223 nostrain
2755 3167 3054 3222 solitudine
3081 3185 3108 3218 ιι
3160 3161 3414 3234 quamvis
3459 3163 3610 3217 omni

351 3259 554 3322 εἰπεῖν,
614 3255 690 3317 ὡς
742 3254 979 3316 δεδιότας
1047 3253 1171 3323 μηδ’
1207 3255 1357 3322 ἔχειν
1399 3255 1545 3322 ἡμᾶς
1579 3256 1712 3324 μήτε
1747 3255 1931 3326 φωνὴν

2039 3264 2260 3316 omnino
2290 3259 2484 3315 solatio
2515 3260 2689 3312 instar
2723 3257 3108 3312 defunctorum
3139 3257 3192 3309 in
3225 3254 3452 3308 Tartaro
3485 3253 3606 3322 pri-

349 3348 487 3416 γοῦν
517 3347 811 3414 ἐλευθέραν
837 3345 1172 3417 χαρίσασθαι
1207 3347 1346 3416 μήτε
1373 3348 1431 3398 σέ
1473 3348 1523 3414 γ’
1553 3347 1678 3414 ἐμοὶ
1705 3347 1832 3418 μήτ’
1858 3346 1924 3400 αὖ

348 3441 663 3492 τοῦναντῖον
694 3439 776 3491 σοί
810 3455 871 3505 γε
901 3437 1024 3508 ἐμὲ,
1057 3439 1198 3508 πλὴν
1236 3439 1266 3508 ἢ
1308 3437 1453 3506 μάλα
1487 3439 1639 3508 μόλις
1671 3439 1927 3510 τονθορύ-

349 3533 549 3596 ζοντας
582 3531 846 3600 ἑκάτερον
880 3531 1146 3600 ἐκατέρου
1173 3530 1420 3592 ἀκούειν,
1473 3532 1727 3600 στέργειν
1758 3529 1802 3583 δ’
1835 3531 1926 3584 οὖν

349 3627 499 3688 τέως
525 3623 741 3694 ἀνάγκη
774 3627 839 3692 τῇ
873 3621 1354 3693 καταψηφισθείσῃ
1402 3621 1631 3690 μονώσει
1673 3623 1929 3690 καθάπαξ

353 3715 586 3772 ἀπασῶν
617 3717 674 3768 ἐν
705 3713 964 3783 στερήσει
997 3713 1346 3782 καθημένους
1376 3711 1737 3783 ἀνθρωπίνων
1762 3731 1931 3782 προσ-

350 3811 592 3881 ρήσεων,
624 3807 1026 3876 παραπλησίως
1082 3805 1259 3856 εἰπεῖν
1299 3806 1410 3859 τοῖς
1451 3805 1685 3866 αἷωνίως
1719 3805 1776 3855 ἐν
1799 3803 1927 3874 ᾅδου

351 3903 420 3974 [ἵ.
465 3901 560 3955 150
612 3899 662 3972 b]
711 3899 1100 3952 καθεύδουσιν
1163 3898 1310 3966 ὅμως
1369 3895 1516 3966 αύτῷ
1553 3896 1931 3968 θαρρήσαντες

351 3993 456 4064 ἥδη
485 3991 567 4059 τῷ
613 3991 760 4060 μόνῳ
807 3989 948 4058 Θεῷ,
991 3989 1133 4059 ὑπὲρ
1168 3989 1227 4041 οὗ
1261 3991 1357 4042 καὶ
1381 3993 1625 4042 τουτοισὶ
1659 3991 1930 4060 ἐγκαρτε-

353 4085 563 4154 ροῦμεν
589 4085 703 4140 τοῖς
732 4083 938 4147 ἄθλοις,
967 4084 1098 4152 φέρε
1145 4083 1259 4144 δέος
1294 4081 1438 4135 ἅπαν
1469 4082 1754 4154 κονιορτοῦ
1778 4083 1932 4150 δίκην

351 4174 832 4251 ἀτοτριψώμεθα·
868 4176 964 4228 καὶ
1011 4177 1162 4244 τρεῖς
1191 4175 1380 4227 λοιπον
1406 4174 1514 4227 τῶν
1561 4175 1790 4246 ἡμερῶν
1839 4176 1936 4227 καὶ

351 4266 649 4334 τέτταρας,
677 4267 724 4315 εὶ
746 4263 880 4330 ξέοι,
914 4263 978 4316 σύ
1013 4280 1074 4330 γε
1100 4264 1276 4334 δήπου
1301 4262 1626 4333 περιμείνας
1659 4263 1932 4328 ἐνταυθοῖ,

355 4353 709 4426 μακροτέραν
742 4369 801 4405 τε
861 4353 956 4404 καὶ
993 4351 1120 4404 ὅσον
1175 4353 1396 4421 ἐφικτὸν
1451 4351 1676 4403 ἀνενδεᾶ
1705 4349 1804 4421 τὴν
1835 4353 1933 4421 τῆς

354 4445 692 4516 ἀφηγήσεως
721 4441 1000 4514 τράπεζαν
1029 4444 1165 4514 ἡμῖν
1217 4441 1445 4510 ταυτηνὶ
1483 4441 1790 4510 παρατίθει.
1821 4441 1934 4494 Καὶ

355 4539 470 4592 τῶν
500 4535 702 4605 ὀρνέων
721 4538 830 4604 γὰρ
855 4533 980 4597 τοὺς
1011 4535 1238 4598 κύκνους
1269 4535 1400 4602 φασὶ
1439 4535 1538 4603 τῆς
1579 4533 1729 4601 σφῶν
1757 4533 1934 4584 αὐτῶν

356 4627 716 4698 αἰσθομένους
737 4627 838 4696 ἢδη
869 4627 1150 4695 τελευτῆς,
1184 4627 1528 4696 μακρότερόν
1571 4642 1625 4678 τι
1657 4627 1752 4678 καὶ
1782 4625 1934 4691 λιγυ-

361 4721 602 4792 ρώτερον
633 4719 937 4790 τηνικαῦτα
970 4719 1232 4789 μᾶλλονῆ
1282 4718 1422 4772 κατὰ
1455 4718 1633 4770 πάντα
1655 4715 1802 4787 ᾄδειν
1838 4717 1934 4768 τὸν

359 4811 498 4879 βίον.
549 4810 702 4862 Ἐπεὶ
749 4807 842 4863 οὖν
890 4811 984 4864 καὶ
1025 4809 1160 4877 ἡμῖν
1197 4810 1324 4878 περὶ
1353 4809 1794 4876 τοὺς,ὲσχὰτους
1830 4807 1934 4878 ἤδη

358 4898 636 4960 κινδύνους
669 4897 1020 4966 σκηνοὸατείν
1049 4897 1430 4964 περιέστηκεν,
1463 4895 1539 4957 ὡς
1583 4896 1934 4965 εἰρήκειμεν,

357 4992 462 5043 οὐκ
484 4991 549 5044 ἄν
571 5009 674 5046 που
707 4992 820 5042 τῶν
849 4989 1154 5042 ἀ-πεικότων
1210 4989 1293 5058 εἴη
1353 4989 1713 5060 μακροτέροις
1747 4991 1937 5060 διηγή-

363 5097 500 5146 μασι
561 5083 908 5151 μακροτέραν
962 5080 1312 5144 ἐκτείναντας
1372 5081 1544 5150 ἀκοὴν
1589 5081 1935 5145 τελευταίοις

359 5171 774 5239 ἀφοσιώσασθαι
837 5173 1170 5240 ἀσπασμοῖς.
1239 5171 1442 5240 ’Λρτος
1485 5171 1530 5223 δ’
1564 5173 1700 5241 ἡμῖν
1747 5173 1774 5225 ὁ
1807 5189 1940 5226 κατ-

361 5261 647 5333 εσκληκώς
669 5265 882 5316 οὑτοσὶν
911 5266 990 5329 εἰς
1044 5264 1252 5334 τροφὴν
1279 5265 1608 5335 ἀποχρήσει,
1645 5265 1741 5318 καὶ
1773 5266 1802 5318 δ
1842 5264 1939 5319 νῦν

359 5353 772 5422 εἰσκεκομξκεις
811 5353 972 5414 αὐτὸς
1023 5354 1080 5418 ἐξ
1113 5351 1330 5404 ἐκείνου
1386 5353 1480 5406 τοῦ
1509 5355 1748 5423 φρέατος
1773 5352 1938 5423 ⁴ὕδωρ

357 5443 444 5504 εἰς
473 5444 652 5497 πόσιν.
687 5443 908 5510 Τρυφῆς
935 5443 1034 5510 μὲν
1068 5441 1132 5512 δὴ
1165 5443 1260 5495 καὶ
1287 5443 1520 5507 πόσεως,
1559 5443 1680 5496 θεία
1715 5461 1807 5512 μοι
1843 5462 1938 5497 κε-

361 5536 533 5606 φαλὴ,
567 5537 710 5588 πάνυ
747 5553 800 5588 τι
853 5535 1136 5603 ἐλαχίστου
1165 5535 1197 5604 ἢ
1231 5537 1436 5604 μᾶλλον
1461 5535 1556 5588 τοῦ
1591 5537 1822 5606 μηδενὸς
1870 5538 1934 5591 ἀν

362 5645 456 5696 μοι
480 5627 698 5697 δεήσειν
721 5622 872 5695 οἶμαι
895 5628 962 5680 τά
987 5627 1104 5692 νῦν,
1125 5629 1221 5700 τῆς
1257 5627 1356 5698 σῆς
1382 5627 1600 5698 ὁμιλίας
1627 5629 1702 5691 ὼς
1727 5630 1932 5682 ἐπίπαν

2041 3355 2150 3408 vati
2185 3355 2382 3416 simus,
2421 3367 2579 3422 aequo
2611 3351 2797 3404 animo
2831 3349 3070 3404 feramus
3107 3362 3204 3400 nos
3235 3354 3621 3415 oportet,una-

2038 3463 2144 3518 que
2179 3445 2516 3501 confidentes
2538 3445 2702 3498 unico
2735 3441 2846 3496 Deo
2882 3451 3103 3511 propter
3128 3455 3287 3510 quem
3319 3437 3620 3494 certamina

2036 3539 2252 3594 fortiter
2285 3537 2650 3606 suscepimus.
2690 3549 2787 3604 age
2839 3547 2938 3588 nos
2985 3531 3131 3586 omni
3167 3541 3316 3585 metu
3362 3539 3620 3599 tanquam

2039 3631 2160 3685 luto
2189 3645 2507 3700 purgemus.
2563 3626 2644 3680 Tu
2679 3641 2811 3680 vero
2854 3633 2966 3700 tres
2993 3624 3076 3678 vel
3117 3623 3160 3678 si
3189 3639 3331 3692 Opus
3365 3633 3448 3677 est
3483 3637 3623 3690 qua-

2037 3722 2161 3776 luor
2194 3699 2330 3774 dies
2381 3719 2472 3772 hic
2521 3717 2662 3788 apud
2703 3731 2787 3770 me
2837 3699 3083 3779 remane,
3121 3723 3177 3768 et
3227 3713 3530 3784 pleniorem
3565 3720 3624 3765 et

2040 3826 2304 3880 quan'um
2337 3811 2450 3865 fieri
2489 3821 2664 3880 potest
2697 3819 2782 3864 sat
2817 3809 3084 3878 integram
3117 3805 3250 3860 mihi
3298 3804 3382 3858 fac
3425 3819 3618 3856 narra-

2042 3909 2268 3959 t‘oncm.
2313 3903 2433 3958 Scis
2463 3904 2610 3956 enim
2641 3919 2672 3956 e
2701 3901 2986 3953 volucrum
3034 3911 3232 3967 genere
3262 3909 3461 3964 cycnos
3487 3893 3617 3946 dum

2039 3996 2162 4064 vitge
2197 3995 2359 4047 finem
2398 3994 2588 4046 adesse
2641 3991 2903 4052 sentiant,
2961 3995 3185 4040 cantum
3226 3986 3525 4054 pleniorem
3559 3990 3622 4038 et

2044 4083 2345 4138 acutiorem
2372 4081 2538 4134 edere
2575 4093 2740 4148 quam
2774 4077 2931 4132 alias.
2989 4075 3153 4144 Atqui
3187 4089 3309 4127 cum
3345 4089 3446 4128 nos
3479 4087 3619 4142 quo-

2049 4191 2154 4245 que
2190 4182 2250 4227 ut
2280 4173 2523 4227 diximus
2555 4171 2765 4226 ultimis
2785 4170 2896 4240 jam
2929 4169 2984 4222 in
3029 4168 3156 4220 vitae
3204 4165 3462 4236 periculis
3496 4181 3624 4219 ver-

2046 4279 2255 4328 semur,
2317 4263 2543 4340 minime
2593 4277 2723 4315 sane
2774 4261 3021 4329 ineptum
3081 4259 3223 4312 foret
3282 4257 3624 4326 longioribus

2050 4356 2204 4427 147
2237 4355 2588 4408 sermonibus
2617 4367 2781 4406 aures
2814 4352 3033 4421 longius
3087 4360 3304 4420 tempus
3353 4347 3618 4418 erigendo

2036 4446 2313 4510 supremis
2374 4446 2678 4500 honoribus
2746 4459 2844 4498 nos
2895 4442 3148 4510 obsequi.
3207 4440 3360 4505 Quod
3423 4441 3486 4492 ad
3537 4439 3622 4490 vi-

2041 4549 2188 4593 ctum
2220 4537 2438 4602 attinet,
2478 4537 2632 4606 panis
2675 4536 2762 4588 hic
2803 4539 2910 4604 jam
2945 4535 3140 4586 adesus
3171 4541 3224 4585 et
3251 4546 3412 4598 aqua,
3455 4545 3618 4598 quam

2041 4631 2200 4686 modo
2255 4630 2368 4698 ipse
2399 4643 2430 4680 e
2465 4637 2630 4696 puteo
2681 4623 2934 4685 hausisti,
2982 4621 3140 4674 nobis
3166 4619 3619 4689 suppeditabunt.

2043 4721 2154 4792 Ego
2215 4733 2380 4784 vero,
2413 4719 2496 4770 vir
2555 4715 2760 4778 divine,
2791 4727 2982 4781 panem
3017 4721 3073 4765 et
3112 4711 3390 4778 potionem
3461 4710 3625 4778 mini-

2045 4816 2138 4877 mi,
2171 4815 2280 4866 imo
2315 4809 2470 4864 nihili
2508 4809 2740 4870 τε-ιίιιιο,
2774 4803 2866 4859 sed
2900 4818 3031 4857 usus
3076 4811 3202 4856 tuus
3233 4817 3459 4872 prorsus
3487 4801 3622 4855 mihi

2046 4904 2312 4959 satisfacit
2361 4917 2555 4971 meque
2617 4909 2676 4953 ut
2706 4897 2878 4952 ofIicia
2931 4896 3028 4950 tibi
3082 4907 3332 4965 praestem
3369 4895 3619 4949 facillime

2039 5004 2373 5051 eommmet.
2401 4993 2469 5047 Et
2509 4993 2621 5045 haec
2644 4989 2863 5062 quidem
2897 4989 2966 5042 ob
3003 4991 3141 5042 duas
3167 4987 3394 5040 fortasse
3429 5003 3622 5040 causas

2041 5085 2328 5156 quis-gnam
2391 5081 2546 5142 velit,
2582 5091 2676 5134 aut
2719 5083 2865 5150 quod
2924 5079 3046 5134 viva
3107 5079 3486 5146 oratio-quam
3526 5093 3592 5145 pa

2043 5175 2116 5228 rit
2143 5187 2298 5228 mens
2339 5171 2661 5225 immortalis
2701 5169 2970 5225 firmiores
3022 5183 3078 5225 et
3117 5171 3402 5223 suaviores
3431 5183 3623 5220 aman-

2043 5267 2190 5322 tibus
2263 5263 2447 5319 reddit
2519 5271 2826 5318 amatorum
2881 5263 3255 5322 narrationes,
3297 5271 3387 5313 aut
3472 5260 3618 5328 quod

2044 5369 2269 5428 propter
2345 5357 2678 5411 desiderium
2753 5365 2905 5408 tuum
2973 5353 3326 5424 pluris,imo
3398 5353 3618 5421 plurinn

2043 5449 2218 5503 habeo
2278 5457 2456 5502 tecum
2525 5447 2786 5514 colloqui.
2839 5444 2944 5500 Sed
2999 5449 3066 5500 de
3125 5445 3250 5508 hoc,
3293 5445 3620 5498 charissima

2040 5539 2426 5608 Agathangele,
2459 5538 2567 5606 jam
2602 5537 2768 5603 satis;
2803 5553 2951 5590 nunc
3001 5536 3370 5590 narrationem
3439 5533 3620 5586 conti-

2040 5646 2173 5682 nua.

357 5723 538 5774 εἰπεῖν
587 5719 920 5790 ἀποχρώσης
980 5723 1122 5792 ἐμοὶ,
1183 5723 1276 5776 καὶ
1308 5723 1484 5792 ῥᾷστά
1529 5740 1593 5791 με
1665 5721 1962 5794 πειθούσης
2003 5721 2212 5791 ἔρωτας
2273 5721 2492 5790 ἐρώτων
2559 5719 2942 5784 ἀλλάττεσθαι,
2984 5719 3129 5774 δυοῖν
3173 5719 3438 5786 ὁποτέρου
3483 5717 3616 5786 βού-

473 5813 494 5846 ‘
531 5815 730 5883 Ephes.
757 5831 826 5880 vt,
857 5816 940 5870 19.

2251 5869 2290 5934 ἡ
