  <div class='ocr_page' id='page_1' title='image "/cluster/home/n/w/nwhite01/storage/ocr_20150623/149/hvd.32044073498818/069.png"; bbox 0 0 4036 6210; ppageno 0'>
   <div class='ocr_carea' id='block_1_1' title="bbox 503 323 598 388">
    <p class='ocr_par' dir='ltr' id='par_1_1' title="bbox 503 323 598 388">
     <span class='ocr_line' id='line_1_1' title="bbox 503 323 598 388; baseline -0.021 0"><span class='ocrx_word' id='word_1_1' title='bbox 503 323 598 388; x_wconf 78' lang='grc'><strong>131</strong></span> 
     </span>
    </p>
   </div>
   <div class='ocr_carea' id='block_1_2' title="bbox 495 523 2078 600">
    <p class='ocr_par' dir='ltr' id='par_1_2' title="bbox 495 523 2078 600">
     <span class='ocr_line' id='line_1_2' title="bbox 495 523 2078 600; baseline -0.006 -17"><span class='ocrx_word' id='word_1_2' title='bbox 495 531 620 600; x_wconf 86' lang='lat' dir='ltr'><strong>gina</strong></span> <span class='ocrx_word' id='word_1_3' title='bbox 652 529 996 585; x_wconf 87' lang='lat' dir='ltr'><strong>Orestiadem</strong></span> <span class='ocrx_word' id='word_1_4' title='bbox 1027 537 1084 583; x_wconf 91' lang='lat' dir='ltr'><strong>et</strong></span> <span class='ocrx_word' id='word_1_5' title='bbox 1114 523 1556 596; x_wconf 87' lang='lat' dir='ltr'><strong>Didymotiehum</strong></span> <span class='ocrx_word' id='word_1_6' title='bbox 1588 524 1834 592; x_wconf 81' lang='lat' dir='ltr'><strong>profecta</strong></span> <span class='ocrx_word' id='word_1_7' title='bbox 1879 530 1984 584; x_wconf 87' lang='lat' dir='ltr'><strong>est,</strong></span> <span class='ocrx_word' id='word_1_8' title='bbox 2018 531 2078 574; x_wconf 85' lang='lat' dir='ltr'><strong>ut</strong></span> 
     </span>
    </p>
   </div>
   <div class='ocr_carea' id='block_1_3' title="bbox 496 611 2080 689">
    <p class='ocr_par' dir='ltr' id='par_1_3' title="bbox 496 611 2080 689">
     <span class='ocr_line' id='line_1_3' title="bbox 496 611 2080 689; baseline -0.008 -13"><span class='ocrx_word' id='word_1_9' title='bbox 496 621 786 676; x_wconf 80' lang='lat' dir='ltr'><strong>distineret</strong></span> <span class='ocrx_word' id='word_1_10' title='bbox 811 620 997 675; x_wconf 77' lang='lat' dir='ltr'><strong>affines</strong></span> <span class='ocrx_word' id='word_1_11' title='bbox 1027 621 1121 689; x_wconf 92' lang='lat' dir='ltr'><strong>qui</strong></span> <span class='ocrx_word' id='word_1_12' title='bbox 1168 615 1447 672; x_wconf 76' lang='lat' dir='ltr'><strong>affinitatis</strong></span> <span class='ocrx_word' id='word_1_13' title='bbox 1476 613 1709 668; x_wconf 80' lang='lat' dir='ltr'><strong>vinculis</strong></span> <span class='ocrx_word' id='word_1_14' title='bbox 1744 611 2080 680; x_wconf 86' lang='lat' dir='ltr'><strong>contemptis</strong></span> 
     </span>
    </p>
   </div>
   <div class='ocr_carea' id='block_1_4' title="bbox 499 703 2078 772">
    <p class='ocr_par' dir='ltr' id='par_1_4' title="bbox 499 703 2078 772">
     <span class='ocr_line' id='line_1_4' title="bbox 499 703 2078 772; baseline -0.007 -6"><span class='ocrx_word' id='word_1_15' title='bbox 499 715 644 767; x_wconf 90' lang='lat' dir='ltr'><strong>inter</strong></span> <span class='ocrx_word' id='word_1_16' title='bbox 683 729 740 768; x_wconf 85' lang='lat' dir='ltr'><strong>se</strong></span> <span class='ocrx_word' id='word_1_17' title='bbox 776 711 1112 767; x_wconf 81' lang='lat' dir='ltr'><strong>discordiam</strong></span> <span class='ocrx_word' id='word_1_18' title='bbox 1159 708 1512 772; x_wconf 76' lang='lat' dir='ltr'><strong>exercebant,</strong></span> <span class='ocrx_word' id='word_1_19' title='bbox 1560 705 1874 760; x_wconf 73' lang='lat' dir='ltr'><strong>Matthaaum</strong></span> <span class='ocrx_word' id='word_1_20' title='bbox 1907 703 2078 757; x_wconf 86' lang='lat' dir='ltr'><strong>filium</strong></span> 
     </span>
    </p>
   </div>
   <div class='ocr_carea' id='block_1_5' title="bbox 498 794 2080 874">
    <p class='ocr_par' dir='ltr' id='par_1_5' title="bbox 498 794 2080 874">
     <span class='ocr_line' id='line_1_5' title="bbox 498 794 2080 874; baseline -0.007 -16"><span class='ocrx_word' id='word_1_21' title='bbox 498 813 554 857; x_wconf 89' lang='lat' dir='ltr'><strong>et</strong></span> <span class='ocrx_word' id='word_1_22' title='bbox 581 820 846 874; x_wconf 79' lang='lat' dir='ltr'><strong>generum</strong></span> <span class='ocrx_word' id='word_1_23' title='bbox 888 801 1250 870; x_wconf 69' lang='lat' dir='ltr'><strong>Palteologum</strong></span> <span class='ocrx_word' id='word_1_24' title='bbox 1279 815 1486 869; x_wconf 84' lang='lat' dir='ltr'><strong>regem.</strong></span> <span class='ocrx_word' id='word_1_25' title='bbox 1550 797 1610 852; x_wconf 87' lang='lat' dir='ltr'><strong>In</strong></span> <span class='ocrx_word' id='word_1_26' title='bbox 1640 796 1905 852; x_wconf 86' lang='lat' dir='ltr'><strong>comitatu</strong></span> <span class='ocrx_word' id='word_1_27' title='bbox 1936 794 2080 848; x_wconf 88' lang='lat' dir='ltr'><strong>inter</strong></span> 
     </span>
    </p>
   </div>
   <div class='ocr_carea' id='block_1_6' title="bbox 496 889 2078 958">
    <p class='ocr_par' dir='ltr' id='par_1_6' title="bbox 496 889 2078 958">
     <span class='ocr_line' id='line_1_6' title="bbox 496 889 2078 958; baseline -0.003 -13"><span class='ocrx_word' id='word_1_28' title='bbox 496 895 636 948; x_wconf 76' lang='lat' dir='ltr'><strong>alios</strong></span> <span class='ocrx_word' id='word_1_29' title='bbox 656 911 841 949; x_wconf 89' lang='lat' dir='ltr'><strong>secum</strong></span> <span class='ocrx_word' id='word_1_30' title='bbox 877 893 1038 946; x_wconf 80' lang='lat' dir='ltr'><strong>duxit</strong></span> <span class='ocrx_word' id='word_1_31' title='bbox 1065 892 1202 947; x_wconf 89' lang='lat' dir='ltr'><strong>duos</strong></span> <span class='ocrx_word' id='word_1_32' title='bbox 1226 895 1538 946; x_wconf 81' lang='lat' dir='ltr'><strong>sacerdotes</strong></span> <span class='ocrx_word' id='word_1_33' title='bbox 1563 889 1656 958; x_wconf 91' lang='lat' dir='ltr'><strong>qui</strong></span> <span class='ocrx_word' id='word_1_34' title='bbox 1686 897 1854 943; x_wconf 85' lang='lat' dir='ltr'><strong>testes</strong></span> <span class='ocrx_word' id='word_1_35' title='bbox 1885 895 2078 941; x_wconf 83' lang='lat' dir='ltr'><strong>essent</strong></span> 
     </span>
    </p>
   </div>
   <div class='ocr_carea' id='block_1_7' title="bbox 495 979 2078 1056">
    <p class='ocr_par' dir='ltr' id='par_1_7' title="bbox 495 979 2078 1056">
     <span class='ocr_line' id='line_1_7' title="bbox 495 979 2078 1056; baseline -0.005 -16"><span class='ocrx_word' id='word_1_36' title='bbox 495 999 551 1042; x_wconf 90' lang='lat' dir='ltr'><strong>et</strong></span> <span class='ocrx_word' id='word_1_37' title='bbox 583 986 850 1056; x_wconf 78' lang='lat' dir='ltr'><strong>Angelnm</strong></span> <span class='ocrx_word' id='word_1_38' title='bbox 885 985 979 1054; x_wconf 88' lang='lat' dir='ltr'><strong>qui</strong></span> <span class='ocrx_word' id='word_1_39' title='bbox 1017 984 1110 1038; x_wconf 88' lang='lat' dir='ltr'><strong>illo</strong></span> <span class='ocrx_word' id='word_1_40' title='bbox 1143 992 1390 1052; x_wconf 90' lang='lat' dir='ltr'><strong>tempore</strong></span> <span class='ocrx_word' id='word_1_41' title='bbox 1425 979 1681 1036; x_wconf 87' lang='lat' dir='ltr'><strong>catholici</strong></span> <span class='ocrx_word' id='word_1_42' title='bbox 1711 979 1916 1050; x_wconf 89' lang='lat' dir='ltr'><strong>judicis</strong></span> <span class='ocrx_word' id='word_1_43' title='bbox 1954 993 2078 1032; x_wconf 85' lang='lat' dir='ltr'><strong>mu-</strong></span> 
     </span>
    </p>
   </div>
   <div class='ocr_carea' id='block_1_8' title="bbox 496 1072 2076 1146">
    <p class='ocr_par' dir='ltr' id='par_1_8' title="bbox 496 1072 2076 1146">
     <span class='ocr_line' id='line_1_8' title="bbox 496 1072 2076 1146; baseline -0.003 -18"><span class='ocrx_word' id='word_1_44' title='bbox 496 1093 626 1129; x_wconf 84' lang='lat' dir='ltr'><strong>nere</strong></span> <span class='ocrx_word' id='word_1_45' title='bbox 662 1076 1013 1146; x_wconf 86' lang='lat' dir='ltr'><strong>fungebatur.</strong></span> <span class='ocrx_word' id='word_1_46' title='bbox 1074 1073 1175 1128; x_wconf 86' lang='lat' dir='ltr'><strong>Hic</strong></span> <span class='ocrx_word' id='word_1_47' title='bbox 1208 1088 1318 1144; x_wconf 91' lang='lat' dir='ltr'><strong>quo</strong></span> <span class='ocrx_word' id='word_1_48' title='bbox 1355 1082 1606 1142; x_wconf 86' lang='lat' dir='ltr'><strong>tempore</strong></span> <span class='ocrx_word' id='word_1_49' title='bbox 1634 1072 1867 1142; x_wconf 88' lang='lat' dir='ltr'><strong>patriam</strong></span> <span class='ocrx_word' id='word_1_50' title='bbox 1899 1085 2076 1125; x_wconf 91' lang='lat' dir='ltr'><strong>meam</strong></span> 
     </span>
    </p>
   </div>
   <div class='ocr_carea' id='block_1_9' title="bbox 499 1163 2079 1237">
    <p class='ocr_par' dir='ltr' id='par_1_9' title="bbox 499 1163 2079 1237">
     <span class='ocr_line' id='line_1_9' title="bbox 499 1163 2079 1237; baseline -0.002 -16"><span class='ocrx_word' id='word_1_51' title='bbox 499 1169 693 1237; x_wconf 83' lang='lat' dir='ltr'><strong>reliqui</strong></span> <span class='ocrx_word' id='word_1_52' title='bbox 729 1169 1024 1222; x_wconf 84' lang='lat' dir='ltr'><strong>admodum</strong></span> <span class='ocrx_word' id='word_1_53' title='bbox 1048 1167 1268 1237; x_wconf 79' lang='lat' dir='ltr'><strong>juvenis</strong></span> <span class='ocrx_word' id='word_1_54' title='bbox 1297 1166 1566 1229; x_wconf 89' lang='lat' dir='ltr'><strong>necdum,</strong></span> <span class='ocrx_word' id='word_1_55' title='bbox 1613 1165 1669 1218; x_wconf 89' lang='lat' dir='ltr'><strong>ni</strong></span> <span class='ocrx_word' id='word_1_56' title='bbox 1700 1163 1877 1229; x_wconf 89' lang='lat' dir='ltr'><strong>fallor,</strong></span> <span class='ocrx_word' id='word_1_57' title='bbox 1907 1163 2079 1233; x_wconf 81' lang='lat' dir='ltr'><strong>pubes</strong></span> 
     </span>
    </p>
   </div>
   <div class='ocr_carea' id='block_1_10' title="bbox 495 1255 2078 1331">
    <p class='ocr_par' dir='ltr' id='par_1_10' title="bbox 495 1255 2078 1331">
     <span class='ocr_line' id='line_1_10' title="bbox 495 1255 2078 1331; baseline -0.006 -14"><span class='ocrx_word' id='word_1_58' title='bbox 495 1273 636 1317; x_wconf 75' lang='lat' dir='ltr'><strong>erat.</strong></span> <span class='ocrx_word' id='word_1_59' title='bbox 686 1259 917 1330; x_wconf 13' lang='lat' dir='ltr'><strong>r,&#39;l‘amen</strong></span> <span class='ocrx_word' id='word_1_60' title='bbox 954 1260 1064 1331; x_wconf 86' lang='lat' dir='ltr'><strong>jam</strong></span> <span class='ocrx_word' id='word_1_61' title='bbox 1107 1259 1368 1329; x_wconf 74' lang='lat' dir='ltr'><strong>praeclara</strong></span> <span class='ocrx_word' id='word_1_62' title='bbox 1422 1257 1596 1311; x_wconf 88' lang='lat' dir='ltr'><strong>valuit</strong></span> <span class='ocrx_word' id='word_1_63' title='bbox 1655 1255 1723 1310; x_wconf 88' lang='lat' dir='ltr'><strong>ad</strong></span> <span class='ocrx_word' id='word_1_64' title='bbox 1775 1255 2078 1310; x_wconf 88' lang='lat' dir='ltr'><strong>dicendum</strong></span> 
     </span>
    </p>
   </div>
   <div class='ocr_carea' id='block_1_11' title="bbox 495 1347 2078 1421">
    <p class='ocr_par' dir='ltr' id='par_1_11' title="bbox 495 1347 2078 1421">
     <span class='ocr_line' id='line_1_11' title="bbox 495 1347 2078 1421; baseline -0.004 -13"><span class='ocrx_word' id='word_1_65' title='bbox 495 1364 718 1419; x_wconf 86' lang='lat' dir='ltr'><strong>natura,</strong></span> <span class='ocrx_word' id='word_1_66' title='bbox 757 1356 832 1408; x_wconf 86' lang='lat' dir='ltr'><strong>ita</strong></span> <span class='ocrx_word' id='word_1_67' title='bbox 883 1362 941 1408; x_wconf 92' lang='lat' dir='ltr'><strong>ut</strong></span> <span class='ocrx_word' id='word_1_68' title='bbox 988 1368 1089 1409; x_wconf 87' lang='lat' dir='ltr'><strong>nos</strong></span> <span class='ocrx_word' id='word_1_69' title='bbox 1129 1367 1280 1421; x_wconf 83' lang='lat' dir='ltr'><strong>spem</strong></span> <span class='ocrx_word' id='word_1_70' title='bbox 1329 1351 1595 1420; x_wconf 83' lang='lat' dir='ltr'><strong>optimam</strong></span> <span class='ocrx_word' id='word_1_71' title='bbox 1621 1348 1688 1404; x_wconf 91' lang='lat' dir='ltr'><strong>de</strong></span> <span class='ocrx_word' id='word_1_72' title='bbox 1719 1349 1839 1420; x_wconf 83' lang='lat' dir='ltr'><strong>ejus</strong></span> <span class='ocrx_word' id='word_1_73' title='bbox 1872 1347 2078 1418; x_wconf 76' lang='lat' dir='ltr'><strong>ingenii</strong></span> 
     </span>
    </p>
   </div>
   <div class='ocr_carea' id='block_1_12' title="bbox 499 1441 2078 1514">
    <p class='ocr_par' dir='ltr' id='par_1_12' title="bbox 499 1441 2078 1514">
     <span class='ocr_line' id='line_1_12' title="bbox 499 1441 2078 1514; baseline -0.003 -16"><span class='ocrx_word' id='word_1_74' title='bbox 499 1446 860 1500; x_wconf 68' lang='lat' dir='ltr'><strong>facultatibus</strong></span> <span class='ocrx_word' id='word_1_75' title='bbox 916 1459 1262 1514; x_wconf 86' lang='lat' dir='ltr'><strong>caperemus.</strong></span> <span class='ocrx_word' id='word_1_76' title='bbox 1337 1441 1542 1497; x_wconf 86' lang='lat' dir='ltr'><strong>Omnes</strong></span> <span class='ocrx_word' id='word_1_77' title='bbox 1607 1441 1754 1496; x_wconf 87' lang='lat' dir='ltr'><strong>enim</strong></span> <span class='ocrx_word' id='word_1_78' title='bbox 1821 1441 1914 1510; x_wconf 88' lang='lat' dir='ltr'><strong>qui</strong></span> <span class='ocrx_word' id='word_1_79' title='bbox 1969 1454 2078 1494; x_wconf 83' lang='lat' dir='ltr'><strong>una</strong></span> 
     </span>
    </p>
   </div>
   <div class='ocr_carea' id='block_1_13' title="bbox 494 1532 2078 1607">
    <p class='ocr_par' dir='ltr' id='par_1_13' title="bbox 494 1532 2078 1607">
     <span class='ocr_line' id='line_1_13' title="bbox 494 1532 2078 1607; baseline -0.004 -15"><span class='ocrx_word' id='word_1_80' title='bbox 494 1553 621 1592; x_wconf 90' lang='lat' dir='ltr'><strong>eum</strong></span> <span class='ocrx_word' id='word_1_81' title='bbox 639 1553 703 1592; x_wconf 89' lang='lat' dir='ltr'><strong>eo</strong></span> <span class='ocrx_word' id='word_1_82' title='bbox 719 1536 999 1607; x_wconf 70' lang='lat' dir='ltr'><strong>sapientia:</strong></span> <span class='ocrx_word' id='word_1_83' title='bbox 1016 1545 1120 1590; x_wconf 81' lang='lat' dir='ltr'><strong>tuae</strong></span> <span class='ocrx_word' id='word_1_84' title='bbox 1143 1535 1374 1590; x_wconf 77' lang='lat' dir='ltr'><strong>Studiosi</strong></span> <span class='ocrx_word' id='word_1_85' title='bbox 1389 1543 1546 1588; x_wconf 87' lang='lat' dir='ltr'><strong>erant</strong></span> <span class='ocrx_word' id='word_1_86' title='bbox 1571 1541 1773 1604; x_wconf 88' lang='lat' dir='ltr'><strong>tuaque</strong></span> <span class='ocrx_word' id='word_1_87' title='bbox 1789 1532 2078 1604; x_wconf 88' lang='lat' dir='ltr'><strong>disciplina</strong></span> 
     </span>
    </p>
   </div>
   <div class='ocr_carea' id='block_1_14' title="bbox 496 1625 2079 1701">
    <p class='ocr_par' dir='ltr' id='par_1_14' title="bbox 496 1625 2079 1701">
     <span class='ocr_line' id='line_1_14' title="bbox 496 1625 2079 1701; baseline -0.003 -17"><span class='ocrx_word' id='word_1_88' title='bbox 496 1630 845 1693; x_wconf 89' lang='lat' dir='ltr'><strong>fruebantur,</strong></span> <span class='ocrx_word' id='word_1_89' title='bbox 893 1629 1056 1699; x_wconf 86' lang='lat' dir='ltr'><strong>longe</strong></span> <span class='ocrx_word' id='word_1_90' title='bbox 1111 1628 1408 1701; x_wconf 73' lang='lat' dir='ltr'><strong>superabat</strong></span> <span class='ocrx_word' id='word_1_91' title='bbox 1454 1626 1652 1696; x_wconf 65' lang='lat' dir='ltr'><strong>lingua:</strong></span> <span class='ocrx_word' id='word_1_92' title='bbox 1704 1625 1965 1680; x_wconf 80' lang='lat' dir='ltr'><strong>facilitate</strong></span> <span class='ocrx_word' id='word_1_93' title='bbox 2021 1634 2079 1680; x_wconf 89' lang='lat' dir='ltr'><strong>ct</strong></span> 
     </span>
    </p>
   </div>
   <div class='ocr_carea' id='block_1_15' title="bbox 496 1716 2074 1787">
    <p class='ocr_par' dir='ltr' id='par_1_15' title="bbox 496 1716 2074 1787">
     <span class='ocr_line' id='line_1_15' title="bbox 496 1716 2074 1787; baseline -0.001 -14"><span class='ocrx_word' id='word_1_94' title='bbox 496 1721 697 1775; x_wconf 87' lang='lat' dir='ltr'><strong>mentis</strong></span> <span class='ocrx_word' id='word_1_95' title='bbox 726 1720 998 1775; x_wconf 83' lang='lat' dir='ltr'><strong>acumine.</strong></span> <span class='ocrx_word' id='word_1_96' title='bbox 1059 1719 1217 1774; x_wconf 81' lang='lat' dir='ltr'><strong>Nunc</strong></span> <span class='ocrx_word' id='word_1_97' title='bbox 1240 1733 1372 1773; x_wconf 80' lang='lat' dir='ltr'><strong>vero</strong></span> <span class='ocrx_word' id='word_1_98' title='bbox 1398 1719 1442 1772; x_wconf 88' lang='lat' dir='ltr'><strong>si</strong></span> <span class='ocrx_word' id='word_1_99' title='bbox 1477 1729 1690 1787; x_wconf 88' lang='lat' dir='ltr'><strong>tempus</strong></span> <span class='ocrx_word' id='word_1_100' title='bbox 1711 1732 1820 1786; x_wconf 90' lang='lat' dir='ltr'><strong>quo</strong></span> <span class='ocrx_word' id='word_1_101' title='bbox 1844 1731 1873 1770; x_wconf 90' lang='lat' dir='ltr'><strong>a</strong></span> <span class='ocrx_word' id='word_1_102' title='bbox 1903 1716 2074 1785; x_wconf 86' lang='lat' dir='ltr'><strong>patria</strong></span> 
     </span>
    </p>
   </div>
   <div class='ocr_carea' id='block_1_16' title="bbox 495 1808 2074 1882">
    <p class='ocr_par' dir='ltr' id='par_1_16' title="bbox 495 1808 2074 1882">
     <span class='ocr_line' id='line_1_16' title="bbox 495 1808 2074 1882; baseline -0.003 -16"><span class='ocrx_word' id='word_1_103' title='bbox 495 1812 687 1867; x_wconf 89' lang='lat' dir='ltr'><strong>absum</strong></span> <span class='ocrx_word' id='word_1_104' title='bbox 715 1813 974 1882; x_wconf 87' lang='lat' dir='ltr'><strong>respicio,</strong></span> <span class='ocrx_word' id='word_1_105' title='bbox 1025 1811 1226 1865; x_wconf 90' lang='lat' dir='ltr'><strong>indolis</strong></span> <span class='ocrx_word' id='word_1_106' title='bbox 1246 1811 1367 1880; x_wconf 89' lang='lat' dir='ltr'><strong>ejus</strong></span> <span class='ocrx_word' id='word_1_107' title='bbox 1393 1810 1696 1865; x_wconf 88' lang='lat' dir='ltr'><strong>bonitatem</strong></span> <span class='ocrx_word' id='word_1_108' title='bbox 1720 1808 1787 1862; x_wconf 87' lang='lat' dir='ltr'><strong>ad</strong></span> <span class='ocrx_word' id='word_1_109' title='bbox 1814 1808 2074 1862; x_wconf 87' lang='lat' dir='ltr'><strong>meliores</strong></span> 
     </span>
    </p>
   </div>
   <div class='ocr_carea' id='block_1_17' title="bbox 495 1898 2075 1974">
    <p class='ocr_par' dir='ltr' id='par_1_17' title="bbox 495 1898 2075 1974">
     <span class='ocr_line' id='line_1_17' title="bbox 495 1898 2075 1974; baseline -0.003 -16"><span class='ocrx_word' id='word_1_110' title='bbox 495 1905 682 1973; x_wconf 87' lang='lat' dir='ltr'><strong>fruges</strong></span> <span class='ocrx_word' id='word_1_111' title='bbox 713 1905 1035 1974; x_wconf 75' lang='lat' dir='ltr'><strong>pervenisse</strong></span> <span class='ocrx_word' id='word_1_112' title='bbox 1061 1903 1338 1972; x_wconf 90' lang='lat' dir='ltr'><strong>suspicor,</strong></span> <span class='ocrx_word' id='word_1_113' title='bbox 1366 1904 1439 1956; x_wconf 91' lang='lat' dir='ltr'><strong>ita</strong></span> <span class='ocrx_word' id='word_1_114' title='bbox 1494 1910 1552 1955; x_wconf 93' lang='lat' dir='ltr'><strong>ut</strong></span> <span class='ocrx_word' id='word_1_115' title='bbox 1590 1915 1619 1953; x_wconf 90' lang='lat' dir='ltr'><strong>a</strong></span> <span class='ocrx_word' id='word_1_116' title='bbox 1644 1900 1927 1970; x_wconf 78' lang='lat' dir='ltr'><strong>prooemiis</strong></span> <span class='ocrx_word' id='word_1_117' title='bbox 1965 1898 2075 1954; x_wconf 88' lang='lat' dir='ltr'><strong>illis</strong></span> 
     </span>
    </p>
   </div>
   <div class='ocr_carea' id='block_1_18' title="bbox 492 1990 2074 2064">
    <p class='ocr_par' dir='ltr' id='par_1_18' title="bbox 492 1990 2074 2064">
     <span class='ocr_line' id='line_1_18' title="bbox 492 1990 2074 2064; baseline -0.003 -16"><span class='ocrx_word' id='word_1_118' title='bbox 492 1997 603 2063; x_wconf 89' lang='lat' dir='ltr'><strong>jam</strong></span> <span class='ocrx_word' id='word_1_119' title='bbox 624 1995 692 2049; x_wconf 91' lang='lat' dir='ltr'><strong>ad</strong></span> <span class='ocrx_word' id='word_1_120' title='bbox 713 1998 911 2050; x_wconf 87' lang='lat' dir='ltr'><strong>bonam</strong></span> <span class='ocrx_word' id='word_1_121' title='bbox 942 1994 1308 2049; x_wconf 89' lang='lat' dir='ltr'><strong>maturitatem</strong></span> <span class='ocrx_word' id='word_1_122' title='bbox 1341 1992 1691 2064; x_wconf 80' lang='lat' dir='ltr'><strong>processerit.</strong></span> <span class='ocrx_word' id='word_1_123' title='bbox 1743 1991 1920 2057; x_wconf 86' lang='lat' dir='ltr'><strong>Quare</strong></span> <span class='ocrx_word' id='word_1_124' title='bbox 1945 1990 2074 2045; x_wconf 89' lang='lat' dir='ltr'><strong>dum</strong></span> 
     </span>
    </p>
   </div>
   <div class='ocr_carea' id='block_1_19' title="bbox 493 2083 2074 2157">
    <p class='ocr_par' dir='ltr' id='par_1_19' title="bbox 493 2083 2074 2157">
     <span class='ocr_line' id='line_1_19' title="bbox 493 2083 2074 2157; baseline -0.004 -16"><span class='ocrx_word' id='word_1_125' title='bbox 493 2088 669 2141; x_wconf 89' lang='lat' dir='ltr'><strong>virum</strong></span> <span class='ocrx_word' id='word_1_126' title='bbox 693 2088 835 2157; x_wconf 87' lang='lat' dir='ltr'><strong>regis</strong></span> <span class='ocrx_word' id='word_1_127' title='bbox 849 2103 947 2141; x_wconf 93' lang='lat' dir='ltr'><strong>usu</strong></span> <span class='ocrx_word' id='word_1_128' title='bbox 963 2099 1017 2142; x_wconf 91' lang='lat' dir='ltr'><strong>et</strong></span> <span class='ocrx_word' id='word_1_129' title='bbox 1034 2087 1268 2141; x_wconf 83' lang='lat' dir='ltr'><strong>amicitia</strong></span> <span class='ocrx_word' id='word_1_130' title='bbox 1287 2102 1396 2140; x_wconf 89' lang='lat' dir='ltr'><strong>non</strong></span> <span class='ocrx_word' id='word_1_131' title='bbox 1416 2085 1598 2140; x_wconf 90' lang='lat' dir='ltr'><strong>minus</strong></span> <span class='ocrx_word' id='word_1_132' title='bbox 1615 2084 1720 2139; x_wconf 82' lang='lat' dir='ltr'><strong>frui</strong></span> <span class='ocrx_word' id='word_1_133' title='bbox 1740 2083 1900 2137; x_wconf 87' lang='lat' dir='ltr'><strong>video</strong></span> <span class='ocrx_word' id='word_1_134' title='bbox 1913 2097 2074 2151; x_wconf 90' lang='lat' dir='ltr'><strong>quam</strong></span> 
     </span>
    </p>
   </div>
   <div class='ocr_carea' id='block_1_20' title="bbox 493 2176 2076 2249">
    <p class='ocr_par' dir='ltr' id='par_1_20' title="bbox 493 2176 2076 2249">
     <span class='ocr_line' id='line_1_20' title="bbox 493 2176 2076 2249; baseline -0.003 -16"><span class='ocrx_word' id='word_1_135' title='bbox 493 2180 865 2240; x_wconf 82' lang='lat' dir='ltr'><strong>nobilissimos</strong></span> <span class='ocrx_word' id='word_1_136' title='bbox 897 2181 1075 2244; x_wconf 86' lang='lat' dir='ltr'><strong>viros,</strong></span> <span class='ocrx_word' id='word_1_137' title='bbox 1112 2178 1343 2249; x_wconf 79' lang='lat' dir='ltr'><strong>gaudeo.</strong></span> <span class='ocrx_word' id='word_1_138' title='bbox 1409 2179 1527 2233; x_wconf 82' lang='lat' dir='ltr'><strong>Jam</strong></span> <span class='ocrx_word' id='word_1_139' title='bbox 1583 2186 1808 2247; x_wconf 88' lang='lat' dir='ltr'><strong>propter</strong></span> <span class='ocrx_word' id='word_1_140' title='bbox 1856 2176 2076 2230; x_wconf 85' lang='lat' dir='ltr'><strong>virtutis</strong></span> 
     </span>
    </p>
   </div>
   <div class='ocr_carea' id='block_1_21' title="bbox 493 2267 2075 2340">
    <p class='ocr_par' dir='ltr' id='par_1_21' title="bbox 493 2267 2075 2340">
     <span class='ocr_line' id='line_1_21' title="bbox 493 2267 2075 2340; baseline -0.002 -17"><span class='ocrx_word' id='word_1_141' title='bbox 493 2271 864 2340; x_wconf 64' lang='lat' dir='ltr'><strong>praestantiam</strong></span> <span class='ocrx_word' id='word_1_142' title='bbox 899 2271 1070 2339; x_wconf 86' lang='lat' dir='ltr'><strong>ipsius</strong></span> <span class='ocrx_word' id='word_1_143' title='bbox 1100 2270 1262 2339; x_wconf 68' lang='lat' dir='ltr'><strong>regias</strong></span> <span class='ocrx_word' id='word_1_144' title='bbox 1294 2268 1716 2339; x_wconf 89' lang='lat' dir='ltr'><strong>domusjudicia</strong></span> <span class='ocrx_word' id='word_1_145' title='bbox 1753 2267 1939 2324; x_wconf 83' lang='lat' dir='ltr'><strong>libera</strong></span> <span class='ocrx_word' id='word_1_146' title='bbox 1968 2267 2075 2320; x_wconf 91' lang='lat' dir='ltr'><strong>lin-</strong></span> 
     </span>
    </p>
   </div>
   <div class='ocr_carea' id='block_1_22' title="bbox 494 2359 2075 2432">
    <p class='ocr_par' dir='ltr' id='par_1_22' title="bbox 494 2359 2075 2432">
     <span class='ocr_line' id='line_1_22' title="bbox 494 2359 2075 2432; baseline -0.001 -16"><span class='ocrx_word' id='word_1_147' title='bbox 494 2380 596 2431; x_wconf 87' lang='lat' dir='ltr'><strong>gua</strong></span> <span class='ocrx_word' id='word_1_148' title='bbox 613 2364 932 2431; x_wconf 76' lang='lat' dir='ltr'><strong>exsequitur</strong></span> <span class='ocrx_word' id='word_1_149' title='bbox 947 2363 1190 2431; x_wconf 85' lang='lat' dir='ltr'><strong>itemque</strong></span> <span class='ocrx_word' id='word_1_150' title='bbox 1207 2362 1535 2432; x_wconf 72' lang='lat' dir='ltr'><strong>iudiciorum</strong></span> <span class='ocrx_word' id='word_1_151' title='bbox 1564 2360 1632 2415; x_wconf 85' lang='lat' dir='ltr'><strong>de</strong></span> <span class='ocrx_word' id='word_1_152' title='bbox 1653 2361 1819 2415; x_wconf 88' lang='lat' dir='ltr'><strong>rebus</strong></span> <span class='ocrx_word' id='word_1_153' title='bbox 1836 2359 2075 2428; x_wconf 84' lang='lat' dir='ltr'><strong>publicis</strong></span> 
     </span>
    </p>
   </div>
   <div class='ocr_carea' id='block_1_23' title="bbox 500 2452 2074 2524">
    <p class='ocr_par' dir='ltr' id='par_1_23' title="bbox 500 2452 2074 2524">
     <span class='ocr_line' id='line_1_23' title="bbox 500 2452 2074 2524; baseline -0.004 -13"><span class='ocrx_word' id='word_1_154' title='bbox 500 2456 658 2524; x_wconf 78' lang='lat'><strong>153</strong></span> <span class='ocrx_word' id='word_1_155' title='bbox 689 2456 920 2511; x_wconf 88' lang='lat' dir='ltr'><strong>consilia</strong></span> <span class='ocrx_word' id='word_1_156' title='bbox 955 2471 1019 2510; x_wconf 88' lang='lat' dir='ltr'><strong>ac</strong></span> <span class='ocrx_word' id='word_1_157' title='bbox 1042 2455 1264 2509; x_wconf 83' lang='lat' dir='ltr'><strong>decreta</strong></span> <span class='ocrx_word' id='word_1_158' title='bbox 1291 2453 1659 2508; x_wconf 90' lang='lat' dir='ltr'><strong>administrat.</strong></span> <span class='ocrx_word' id='word_1_159' title='bbox 1697 2452 1952 2521; x_wconf 86' lang='lat' dir='ltr'><strong>Cumque</strong></span> <span class='ocrx_word' id='word_1_160' title='bbox 1978 2467 2074 2520; x_wconf 89' lang='lat' dir='ltr'><strong>per</strong></span> 
     </span>
    </p>
   </div>
   <div class='ocr_carea' id='block_1_24' title="bbox 494 2545 2076 2618">
    <p class='ocr_par' dir='ltr' id='par_1_24' title="bbox 494 2545 2076 2618">
     <span class='ocr_line' id='line_1_24' title="bbox 494 2545 2076 2618; baseline -0.004 -16"><span class='ocrx_word' id='word_1_161' title='bbox 494 2565 716 2604; x_wconf 84' lang='lat' dir='ltr'><strong>omnem</strong></span> <span class='ocrx_word' id='word_1_162' title='bbox 744 2559 960 2604; x_wconf 71' lang='lat' dir='ltr'><strong>aztatem</strong></span> <span class='ocrx_word' id='word_1_163' title='bbox 1007 2562 1225 2617; x_wconf 85' lang='lat' dir='ltr'><strong>semper</strong></span> <span class='ocrx_word' id='word_1_164' title='bbox 1257 2547 1483 2618; x_wconf 77' lang='lat' dir='ltr'><strong>justitia:</strong></span> <span class='ocrx_word' id='word_1_165' title='bbox 1509 2561 1673 2616; x_wconf 90' lang='lat' dir='ltr'><strong>quam</strong></span> <span class='ocrx_word' id='word_1_166' title='bbox 1718 2545 1911 2600; x_wconf 87' lang='lat' dir='ltr'><strong>dicunt</strong></span> <span class='ocrx_word' id='word_1_167' title='bbox 1959 2554 2076 2598; x_wconf 87' lang='lat' dir='ltr'><strong>tru-</strong></span> 
     </span>
    </p>
   </div>
   <div class='ocr_carea' id='block_1_25' title="bbox 497 2637 2070 2707">
    <p class='ocr_par' dir='ltr' id='par_1_25' title="bbox 497 2637 2070 2707">
     <span class='ocr_line' id='line_1_25' title="bbox 497 2637 2070 2707; baseline -0.002 -16"><span class='ocrx_word' id='word_1_168' title='bbox 497 2641 609 2695; x_wconf 90' lang='lat' dir='ltr'><strong>tina</strong></span> <span class='ocrx_word' id='word_1_169' title='bbox 660 2656 748 2695; x_wconf 90' lang='lat' dir='ltr'><strong>res</strong></span> <span class='ocrx_word' id='word_1_170' title='bbox 784 2651 930 2696; x_wconf 90' lang='lat' dir='ltr'><strong>recte</strong></span> <span class='ocrx_word' id='word_1_171' title='bbox 962 2649 1016 2694; x_wconf 89' lang='lat' dir='ltr'><strong>et</strong></span> <span class='ocrx_word' id='word_1_172' title='bbox 1069 2639 1190 2694; x_wconf 88' lang='lat' dir='ltr'><strong>sine</strong></span> <span class='ocrx_word' id='word_1_173' title='bbox 1243 2637 1437 2692; x_wconf 87' lang='lat' dir='ltr'><strong>fraude</strong></span> <span class='ocrx_word' id='word_1_174' title='bbox 1471 2637 1775 2700; x_wconf 81' lang='lat' dir='ltr'><strong>examinet,</strong></span> <span class='ocrx_word' id='word_1_175' title='bbox 1805 2638 2070 2707; x_wconf 86' lang='lat' dir='ltr'><strong>majorem</strong></span> 
     </span>
    </p>
   </div>
   <div class='ocr_carea' id='block_1_26' title="bbox 497 2728 2072 2798">
    <p class='ocr_par' dir='ltr' id='par_1_26' title="bbox 497 2728 2072 2798">
     <span class='ocr_line' id='line_1_26' title="bbox 497 2728 2072 2798; baseline 0 -16"><span class='ocrx_word' id='word_1_176' title='bbox 497 2731 780 2784; x_wconf 83' lang='lat' dir='ltr'><strong>hominum</strong></span> <span class='ocrx_word' id='word_1_177' title='bbox 825 2729 1248 2784; x_wconf 83' lang='lat' dir='ltr'><strong>admirationem</strong></span> <span class='ocrx_word' id='word_1_178' title='bbox 1309 2728 1480 2783; x_wconf 81' lang='lat' dir='ltr'><strong>movit</strong></span> <span class='ocrx_word' id='word_1_179' title='bbox 1529 2745 1693 2798; x_wconf 87' lang='lat' dir='ltr'><strong>quam</strong></span> <span class='ocrx_word' id='word_1_180' title='bbox 1745 2728 1927 2798; x_wconf 84' lang='lat' dir='ltr'><strong>justus</strong></span> <span class='ocrx_word' id='word_1_181' title='bbox 1981 2728 2072 2782; x_wconf 89' lang='lat' dir='ltr'><strong>ille</strong></span> 
     </span>
    </p>
   </div>
   <div class='ocr_carea' id='block_1_27' title="bbox 497 2819 2070 2888">
    <p class='ocr_par' dir='ltr' id='par_1_27' title="bbox 497 2819 2070 2888">
     <span class='ocr_line' id='line_1_27' title="bbox 497 2819 2070 2888; baseline -0.003 -10"><span class='ocrx_word' id='word_1_182' title='bbox 497 2822 790 2888; x_wconf 80' lang='lat' dir='ltr'><strong>Aristides,</strong></span> <span class='ocrx_word' id='word_1_183' title='bbox 819 2835 874 2875; x_wconf 90' lang='lat' dir='ltr'><strong>ct</strong></span> <span class='ocrx_word' id='word_1_184' title='bbox 905 2823 959 2875; x_wconf 92' lang='lat' dir='ltr'><strong>in</strong></span> <span class='ocrx_word' id='word_1_185' title='bbox 990 2837 1086 2876; x_wconf 88' lang='lat' dir='ltr'><strong>ore</strong></span> <span class='ocrx_word' id='word_1_186' title='bbox 1113 2819 1362 2876; x_wconf 90' lang='lat' dir='ltr'><strong>omnium</strong></span> <span class='ocrx_word' id='word_1_187' title='bbox 1395 2831 1479 2875; x_wconf 91' lang='lat' dir='ltr'><strong>est</strong></span> <span class='ocrx_word' id='word_1_188' title='bbox 1511 2837 1618 2875; x_wconf 85' lang='lat' dir='ltr'><strong>non</strong></span> <span class='ocrx_word' id='word_1_189' title='bbox 1669 2821 1846 2875; x_wconf 90' lang='lat' dir='ltr'><strong>solum</strong></span> <span class='ocrx_word' id='word_1_190' title='bbox 1881 2822 2070 2876; x_wconf 78' lang='lat' dir='ltr'><strong>conci-</strong></span> 
     </span>
    </p>
   </div>
   <div class='ocr_carea' id='block_1_28' title="bbox 493 2911 2070 2982">
    <p class='ocr_par' dir='ltr' id='par_1_28' title="bbox 493 2911 2070 2982">
     <span class='ocr_line' id='line_1_28' title="bbox 493 2911 2070 2982; baseline -0.001 -14"><span class='ocrx_word' id='word_1_191' title='bbox 493 2917 670 2980; x_wconf 88' lang='lat' dir='ltr'><strong>vium,</strong></span> <span class='ocrx_word' id='word_1_192' title='bbox 708 2914 803 2969; x_wconf 88' lang='lat' dir='ltr'><strong>sed</strong></span> <span class='ocrx_word' id='word_1_193' title='bbox 857 2915 1024 2969; x_wconf 85' lang='lat' dir='ltr'><strong>etiam</strong></span> <span class='ocrx_word' id='word_1_194' title='bbox 1059 2912 1203 2981; x_wconf 87' lang='lat' dir='ltr'><strong>apud</strong></span> <span class='ocrx_word' id='word_1_195' title='bbox 1240 2911 1486 2969; x_wconf 87' lang='lat' dir='ltr'><strong>confines</strong></span> <span class='ocrx_word' id='word_1_196' title='bbox 1531 2921 1724 2981; x_wconf 84' lang='lat' dir='ltr'><strong>gentes</strong></span> <span class='ocrx_word' id='word_1_197' title='bbox 1769 2912 1914 2966; x_wconf 84' lang='lat' dir='ltr'><strong>fama</strong></span> <span class='ocrx_word' id='word_1_198' title='bbox 1950 2913 2070 2982; x_wconf 82' lang='lat' dir='ltr'><strong>ejus</strong></span> 
     </span>
    </p>
   </div>
   <div class='ocr_carea' id='block_1_29' title="bbox 493 3003 2070 3076">
    <p class='ocr_par' dir='ltr' id='par_1_29' title="bbox 493 3003 2070 3076">
     <span class='ocr_line' id='line_1_29' title="bbox 493 3003 2070 3076; baseline -0.002 -15"><span class='ocrx_word' id='word_1_199' title='bbox 493 3006 830 3076; x_wconf 87' lang='lat' dir='ltr'><strong>percrebuit,</strong></span> <span class='ocrx_word' id='word_1_200' title='bbox 887 3015 943 3059; x_wconf 94' lang='lat' dir='ltr'><strong>et</strong></span> <span class='ocrx_word' id='word_1_201' title='bbox 996 3018 1190 3058; x_wconf 89' lang='lat' dir='ltr'><strong>omnes</strong></span> <span class='ocrx_word' id='word_1_202' title='bbox 1221 3004 1430 3072; x_wconf 88' lang='lat' dir='ltr'><strong>pariter</strong></span> <span class='ocrx_word' id='word_1_203' title='bbox 1459 3003 1564 3058; x_wconf 92' lang='lat' dir='ltr'><strong>viri</strong></span> <span class='ocrx_word' id='word_1_204' title='bbox 1611 3004 1771 3074; x_wconf 88' lang='lat' dir='ltr'><strong>hujus</strong></span> <span class='ocrx_word' id='word_1_205' title='bbox 1798 3017 2070 3058; x_wconf 86' lang='lat' dir='ltr'><strong>verecun-</strong></span> 
     </span>
    </p>
   </div>
   <div class='ocr_carea' id='block_1_30' title="bbox 1691 313 2528 378">
    <p class='ocr_par' dir='ltr' id='par_1_30' title="bbox 1691 313 2528 378">
     <span class='ocr_line' id='line_1_30' title="bbox 1691 313 2528 378; baseline -0.002 -1"><span class='ocrx_word' id='word_1_206' title='bbox 1691 313 2107 377; x_wconf 79' lang='lat' dir='ltr'><strong>NICEPHURI</strong></span> <span class='ocrx_word' id='word_1_207' title='bbox 2145 315 2528 378; x_wconf 73' lang='grc' dir='ltr'><strong>ΘΒΕΟΟΒιΕ</strong></span> 
     </span>
    </p>
   </div>
   <div class='ocr_carea' id='block_1_31' title="bbox 569 427 2069 510">
    <p class='ocr_par' dir='ltr' id='par_1_31' title="bbox 569 429 2069 510">
     <span class='ocr_line' id='line_1_31' title="bbox 569 429 2069 510; baseline -0.019 -1"><span class='ocrx_word' id='word_1_208' title='bbox 569 438 727 510; x_wconf 81' lang='grc'><strong>152</strong></span> <span class='ocrx_word' id='word_1_209' title='bbox 764 436 905 492; x_wconf 78' lang='lat' dir='ltr'><strong>XIX.</strong></span> <span class='ocrx_word' id='word_1_210' title='bbox 939 437 1072 504; x_wconf 70' lang='lat' dir='ltr'><strong>Qure</strong></span> <span class='ocrx_word' id='word_1_211' title='bbox 1100 451 1226 492; x_wconf 91' lang='lat' dir='ltr'><strong>cum</strong></span> <span class='ocrx_word' id='word_1_212' title='bbox 1279 435 1356 488; x_wconf 86' lang='lat' dir='ltr'><strong>ita</strong></span> <span class='ocrx_word' id='word_1_213' title='bbox 1387 446 1446 487; x_wconf 90' lang='lat' dir='ltr'><strong>se</strong></span> <span class='ocrx_word' id='word_1_214' title='bbox 1479 429 1749 485; x_wconf 86' lang='lat' dir='ltr'><strong>haberent</strong></span> <span class='ocrx_word' id='word_1_215' title='bbox 1807 429 1968 484; x_wconf 87' lang='lat' dir='ltr'><strong>lrene</strong></span> <span class='ocrx_word' id='word_1_216' title='bbox 2007 443 2069 482; x_wconf 89' lang='lat' dir='ltr'><strong>re</strong></span> 
     </span>
    </p>
   </div>
   <div class='ocr_carea' id='block_1_32' title="bbox 2173 427 3862 510">
    <p class='ocr_par' dir='ltr' id='par_1_32' title="bbox 2267 427 3862 510">
     <span class='ocr_line' id='line_1_32' title="bbox 2267 427 3862 510; baseline 0.002 -26"><span class='ocrx_word' id='word_1_217' title='bbox 2267 431 2368 486; x_wconf 72' lang='lat' dir='ltr'><strong>IG&#39;.</strong></span> <span class='ocrx_word' id='word_1_218' title='bbox 2397 431 2616 484; x_wconf 84' lang='grc' dir='ltr'><strong>Τούτων</strong></span> <span class='ocrx_word' id='word_1_219' title='bbox 2640 428 2684 482; x_wconf 74' lang='grc' dir='ltr'>δ’</span> <span class='ocrx_word' id='word_1_220' title='bbox 2724 427 2896 492; x_wconf 72' lang='grc' dir='ltr'>οὕτως</span> <span class='ocrx_word' id='word_1_221' title='bbox 2945 430 3180 500; x_wconf 81' lang='grc' dir='ltr'>έχὸντων</span> <span class='ocrx_word' id='word_1_222' title='bbox 3220 429 3401 495; x_wconf 79' lang='grc' dir='ltr'>ἔδοξεν</span> <span class='ocrx_word' id='word_1_223' title='bbox 3452 431 3660 502; x_wconf 72' lang='grc' dir='ltr'><strong>Εἰρήνῃ</strong></span> <span class='ocrx_word' id='word_1_224' title='bbox 3693 436 3759 501; x_wconf 85' lang='grc' dir='ltr'>τῇ</span> <span class='ocrx_word' id='word_1_225' title='bbox 3859 505 3862 510; x_wconf 89' lang='lat'><em>_</em></span> 
     </span>
    </p>
   </div>
   <div class='ocr_carea' id='block_1_33' title="bbox 2106 1777 2148 1832">
    <p class='ocr_par' dir='ltr' id='par_1_33' title="bbox 2106 1777 2148 1832">
     <span class='ocr_line' id='line_1_33' title="bbox 2106 1777 2148 1832; baseline 0 0"><span class='ocrx_word' id='word_1_226' title='bbox 2106 1777 2148 1832; x_wconf 74' lang='grc' dir='ltr'><strong>Β</strong></span> 
     </span>
    </p>
   </div>
   <div class='ocr_carea' id='block_1_34' title="bbox 493 3093 2141 3183">
    <p class='ocr_par' dir='ltr' id='par_1_34' title="bbox 493 3093 2141 3183">
     <span class='ocr_line' id='line_1_34' title="bbox 493 3093 2141 3183; baseline -0.002 -30"><span class='ocrx_word' id='word_1_227' title='bbox 493 3100 580 3153; x_wconf 86' lang='lat' dir='ltr'><strong>dia</strong></span> <span class='ocrx_word' id='word_1_228' title='bbox 611 3099 827 3153; x_wconf 90' lang='lat' dir='ltr'><strong>imbuit.</strong></span> <span class='ocrx_word' id='word_1_229' title='bbox 882 3098 1226 3165; x_wconf 85' lang='lat' dir='ltr'><strong>Quapropter</strong></span> <span class='ocrx_word' id='word_1_230' title='bbox 1272 3096 1438 3151; x_wconf 89' lang='lat' dir='ltr'><strong>etiam</strong></span> <span class='ocrx_word' id='word_1_231' title='bbox 1485 3097 1675 3165; x_wconf 83' lang='lat' dir='ltr'><strong>regina</strong></span> <span class='ocrx_word' id='word_1_232' title='bbox 1723 3111 1848 3150; x_wconf 92' lang='lat' dir='ltr'><strong>cum</strong></span> <span class='ocrx_word' id='word_1_233' title='bbox 1895 3093 2064 3166; x_wconf 80' lang='lat' dir='ltr'><strong>Didy-</strong></span> <span class='ocrx_word' id='word_1_234' title='bbox 2096 3124 2141 3183; x_wconf 69' lang='grc' dir='ltr'>ο</span> 
     </span>
    </p>
   </div>
   <div class='ocr_carea' id='block_1_35' title="bbox 494 3189 2069 3260">
    <p class='ocr_par' dir='ltr' id='par_1_35' title="bbox 494 3189 2069 3260">
     <span class='ocr_line' id='line_1_35' title="bbox 494 3189 2069 3260; baseline 0.001 -15"><span class='ocrx_word' id='word_1_235' title='bbox 494 3192 794 3246; x_wconf 85' lang='lat' dir='ltr'><strong>tnotichum</strong></span> <span class='ocrx_word' id='word_1_236' title='bbox 829 3189 1268 3260; x_wconf 64' lang='lat' dir='ltr'><strong>profit-isceretur</strong></span> <span class='ocrx_word' id='word_1_237' title='bbox 1307 3205 1430 3245; x_wconf 79' lang='lat' dir='ltr'><strong>eum</strong></span> <span class='ocrx_word' id='word_1_238' title='bbox 1475 3191 1579 3245; x_wconf 91' lang='lat' dir='ltr'><strong>sibi</strong></span> <span class='ocrx_word' id='word_1_239' title='bbox 1641 3196 1898 3245; x_wconf 90' lang='lat' dir='ltr'><strong>comitem</strong></span> <span class='ocrx_word' id='word_1_240' title='bbox 1949 3206 2069 3246; x_wconf 87' lang='lat' dir='ltr'><strong>esse</strong></span> 
     </span>
    </p>
   </div>
   <div class='ocr_carea' id='block_1_36' title="bbox 496 3281 2070 3352">
    <p class='ocr_par' dir='ltr' id='par_1_36' title="bbox 496 3281 2070 3352">
     <span class='ocr_line' id='line_1_36' title="bbox 496 3281 2070 3352; baseline 0 -16"><span class='ocrx_word' id='word_1_241' title='bbox 496 3283 668 3336; x_wconf 87' lang='lat' dir='ltr'><strong>voluit</strong></span> <span class='ocrx_word' id='word_1_242' title='bbox 715 3293 774 3336; x_wconf 91' lang='lat' dir='ltr'><strong>ut</strong></span> <span class='ocrx_word' id='word_1_243' title='bbox 807 3284 1038 3338; x_wconf 88' lang='lat' dir='ltr'><strong>auribus</strong></span> <span class='ocrx_word' id='word_1_244' title='bbox 1082 3292 1137 3337; x_wconf 90' lang='lat' dir='ltr'><strong>et</strong></span> <span class='ocrx_word' id='word_1_245' title='bbox 1170 3283 1343 3338; x_wconf 90' lang='lat' dir='ltr'><strong>oculis</strong></span> <span class='ocrx_word' id='word_1_246' title='bbox 1375 3297 1497 3352; x_wconf 72' lang='lat' dir='ltr'><strong>qua:</strong></span> <span class='ocrx_word' id='word_1_247' title='bbox 1547 3281 1621 3336; x_wconf 91' lang='lat' dir='ltr'><strong>ibi</strong></span> <span class='ocrx_word' id='word_1_248' title='bbox 1664 3282 1984 3336; x_wconf 82' lang='lat' dir='ltr'><strong>dicerentur</strong></span> <span class='ocrx_word' id='word_1_249' title='bbox 2013 3291 2070 3336; x_wconf 91' lang='lat' dir='ltr'><strong>ct</strong></span> 
     </span>
    </p>
   </div>
   <div class='ocr_carea' id='block_1_37' title="bbox 491 3372 2068 3441">
    <p class='ocr_par' dir='ltr' id='par_1_37' title="bbox 491 3372 2068 3441">
     <span class='ocr_line' id='line_1_37' title="bbox 491 3372 2068 3441; baseline -0.001 -12"><span class='ocrx_word' id='word_1_250' title='bbox 491 3387 784 3441; x_wconf 77' lang='lat' dir='ltr'><strong>agerentur</strong></span> <span class='ocrx_word' id='word_1_251' title='bbox 817 3374 1138 3430; x_wconf 85' lang='lat' dir='ltr'><strong>observaret</strong></span> <span class='ocrx_word' id='word_1_252' title='bbox 1157 3383 1212 3429; x_wconf 90' lang='lat' dir='ltr'><strong>et</strong></span> <span class='ocrx_word' id='word_1_253' title='bbox 1232 3388 1450 3428; x_wconf 86' lang='lat' dir='ltr'><strong>onmem</strong></span> <span class='ocrx_word' id='word_1_254' title='bbox 1473 3372 1662 3428; x_wconf 87' lang='lat' dir='ltr'><strong>arbitri</strong></span> <span class='ocrx_word' id='word_1_255' title='bbox 1688 3373 2068 3428; x_wconf 88' lang='lat' dir='ltr'><strong>auctoritatem</strong></span> 
     </span>
    </p>
   </div>
   <div class='ocr_carea' id='block_1_38' title="bbox 494 3462 2067 3533">
    <p class='ocr_par' dir='ltr' id='par_1_38' title="bbox 494 3462 2067 3533">
     <span class='ocr_line' id='line_1_38' title="bbox 494 3462 2067 3533; baseline 0.001 -17"><span class='ocrx_word' id='word_1_256' title='bbox 494 3463 742 3518; x_wconf 80' lang='lat' dir='ltr'><strong>haberet.</strong></span> <span class='ocrx_word' id='word_1_257' title='bbox 805 3464 1009 3533; x_wconf 78' lang='lat' dir='ltr'><strong>Regina</strong></span> <span class='ocrx_word' id='word_1_258' title='bbox 1064 3473 1248 3518; x_wconf 89' lang='lat' dir='ltr'><strong>autem</strong></span> <span class='ocrx_word' id='word_1_259' title='bbox 1295 3478 1422 3518; x_wconf 91' lang='lat' dir='ltr'><strong>cum</strong></span> <span class='ocrx_word' id='word_1_260' title='bbox 1474 3477 1542 3517; x_wconf 89' lang='lat' dir='ltr'><strong>eo</strong></span> <span class='ocrx_word' id='word_1_261' title='bbox 1593 3462 1837 3518; x_wconf 78' lang='lat' dir='ltr'><strong>venisset</strong></span> <span class='ocrx_word' id='word_1_262' title='bbox 1881 3463 2067 3518; x_wconf 84' lang='lat' dir='ltr'><strong>omnia</strong></span> 
     </span>
    </p>
   </div>
   <div class='ocr_carea' id='block_1_39' title="bbox 491 3551 2070 3624">
    <p class='ocr_par' dir='ltr' id='par_1_39' title="bbox 491 3551 2070 3624">
     <span class='ocr_line' id='line_1_39' title="bbox 491 3551 2070 3624; baseline -0.001 -17"><span class='ocrx_word' id='word_1_263' title='bbox 491 3569 832 3624; x_wconf 58' lang='lat' dir='ltr'><strong>quaecunque</strong></span> <span class='ocrx_word' id='word_1_264' title='bbox 883 3554 950 3608; x_wconf 91' lang='lat' dir='ltr'><strong>ad</strong></span> <span class='ocrx_word' id='word_1_265' title='bbox 1002 3553 1446 3624; x_wconf 86' lang='lat' dir='ltr'><strong>persuadendum</strong></span> <span class='ocrx_word' id='word_1_266' title='bbox 1503 3552 1784 3622; x_wconf 75' lang='lat' dir='ltr'><strong>aptissima</strong></span> <span class='ocrx_word' id='word_1_267' title='bbox 1840 3551 2070 3621; x_wconf 87' lang='lat' dir='ltr'><strong>putabat</strong></span> 
     </span>
    </p>
   </div>
   <div class='ocr_carea' id='block_1_40' title="bbox 493 3641 2068 3715">
    <p class='ocr_par' dir='ltr' id='par_1_40' title="bbox 493 3641 2068 3715">
     <span class='ocr_line' id='line_1_40' title="bbox 493 3641 2068 3715; baseline -0.001 -15"><span class='ocrx_word' id='word_1_268' title='bbox 493 3647 720 3715; x_wconf 85' lang='lat' dir='ltr'><strong>protulit</strong></span> <span class='ocrx_word' id='word_1_269' title='bbox 769 3656 824 3701; x_wconf 84' lang='lat' dir='ltr'><strong>et</strong></span> <span class='ocrx_word' id='word_1_270' title='bbox 876 3641 968 3700; x_wconf 81' lang='lat' dir='ltr'><strong>ubi</strong></span> <span class='ocrx_word' id='word_1_271' title='bbox 1021 3645 1262 3714; x_wconf 88' lang='lat' dir='ltr'><strong>graviter</strong></span> <span class='ocrx_word' id='word_1_272' title='bbox 1312 3645 1606 3715; x_wconf 86' lang='lat' dir='ltr'><strong>objurgare</strong></span> <span class='ocrx_word' id='word_1_273' title='bbox 1657 3645 1709 3698; x_wconf 89' lang='lat' dir='ltr'><strong>ei</strong></span> <span class='ocrx_word' id='word_1_274' title='bbox 1759 3659 1868 3698; x_wconf 89' lang='lat' dir='ltr'><strong>non</strong></span> <span class='ocrx_word' id='word_1_275' title='bbox 1908 3643 2068 3700; x_wconf 86' lang='lat' dir='ltr'><strong>licuit</strong></span> 
     </span>
    </p>
   </div>
   <div class='ocr_carea' id='block_1_41' title="bbox 493 3736 2069 3807">
    <p class='ocr_par' dir='ltr' id='par_1_41' title="bbox 493 3736 2069 3807">
     <span class='ocr_line' id='line_1_41' title="bbox 493 3736 2069 3807; baseline 0 -17"><span class='ocrx_word' id='word_1_276' title='bbox 493 3751 676 3807; x_wconf 69' lang='lat' dir='ltr'><strong>regem</strong></span> <span class='ocrx_word' id='word_1_277' title='bbox 721 3737 977 3806; x_wconf 79' lang='lat' dir='ltr'><strong>juvenem</strong></span> <span class='ocrx_word' id='word_1_278' title='bbox 1012 3741 1188 3792; x_wconf 83' lang='lat' dir='ltr'><strong>amice</strong></span> <span class='ocrx_word' id='word_1_279' title='bbox 1222 3751 1287 3792; x_wconf 90' lang='lat' dir='ltr'><strong>ac</strong></span> <span class='ocrx_word' id='word_1_280' title='bbox 1337 3736 1548 3806; x_wconf 85' lang='lat' dir='ltr'><strong>placide</strong></span> <span class='ocrx_word' id='word_1_281' title='bbox 1602 3737 1854 3790; x_wconf 82' lang='lat' dir='ltr'><strong>tractavit</strong></span> <span class='ocrx_word' id='word_1_282' title='bbox 1906 3737 1978 3791; x_wconf 88' lang='lat' dir='ltr'><strong>ita</strong></span> <span class='ocrx_word' id='word_1_283' title='bbox 2007 3744 2069 3790; x_wconf 89' lang='lat' dir='ltr'><strong>ut</strong></span> 
     </span>
    </p>
   </div>
   <div class='ocr_carea' id='block_1_42' title="bbox 493 3827 2069 3898">
    <p class='ocr_par' dir='ltr' id='par_1_42' title="bbox 493 3827 2069 3898">
     <span class='ocr_line' id='line_1_42' title="bbox 493 3827 2069 3898; baseline -0.001 -16"><span class='ocrx_word' id='word_1_284' title='bbox 493 3829 685 3884; x_wconf 87' lang='lat' dir='ltr'><strong>matris</strong></span> <span class='ocrx_word' id='word_1_285' title='bbox 711 3842 864 3883; x_wconf 89' lang='lat' dir='ltr'><strong>more</strong></span> <span class='ocrx_word' id='word_1_286' title='bbox 891 3827 1296 3897; x_wconf 88' lang='lat' dir='ltr'><strong>quodammodo</strong></span> <span class='ocrx_word' id='word_1_287' title='bbox 1334 3843 1460 3883; x_wconf 90' lang='lat' dir='ltr'><strong>cum</strong></span> <span class='ocrx_word' id='word_1_288' title='bbox 1499 3828 1902 3898; x_wconf 86' lang='lat' dir='ltr'><strong>objurgaverit.</strong></span> <span class='ocrx_word' id='word_1_289' title='bbox 1961 3827 2069 3883; x_wconf 85' lang='lat' dir='ltr'><strong>Vo-</strong></span> 
     </span>
    </p>
   </div>
   <div class='ocr_carea' id='block_1_43' title="bbox 492 3918 2068 3984">
    <p class='ocr_par' dir='ltr' id='par_1_43' title="bbox 492 3918 2068 3984">
     <span class='ocr_line' id='line_1_43' title="bbox 492 3918 2068 3984; baseline 0 -11"><span class='ocrx_word' id='word_1_290' title='bbox 492 3920 592 3974; x_wconf 91' lang='lat' dir='ltr'><strong>luit</strong></span> <span class='ocrx_word' id='word_1_291' title='bbox 626 3930 831 3984; x_wconf 84' lang='lat' dir='ltr'><strong>autem,</strong></span> <span class='ocrx_word' id='word_1_292' title='bbox 866 3930 926 3973; x_wconf 89' lang='lat' dir='ltr'><strong>ut</strong></span> <span class='ocrx_word' id='word_1_293' title='bbox 965 3935 1179 3974; x_wconf 90' lang='lat' dir='ltr'><strong>summa</strong></span> <span class='ocrx_word' id='word_1_294' title='bbox 1231 3919 1486 3982; x_wconf 79' lang='lat' dir='ltr'><strong>referam,</strong></span> <span class='ocrx_word' id='word_1_295' title='bbox 1521 3919 1700 3974; x_wconf 59' lang='lat' dir='ltr'><strong>haece</strong></span> <span class='ocrx_word' id='word_1_296' title='bbox 1728 3939 1741 3975; x_wconf 87' lang='lat'><strong>:</strong></span> <span class='ocrx_word' id='word_1_297' title='bbox 1775 3929 1834 3973; x_wconf 89' lang='lat' dir='ltr'><strong>ut</strong></span> <span class='ocrx_word' id='word_1_298' title='bbox 1866 3918 2068 3973; x_wconf 68' lang='lat' dir='ltr'><strong>Palaeo-</strong></span> 
     </span>
    </p>
   </div>
   <div class='ocr_carea' id='block_1_44' title="bbox 492 4010 2066 4080">
    <p class='ocr_par' dir='ltr' id='par_1_44' title="bbox 492 4010 2066 4080">
     <span class='ocr_line' id='line_1_44' title="bbox 492 4010 2066 4080; baseline 0.001 -17"><span class='ocrx_word' id='word_1_299' title='bbox 492 4012 646 4080; x_wconf 84' lang='lat' dir='ltr'><strong>lngus</strong></span> <span class='ocrx_word' id='word_1_300' title='bbox 665 4026 835 4080; x_wconf 88' lang='lat' dir='ltr'><strong>gener</strong></span> <span class='ocrx_word' id='word_1_301' title='bbox 861 4021 918 4064; x_wconf 89' lang='lat' dir='ltr'><strong>et</strong></span> <span class='ocrx_word' id='word_1_302' title='bbox 943 4026 1033 4063; x_wconf 75' lang='lat' dir='ltr'><strong>rex</strong></span> <span class='ocrx_word' id='word_1_303' title='bbox 1065 4020 1386 4080; x_wconf 85' lang='lat' dir='ltr'><strong>sua-sponte</strong></span> <span class='ocrx_word' id='word_1_304' title='bbox 1416 4011 1600 4065; x_wconf 84' lang='lat' dir='ltr'><strong>uxoris</strong></span> <span class='ocrx_word' id='word_1_305' title='bbox 1631 4011 1782 4065; x_wconf 91' lang='lat' dir='ltr'><strong>fratri</strong></span> <span class='ocrx_word' id='word_1_306' title='bbox 1814 4010 2066 4066; x_wconf 65' lang='lat' dir='ltr'><strong>Matthteo</strong></span> 
     </span>
    </p>
   </div>
   <div class='ocr_carea' id='block_1_45' title="bbox 491 4102 2066 4172">
    <p class='ocr_par' dir='ltr' id='par_1_45' title="bbox 491 4102 2066 4172">
     <span class='ocr_line' id='line_1_45' title="bbox 491 4102 2066 4172; baseline 0.003 -18"><span class='ocrx_word' id='word_1_307' title='bbox 491 4103 734 4171; x_wconf 87' lang='lat' dir='ltr'><strong>regionis</strong></span> <span class='ocrx_word' id='word_1_308' title='bbox 765 4103 832 4156; x_wconf 87' lang='lat' dir='ltr'><strong>ab</strong></span> <span class='ocrx_word' id='word_1_309' title='bbox 875 4102 1158 4158; x_wconf 87' lang='lat' dir='ltr'><strong>Oresliade</strong></span> <span class='ocrx_word' id='word_1_310' title='bbox 1195 4117 1370 4172; x_wconf 89' lang='lat' dir='ltr'><strong>usque</strong></span> <span class='ocrx_word' id='word_1_311' title='bbox 1405 4103 1472 4158; x_wconf 88' lang='lat' dir='ltr'><strong>ad</strong></span> <span class='ocrx_word' id='word_1_312' title='bbox 1498 4103 1698 4172; x_wconf 80' lang='lat' dir='ltr'><strong>Bizycn</strong></span> <span class='ocrx_word' id='word_1_313' title='bbox 1732 4104 2066 4172; x_wconf 87' lang='lat' dir='ltr'><strong>pertinentis</strong></span> 
     </span>
    </p>
   </div>
   <div class='ocr_carea' id='block_1_46' title="bbox 492 4190 2062 4261">
    <p class='ocr_par' dir='ltr' id='par_1_46' title="bbox 492 4190 2062 4261">
     <span class='ocr_line' id='line_1_46' title="bbox 492 4190 2062 4261; baseline 0.001 -19"><span class='ocrx_word' id='word_1_314' title='bbox 492 4207 600 4244; x_wconf 88' lang='lat' dir='ltr'><strong>una</strong></span> <span class='ocrx_word' id='word_1_315' title='bbox 639 4208 763 4246; x_wconf 90' lang='lat' dir='ltr'><strong>cum</strong></span> <span class='ocrx_word' id='word_1_316' title='bbox 807 4193 940 4248; x_wconf 90' lang='lat' dir='ltr'><strong>locis</strong></span> <span class='ocrx_word' id='word_1_317' title='bbox 969 4203 1023 4246; x_wconf 92' lang='lat' dir='ltr'><strong>ct</strong></span> <span class='ocrx_word' id='word_1_318' title='bbox 1070 4193 1304 4248; x_wconf 85' lang='lat' dir='ltr'><strong>urbibus</strong></span> <span class='ocrx_word' id='word_1_319' title='bbox 1337 4193 1406 4247; x_wconf 87' lang='lat' dir='ltr'><strong>ab</strong></span> <span class='ocrx_word' id='word_1_320' title='bbox 1453 4201 1686 4261; x_wconf 88' lang='lat' dir='ltr'><strong>utraque</strong></span> <span class='ocrx_word' id='word_1_321' title='bbox 1721 4201 1875 4260; x_wconf 86' lang='lat' dir='ltr'><strong>parte</strong></span> <span class='ocrx_word' id='word_1_322' title='bbox 1915 4190 2062 4254; x_wconf 86' lang='lat' dir='ltr'><strong>sitis,</strong></span> 
     </span>
    </p>
   </div>
   <div class='ocr_carea' id='block_1_47' title="bbox 492 4282 2064 4350">
    <p class='ocr_par' dir='ltr' id='par_1_47' title="bbox 492 4282 2064 4350">
     <span class='ocr_line' id='line_1_47' title="bbox 492 4282 2064 4350; baseline -0.001 -15"><span class='ocrx_word' id='word_1_323' title='bbox 492 4296 760 4335; x_wconf 91' lang='lat' dir='ltr'><strong>summam</strong></span> <span class='ocrx_word' id='word_1_324' title='bbox 796 4289 1122 4348; x_wconf 85' lang='lat' dir='ltr'><strong>potestatem</strong></span> <span class='ocrx_word' id='word_1_325' title='bbox 1145 4283 1498 4343; x_wconf 84' lang='lat' dir='ltr'><strong>concederet,</strong></span> <span class='ocrx_word' id='word_1_326' title='bbox 1534 4283 1647 4350; x_wconf 87' lang='lat' dir='ltr'><strong>ipse</strong></span> <span class='ocrx_word' id='word_1_327' title='bbox 1670 4289 1853 4335; x_wconf 90' lang='lat' dir='ltr'><strong>autem</strong></span> <span class='ocrx_word' id='word_1_328' title='bbox 1889 4282 2064 4350; x_wconf 87' lang='lat' dir='ltr'><strong>regio-</strong></span> 
     </span>
    </p>
   </div>
   <div class='ocr_carea' id='block_1_48' title="bbox 489 4370 2060 4444">
    <p class='ocr_par' dir='ltr' id='par_1_48' title="bbox 489 4370 2060 4444">
     <span class='ocr_line' id='line_1_48' title="bbox 489 4370 2060 4444; baseline -0.003 -16"><span class='ocrx_word' id='word_1_329' title='bbox 489 4390 613 4428; x_wconf 90' lang='lat' dir='ltr'><strong>nem</strong></span> <span class='ocrx_word' id='word_1_330' title='bbox 648 4391 678 4428; x_wconf 91' lang='lat' dir='ltr'><strong>a</strong></span> <span class='ocrx_word' id='word_1_331' title='bbox 720 4371 1100 4444; x_wconf 81' lang='lat' dir='ltr'><strong>Didymotieho</strong></span> <span class='ocrx_word' id='word_1_332' title='bbox 1132 4387 1306 4441; x_wconf 87' lang='lat' dir='ltr'><strong>usque</strong></span> <span class='ocrx_word' id='word_1_333' title='bbox 1355 4372 1422 4426; x_wconf 88' lang='lat' dir='ltr'><strong>ad</strong></span> <span class='ocrx_word' id='word_1_334' title='bbox 1456 4370 1909 4426; x_wconf 85' lang='lat' dir='ltr'><strong>Thessalonicam</strong></span> <span class='ocrx_word' id='word_1_335' title='bbox 1960 4371 2060 4425; x_wconf 82' lang='lat' dir='ltr'><strong>ad-</strong></span> 
     </span>
    </p>
   </div>
   <div class='ocr_carea' id='block_1_49' title="bbox 3284 258 3480 271">
    <p class='ocr_par' dir='ltr' id='par_1_49' title="bbox 3284 258 3480 271">
     <span class='ocr_line' id='line_1_49' title="bbox 3284 258 3480 271; baseline 0.01 -3"><span class='ocrx_word' id='word_1_336' title='bbox 3284 258 3352 264; x_wconf 79' lang='lat'><strong>—----—</strong></span> <span class='ocrx_word' id='word_1_337' title='bbox 3365 262 3410 270; x_wconf 67' lang='lat'><strong>—-.-</strong></span> <span class='ocrx_word' id='word_1_338' title='bbox 3423 263 3447 268; x_wconf 70' lang='grc' dir='ltr'><strong>-α</strong></span> <span class='ocrx_word' id='word_1_339' title='bbox 3461 265 3480 271; x_wconf 88' lang='grc'><strong>..</strong></span> 
     </span>
    </p>
   </div>
   <div class='ocr_carea' id='block_1_50' title="bbox 3651 317 3756 379">
    <p class='ocr_par' dir='ltr' id='par_1_50' title="bbox 3651 317 3756 379">
     <span class='ocr_line' id='line_1_50' title="bbox 3651 317 3756 379; baseline -0.019 -1"><span class='ocrx_word' id='word_1_340' title='bbox 3651 317 3756 379; x_wconf 76' lang='lat'><strong>13?.</strong></span> 
     </span>
    </p>
   </div>
   <div class='ocr_carea' id='block_1_51' title="bbox 2185 520 3760 595">
    <p class='ocr_par' dir='ltr' id='par_1_51' title="bbox 2185 520 3760 595">
     <span class='ocr_line' id='line_1_51' title="bbox 2185 520 3760 595; baseline 0.001 -21"><span class='ocrx_word' id='word_1_341' title='bbox 2185 521 2418 590; x_wconf 74' lang='grc' dir='ltr'><strong>βασιλίδι</strong></span> <span class='ocrx_word' id='word_1_342' title='bbox 2445 522 2499 582; x_wconf 78' lang='grc' dir='ltr'>ἐς</span> <span class='ocrx_word' id='word_1_343' title='bbox 2529 539 2590 574; x_wconf 88' lang='grc' dir='ltr'><strong>τε</strong></span> <span class='ocrx_word' id='word_1_344' title='bbox 2629 520 2953 588; x_wconf 83' lang='grc' dir='ltr'>Ὀρεστιάδα</span> <span class='ocrx_word' id='word_1_345' title='bbox 2989 521 3085 574; x_wconf 79' lang='grc' dir='ltr'>καὶ</span> <span class='ocrx_word' id='word_1_346' title='bbox 3111 521 3499 592; x_wconf 82' lang='grc' dir='ltr'>Διδυμότειχον</span> <span class='ocrx_word' id='word_1_347' title='bbox 3529 523 3760 595; x_wconf 70' lang='grc' dir='ltr'>διαϐάσῃ</span> 
     </span>
    </p>
   </div>
   <div class='ocr_carea' id='block_1_52' title="bbox 2180 613 3759 686">
    <p class='ocr_par' dir='ltr' id='par_1_52' title="bbox 2180 613 3759 686">
     <span class='ocr_line' id='line_1_52' title="bbox 2180 613 3759 686; baseline 0.002 -20"><span class='ocrx_word' id='word_1_348' title='bbox 2180 613 2461 678; x_wconf 76' lang='grc' dir='ltr'><strong>διαλλάξαι</strong></span> <span class='ocrx_word' id='word_1_349' title='bbox 2485 615 2610 678; x_wconf 84' lang='grc' dir='ltr'>τοὺς</span> <span class='ocrx_word' id='word_1_350' title='bbox 2637 614 2792 677; x_wconf 80' lang='grc' dir='ltr'>νέους</span> <span class='ocrx_word' id='word_1_351' title='bbox 2819 615 3092 686; x_wconf 78' lang='grc' dir='ltr'>ἀλλήλοις,</span> <span class='ocrx_word' id='word_1_352' title='bbox 3129 615 3178 667; x_wconf 89' lang='grc' dir='ltr'>εἰ</span> <span class='ocrx_word' id='word_1_353' title='bbox 3208 615 3488 684; x_wconf 77' lang='grc' dir='ltr'><strong>δυνηθείη,</strong></span> <span class='ocrx_word' id='word_1_354' title='bbox 3515 616 3759 686; x_wconf 84' lang='grc' dir='ltr'>βαθείαις</span> 
     </span>
    </p>
   </div>
   <div class='ocr_carea' id='block_1_53' title="bbox 2180 709 3760 782">
    <p class='ocr_par' dir='ltr' id='par_1_53' title="bbox 2180 709 3760 782">
     <span class='ocr_line' id='line_1_53' title="bbox 2180 709 3760 782; baseline 0.001 -20"><span class='ocrx_word' id='word_1_355' title='bbox 2180 711 2324 762; x_wconf 77' lang='grc' dir='ltr'>τισὶν</span> <span class='ocrx_word' id='word_1_356' title='bbox 2350 709 2609 779; x_wconf 73' lang='grc' dir='ltr'><strong>ὑποψίαις</strong></span> <span class='ocrx_word' id='word_1_357' title='bbox 2635 710 2727 763; x_wconf 83' lang='grc' dir='ltr'><strong>ἐπ’</strong></span> <span class='ocrx_word' id='word_1_358' title='bbox 2766 711 3031 780; x_wconf 80' lang='grc' dir='ltr'><strong>ἀλλήλους</strong></span> <span class='ocrx_word' id='word_1_359' title='bbox 3059 712 3400 782; x_wconf 67' lang='grc' dir='ltr'>χρωμένους,</span> <span class='ocrx_word' id='word_1_360' title='bbox 3449 711 3661 781; x_wconf 77' lang='grc' dir='ltr'>οὖδαμῆ</span> <span class='ocrx_word' id='word_1_361' title='bbox 3701 712 3760 764; x_wconf 72' lang='grc' dir='ltr'><strong>τ’)</strong></span> 
     </span>
    </p>
   </div>
   <div class='ocr_carea' id='block_1_54' title="bbox 2184 801 3759 874">
    <p class='ocr_par' dir='ltr' id='par_1_54' title="bbox 2184 801 3759 874">
     <span class='ocr_line' id='line_1_54' title="bbox 2184 801 3759 874; baseline 0.002 -20"><span class='ocrx_word' id='word_1_362' title='bbox 2184 801 2475 856; x_wconf 80' lang='grc' dir='ltr'>ἔνσπονδον</span> <span class='ocrx_word' id='word_1_363' title='bbox 2515 801 2765 857; x_wconf 80' lang='grc' dir='ltr'><strong>σύνοικον</strong></span> <span class='ocrx_word' id='word_1_364' title='bbox 2805 807 3198 873; x_wconf 78' lang='grc' dir='ltr'><strong>κεκτημέναις.</strong></span> <span class='ocrx_word' id='word_1_365' title='bbox 3250 805 3527 858; x_wconf 88' lang='grc' dir='ltr'>Ματθαῖον</span> <span class='ocrx_word' id='word_1_366' title='bbox 3560 804 3759 874; x_wconf 79' lang='grc' dir='ltr'>δηλαδῇ</span> 
     </span>
    </p>
   </div>
   <div class='ocr_carea' id='block_1_55' title="bbox 2180 895 3758 968">
    <p class='ocr_par' dir='ltr' id='par_1_55' title="bbox 2180 895 3758 968">
     <span class='ocr_line' id='line_1_55' title="bbox 2180 895 3758 968; baseline 0.001 -20"><span class='ocrx_word' id='word_1_367' title='bbox 2180 895 2273 948; x_wconf 83' lang='grc' dir='ltr'>τὸν</span> <span class='ocrx_word' id='word_1_368' title='bbox 2309 897 2423 949; x_wconf 75' lang='grc' dir='ltr'>υίὸν</span> <span class='ocrx_word' id='word_1_369' title='bbox 2450 897 2544 950; x_wconf 72' lang='grc' dir='ltr'>καὶ</span> <span class='ocrx_word' id='word_1_370' title='bbox 2577 897 2667 950; x_wconf 89' lang='grc' dir='ltr'><strong>τόν</strong></span> <span class='ocrx_word' id='word_1_371' title='bbox 2688 914 2751 965; x_wconf 85' lang='grc' dir='ltr'><strong>γε</strong></span> <span class='ocrx_word' id='word_1_372' title='bbox 2775 899 2866 951; x_wconf 80' lang='grc' dir='ltr'><strong>ὲπί</strong></span> <span class='ocrx_word' id='word_1_373' title='bbox 2900 897 3133 968; x_wconf 89' lang='grc' dir='ltr'>θυγατρι</span> <span class='ocrx_word' id='word_1_374' title='bbox 3177 899 3428 967; x_wconf 63' lang='grc' dir='ltr'>γαμϐρὸν</span> <span class='ocrx_word' id='word_1_375' title='bbox 3461 898 3758 951; x_wconf 73' lang='grc' dir='ltr'>Παλαιολό-</span> 
     </span>
    </p>
   </div>
   <div class='ocr_carea' id='block_1_56' title="bbox 2180 988 3760 1060">
    <p class='ocr_par' dir='ltr' id='par_1_56' title="bbox 2180 988 3760 1060">
     <span class='ocr_line' id='line_1_56' title="bbox 2180 988 3760 1060; baseline 0.001 -20"><span class='ocrx_word' id='word_1_376' title='bbox 2180 1004 2277 1054; x_wconf 90' lang='grc' dir='ltr'><strong>γον</strong></span> <span class='ocrx_word' id='word_1_377' title='bbox 2294 988 2388 1041; x_wconf 76' lang='grc' dir='ltr'><strong>τὸν</strong></span> <span class='ocrx_word' id='word_1_378' title='bbox 2409 989 2654 1053; x_wconf 82' lang='grc' dir='ltr'><strong>βασιλέα,</strong></span> <span class='ocrx_word' id='word_1_379' title='bbox 2682 991 3172 1060; x_wconf 85' lang='grc' dir='ltr'>συμπαρειληφυῖα</span> <span class='ocrx_word' id='word_1_380' title='bbox 3199 993 3334 1058; x_wconf 87' lang='grc' dir='ltr'>πρός</span> <span class='ocrx_word' id='word_1_381' title='bbox 3361 1008 3424 1056; x_wconf 86' lang='grc' dir='ltr'><strong>γε</strong></span> <span class='ocrx_word' id='word_1_382' title='bbox 3447 992 3557 1053; x_wconf 88' lang='grc' dir='ltr'>τοῖς</span> <span class='ocrx_word' id='word_1_383' title='bbox 3580 990 3760 1053; x_wconf 79' lang='grc' dir='ltr'>ἄλλοις</span> 
     </span>
    </p>
   </div>
   <div class='ocr_carea' id='block_1_57' title="bbox 2180 1078 3758 1151">
    <p class='ocr_par' dir='ltr' id='par_1_57' title="bbox 2180 1078 3758 1151">
     <span class='ocr_line' id='line_1_57' title="bbox 2180 1078 3758 1151; baseline 0.002 -21"><span class='ocrx_word' id='word_1_384' title='bbox 2180 1078 2276 1131; x_wconf 78' lang='grc' dir='ltr'>καὶ</span> <span class='ocrx_word' id='word_1_385' title='bbox 2332 1078 2442 1133; x_wconf 85' lang='grc' dir='ltr'><strong>τῶν</strong></span> <span class='ocrx_word' id='word_1_386' title='bbox 2499 1079 2807 1151; x_wconf 82' lang='grc' dir='ltr'>ἀρχιερέων</span> <span class='ocrx_word' id='word_1_387' title='bbox 2865 1081 2956 1134; x_wconf 71' lang='grc' dir='ltr'><strong>δύο</strong></span> <span class='ocrx_word' id='word_1_388' title='bbox 3011 1081 3390 1151; x_wconf 79' lang='grc' dir='ltr'><strong>συνεκδήμους</strong></span> <span class='ocrx_word' id='word_1_389' title='bbox 3449 1081 3758 1150; x_wconf 79' lang='grc' dir='ltr'>μαρτυρίας</span> 
     </span>
    </p>
   </div>
   <div class='ocr_carea' id='block_1_58' title="bbox 2180 1167 3759 1244">
    <p class='ocr_par' dir='ltr' id='par_1_58' title="bbox 2180 1167 3759 1244">
     <span class='ocr_line' id='line_1_58' title="bbox 2180 1167 3759 1244; baseline 0.002 -23"><span class='ocrx_word' id='word_1_390' title='bbox 2180 1169 2363 1236; x_wconf 77' lang='grc' dir='ltr'>ἕνεκα,</span> <span class='ocrx_word' id='word_1_391' title='bbox 2421 1173 2519 1226; x_wconf 80' lang='grc' dir='ltr'>καὶ</span> <span class='ocrx_word' id='word_1_392' title='bbox 2562 1172 2681 1240; x_wconf 73' lang='grc' dir='ltr'>ἅμα</span> <span class='ocrx_word' id='word_1_393' title='bbox 2724 1173 3016 1240; x_wconf 74' lang='grc' dir='ltr'>Ἄγγελον,</span> <span class='ocrx_word' id='word_1_394' title='bbox 3067 1167 3111 1241; x_wconf 79' lang='grc' dir='ltr'>ᾧ</span> <span class='ocrx_word' id='word_1_395' title='bbox 3144 1174 3421 1243; x_wconf 86' lang='grc' dir='ltr'>καθολικῴ</span> <span class='ocrx_word' id='word_1_396' title='bbox 3451 1174 3759 1244; x_wconf 83' lang='grc' dir='ltr'>τηνικαῦτα</span> 
     </span>
    </p>
   </div>
   <div class='ocr_carea' id='block_1_59' title="bbox 2183 1262 3760 1337">
    <p class='ocr_par' dir='ltr' id='par_1_59' title="bbox 2183 1262 3760 1337">
     <span class='ocr_line' id='line_1_59' title="bbox 2183 1262 3760 1337; baseline 0.002 -22"><span class='ocrx_word' id='word_1_397' title='bbox 2183 1265 2590 1332; x_wconf 72' lang='grc' dir='ltr'><strong>συμπέπτωκεν</strong></span> <span class='ocrx_word' id='word_1_398' title='bbox 2612 1262 2754 1320; x_wconf 77' lang='grc' dir='ltr'>εἶναι</span> <span class='ocrx_word' id='word_1_399' title='bbox 2785 1270 2983 1337; x_wconf 78' lang='grc' dir='ltr'>κριτῇ·</span> <span class='ocrx_word' id='word_1_400' title='bbox 3014 1267 3074 1330; x_wconf 85' lang='grc' dir='ltr'>ὃς</span> <span class='ocrx_word' id='word_1_401' title='bbox 3103 1269 3202 1337; x_wconf 83' lang='grc' dir='ltr'>τῆς</span> <span class='ocrx_word' id='word_1_402' title='bbox 3227 1266 3760 1337; x_wconf 51' lang='grc' dir='ltr'>πατρίδοςμὲντεῦθεν</span> 
     </span>
    </p>
   </div>
   <div class='ocr_carea' id='block_1_60' title="bbox 2179 1355 3758 1428">
    <p class='ocr_par' dir='ltr' id='par_1_60' title="bbox 2179 1355 3758 1428">
     <span class='ocr_line' id='line_1_60' title="bbox 2179 1355 3758 1428; baseline 0 -20"><span class='ocrx_word' id='word_1_403' title='bbox 2179 1356 2384 1421; x_wconf 79' lang='grc' dir='ltr'>ἐξιέναι</span> <span class='ocrx_word' id='word_1_404' title='bbox 2420 1355 2707 1425; x_wconf 82' lang='grc' dir='ltr'>μέλλοντος</span> <span class='ocrx_word' id='word_1_405' title='bbox 2741 1359 2876 1425; x_wconf 78' lang='grc' dir='ltr'>ἐμοῦ</span> <span class='ocrx_word' id='word_1_406' title='bbox 2930 1358 3076 1411; x_wconf 70' lang='grc' dir='ltr'>πάνυ</span> <span class='ocrx_word' id='word_1_407' title='bbox 3131 1376 3186 1411; x_wconf 91' lang='grc' dir='ltr'><strong>τι</strong></span> <span class='ocrx_word' id='word_1_408' title='bbox 3222 1358 3342 1420; x_wconf 86' lang='grc' dir='ltr'>νέος</span> <span class='ocrx_word' id='word_1_409' title='bbox 3365 1357 3432 1428; x_wconf 77' lang='grc' dir='ltr'>ἦν</span> <span class='ocrx_word' id='word_1_410' title='bbox 3459 1360 3555 1412; x_wconf 70' lang='grc' dir='ltr'>καὶ</span> <span class='ocrx_word' id='word_1_411' title='bbox 3602 1358 3758 1411; x_wconf 76' lang='grc' dir='ltr'>οὔπω</span> 
     </span>
    </p>
   </div>
   <div class='ocr_carea' id='block_1_61' title="bbox 2179 1443 3759 1523">
    <p class='ocr_par' dir='ltr' id='par_1_61' title="bbox 2179 1443 3759 1523">
     <span class='ocr_line' id='line_1_61' title="bbox 2179 1443 3759 1523; baseline 0.004 -25"><span class='ocrx_word' id='word_1_412' title='bbox 2179 1443 2334 1516; x_wconf 81' lang='grc' dir='ltr'>οἶμαι</span> <span class='ocrx_word' id='word_1_413' title='bbox 2364 1447 2586 1516; x_wconf 76' lang='grc' dir='ltr'>ἔφηϐος,</span> <span class='ocrx_word' id='word_1_414' title='bbox 2619 1447 2681 1520; x_wconf 84' lang='lat' dir='ltr'><strong>[f.</strong></span> <span class='ocrx_word' id='word_1_415' title='bbox 2715 1449 2816 1503; x_wconf 77' lang='grc'><strong>132</strong></span> <span class='ocrx_word' id='word_1_416' title='bbox 2842 1448 2898 1520; x_wconf 80' lang='lat' dir='ltr'><strong>a]</strong></span> <span class='ocrx_word' id='word_1_417' title='bbox 2925 1452 3123 1521; x_wconf 77' lang='grc' dir='ltr'>εὐγενῆ</span> <span class='ocrx_word' id='word_1_418' title='bbox 3174 1453 3220 1505; x_wconf 86' lang='grc' dir='ltr'>δ’</span> <span class='ocrx_word' id='word_1_419' title='bbox 3252 1453 3400 1522; x_wconf 78' lang='grc' dir='ltr'>ὅμως</span> <span class='ocrx_word' id='word_1_420' title='bbox 3430 1454 3759 1523; x_wconf 74' lang='grc' dir='ltr'>ὐπεζωγρά-</span> 
     </span>
    </p>
   </div>
   <div class='ocr_carea' id='block_1_62' title="bbox 2182 1539 3759 1615">
    <p class='ocr_par' dir='ltr' id='par_1_62' title="bbox 2182 1539 3759 1615">
     <span class='ocr_line' id='line_1_62' title="bbox 2182 1539 3759 1615; baseline 0.004 -27"><span class='ocrx_word' id='word_1_421' title='bbox 2182 1553 2272 1606; x_wconf 89' lang='grc' dir='ltr'><strong>φει</strong></span> <span class='ocrx_word' id='word_1_422' title='bbox 2292 1540 2393 1606; x_wconf 79' lang='grc' dir='ltr'>τὴν</span> <span class='ocrx_word' id='word_1_423' title='bbox 2421 1542 2474 1602; x_wconf 74' lang='grc' dir='ltr'>ἐς</span> <span class='ocrx_word' id='word_1_424' title='bbox 2503 1539 2695 1607; x_wconf 79' lang='grc' dir='ltr'>λόγους</span> <span class='ocrx_word' id='word_1_425' title='bbox 2721 1542 2936 1595; x_wconf 74' lang='grc' dir='ltr'>ἐκεῖθεν</span> <span class='ocrx_word' id='word_1_426' title='bbox 2963 1543 3150 1612; x_wconf 89' lang='grc' dir='ltr'>φύσιν,</span> <span class='ocrx_word' id='word_1_427' title='bbox 3182 1545 3279 1598; x_wconf 55' lang='grc' dir='ltr'><strong>καὶ⁸</strong></span> <span class='ocrx_word' id='word_1_428' title='bbox 3306 1545 3452 1615; x_wconf 83' lang='grc' dir='ltr'>μάλα</span> <span class='ocrx_word' id='word_1_429' title='bbox 3482 1544 3759 1612; x_wconf 75' lang='grc' dir='ltr'>ἐπαγγελ-</span> 
     </span>
    </p>
   </div>
   <div class='ocr_carea' id='block_1_63' title="bbox 2181 1629 3758 1706">
    <p class='ocr_par' dir='ltr' id='par_1_63' title="bbox 2181 1629 3758 1706">
     <span class='ocr_line' id='line_1_63' title="bbox 2181 1629 3758 1706; baseline 0.006 -26"><span class='ocrx_word' id='word_1_430' title='bbox 2181 1629 2420 1700; x_wconf 88' lang='grc' dir='ltr'>λομένην</span> <span class='ocrx_word' id='word_1_431' title='bbox 2456 1631 2593 1702; x_wconf 81' lang='grc' dir='ltr'>πρὸς</span> <span class='ocrx_word' id='word_1_432' title='bbox 2628 1635 2810 1689; x_wconf 78' lang='grc' dir='ltr'>πᾶσαν</span> <span class='ocrx_word' id='word_1_433' title='bbox 2842 1635 3046 1705; x_wconf 81' lang='grc' dir='ltr'>ἀρετῆς</span> <span class='ocrx_word' id='word_1_434' title='bbox 3078 1635 3224 1690; x_wconf 77' lang='grc' dir='ltr'>ἰδέαν</span> <span class='ocrx_word' id='word_1_435' title='bbox 3251 1638 3434 1706; x_wconf 76' lang='grc' dir='ltr'>εὐφυᾶ</span> <span class='ocrx_word' id='word_1_436' title='bbox 3465 1637 3558 1691; x_wconf 81' lang='grc' dir='ltr'>τὸν</span> <span class='ocrx_word' id='word_1_437' title='bbox 3584 1637 3758 1706; x_wconf 82' lang='grc' dir='ltr'>ἄνδρα</span> 
     </span>
    </p>
   </div>
   <div class='ocr_carea' id='block_1_64' title="bbox 2181 1721 3759 1799">
    <p class='ocr_par' dir='ltr' id='par_1_64' title="bbox 2181 1721 3759 1799">
     <span class='ocr_line' id='line_1_64' title="bbox 2181 1721 3759 1799; baseline 0.005 -26"><span class='ocrx_word' id='word_1_438' title='bbox 2181 1721 2250 1774; x_wconf 84' lang='grc' dir='ltr'>τὰ</span> <span class='ocrx_word' id='word_1_439' title='bbox 2280 1723 2674 1793; x_wconf 84' lang='grc' dir='ltr'>συντομώτατα</span> <span class='ocrx_word' id='word_1_440' title='bbox 2697 1744 2770 1781; x_wconf 90' lang='grc' dir='ltr'><strong>κα</strong></span> <span class='ocrx_word' id='word_1_441' title='bbox 2783 1729 3088 1797; x_wconf 76' lang='grc' dir='ltr'>ιαστήσειν.</span> <span class='ocrx_word' id='word_1_442' title='bbox 3120 1729 3338 1792; x_wconf 83' lang='grc' dir='ltr'><strong>Πάντας</strong></span> <span class='ocrx_word' id='word_1_443' title='bbox 3370 1729 3480 1799; x_wconf 84' lang='grc' dir='ltr'>γὰρ</span> <span class='ocrx_word' id='word_1_444' title='bbox 3510 1731 3622 1783; x_wconf 85' lang='grc' dir='ltr'>ὅσοι</span> <span class='ocrx_word' id='word_1_445' title='bbox 3647 1731 3759 1783; x_wconf 78' lang='grc' dir='ltr'>τῶν</span> 
     </span>
    </p>
   </div>
   <div class='ocr_carea' id='block_1_65' title="bbox 2183 1811 3760 1890">
    <p class='ocr_par' dir='ltr' id='par_1_65' title="bbox 2183 1811 3760 1890">
     <span class='ocr_line' id='line_1_65' title="bbox 2183 1811 3760 1890; baseline 0.005 -26"><span class='ocrx_word' id='word_1_446' title='bbox 2183 1811 2302 1880; x_wconf 74' lang='grc' dir='ltr'>ἅμα</span> <span class='ocrx_word' id='word_1_447' title='bbox 2338 1813 2488 1884; x_wconf 79' lang='grc' dir='ltr'><strong>αὑτῷ</strong></span> <span class='ocrx_word' id='word_1_448' title='bbox 2509 1815 2610 1884; x_wconf 84' lang='grc' dir='ltr'>τῆς</span> <span class='ocrx_word' id='word_1_449' title='bbox 2640 1818 2739 1885; x_wconf 85' lang='grc' dir='ltr'>σῆς</span> <span class='ocrx_word' id='word_1_450' title='bbox 2769 1818 2959 1884; x_wconf 66' lang='lat' dir='ltr'><strong>carpta;</strong></span> <span class='ocrx_word' id='word_1_451' title='bbox 2985 1814 3127 1888; x_wconf 83' lang='grc' dir='ltr'>ἦσαν</span> <span class='ocrx_word' id='word_1_452' title='bbox 3167 1819 3304 1882; x_wconf 85' lang='grc' dir='ltr'>τέως</span> <span class='ocrx_word' id='word_1_453' title='bbox 3342 1821 3631 1890; x_wconf 71' lang='grc' dir='ltr'>ἀκροαταὶ,</span> <span class='ocrx_word' id='word_1_454' title='bbox 3661 1820 3760 1874; x_wconf 76' lang='grc' dir='ltr'>καὶ</span> 
     </span>
    </p>
   </div>
   <div class='ocr_carea' id='block_1_66' title="bbox 2181 1893 3760 1981">
    <p class='ocr_par' dir='ltr' id='par_1_66' title="bbox 2181 1893 3760 1981">
     <span class='ocr_line' id='line_1_66' title="bbox 2181 1893 3760 1981; baseline 0.005 -25"><span class='ocrx_word' id='word_1_455' title='bbox 2181 1903 2291 1957; x_wconf 85' lang='grc' dir='ltr'><strong>τῶν</strong></span> <span class='ocrx_word' id='word_1_456' title='bbox 2320 1905 2421 1974; x_wconf 83' lang='grc' dir='ltr'>τῆς</span> <span class='ocrx_word' id='word_1_457' title='bbox 2455 1907 2554 1976; x_wconf 84' lang='grc' dir='ltr'>σῆς</span> <span class='ocrx_word' id='word_1_458' title='bbox 2581 1893 2932 1971; x_wconf 74' lang='grc' dir='ltr'>διδασκαλίας</span> <span class='ocrx_word' id='word_1_459' title='bbox 2963 1911 3181 1979; x_wconf 80' lang='grc' dir='ltr'>ἐκείνης</span> <span class='ocrx_word' id='word_1_460' title='bbox 3212 1914 3505 1981; x_wconf 82' lang='grc' dir='ltr'>κρατήρων</span> <span class='ocrx_word' id='word_1_461' title='bbox 3529 1912 3760 1980; x_wconf 86' lang='grc' dir='ltr'>φοιτῶν-</span> 
     </span>
    </p>
   </div>
   <div class='ocr_carea' id='block_1_67' title="bbox 2181 1993 3758 2070">
    <p class='ocr_par' dir='ltr' id='par_1_67' title="bbox 2181 1993 3758 2070">
     <span class='ocr_line' id='line_1_67' title="bbox 2181 1993 3758 2070; baseline 0.006 -25"><span class='ocrx_word' id='word_1_462' title='bbox 2181 2009 2272 2055; x_wconf 87' lang='grc' dir='ltr'><strong>τες</strong></span> <span class='ocrx_word' id='word_1_463' title='bbox 2319 1993 2627 2062; x_wconf 80' lang='grc' dir='ltr'>ὰπήλαυον,</span> <span class='ocrx_word' id='word_1_464' title='bbox 2700 2001 2932 2068; x_wconf 84' lang='grc' dir='ltr'>μακροῖς</span> <span class='ocrx_word' id='word_1_465' title='bbox 2978 2001 3298 2067; x_wconf 76' lang='grc' dir='ltr'>παρήλαυνε</span> <span class='ocrx_word' id='word_1_466' title='bbox 3353 2004 3465 2063; x_wconf 87' lang='grc' dir='ltr'>τοῖς</span> <span class='ocrx_word' id='word_1_467' title='bbox 3535 2002 3758 2070; x_wconf 84' lang='grc' dir='ltr'>μέτροις</span> 
     </span>
    </p>
   </div>
   <div class='ocr_carea' id='block_1_68' title="bbox 2180 2084 3759 2164">
    <p class='ocr_par' dir='ltr' id='par_1_68' title="bbox 2180 2084 3759 2164">
     <span class='ocr_line' id='line_1_68' title="bbox 2180 2084 3759 2164; baseline 0.008 -29"><span class='ocrx_word' id='word_1_468' title='bbox 2180 2084 2368 2154; x_wconf 82' lang='grc' dir='ltr'>δρόμῳ</span> <span class='ocrx_word' id='word_1_469' title='bbox 2390 2102 2447 2137; x_wconf 87' lang='grc' dir='ltr'><strong>τε</strong></span> <span class='ocrx_word' id='word_1_470' title='bbox 2476 2084 2723 2156; x_wconf 82' lang='grc' dir='ltr'>γλώττης</span> <span class='ocrx_word' id='word_1_471' title='bbox 2760 2090 2854 2143; x_wconf 74' lang='grc' dir='ltr'><strong>καὶ</strong></span> <span class='ocrx_word' id='word_1_472' title='bbox 2875 2089 3116 2152; x_wconf 76' lang='grc' dir='ltr'>διανοίας</span> <span class='ocrx_word' id='word_1_473' title='bbox 3147 2090 3388 2162; x_wconf 74' lang='grc' dir='ltr'>ὀξύτητι.</span> <span class='ocrx_word' id='word_1_474' title='bbox 3436 2092 3551 2146; x_wconf 84' lang='grc' dir='ltr'><strong>Νῦν</strong></span> <span class='ocrx_word' id='word_1_475' title='bbox 3575 2094 3631 2146; x_wconf 76' lang='grc' dir='ltr'>δὲ</span> <span class='ocrx_word' id='word_1_476' title='bbox 3655 2093 3759 2164; x_wconf 78' lang='grc' dir='ltr'><strong>τῆς</strong></span> 
     </span>
    </p>
   </div>
   <div class='ocr_carea' id='block_1_69' title="bbox 2183 2176 3759 2252">
    <p class='ocr_par' dir='ltr' id='par_1_69' title="bbox 2183 2176 3759 2252">
     <span class='ocr_line' id='line_1_69' title="bbox 2183 2176 3759 2252; baseline 0.007 -27"><span class='ocrx_word' id='word_1_477' title='bbox 2183 2176 2402 2244; x_wconf 74' lang='grc' dir='ltr'>μακρᾶς</span> <span class='ocrx_word' id='word_1_478' title='bbox 2433 2176 2648 2244; x_wconf 75' lang='grc' dir='ltr'>ἐκείνης</span> <span class='ocrx_word' id='word_1_479' title='bbox 2678 2179 2995 2246; x_wconf 57' lang='grc' dir='ltr'>ἁπηδημίας</span> <span class='ocrx_word' id='word_1_480' title='bbox 3021 2179 3334 2249; x_wconf 80' lang='grc' dir='ltr'>ἀνειληφὼς</span> <span class='ocrx_word' id='word_1_481' title='bbox 3369 2182 3626 2252; x_wconf 82' lang='grc' dir='ltr'>ἐμαυτὸν,</span> <span class='ocrx_word' id='word_1_482' title='bbox 3653 2183 3759 2252; x_wconf 79' lang='grc' dir='ltr'>τῆς</span> 
     </span>
    </p>
   </div>
   <div class='ocr_carea' id='block_1_70' title="bbox 2179 2267 3755 2346">
    <p class='ocr_par' dir='ltr' id='par_1_70' title="bbox 2179 2267 3755 2346">
     <span class='ocr_line' id='line_1_70' title="bbox 2179 2267 3755 2346; baseline 0.008 -30"><span class='ocrx_word' id='word_1_483' title='bbox 2179 2267 2412 2336; x_wconf 75' lang='grc' dir='ltr'>φυσικῆς</span> <span class='ocrx_word' id='word_1_484' title='bbox 2454 2268 2668 2338; x_wconf 76' lang='grc' dir='ltr'>ἐκείνης</span> <span class='ocrx_word' id='word_1_485' title='bbox 2698 2272 3030 2340; x_wconf 75' lang='grc' dir='ltr'>ἐπαγγελίας</span> <span class='ocrx_word' id='word_1_486' title='bbox 3061 2273 3270 2342; x_wconf 81' lang='grc' dir='ltr'>ἀμείνω</span> <span class='ocrx_word' id='word_1_487' title='bbox 3299 2275 3428 2345; x_wconf 70' lang='grc' dir='ltr'>περὶ</span> <span class='ocrx_word' id='word_1_488' title='bbox 3466 2276 3558 2328; x_wconf 79' lang='grc' dir='ltr'>τὸν</span> <span class='ocrx_word' id='word_1_489' title='bbox 3582 2274 3755 2346; x_wconf 76' lang='grc' dir='ltr'>ἄνδρα</span> 
     </span>
    </p>
   </div>
   <div class='ocr_carea' id='block_1_71' title="bbox 2181 2355 3756 2437">
    <p class='ocr_par' dir='ltr' id='par_1_71' title="bbox 2181 2355 3756 2437">
     <span class='ocr_line' id='line_1_71' title="bbox 2181 2355 3756 2437; baseline 0.007 -29"><span class='ocrx_word' id='word_1_490' title='bbox 2181 2355 2363 2424; x_wconf 82' lang='grc' dir='ltr'>βλέπω</span> <span class='ocrx_word' id='word_1_491' title='bbox 2387 2359 2484 2430; x_wconf 78' lang='grc' dir='ltr'>τὴν</span> <span class='ocrx_word' id='word_1_492' title='bbox 2515 2360 2753 2432; x_wconf 84' lang='grc' dir='ltr'>βλάστην</span> <span class='ocrx_word' id='word_1_493' title='bbox 2806 2363 2902 2416; x_wconf 74' lang='grc' dir='ltr'>καὶ</span> <span class='ocrx_word' id='word_1_494' title='bbox 2934 2366 3242 2435; x_wconf 74' lang='grc' dir='ltr'>προοιμίων</span> <span class='ocrx_word' id='word_1_495' title='bbox 3291 2368 3523 2420; x_wconf 76' lang='grc' dir='ltr'>ἐκείνων</span> <span class='ocrx_word' id='word_1_496' title='bbox 3569 2368 3756 2437; x_wconf 84' lang='grc' dir='ltr'>πολλῴ</span> 
     </span>
    </p>
   </div>
   <div class='ocr_carea' id='block_1_72' title="bbox 2177 2450 3754 2531">
    <p class='ocr_par' dir='ltr' id='par_1_72' title="bbox 2177 2450 3754 2531">
     <span class='ocr_line' id='line_1_72' title="bbox 2177 2450 3754 2531; baseline 0.008 -32"><span class='ocrx_word' id='word_1_497' title='bbox 2177 2450 2250 2503; x_wconf 81' lang='grc' dir='ltr'>τὰ</span> <span class='ocrx_word' id='word_1_498' title='bbox 2278 2451 2373 2504; x_wconf 83' lang='grc' dir='ltr'>νῦν</span> <span class='ocrx_word' id='word_1_499' title='bbox 2402 2458 2844 2524; x_wconf 83' lang='grc' dir='ltr'>συμπεράσματα</span> <span class='ocrx_word' id='word_1_500' title='bbox 2872 2459 3243 2529; x_wconf 77' lang='grc' dir='ltr'>κραταιότερα</span> <span class='ocrx_word' id='word_1_501' title='bbox 3290 2460 3382 2512; x_wconf 81' lang='grc' dir='ltr'><strong>Διὸ</strong></span> <span class='ocrx_word' id='word_1_502' title='bbox 3414 2462 3509 2514; x_wconf 72' lang='grc' dir='ltr'>καὶ</span> <span class='ocrx_word' id='word_1_503' title='bbox 3534 2461 3754 2531; x_wconf 87' lang='grc' dir='ltr'>βασιλι-</span> 
     </span>
    </p>
   </div>
   <div class='ocr_carea' id='block_1_73' title="bbox 2177 2535 3757 2620">
    <p class='ocr_par' dir='ltr' id='par_1_73' title="bbox 2177 2535 3757 2620">
     <span class='ocr_line' id='line_1_73' title="bbox 2177 2535 3757 2620; baseline 0.008 -31"><span class='ocrx_word' id='word_1_504' title='bbox 2177 2535 2282 2605; x_wconf 84' lang='grc' dir='ltr'>κῆς</span> <span class='ocrx_word' id='word_1_505' title='bbox 2307 2537 2607 2608; x_wconf 80' lang='grc' dir='ltr'>ὲγγύτητός</span> <span class='ocrx_word' id='word_1_506' title='bbox 2664 2558 2724 2594; x_wconf 89' lang='grc' dir='ltr'><strong>τε</strong></span> <span class='ocrx_word' id='word_1_507' title='bbox 2753 2545 2847 2594; x_wconf 83' lang='grc' dir='ltr'>καὶ</span> <span class='ocrx_word' id='word_1_508' title='bbox 2879 2544 3170 2612; x_wconf 76' lang='grc' dir='ltr'>εὐμενείας</span> <span class='ocrx_word' id='word_1_509' title='bbox 3220 2547 3431 2609; x_wconf 82' lang='grc' dir='ltr'>οὐδενὸς</span> <span class='ocrx_word' id='word_1_510' title='bbox 3463 2549 3572 2602; x_wconf 84' lang='grc' dir='ltr'>τῶν</span> <span class='ocrx_word' id='word_1_511' title='bbox 3598 2566 3757 2620; x_wconf 62' lang='grc' dir='ltr'>περι-</span> 
     </span>
    </p>
   </div>
   <div class='ocr_carea' id='block_1_74' title="bbox 2175 2624 3751 2705">
    <p class='ocr_par' dir='ltr' id='par_1_74' title="bbox 2175 2624 3751 2705">
     <span class='ocr_line' id='line_1_74' title="bbox 2175 2624 3751 2705; baseline 0.008 -29"><span class='ocrx_word' id='word_1_512' title='bbox 2175 2624 2446 2696; x_wconf 83' lang='grc' dir='ltr'>λάμπρων</span> <span class='ocrx_word' id='word_1_513' title='bbox 2470 2627 2682 2698; x_wconf 79' lang='grc' dir='ltr'>ἀνδρῶν</span> <span class='ocrx_word' id='word_1_514' title='bbox 2706 2629 3054 2703; x_wconf 78' lang='grc' dir='ltr'>ἐνδεέστερον</span> <span class='ocrx_word' id='word_1_515' title='bbox 3089 2633 3388 2704; x_wconf 78' lang='grc' dir='ltr'>μετέχοντα</span> <span class='ocrx_word' id='word_1_516' title='bbox 3417 2635 3627 2705; x_wconf 83' lang='grc' dir='ltr'>βλέπων</span> <span class='ocrx_word' id='word_1_517' title='bbox 3655 2638 3751 2691; x_wconf 63' lang='grc' dir='ltr'>τὸν</span> 
     </span>
    </p>
   </div>
   <div class='ocr_carea' id='block_1_75' title="bbox 2175 2719 3753 2798">
    <p class='ocr_par' dir='ltr' id='par_1_75' title="bbox 2175 2719 3753 2798">
     <span class='ocr_line' id='line_1_75' title="bbox 2175 2719 3753 2798; baseline 0.008 -27"><span class='ocrx_word' id='word_1_518' title='bbox 2175 2719 2344 2790; x_wconf 84' lang='grc' dir='ltr'>ἄνδρα</span> <span class='ocrx_word' id='word_1_519' title='bbox 2365 2721 2614 2792; x_wconf 79' lang='grc' dir='ltr'>γέγηθαο</span> <span class='ocrx_word' id='word_1_520' title='bbox 2667 2724 2768 2794; x_wconf 77' lang='grc' dir='ltr'>ἥδη</span> <span class='ocrx_word' id='word_1_521' title='bbox 2801 2725 2910 2794; x_wconf 74' lang='grc' dir='ltr'><strong>γὰρ</strong></span> <span class='ocrx_word' id='word_1_522' title='bbox 2947 2726 3018 2778; x_wconf 84' lang='grc' dir='ltr'>δι’</span> <span class='ocrx_word' id='word_1_523' title='bbox 3049 2727 3254 2798; x_wconf 84' lang='grc' dir='ltr'>ἀρετῆς</span> <span class='ocrx_word' id='word_1_524' title='bbox 3289 2729 3614 2796; x_wconf 83' lang='grc' dir='ltr'>περιουσίαν</span> <span class='ocrx_word' id='word_1_525' title='bbox 3646 2731 3753 2785; x_wconf 82' lang='grc' dir='ltr'>κάν</span> 
     </span>
    </p>
   </div>
   <div class='ocr_carea' id='block_1_76' title="bbox 2179 2813 3752 2893">
    <p class='ocr_par' dir='ltr' id='par_1_76' title="bbox 2179 2813 3752 2893">
     <span class='ocr_line' id='line_1_76' title="bbox 2179 2813 3752 2893; baseline 0.007 -30"><span class='ocrx_word' id='word_1_526' title='bbox 2179 2813 2365 2879; x_wconf 86' lang='grc' dir='ltr'>μέσοις</span> <span class='ocrx_word' id='word_1_527' title='bbox 2394 2816 2508 2877; x_wconf 89' lang='grc' dir='ltr'>τοῖς</span> <span class='ocrx_word' id='word_1_528' title='bbox 2531 2814 2830 2884; x_wconf 72' lang='grc' dir='ltr'>βασιλείοις</span> <span class='ocrx_word' id='word_1_529' title='bbox 2857 2819 3394 2892; x_wconf 76' lang='grc' dir='ltr'>πεπαρρησιασμένῃ</span> <span class='ocrx_word' id='word_1_530' title='bbox 3431 2824 3498 2892; x_wconf 81' lang='grc' dir='ltr'>τῇ</span> <span class='ocrx_word' id='word_1_531' title='bbox 3532 2821 3752 2893; x_wconf 82' lang='grc' dir='ltr'>γλώττῃ</span> 
     </span>
    </p>
   </div>
   <div class='ocr_carea' id='block_1_77' title="bbox 2171 2899 3753 2981">
    <p class='ocr_par' dir='ltr' id='par_1_77' title="bbox 2171 2899 3753 2981">
     <span class='ocr_line' id='line_1_77' title="bbox 2171 2899 3753 2981; baseline 0.008 -30"><span class='ocrx_word' id='word_1_532' title='bbox 2171 2899 2384 2953; x_wconf 81' lang='grc' dir='ltr'>διέπειν</span> <span class='ocrx_word' id='word_1_533' title='bbox 2433 2903 2560 2967; x_wconf 79' lang='grc' dir='ltr'>τοὺς</span> <span class='ocrx_word' id='word_1_534' title='bbox 2619 2903 2718 2974; x_wconf 81' lang='grc' dir='ltr'>τῆς</span> <span class='ocrx_word' id='word_1_535' title='bbox 2767 2905 3076 2970; x_wconf 70' lang='grc' dir='ltr'>εὐθυδικίας</span> <span class='ocrx_word' id='word_1_536' title='bbox 3113 2906 3372 2963; x_wconf 85' lang='grc' dir='ltr'>τέτακται</span> <span class='ocrx_word' id='word_1_537' title='bbox 3422 2911 3620 2981; x_wconf 89' lang='grc' dir='ltr'>νόμους</span> <span class='ocrx_word' id='word_1_538' title='bbox 3653 2911 3753 2964; x_wconf 75' lang='grc' dir='ltr'>καὶ</span> 
     </span>
    </p>
   </div>
   <div class='ocr_carea' id='block_1_78' title="bbox 2173 2989 3751 3070">
    <p class='ocr_par' dir='ltr' id='par_1_78' title="bbox 2173 2989 3751 3070">
     <span class='ocr_line' id='line_1_78' title="bbox 2173 2989 3751 3070; baseline 0.007 -27"><span class='ocrx_word' id='word_1_539' title='bbox 2173 2989 2282 3043; x_wconf 82' lang='grc' dir='ltr'><strong>τῶν</strong></span> <span class='ocrx_word' id='word_1_540' title='bbox 2303 2991 2581 3061; x_wconf 82' lang='grc' dir='ltr'>δημοσίων</span> <span class='ocrx_word' id='word_1_541' title='bbox 2607 2994 2951 3064; x_wconf 78' lang='grc' dir='ltr'>πραγμάτων</span> <span class='ocrx_word' id='word_1_542' title='bbox 2987 2997 3294 3068; x_wconf 72' lang='grc' dir='ltr'>οἰκονομεῖν</span> <span class='ocrx_word' id='word_1_543' title='bbox 3329 3001 3384 3052; x_wconf 86' lang='grc' dir='ltr'>ὲν</span> <span class='ocrx_word' id='word_1_544' title='bbox 3405 2999 3587 3070; x_wconf 86' lang='grc' dir='ltr'>κρίσει</span> <span class='ocrx_word' id='word_1_545' title='bbox 3619 3002 3751 3066; x_wconf 69' lang='grc' dir='ltr'>τοὺς</span> 
     </span>
    </p>
   </div>
   <div class='ocr_carea' id='block_1_79' title="bbox 2172 3081 3752 3162">
    <p class='ocr_par' dir='ltr' id='par_1_79' title="bbox 2172 3081 3752 3162">
     <span class='ocr_line' id='line_1_79' title="bbox 2172 3081 3752 3162; baseline 0.008 -29"><span class='ocrx_word' id='word_1_546' title='bbox 2172 3081 2366 3149; x_wconf 80' lang='grc' dir='ltr'>λόγους</span> <span class='ocrx_word' id='word_1_547' title='bbox 2400 3087 2492 3138; x_wconf 73' lang='grc' dir='ltr'>καὶ</span> <span class='ocrx_word' id='word_1_548' title='bbox 2529 3086 2598 3140; x_wconf 82' lang='grc' dir='ltr'><strong>τὰ</strong></span> <span class='ocrx_word' id='word_1_549' title='bbox 2627 3087 2955 3158; x_wconf 79' lang='grc' dir='ltr'>φηφίσματα</span> <span class='ocrx_word' id='word_1_550' title='bbox 2979 3105 2994 3119; x_wconf 75' lang='grc' dir='ltr'><strong>ο</strong></span> <span class='ocrx_word' id='word_1_551' title='bbox 3016 3084 3098 3153; x_wconf 76' lang='grc' dir='ltr'>οἷς</span> <span class='ocrx_word' id='word_1_552' title='bbox 3122 3091 3386 3162; x_wconf 72' lang='grc' dir='ltr'>ἀρῤεπεῖς</span> <span class='ocrx_word' id='word_1_553' title='bbox 3413 3093 3508 3145; x_wconf 74' lang='grc' dir='ltr'>τὸν</span> <span class='ocrx_word' id='word_1_554' title='bbox 3531 3092 3752 3147; x_wconf 76' lang='grc' dir='ltr'>ἅπαντα</span> 
     </span>
    </p>
   </div>
   <div class='ocr_carea' id='block_1_80' title="bbox 2173 3177 3755 3256">
    <p class='ocr_par' dir='ltr' id='par_1_80' title="bbox 2173 3177 3755 3256">
     <span class='ocr_line' id='line_1_80' title="bbox 2173 3177 3755 3256; baseline 0.009 -31"><span class='ocrx_word' id='word_1_555' title='bbox 2173 3179 2364 3244; x_wconf 67' lang='grc' dir='ltr'>χρὶνον</span> <span class='ocrx_word' id='word_1_556' title='bbox 2401 3179 2496 3230; x_wconf 76' lang='grc' dir='ltr'>καὶ</span> <span class='ocrx_word' id='word_1_557' title='bbox 2523 3177 2702 3249; x_wconf 80' lang='grc' dir='ltr'>πάντη</span> <span class='ocrx_word' id='word_1_558' title='bbox 2725 3180 3142 3252; x_wconf 86' lang='grc' dir='ltr'>ἀκαπηλεύτους</span> <span class='ocrx_word' id='word_1_559' title='bbox 3175 3182 3273 3248; x_wconf 82' lang='grc' dir='ltr'>τὰς</span> <span class='ocrx_word' id='word_1_560' title='bbox 3300 3184 3400 3254; x_wconf 86' lang='grc' dir='ltr'>τῆς</span> <span class='ocrx_word' id='word_1_561' title='bbox 3427 3185 3581 3256; x_wconf 84' lang='grc' dir='ltr'>δίκης</span> <span class='ocrx_word' id='word_1_562' title='bbox 3613 3187 3755 3239; x_wconf 76' lang='grc' dir='ltr'><strong>ἑπά-</strong></span> 
     </span>
    </p>
   </div>
   <div class='ocr_carea' id='block_1_81' title="bbox 2171 3270 3748 3349">
    <p class='ocr_par' dir='ltr' id='par_1_81' title="bbox 2171 3270 3748 3349">
     <span class='ocr_line' id='line_1_81' title="bbox 2171 3270 3748 3349; baseline 0.008 -29"><span class='ocrx_word' id='word_1_563' title='bbox 2171 3284 2284 3336; x_wconf 89' lang='grc' dir='ltr'><strong>γων</strong></span> <span class='ocrx_word' id='word_1_564' title='bbox 2338 3270 2675 3340; x_wconf 77' lang='grc' dir='ltr'>πλάστιγγας</span> <span class='ocrx_word' id='word_1_565' title='bbox 2737 3273 2920 3344; x_wconf 80' lang='grc' dir='ltr'>θαῦμα</span> <span class='ocrx_word' id='word_1_566' title='bbox 2954 3275 3032 3345; x_wconf 81' lang='grc' dir='ltr'>τῷ</span> <span class='ocrx_word' id='word_1_567' title='bbox 3080 3275 3181 3346; x_wconf 83' lang='grc' dir='ltr'>βίῳ</span> <span class='ocrx_word' id='word_1_568' title='bbox 3229 3276 3439 3347; x_wconf 83' lang='grc' dir='ltr'>γίνεται</span> <span class='ocrx_word' id='word_1_569' title='bbox 3496 3278 3748 3349; x_wconf 74' lang='grc' dir='ltr'>μεῖζονῆ</span> 
     </span>
    </p>
   </div>
   <div class='ocr_carea' id='block_1_82' title="bbox 2170 3360 3745 3440">
    <p class='ocr_par' dir='ltr' id='par_1_82' title="bbox 2170 3360 3745 3440">
     <span class='ocr_line' id='line_1_82' title="bbox 2170 3360 3745 3440; baseline 0.008 -26"><span class='ocrx_word' id='word_1_570' title='bbox 2170 3360 2315 3415; x_wconf 78' lang='grc' dir='ltr'>κατὰ</span> <span class='ocrx_word' id='word_1_571' title='bbox 2343 3363 2523 3420; x_wconf 79' lang='grc' dir='ltr'>πάντα</span> <span class='ocrx_word' id='word_1_572' title='bbox 2566 3365 2774 3420; x_wconf 87' lang='grc' dir='ltr'>δίκαιον</span> <span class='ocrx_word' id='word_1_573' title='bbox 2814 3369 3175 3440; x_wconf 77' lang='grc' dir='ltr'>Ἀριστείδην,</span> <span class='ocrx_word' id='word_1_574' title='bbox 3222 3371 3317 3425; x_wconf 80' lang='grc' dir='ltr'>καὶ</span> <span class='ocrx_word' id='word_1_575' title='bbox 3355 3373 3524 3427; x_wconf 77' lang='grc' dir='ltr'>πᾶσιν</span> <span class='ocrx_word' id='word_1_576' title='bbox 3550 3371 3745 3436; x_wconf 80' lang='grc' dir='ltr'>ἁπλῶς</span> 
     </span>
    </p>
   </div>
   <div class='ocr_carea' id='block_1_83' title="bbox 2171 3454 3749 3535">
    <p class='ocr_par' dir='ltr' id='par_1_83' title="bbox 2171 3454 3749 3535">
     <span class='ocr_line' id='line_1_83' title="bbox 2171 3454 3749 3535; baseline 0.009 -30"><span class='ocrx_word' id='word_1_577' title='bbox 2171 3454 2527 3526; x_wconf 75' lang='grc' dir='ltr'>περιλάλημα</span> <span class='ocrx_word' id='word_1_578' title='bbox 2577 3458 2900 3514; x_wconf 76' lang='grc' dir='ltr'>καθίσταται</span> <span class='ocrx_word' id='word_1_579' title='bbox 2952 3463 3269 3532; x_wconf 79' lang='grc' dir='ltr'>κράτιστον,</span> <span class='ocrx_word' id='word_1_580' title='bbox 3323 3464 3422 3535; x_wconf 83' lang='grc' dir='ltr'><strong>οὐχ</strong></span> <span class='ocrx_word' id='word_1_581' title='bbox 3449 3465 3749 3535; x_wconf 81' lang='grc' dir='ltr'>ὁμοφύλοις</span> 
     </span>
    </p>
   </div>
   <div class='ocr_carea' id='block_1_84' title="bbox 2173 3549 3747 3626">
    <p class='ocr_par' dir='ltr' id='par_1_84' title="bbox 2173 3549 3747 3626">
     <span class='ocr_line' id='line_1_84' title="bbox 2173 3549 3747 3626; baseline 0.007 -25"><span class='ocrx_word' id='word_1_582' title='bbox 2173 3549 2355 3613; x_wconf 87' lang='grc' dir='ltr'>μόνον,</span> <span class='ocrx_word' id='word_1_583' title='bbox 2412 3549 2530 3602; x_wconf 81' lang='grc' dir='ltr'>ἀλλ’</span> <span class='ocrx_word' id='word_1_584' title='bbox 2574 3551 2676 3621; x_wconf 74' lang='grc' dir='ltr'>ἤδη</span> <span class='ocrx_word' id='word_1_585' title='bbox 2717 3553 2809 3607; x_wconf 81' lang='grc' dir='ltr'>καὶ</span> <span class='ocrx_word' id='word_1_586' title='bbox 2845 3554 2900 3616; x_wconf 74' lang='grc' dir='ltr'>ἐς</span> <span class='ocrx_word' id='word_1_587' title='bbox 2931 3556 3000 3607; x_wconf 74' lang='grc' dir='ltr'>τὰ</span> <span class='ocrx_word' id='word_1_588' title='bbox 3054 3555 3312 3625; x_wconf 86' lang='grc' dir='ltr'>περίοικα</span> <span class='ocrx_word' id='word_1_589' title='bbox 3362 3555 3472 3609; x_wconf 82' lang='grc' dir='ltr'><strong>τῶν</strong></span> <span class='ocrx_word' id='word_1_590' title='bbox 3499 3556 3672 3612; x_wconf 82' lang='grc' dir='ltr'>ὲθνῶν</span> <span class='ocrx_word' id='word_1_591' title='bbox 3710 3559 3747 3626; x_wconf 78' lang='grc' dir='ltr'><strong>ἡ</strong></span> 
     </span>
    </p>
   </div>
   <div class='ocr_carea' id='block_1_85' title="bbox 2171 3637 3744 3712">
    <p class='ocr_par' dir='ltr' id='par_1_85' title="bbox 2171 3637 3744 3712">
     <span class='ocr_line' id='line_1_85' title="bbox 2171 3637 3744 3712; baseline 0.005 -22"><span class='ocrx_word' id='word_1_592' title='bbox 2171 3637 2332 3708; x_wconf 83' lang='grc' dir='ltr'>φήμη</span> <span class='ocrx_word' id='word_1_593' title='bbox 2379 3637 2698 3708; x_wconf 82' lang='grc' dir='ltr'>διέδραμεν,</span> <span class='ocrx_word' id='word_1_594' title='bbox 2726 3639 3005 3709; x_wconf 79' lang='grc' dir='ltr'>ἀκήρατον</span> <span class='ocrx_word' id='word_1_595' title='bbox 3047 3642 3292 3712; x_wconf 78' lang='grc' dir='ltr'>φέρουσα</span> <span class='ocrx_word' id='word_1_596' title='bbox 3323 3644 3384 3696; x_wconf 73' lang='grc' dir='ltr'>τὸ</span> <span class='ocrx_word' id='word_1_597' title='bbox 3417 3647 3614 3711; x_wconf 85' lang='grc' dir='ltr'>σεμνὸν</span> <span class='ocrx_word' id='word_1_598' title='bbox 3644 3647 3744 3712; x_wconf 80' lang='grc' dir='ltr'>τῆς</span> 
     </span>
    </p>
   </div>
   <div class='ocr_carea' id='block_1_86' title="bbox 2170 3728 3743 3807">
    <p class='ocr_par' dir='ltr' id='par_1_86' title="bbox 2170 3728 3743 3807">
     <span class='ocr_line' id='line_1_86' title="bbox 2170 3728 3743 3807; baseline 0.006 -26"><span class='ocrx_word' id='word_1_599' title='bbox 2170 3728 2376 3790; x_wconf 81' lang='grc' dir='ltr'>αίδοῦς.</span> <span class='ocrx_word' id='word_1_600' title='bbox 2413 3730 2519 3782; x_wconf 73' lang='grc' dir='ltr'><strong>Καὶ</strong></span> <span class='ocrx_word' id='word_1_601' title='bbox 2538 3730 2601 3800; x_wconf 85' lang='grc' dir='ltr'>δὴ</span> <span class='ocrx_word' id='word_1_602' title='bbox 2631 3730 2805 3785; x_wconf 82' lang='grc' dir='ltr'>ταῦτα</span> <span class='ocrx_word' id='word_1_603' title='bbox 2838 3733 2928 3785; x_wconf 69' lang='grc' dir='ltr'>καὶ</span> <span class='ocrx_word' id='word_1_604' title='bbox 2961 3734 3296 3805; x_wconf 89' lang='grc' dir='ltr'>συνέκδημον</span> <span class='ocrx_word' id='word_1_605' title='bbox 3341 3737 3374 3806; x_wconf 73' lang='grc' dir='ltr'><strong>ἡ</strong></span> <span class='ocrx_word' id='word_1_606' title='bbox 3423 3736 3637 3807; x_wconf 73' lang='grc' dir='ltr'>βασιλὶς</span> <span class='ocrx_word' id='word_1_607' title='bbox 3685 3740 3743 3801; x_wconf 85' lang='grc' dir='ltr'>ἐς</span> 
     </span>
    </p>
   </div>
   <div class='ocr_carea' id='block_1_87' title="bbox 2169 3821 3742 3902">
    <p class='ocr_par' dir='ltr' id='par_1_87' title="bbox 2169 3821 3742 3902">
     <span class='ocr_line' id='line_1_87' title="bbox 2169 3821 3742 3902; baseline 0.006 -29"><span class='ocrx_word' id='word_1_608' title='bbox 2169 3821 2549 3892; x_wconf 80' lang='grc' dir='ltr'>Διδυμότειχον</span> <span class='ocrx_word' id='word_1_609' title='bbox 2579 3822 2746 3894; x_wconf 75' lang='grc' dir='ltr'>ἑαυτῇ</span> <span class='ocrx_word' id='word_1_610' title='bbox 2775 3825 3032 3890; x_wconf 87' lang='grc' dir='ltr'>γενέσθαι</span> <span class='ocrx_word' id='word_1_611' title='bbox 3071 3826 3179 3879; x_wconf 83' lang='grc' dir='ltr'><strong>τῶν</strong></span> <span class='ocrx_word' id='word_1_612' title='bbox 3206 3827 3331 3882; x_wconf 81' lang='grc' dir='ltr'>καθ’</span> <span class='ocrx_word' id='word_1_613' title='bbox 3353 3829 3517 3883; x_wconf 80' lang='grc' dir='ltr'>αὑτὸν</span> <span class='ocrx_word' id='word_1_614' title='bbox 3544 3848 3742 3902; x_wconf 70' lang='grc' dir='ltr'>προτε-</span> 
     </span>
    </p>
   </div>
   <div class='ocr_carea' id='block_1_88' title="bbox 2168 3915 3740 3992">
    <p class='ocr_par' dir='ltr' id='par_1_88' title="bbox 2168 3915 3740 3992">
     <span class='ocr_line' id='line_1_88' title="bbox 2168 3915 3740 3992; baseline 0.006 -25"><span class='ocrx_word' id='word_1_615' title='bbox 2168 3915 2428 3986; x_wconf 88' lang='grc' dir='ltr'>τίμηκεν,</span> <span class='ocrx_word' id='word_1_616' title='bbox 2458 3916 2532 3981; x_wconf 85' lang='grc' dir='ltr'><strong>ὡς</strong></span> <span class='ocrx_word' id='word_1_617' title='bbox 2556 3918 2822 3989; x_wconf 73' lang='grc' dir='ltr'>αὐτήκοος</span> <span class='ocrx_word' id='word_1_618' title='bbox 2855 3921 2953 3973; x_wconf 71' lang='grc' dir='ltr'>καὶ</span> <span class='ocrx_word' id='word_1_619' title='bbox 2983 3921 3264 3991; x_wconf 85' lang='grc' dir='ltr'>αὐτόπτης</span> <span class='ocrx_word' id='word_1_620' title='bbox 3309 3924 3429 3975; x_wconf 82' lang='grc' dir='ltr'>ἐκεῖ</span> <span class='ocrx_word' id='word_1_621' title='bbox 3451 3924 3740 3992; x_wconf 79' lang='grc' dir='ltr'>γενόμενος</span> 
     </span>
    </p>
   </div>
   <div class='ocr_carea' id='block_1_89' title="bbox 2168 4009 3740 4087">
    <p class='ocr_par' dir='ltr' id='par_1_89' title="bbox 2168 4009 3740 4087">
     <span class='ocr_line' id='line_1_89' title="bbox 2168 4009 3740 4087; baseline 0.004 -25"><span class='ocrx_word' id='word_1_622' title='bbox 2168 4011 2263 4063; x_wconf 81' lang='grc' dir='ltr'>καὶ</span> <span class='ocrx_word' id='word_1_623' title='bbox 2291 4009 2450 4072; x_wconf 71' lang='grc' dir='ltr'>αὐτὸς</span> <span class='ocrx_word' id='word_1_624' title='bbox 2477 4010 2587 4063; x_wconf 84' lang='grc' dir='ltr'><strong>τῶν</strong></span> <span class='ocrx_word' id='word_1_625' title='bbox 2620 4027 2679 4064; x_wconf 88' lang='grc' dir='ltr'><strong>τε</strong></span> <span class='ocrx_word' id='word_1_626' title='bbox 2728 4012 2791 4083; x_wconf 76' lang='grc' dir='ltr'>δὴ</span> <span class='ocrx_word' id='word_1_627' title='bbox 2844 4013 3262 4085; x_wconf 84' lang='grc' dir='ltr'>λεχθησομένων</span> <span class='ocrx_word' id='word_1_628' title='bbox 3297 4016 3391 4069; x_wconf 76' lang='grc' dir='ltr'><strong>καὶ</strong></span> <span class='ocrx_word' id='word_1_629' title='bbox 3425 4018 3740 4087; x_wconf 77' lang='grc' dir='ltr'>πραχθησο-</span> 
     </span>
    </p>
   </div>
   <div class='ocr_carea' id='block_1_90' title="bbox 2173 4101 3742 4178">
    <p class='ocr_par' dir='ltr' id='par_1_90' title="bbox 2173 4101 3742 4178">
     <span class='ocr_line' id='line_1_90' title="bbox 2173 4101 3742 4178; baseline 0.006 -25"><span class='ocrx_word' id='word_1_630' title='bbox 2173 4101 2351 4171; x_wconf 83' lang='grc' dir='ltr'>μένων</span> <span class='ocrx_word' id='word_1_631' title='bbox 2375 4103 2706 4167; x_wconf 77' lang='grc' dir='ltr'>γένοιτοκαὶ</span> <span class='ocrx_word' id='word_1_632' title='bbox 2751 4105 2960 4174; x_wconf 75' lang='grc' dir='ltr'>μάρτυς</span> <span class='ocrx_word' id='word_1_633' title='bbox 3011 4107 3474 4178; x_wconf 76' lang='grc' dir='ltr'>ἀπαράγραπςος.</span> <span class='ocrx_word' id='word_1_634' title='bbox 3525 4110 3742 4162; x_wconf 84' lang='grc' dir='ltr'>Ἐκεῖσε</span> 
     </span>
    </p>
   </div>
   <div class='ocr_carea' id='block_1_91' title="bbox 2165 4193 3742 4270">
    <p class='ocr_par' dir='ltr' id='par_1_91' title="bbox 2165 4193 3742 4270">
     <span class='ocr_line' id='line_1_91' title="bbox 2165 4193 3742 4270; baseline 0.006 -26"><span class='ocrx_word' id='word_1_635' title='bbox 2165 4193 2344 4246; x_wconf 85' lang='grc' dir='ltr'>τοίνυν</span> <span class='ocrx_word' id='word_1_636' title='bbox 2368 4194 2399 4264; x_wconf 84' lang='grc' dir='ltr'>ἡ</span> <span class='ocrx_word' id='word_1_637' title='bbox 2424 4193 2636 4263; x_wconf 72' lang='grc' dir='ltr'>βασιλὶς</span> <span class='ocrx_word' id='word_1_638' title='bbox 2658 4198 2929 4268; x_wconf 83' lang='grc' dir='ltr'>γενομένη</span> <span class='ocrx_word' id='word_1_639' title='bbox 2958 4199 3114 4253; x_wconf 81' lang='grc' dir='ltr'>πάντ’</span> <span class='ocrx_word' id='word_1_640' title='bbox 3139 4200 3326 4268; x_wconf 75' lang='grc' dir='ltr'>ἔλεγεν</span> <span class='ocrx_word' id='word_1_641' title='bbox 3354 4197 3434 4262; x_wconf 77' lang='grc' dir='ltr'>οἷς</span> <span class='ocrx_word' id='word_1_642' title='bbox 3463 4219 3519 4252; x_wconf 90' lang='grc' dir='ltr'><strong>τε</strong></span> <span class='ocrx_word' id='word_1_643' title='bbox 3546 4203 3742 4270; x_wconf 74' lang='grc' dir='ltr'>ἐμφω-</span> 
     </span>
    </p>
   </div>
   <div class='ocr_carea' id='block_1_92' title="bbox 2166 4279 3743 4358">
    <p class='ocr_par' dir='ltr' id='par_1_92' title="bbox 2166 4279 3743 4358">
     <span class='ocr_line' id='line_1_92' title="bbox 2166 4279 3743 4358; baseline 0.01 -28"><span class='ocrx_word' id='word_1_644' title='bbox 2166 4279 2346 4331; x_wconf 82' lang='grc' dir='ltr'>λεύειν</span> <span class='ocrx_word' id='word_1_645' title='bbox 2399 4282 2615 4336; x_wconf 81' lang='grc' dir='ltr'>ὑπενόει</span> <span class='ocrx_word' id='word_1_646' title='bbox 2667 4283 2767 4350; x_wconf 80' lang='grc' dir='ltr'>τὴν</span> <span class='ocrx_word' id='word_1_647' title='bbox 2797 4285 2888 4338; x_wconf 76' lang='grc' dir='ltr'>τοῦ</span> <span class='ocrx_word' id='word_1_648' title='bbox 2942 4287 3152 4341; x_wconf 87' lang='grc' dir='ltr'>πείθειν</span> <span class='ocrx_word' id='word_1_649' title='bbox 3187 4290 3361 4358; x_wconf 72' lang='grc' dir='ltr'>ίσχξδν,</span> <span class='ocrx_word' id='word_1_650' title='bbox 3397 4291 3491 4343; x_wconf 70' lang='grc' dir='ltr'>καὶ</span> <span class='ocrx_word' id='word_1_651' title='bbox 3527 4285 3607 4354; x_wconf 74' lang='grc' dir='ltr'>οἷς</span> <span class='ocrx_word' id='word_1_652' title='bbox 3638 4293 3743 4346; x_wconf 85' lang='grc' dir='ltr'>οὐκ</span> 
     </span>
    </p>
   </div>
   <div class='ocr_carea' id='block_1_93' title="bbox 2168 4370 3742 4453">
    <p class='ocr_par' dir='ltr' id='par_1_93' title="bbox 2168 4370 3742 4453">
     <span class='ocr_line' id='line_1_93' title="bbox 2168 4370 3742 4453; baseline 0.008 -31"><span class='ocrx_word' id='word_1_653' title='bbox 2168 4370 2481 4441; x_wconf 76' lang='grc' dir='ltr'>ἐφεδρεύειν</span> <span class='ocrx_word' id='word_1_654' title='bbox 2509 4370 2620 4444; x_wconf 83' lang='grc' dir='ltr'>εἶχε</span> <span class='ocrx_word' id='word_1_655' title='bbox 2651 4376 2974 4446; x_wconf 66' lang='grc' dir='ltr'>σκυθρωπδν</span> <span class='ocrx_word' id='word_1_656' title='bbox 3019 4379 3198 4445; x_wconf 79' lang='grc' dir='ltr'>οὐδὲν,</span> <span class='ocrx_word' id='word_1_657' title='bbox 3221 4381 3329 4433; x_wconf 81' lang='grc' dir='ltr'>τῶν</span> <span class='ocrx_word' id='word_1_658' title='bbox 3363 4384 3742 4453; x_wconf 80' lang='grc' dir='ltr'>ἐπιτιμήσεων</span> 
     </span>
    </p>
   </div>
   <div class='ocr_carea' id='block_1_94' title="bbox 490 4462 2069 4546">
    <p class='ocr_par' dir='ltr' id='par_1_94' title="bbox 490 4464 2062 4534">
     <span class='ocr_line' id='line_1_94' title="bbox 490 4464 2062 4534; baseline -0.002 -14"><span class='ocrx_word' id='word_1_659' title='bbox 490 4465 908 4520; x_wconf 88' lang='lat' dir='ltr'><strong>ministrandam</strong></span> <span class='ocrx_word' id='word_1_660' title='bbox 938 4465 1269 4534; x_wconf 85' lang='lat' dir='ltr'><strong>susciperet,</strong></span> <span class='ocrx_word' id='word_1_661' title='bbox 1327 4464 1563 4533; x_wconf 87' lang='lat' dir='ltr'><strong>reliquas</strong></span> <span class='ocrx_word' id='word_1_662' title='bbox 1591 4479 1780 4518; x_wconf 88' lang='lat' dir='ltr'><strong>omnes</strong></span> <span class='ocrx_word' id='word_1_663' title='bbox 1811 4465 2062 4532; x_wconf 89' lang='lat' dir='ltr'><strong>regiones</strong></span> 
     </span>
    </p>
   </div>
   <div class='ocr_carea' id='block_1_95' title="bbox 2173 4462 3740 4546">
    <p class='ocr_par' dir='ltr' id='par_1_95' title="bbox 2173 4462 3740 4546">
     <span class='ocr_line' id='line_1_95' title="bbox 2173 4462 3740 4546; baseline 0.01 -33"><span class='ocrx_word' id='word_1_664' title='bbox 2173 4462 2374 4532; x_wconf 72' lang='grc' dir='ltr'>ἥμερόν</span> <span class='ocrx_word' id='word_1_665' title='bbox 2404 4481 2526 4518; x_wconf 88' lang='grc' dir='ltr'>τινα</span> <span class='ocrx_word' id='word_1_666' title='bbox 2554 4466 2755 4536; x_wconf 86' lang='grc' dir='ltr'>τρόπον</span> <span class='ocrx_word' id='word_1_667' title='bbox 2791 4469 3177 4540; x_wconf 72' lang='grc' dir='ltr'>ὲνδεικνυμένη</span> <span class='ocrx_word' id='word_1_668' title='bbox 3229 4471 3307 4541; x_wconf 85' lang='grc' dir='ltr'>τῷ</span> <span class='ocrx_word' id='word_1_669' title='bbox 3331 4473 3434 4543; x_wconf 81' lang='grc' dir='ltr'>νέῳ</span> <span class='ocrx_word' id='word_1_670' title='bbox 3487 4477 3586 4544; x_wconf 74' lang='grc' dir='ltr'>τὴν</span> <span class='ocrx_word' id='word_1_671' title='bbox 3617 4477 3740 4546; x_wconf 75' lang='grc' dir='ltr'>ἠλι-</span> 
     </span>
    </p>
   </div>
   <div class='ocr_carea' id='block_1_96' title="bbox 489 4555 2060 4627">
    <p class='ocr_par' dir='ltr' id='par_1_96' title="bbox 489 4555 2060 4627">
     <span class='ocr_line' id='line_1_96' title="bbox 489 4555 2060 4627; baseline -0.003 -15"><span class='ocrx_word' id='word_1_672' title='bbox 489 4574 598 4612; x_wconf 82' lang='lat' dir='ltr'><strong>una</strong></span> <span class='ocrx_word' id='word_1_673' title='bbox 628 4572 752 4613; x_wconf 88' lang='lat' dir='ltr'><strong>cum</strong></span> <span class='ocrx_word' id='word_1_674' title='bbox 793 4557 939 4627; x_wconf 87' lang='lat' dir='ltr'><strong>regia</strong></span> <span class='ocrx_word' id='word_1_675' title='bbox 981 4566 1249 4626; x_wconf 87' lang='lat' dir='ltr'><strong>potestate</strong></span> <span class='ocrx_word' id='word_1_676' title='bbox 1293 4557 1580 4624; x_wconf 92' lang='lat' dir='ltr'><strong>utriusque</strong></span> <span class='ocrx_word' id='word_1_677' title='bbox 1607 4564 1762 4624; x_wconf 83' lang='lat' dir='ltr'><strong>pater</strong></span> <span class='ocrx_word' id='word_1_678' title='bbox 1789 4555 2060 4610; x_wconf 79' lang='lat' dir='ltr'><strong>Cantacu-</strong></span> 
     </span>
    </p>
   </div>
   <div class='ocr_carea' id='block_1_97' title="bbox 489 4647 2058 4720">
    <p class='ocr_par' dir='ltr' id='par_1_97' title="bbox 489 4647 2058 4720">
     <span class='ocr_line' id='line_1_97' title="bbox 489 4647 2058 4720; baseline -0.004 -15"><span class='ocrx_word' id='word_1_679' title='bbox 489 4665 659 4705; x_wconf 83' lang='lat' dir='ltr'><strong>zenus</strong></span> <span class='ocrx_word' id='word_1_680' title='bbox 686 4649 992 4720; x_wconf 86' lang='lat' dir='ltr'><strong>possideret</strong></span> <span class='ocrx_word' id='word_1_681' title='bbox 1018 4664 1190 4718; x_wconf 91' lang='lat' dir='ltr'><strong>usque</strong></span> <span class='ocrx_word' id='word_1_682' title='bbox 1217 4649 1282 4702; x_wconf 88' lang='lat' dir='ltr'><strong>ad</strong></span> <span class='ocrx_word' id='word_1_683' title='bbox 1317 4648 1551 4712; x_wconf 88' lang='lat' dir='ltr'><strong>obitum,</strong></span> <span class='ocrx_word' id='word_1_684' title='bbox 1613 4647 1814 4703; x_wconf 89' lang='lat' dir='ltr'><strong>deinde</strong></span> <span class='ocrx_word' id='word_1_685' title='bbox 1859 4648 2058 4700; x_wconf 73' lang='lat' dir='ltr'><strong>Palam-</strong></span> 
     </span>
    </p>
   </div>
   <div class='ocr_carea' id='block_1_98' title="bbox 491 4737 2055 4811">
    <p class='ocr_par' dir='ltr' id='par_1_98' title="bbox 491 4737 2055 4811">
     <span class='ocr_line' id='line_1_98' title="bbox 491 4737 2055 4811; baseline -0.004 -17"><span class='ocrx_word' id='word_1_686' title='bbox 491 4742 645 4811; x_wconf 86' lang='lat' dir='ltr'><strong>logus</strong></span> <span class='ocrx_word' id='word_1_687' title='bbox 695 4742 860 4808; x_wconf 90' lang='lat' dir='ltr'><strong>hujus</strong></span> <span class='ocrx_word' id='word_1_688' title='bbox 916 4740 1131 4809; x_wconf 92' lang='lat' dir='ltr'><strong>imperii</strong></span> <span class='ocrx_word' id='word_1_689' title='bbox 1188 4755 1477 4794; x_wconf 88' lang='lat' dir='ltr'><strong>successor</strong></span> <span class='ocrx_word' id='word_1_690' title='bbox 1506 4739 1684 4793; x_wconf 82' lang='lat' dir='ltr'><strong>fieret.</strong></span> <span class='ocrx_word' id='word_1_691' title='bbox 1765 4737 1839 4792; x_wconf 89' lang='lat' dir='ltr'><strong>Te</strong></span> <span class='ocrx_word' id='word_1_692' title='bbox 1870 4737 2055 4799; x_wconf 76' lang='lat' dir='ltr'><strong>igitur,</strong></span> 
     </span>
    </p>
   </div>
   <div class='ocr_carea' id='block_1_99' title="bbox 488 4828 2056 4900">
    <p class='ocr_par' dir='ltr' id='par_1_99' title="bbox 488 4828 2056 4900">
     <span class='ocr_line' id='line_1_99' title="bbox 488 4828 2056 4900; baseline -0.003 -14"><span class='ocrx_word' id='word_1_693' title='bbox 488 4832 650 4890; x_wconf 78' lang='lat' dir='ltr'><strong>dixit.</strong></span> <span class='ocrx_word' id='word_1_694' title='bbox 686 4830 1310 4900; x_wconf 80' lang='lat' dir='ltr'><strong>oportetCantacuzeuo</strong></span> <span class='ocrx_word' id='word_1_695' title='bbox 1341 4841 1600 4898; x_wconf 87' lang='lat' dir='ltr'><strong>tanquam</strong></span> <span class='ocrx_word' id='word_1_696' title='bbox 1637 4828 1795 4899; x_wconf 63' lang='grc'><strong>154</strong></span> <span class='ocrx_word' id='word_1_697' title='bbox 1829 4832 1968 4896; x_wconf 88' lang='lat' dir='ltr'><strong>patri</strong></span> <span class='ocrx_word' id='word_1_698' title='bbox 1999 4837 2056 4882; x_wconf 92' lang='lat' dir='ltr'><strong>et</strong></span> 
     </span>
    </p>
   </div>
   <div class='ocr_carea' id='block_1_100' title="bbox 487 4918 2057 4989">
    <p class='ocr_par' dir='ltr' id='par_1_100' title="bbox 487 4918 2057 4989">
     <span class='ocr_line' id='line_1_100' title="bbox 487 4918 2057 4989; baseline -0.002 -14"><span class='ocrx_word' id='word_1_699' title='bbox 487 4921 798 4989; x_wconf 65' lang='lat' dir='ltr'><strong>reipublicae</strong></span> <span class='ocrx_word' id='word_1_700' title='bbox 817 4936 919 4976; x_wconf 83' lang='lat' dir='ltr'><strong>usu</strong></span> <span class='ocrx_word' id='word_1_701' title='bbox 948 4919 1143 4973; x_wconf 87' lang='lat' dir='ltr'><strong>edocto</strong></span> <span class='ocrx_word' id='word_1_702' title='bbox 1164 4929 1361 4973; x_wconf 78' lang='lat' dir='ltr'><strong>cuncta</strong></span> <span class='ocrx_word' id='word_1_703' title='bbox 1379 4918 1688 4974; x_wconf 89' lang='lat' dir='ltr'><strong>committas</strong></span> <span class='ocrx_word' id='word_1_704' title='bbox 1709 4928 1763 4972; x_wconf 90' lang='lat' dir='ltr'><strong>et</strong></span> <span class='ocrx_word' id='word_1_705' title='bbox 1788 4919 1839 4970; x_wconf 92' lang='lat' dir='ltr'><strong>in</strong></span> <span class='ocrx_word' id='word_1_706' title='bbox 1867 4918 2057 4986; x_wconf 79' lang='lat' dir='ltr'><strong>primis</strong></span> 
     </span>
    </p>
   </div>
   <div class='ocr_carea' id='block_1_101' title="bbox 487 5007 2056 5081">
    <p class='ocr_par' dir='ltr' id='par_1_101' title="bbox 487 5007 2056 5081">
     <span class='ocr_line' id='line_1_101' title="bbox 487 5007 2056 5081; baseline -0.002 -16"><span class='ocrx_word' id='word_1_707' title='bbox 487 5015 690 5081; x_wconf 83' lang='lat' dir='ltr'><strong>regiam</strong></span> <span class='ocrx_word' id='word_1_708' title='bbox 754 5019 1079 5080; x_wconf 67' lang='lat' dir='ltr'><strong>potestatem</strong></span> <span class='ocrx_word' id='word_1_709' title='bbox 1132 5021 1193 5063; x_wconf 91' lang='lat' dir='ltr'><strong>ut</strong></span> <span class='ocrx_word' id='word_1_710' title='bbox 1241 5011 1455 5064; x_wconf 88' lang='lat' dir='ltr'><strong>labores</strong></span> <span class='ocrx_word' id='word_1_711' title='bbox 1527 5009 1618 5064; x_wconf 84' lang='lat' dir='ltr'><strong>tibi</strong></span> <span class='ocrx_word' id='word_1_712' title='bbox 1672 5007 2056 5074; x_wconf 83' lang='lat' dir='ltr'><strong>minuerit,si</strong></span> 
     </span>
    </p>
   </div>
   <div class='ocr_carea' id='block_1_102' title="bbox 487 5100 2057 5170">
    <p class='ocr_par' dir='ltr' id='par_1_102' title="bbox 487 5100 2057 5170">
     <span class='ocr_line' id='line_1_102' title="bbox 487 5100 2057 5170; baseline -0.002 -13"><span class='ocrx_word' id='word_1_713' title='bbox 487 5101 709 5170; x_wconf 87' lang='lat' dir='ltr'><strong>quando</strong></span> <span class='ocrx_word' id='word_1_714' title='bbox 763 5102 878 5170; x_wconf 89' lang='lat' dir='ltr'><strong>ipse</strong></span> <span class='ocrx_word' id='word_1_715' title='bbox 902 5100 967 5155; x_wconf 87' lang='lat' dir='ltr'><strong>ad</strong></span> <span class='ocrx_word' id='word_1_716' title='bbox 1021 5115 1203 5154; x_wconf 88' lang='lat' dir='ltr'><strong>rerum</strong></span> <span class='ocrx_word' id='word_1_717' title='bbox 1234 5100 1663 5167; x_wconf 86' lang='lat' dir='ltr'><strong>gubernaculum</strong></span> <span class='ocrx_word' id='word_1_718' title='bbox 1705 5101 1966 5164; x_wconf 81' lang='lat' dir='ltr'><strong>accedas,</strong></span> <span class='ocrx_word' id='word_1_719' title='bbox 2001 5110 2057 5154; x_wconf 85' lang='lat' dir='ltr'><strong>ct</strong></span> 
     </span>
    </p>
   </div>
   <div class='ocr_carea' id='block_1_103' title="bbox 487 5193 2058 5267">
    <p class='ocr_par' dir='ltr' id='par_1_103' title="bbox 487 5193 2058 5267">
     <span class='ocr_line' id='line_1_103' title="bbox 487 5193 2058 5267; baseline -0.002 -17"><span class='ocrx_word' id='word_1_720' title='bbox 487 5197 810 5267; x_wconf 88' lang='lat' dir='ltr'><strong>priusquam</strong></span> <span class='ocrx_word' id='word_1_721' title='bbox 843 5195 960 5263; x_wconf 86' lang='lat' dir='ltr'><strong>ipse</strong></span> <span class='ocrx_word' id='word_1_722' title='bbox 987 5207 1171 5247; x_wconf 89' lang='lat' dir='ltr'><strong>rerum</strong></span> <span class='ocrx_word' id='word_1_723' title='bbox 1211 5193 1400 5248; x_wconf 87' lang='lat' dir='ltr'><strong>turbas</strong></span> <span class='ocrx_word' id='word_1_724' title='bbox 1450 5193 1708 5261; x_wconf 83' lang='lat' dir='ltr'><strong>degustes</strong></span> <span class='ocrx_word' id='word_1_725' title='bbox 1752 5209 1846 5248; x_wconf 87' lang='lat' dir='ltr'><strong>eas</strong></span> <span class='ocrx_word' id='word_1_726' title='bbox 1881 5208 2058 5261; x_wconf 88' lang='lat' dir='ltr'><strong>quan-</strong></span> 
     </span>
    </p>
   </div>
   <div class='ocr_carea' id='block_1_104' title="bbox 486 5282 2055 5353">
    <p class='ocr_par' dir='ltr' id='par_1_104' title="bbox 486 5282 2055 5353">
     <span class='ocr_line' id='line_1_104' title="bbox 486 5282 2055 5353; baseline -0.004 -10"><span class='ocrx_word' id='word_1_727' title='bbox 486 5298 604 5344; x_wconf 88' lang='lat' dir='ltr'><strong>tum</strong></span> <span class='ocrx_word' id='word_1_728' title='bbox 638 5285 754 5340; x_wconf 83' lang='lat' dir='ltr'><strong>fieri</strong></span> <span class='ocrx_word' id='word_1_729' title='bbox 790 5285 967 5353; x_wconf 87' lang='lat' dir='ltr'><strong>p0tuit</strong></span> <span class='ocrx_word' id='word_1_730' title='bbox 995 5284 1090 5339; x_wconf 89' lang='lat' dir='ltr'><strong>tibi</strong></span> <span class='ocrx_word' id='word_1_731' title='bbox 1121 5283 1409 5338; x_wconf 89' lang='lat' dir='ltr'><strong>ordinarit.</strong></span> <span class='ocrx_word' id='word_1_732' title='bbox 1456 5282 1578 5338; x_wconf 82' lang='lat' dir='ltr'><strong>Noli</strong></span> <span class='ocrx_word' id='word_1_733' title='bbox 1614 5283 1780 5353; x_wconf 85' lang='lat' dir='ltr'><strong>igitur</strong></span> <span class='ocrx_word' id='word_1_734' title='bbox 1815 5298 2055 5353; x_wconf 87' lang='lat' dir='ltr'><strong>unquam</strong></span> 
     </span>
    </p>
   </div>
   <div class='ocr_carea' id='block_1_105' title="bbox 487 5373 2054 5446">
    <p class='ocr_par' dir='ltr' id='par_1_105' title="bbox 487 5373 2054 5446">
     <span class='ocr_line' id='line_1_105' title="bbox 487 5373 2054 5446; baseline -0.003 -14"><span class='ocrx_word' id='word_1_735' title='bbox 487 5387 579 5433; x_wconf 89' lang='lat' dir='ltr'><strong>tua</strong></span> <span class='ocrx_word' id='word_1_736' title='bbox 612 5377 857 5446; x_wconf 79' lang='lat' dir='ltr'><strong>pericula</strong></span> <span class='ocrx_word' id='word_1_737' title='bbox 896 5385 1111 5431; x_wconf 89' lang='lat' dir='ltr'><strong>vertere</strong></span> <span class='ocrx_word' id='word_1_738' title='bbox 1143 5375 1199 5430; x_wconf 93' lang='lat' dir='ltr'><strong>in</strong></span> <span class='ocrx_word' id='word_1_739' title='bbox 1241 5374 1337 5428; x_wconf 83' lang='lat' dir='ltr'><strong>ﬁlii</strong></span> <span class='ocrx_word' id='word_1_740' title='bbox 1371 5388 1597 5443; x_wconf 87' lang='lat' dir='ltr'><strong>regnum</strong></span> <span class='ocrx_word' id='word_1_741' title='bbox 1629 5373 1779 5443; x_wconf 88' lang='lat' dir='ltr'><strong>quod</strong></span> <span class='ocrx_word' id='word_1_742' title='bbox 1831 5382 2054 5444; x_wconf 81' lang='lat' dir='ltr'><strong>prapter</strong></span> 
     </span>
    </p>
   </div>
   <div class='ocr_carea' id='block_1_106' title="bbox 486 5465 2054 5534">
    <p class='ocr_par' dir='ltr' id='par_1_106' title="bbox 486 5465 2054 5534">
     <span class='ocr_line' id='line_1_106' title="bbox 486 5465 2054 5534; baseline -0.004 -10"><span class='ocrx_word' id='word_1_743' title='bbox 486 5469 799 5524; x_wconf 66' lang='lat' dir='ltr'><strong>affinitatem</strong></span> <span class='ocrx_word' id='word_1_744' title='bbox 823 5467 872 5522; x_wconf 91' lang='lat' dir='ltr'><strong>ei</strong></span> <span class='ocrx_word' id='word_1_745' title='bbox 889 5482 1210 5522; x_wconf 84' lang='lat' dir='ltr'><strong>concessum</strong></span> <span class='ocrx_word' id='word_1_746' title='bbox 1237 5475 1343 5522; x_wconf 88' lang='lat' dir='ltr'><strong>est.</strong></span> <span class='ocrx_word' id='word_1_747' title='bbox 1387 5465 1527 5532; x_wconf 85' lang='lat' dir='ltr'><strong>Quid</strong></span> <span class='ocrx_word' id='word_1_748' title='bbox 1552 5466 1722 5530; x_wconf 86' lang='lat' dir='ltr'><strong>enim,</strong></span> <span class='ocrx_word' id='word_1_749' title='bbox 1751 5475 1804 5519; x_wconf 90' lang='lat' dir='ltr'><strong>tu</strong></span> <span class='ocrx_word' id='word_1_750' title='bbox 1832 5466 1925 5534; x_wconf 90' lang='lat' dir='ltr'><strong>qui</strong></span> <span class='ocrx_word' id='word_1_751' title='bbox 1948 5479 2054 5518; x_wconf 90' lang='lat' dir='ltr'><strong>una</strong></span> 
     </span>
    </p>
   </div>
   <div class='ocr_carea' id='block_1_107' title="bbox 487 5557 2050 5628">
    <p class='ocr_par' dir='ltr' id='par_1_107' title="bbox 487 5557 2050 5628">
     <span class='ocr_line' id='line_1_107' title="bbox 487 5557 2050 5628; baseline -0.003 -13"><span class='ocrx_word' id='word_1_752' title='bbox 487 5576 611 5616; x_wconf 88' lang='lat' dir='ltr'><strong>eum</strong></span> <span class='ocrx_word' id='word_1_753' title='bbox 643 5568 815 5614; x_wconf 87' lang='lat' dir='ltr'><strong>matre</strong></span> <span class='ocrx_word' id='word_1_754' title='bbox 841 5560 894 5614; x_wconf 92' lang='lat' dir='ltr'><strong>in</strong></span> <span class='ocrx_word' id='word_1_755' title='bbox 918 5575 1044 5613; x_wconf 91' lang='lat' dir='ltr'><strong>eum</strong></span> <span class='ocrx_word' id='word_1_756' title='bbox 1080 5559 1350 5613; x_wconf 79' lang='lat' dir='ltr'><strong>hostiliter</strong></span> <span class='ocrx_word' id='word_1_757' title='bbox 1375 5557 1557 5628; x_wconf 88' lang='lat' dir='ltr'><strong>egisti,</strong></span> <span class='ocrx_word' id='word_1_758' title='bbox 1577 5557 1935 5612; x_wconf 86' lang='lat' dir='ltr'><strong>nihilominus</strong></span> <span class='ocrx_word' id='word_1_759' title='bbox 1971 5568 2050 5611; x_wconf 86' lang='lat' dir='ltr'><strong>ta-</strong></span> 
     </span>
    </p>
   </div>
   <div class='ocr_carea' id='block_1_108' title="bbox 488 5648 2052 5721">
    <p class='ocr_par' dir='ltr' id='par_1_108' title="bbox 488 5648 2052 5721">
     <span class='ocr_line' id='line_1_108' title="bbox 488 5648 2052 5721; baseline -0.001 -17"><span class='ocrx_word' id='word_1_760' title='bbox 488 5667 609 5704; x_wconf 91' lang='lat' dir='ltr'><strong>men</strong></span> <span class='ocrx_word' id='word_1_761' title='bbox 647 5665 933 5721; x_wconf 85' lang='lat' dir='ltr'><strong>postquam</strong></span> <span class='ocrx_word' id='word_1_762' title='bbox 966 5651 1266 5705; x_wconf 88' lang='lat' dir='ltr'><strong>secundum</strong></span> <span class='ocrx_word' id='word_1_763' title='bbox 1298 5649 1426 5704; x_wconf 90' lang='lat' dir='ltr'><strong>belli</strong></span> <span class='ocrx_word' id='word_1_764' title='bbox 1475 5649 1621 5717; x_wconf 87' lang='lat' dir='ltr'><strong>leges</strong></span> <span class='ocrx_word' id='word_1_765' title='bbox 1653 5649 1706 5701; x_wconf 93' lang='lat' dir='ltr'><strong>in</strong></span> <span class='ocrx_word' id='word_1_766' title='bbox 1748 5648 2052 5703; x_wconf 85' lang='lat' dir='ltr'><strong>custodiam</strong></span> 
     </span>
    </p>
   </div>
   <div class='ocr_carea' id='block_1_109' title="bbox 486 5740 2052 5817">
    <p class='ocr_par' dir='ltr' id='par_1_109' title="bbox 486 5740 2052 5817">
     <span class='ocr_line' id='line_1_109' title="bbox 486 5740 2052 5817; baseline 0.001 -21"><span class='ocrx_word' id='word_1_767' title='bbox 486 5741 1038 5817; x_wconf 80' lang='lat' dir='ltr'><strong>ductus,_deiudequc</strong></span> <span class='ocrx_word' id='word_1_768' title='bbox 1073 5741 1352 5813; x_wconf 85' lang='lat' dir='ltr'><strong>inopinato</strong></span> <span class='ocrx_word' id='word_1_769' title='bbox 1403 5740 1673 5797; x_wconf 83' lang='lat' dir='ltr'><strong>liberatus</strong></span> <span class='ocrx_word' id='word_1_770' title='bbox 1725 5755 1816 5809; x_wconf 89' lang='lat' dir='ltr'><strong>cs,</strong></span> <span class='ocrx_word' id='word_1_771' title='bbox 1868 5740 1935 5797; x_wconf 85' lang='lat' dir='ltr'><strong>ab</strong></span> <span class='ocrx_word' id='word_1_772' title='bbox 1985 5757 2052 5798; x_wconf 83' lang='lat' dir='ltr'><strong>co</strong></span> 
     </span>
    </p>
   </div>
   <div class='ocr_carea' id='block_1_110' title="bbox 2170 4555 3743 4641">
    <p class='ocr_par' dir='ltr' id='par_1_110' title="bbox 2170 4555 3743 4641">
     <span class='ocr_line' id='line_1_110' title="bbox 2170 4555 3743 4641; baseline 0.011 -33"><span class='ocrx_word' id='word_1_773' title='bbox 2170 4555 2295 4608; x_wconf 85' lang='grc' dir='ltr'>κίαν</span> <span class='ocrx_word' id='word_1_774' title='bbox 2326 4555 2556 4625; x_wconf 85' lang='grc' dir='ltr'>βασιλεῖ,</span> <span class='ocrx_word' id='word_1_775' title='bbox 2609 4560 2884 4630; x_wconf 82' lang='grc' dir='ltr'>μητρικὴν</span> <span class='ocrx_word' id='word_1_776' title='bbox 2929 4564 3230 4631; x_wconf 74' lang='grc' dir='ltr'>εἰσάγουσα</span> <span class='ocrx_word' id='word_1_777' title='bbox 3291 4584 3407 4629; x_wconf 89' lang='grc' dir='ltr'><strong>πως</strong></span> <span class='ocrx_word' id='word_1_778' title='bbox 3454 4569 3604 4640; x_wconf 77' lang='grc' dir='ltr'>αὐτῷ</span> <span class='ocrx_word' id='word_1_779' title='bbox 3643 4570 3743 4641; x_wconf 83' lang='grc' dir='ltr'>τὴν</span> 
     </span>
    </p>
   </div>
   <div class='ocr_carea' id='block_1_111' title="bbox 2169 4650 3744 4734">
    <p class='ocr_par' dir='ltr' id='par_1_111' title="bbox 2169 4650 3744 4734">
     <span class='ocr_line' id='line_1_111' title="bbox 2169 4650 3744 4734; baseline 0.011 -35"><span class='ocrx_word' id='word_1_780' title='bbox 2169 4650 2512 4719; x_wconf 82' lang='grc' dir='ltr'>παραίνεσιν.</span> <span class='ocrx_word' id='word_1_781' title='bbox 2543 4650 2626 4705; x_wconf 69' lang='grc' dir='ltr'><strong>Τὰ</strong></span> <span class='ocrx_word' id='word_1_782' title='bbox 2651 4654 2706 4706; x_wconf 80' lang='grc' dir='ltr'>δὲ</span> <span class='ocrx_word' id='word_1_783' title='bbox 2729 4650 2819 4725; x_wconf 80' lang='grc' dir='ltr'>ἦν,</span> <span class='ocrx_word' id='word_1_784' title='bbox 2847 4654 2920 4719; x_wconf 82' lang='grc' dir='ltr'><strong>ὡς</strong></span> <span class='ocrx_word' id='word_1_785' title='bbox 2945 4658 3003 4709; x_wconf 81' lang='grc' dir='ltr'>ὲν</span> <span class='ocrx_word' id='word_1_786' title='bbox 3037 4658 3319 4729; x_wconf 80' lang='grc' dir='ltr'>κεφαλαίῳ</span> <span class='ocrx_word' id='word_1_787' title='bbox 3345 4660 3529 4728; x_wconf 81' lang='grc' dir='ltr'>φάναι.</span> <span class='ocrx_word' id='word_1_788' title='bbox 3561 4679 3744 4734; x_wconf 71' lang='grc' dir='ltr'>παρα-</span> 
     </span>
    </p>
   </div>
   <div class='ocr_carea' id='block_1_112' title="bbox 2167 4740 3740 4818">
    <p class='ocr_par' dir='ltr' id='par_1_112' title="bbox 2167 4740 3740 4818">
     <span class='ocr_line' id='line_1_112' title="bbox 2167 4740 3740 4818; baseline 0.011 -29"><span class='ocrx_word' id='word_1_789' title='bbox 2167 4742 2363 4808; x_wconf 83' lang='grc' dir='ltr'>χωρεῖν</span> <span class='ocrx_word' id='word_1_790' title='bbox 2388 4740 2478 4795; x_wconf 79' lang='grc' dir='ltr'><strong>τὺν</strong></span> <span class='ocrx_word' id='word_1_791' title='bbox 2497 4743 2744 4816; x_wconf 79' lang='grc' dir='ltr'>γαμϐρὸν</span> <span class='ocrx_word' id='word_1_792' title='bbox 2768 4747 2862 4799; x_wconf 79' lang='grc' dir='ltr'>καὶ</span> <span class='ocrx_word' id='word_1_793' title='bbox 2888 4748 3114 4815; x_wconf 84' lang='grc' dir='ltr'>βασιλέα</span> <span class='ocrx_word' id='word_1_794' title='bbox 3143 4749 3511 4818; x_wconf 75' lang='grc' dir='ltr'>Παλαιολόγον</span> <span class='ocrx_word' id='word_1_795' title='bbox 3542 4754 3740 4807; x_wconf 69' lang='grc' dir='ltr'>ἑκόντι</span> 
     </span>
    </p>
   </div>
   <div class='ocr_carea' id='block_1_113' title="bbox 2166 4827 3738 4912">
    <p class='ocr_par' dir='ltr' id='par_1_113' title="bbox 2166 4827 3738 4912">
     <span class='ocr_line' id='line_1_113' title="bbox 2166 4827 3738 4912; baseline 0.01 -32"><span class='ocrx_word' id='word_1_796' title='bbox 2166 4827 2432 4899; x_wconf 82' lang='grc' dir='ltr'>Ματθαίῳ</span> <span class='ocrx_word' id='word_1_797' title='bbox 2460 4829 2538 4900; x_wconf 87' lang='grc' dir='ltr'>τῷ</span> <span class='ocrx_word' id='word_1_798' title='bbox 2571 4834 2983 4905; x_wconf 82' lang='grc' dir='ltr'>γυναικαδέλφῳ</span> <span class='ocrx_word' id='word_1_799' title='bbox 3015 4836 3112 4906; x_wconf 80' lang='grc' dir='ltr'>τὴν</span> <span class='ocrx_word' id='word_1_800' title='bbox 3145 4838 3204 4902; x_wconf 79' lang='grc' dir='ltr'><strong>ἐξ</strong></span> <span class='ocrx_word' id='word_1_801' title='bbox 3238 4840 3581 4911; x_wconf 83' lang='grc' dir='ltr'>Ὀρεστιάδος</span> <span class='ocrx_word' id='word_1_802' title='bbox 3607 4842 3738 4912; x_wconf 78' lang='grc' dir='ltr'>ἄχρι</span> 
     </span>
    </p>
   </div>
   <div class='ocr_carea' id='block_1_114' title="bbox 2167 4920 3740 4999">
    <p class='ocr_par' dir='ltr' id='par_1_114' title="bbox 2167 4920 3740 4999">
     <span class='ocr_line' id='line_1_114' title="bbox 2167 4920 3740 4999; baseline 0.01 -27"><span class='ocrx_word' id='word_1_803' title='bbox 2167 4920 2365 4991; x_wconf 76' lang='grc' dir='ltr'>Βιζύης</span> <span class='ocrx_word' id='word_1_804' title='bbox 2397 4923 2536 4991; x_wconf 82' lang='grc' dir='ltr'>μετά</span> <span class='ocrx_word' id='word_1_805' title='bbox 2560 4940 2623 4992; x_wconf 88' lang='grc' dir='ltr'><strong>γε</strong></span> <span class='ocrx_word' id='word_1_806' title='bbox 2650 4925 2760 4978; x_wconf 83' lang='grc' dir='ltr'>τῶν</span> <span class='ocrx_word' id='word_1_807' title='bbox 2783 4927 3128 4998; x_wconf 79' lang='grc' dir='ltr'>ἑκατέρωθεν</span> <span class='ocrx_word' id='word_1_808' title='bbox 3152 4931 3371 4999; x_wconf 86' lang='grc' dir='ltr'>χωρίων</span> <span class='ocrx_word' id='word_1_809' title='bbox 3392 4931 3485 4983; x_wconf 72' lang='grc' dir='ltr'>καὶ</span> <span class='ocrx_word' id='word_1_810' title='bbox 3525 4934 3740 4987; x_wconf 79' lang='grc' dir='ltr'>πόλεων</span> 
     </span>
    </p>
   </div>
   <div class='ocr_carea' id='block_1_115' title="bbox 2165 5005 3738 5090">
    <p class='ocr_par' dir='ltr' id='par_1_115' title="bbox 2165 5005 3738 5090">
     <span class='ocr_line' id='line_1_115' title="bbox 2165 5005 3738 5090; baseline 0.006 -28"><span class='ocrx_word' id='word_1_811' title='bbox 2165 5010 2272 5080; x_wconf 75' lang='grc' dir='ltr'>γῆν</span> <span class='ocrx_word' id='word_1_812' title='bbox 2301 5013 2584 5083; x_wconf 83' lang='grc' dir='ltr'>αὐτονόμῳ</span> <span class='ocrx_word' id='word_1_813' title='bbox 2613 5013 2876 5083; x_wconf 87' lang='grc' dir='ltr'>νέμεσθαι</span> <span class='ocrx_word' id='word_1_814' title='bbox 2930 5005 3244 5088; x_wconf 72' lang='grc' dir='ltr'>δεσποτεία,</span> <span class='ocrx_word' id='word_1_815' title='bbox 3283 5019 3448 5071; x_wconf 59' lang='grc' dir='ltr'>αὑτὸν</span> <span class='ocrx_word' id='word_1_816' title='bbox 3504 5020 3550 5072; x_wconf 84' lang='grc' dir='ltr'>δ’</span> <span class='ocrx_word' id='word_1_817' title='bbox 3587 5021 3738 5090; x_wconf 75' lang='grc' dir='ltr'>ἔχειν</span> 
     </span>
    </p>
   </div>
   <div class='ocr_carea' id='block_1_116' title="bbox 2165 5103 3736 5178">
    <p class='ocr_par' dir='ltr' id='par_1_116' title="bbox 2165 5103 3736 5178">
     <span class='ocr_line' id='line_1_116' title="bbox 2165 5103 3736 5178; baseline 0.008 -24"><span class='ocrx_word' id='word_1_818' title='bbox 2165 5103 2262 5173; x_wconf 80' lang='grc' dir='ltr'>τὴν</span> <span class='ocrx_word' id='word_1_819' title='bbox 2309 5105 2374 5158; x_wconf 81' lang='grc' dir='ltr'>ὲκ</span> <span class='ocrx_word' id='word_1_820' title='bbox 2435 5105 2816 5176; x_wconf 85' lang='grc' dir='ltr'>Διδυμοτείχου</span> <span class='ocrx_word' id='word_1_821' title='bbox 2870 5107 3034 5178; x_wconf 88' lang='grc' dir='ltr'>μέχρι</span> <span class='ocrx_word' id='word_1_822' title='bbox 3077 5108 3500 5178; x_wconf 77' lang='grc' dir='ltr'>Θεσσαλονίκης,</span> <span class='ocrx_word' id='word_1_823' title='bbox 3555 5112 3648 5164; x_wconf 80' lang='grc' dir='ltr'>τὸν</span> <span class='ocrx_word' id='word_1_824' title='bbox 3677 5112 3736 5166; x_wconf 84' lang='grc' dir='ltr'>δὲ</span> 
     </span>
    </p>
   </div>
   <div class='ocr_carea' id='block_1_117' title="bbox 2166 5196 3736 5272">
    <p class='ocr_par' dir='ltr' id='par_1_117' title="bbox 2166 5196 3736 5272">
     <span class='ocr_line' id='line_1_117' title="bbox 2166 5196 3736 5272; baseline 0.008 -26"><span class='ocrx_word' id='word_1_825' title='bbox 2166 5196 2341 5247; x_wconf 73' lang='grc' dir='ltr'>κοινὸν</span> <span class='ocrx_word' id='word_1_826' title='bbox 2385 5198 2588 5264; x_wconf 82' lang='grc' dir='ltr'>ἀμφοῖν</span> <span class='ocrx_word' id='word_1_827' title='bbox 2643 5199 2854 5266; x_wconf 85' lang='grc' dir='ltr'>πατέρα</span> <span class='ocrx_word' id='word_1_828' title='bbox 2887 5198 3342 5270; x_wconf 78' lang='grc' dir='ltr'>Καντακουζηνὸν</span> <span class='ocrx_word' id='word_1_829' title='bbox 3367 5202 3458 5255; x_wconf 79' lang='grc' dir='ltr'>τὸν</span> <span class='ocrx_word' id='word_1_830' title='bbox 3499 5202 3736 5272; x_wconf 82' lang='grc' dir='ltr'>βασιλέα</span> 
     </span>
    </p>
   </div>
   <div class='ocr_carea' id='block_1_118' title="bbox 2164 5281 3736 5362">
    <p class='ocr_par' dir='ltr' id='par_1_118' title="bbox 2164 5281 3736 5362">
     <span class='ocr_line' id='line_1_118' title="bbox 2164 5281 3736 5362; baseline 0.009 -30"><span class='ocrx_word' id='word_1_831' title='bbox 2164 5282 2233 5333; x_wconf 80' lang='grc' dir='ltr'>τὰ</span> <span class='ocrx_word' id='word_1_832' title='bbox 2254 5281 2552 5349; x_wconf 83' lang='grc' dir='ltr'>λειπόμενα</span> <span class='ocrx_word' id='word_1_833' title='bbox 2573 5286 2711 5352; x_wconf 72' lang='grc' dir='ltr'>μετα</span> <span class='ocrx_word' id='word_1_834' title='bbox 2745 5283 2807 5354; x_wconf 79' lang='grc' dir='ltr'><strong>[Γ.</strong></span> <span class='ocrx_word' id='word_1_835' title='bbox 2841 5286 2944 5340; x_wconf 67' lang='grc'><strong>152</strong></span> <span class='ocrx_word' id='word_1_836' title='bbox 2976 5285 3028 5358; x_wconf 82' lang='lat' dir='ltr'><strong>b]</strong></span> <span class='ocrx_word' id='word_1_837' title='bbox 3068 5287 3167 5357; x_wconf 82' lang='grc' dir='ltr'>τῆς</span> <span class='ocrx_word' id='word_1_838' title='bbox 3201 5287 3592 5362; x_wconf 81' lang='grc' dir='ltr'>βασιλευούσης</span> <span class='ocrx_word' id='word_1_839' title='bbox 3622 5294 3736 5346; x_wconf 84' lang='grc' dir='ltr'><strong>τῶν</strong></span> 
     </span>
    </p>
   </div>
   <div class='ocr_carea' id='block_1_119' title="bbox 2163 5371 3735 5456">
    <p class='ocr_par' dir='ltr' id='par_1_119' title="bbox 2163 5371 3735 5456">
     <span class='ocr_line' id='line_1_119' title="bbox 2163 5371 3735 5456; baseline 0.01 -33"><span class='ocrx_word' id='word_1_840' title='bbox 2163 5371 2372 5424; x_wconf 83' lang='grc' dir='ltr'>πόλεων</span> <span class='ocrx_word' id='word_1_841' title='bbox 2403 5376 2566 5442; x_wconf 76' lang='grc' dir='ltr'>μέχρι</span> <span class='ocrx_word' id='word_1_842' title='bbox 2601 5376 2874 5447; x_wconf 80' lang='grc' dir='ltr'>τελευτῆς,</span> <span class='ocrx_word' id='word_1_843' title='bbox 2911 5380 2998 5431; x_wconf 80' lang='grc' dir='ltr'><strong>ὅτε</strong></span> <span class='ocrx_word' id='word_1_844' title='bbox 3025 5381 3122 5432; x_wconf 77' lang='grc' dir='ltr'>καὶ</span> <span class='ocrx_word' id='word_1_845' title='bbox 3173 5381 3357 5434; x_wconf 79' lang='grc' dir='ltr'>αὐτῶν</span> <span class='ocrx_word' id='word_1_846' title='bbox 3391 5383 3735 5456; x_wconf 79' lang='grc' dir='ltr'>κληρονόμον</span> 
     </span>
    </p>
   </div>
   <div class='ocr_carea' id='block_1_120' title="bbox 2163 5465 3734 5544">
    <p class='ocr_par' dir='ltr' id='par_1_120' title="bbox 2163 5465 3734 5544">
     <span class='ocr_line' id='line_1_120' title="bbox 2163 5465 3734 5544; baseline 0.008 -28"><span class='ocrx_word' id='word_1_847' title='bbox 2163 5465 2347 5534; x_wconf 79' lang='grc' dir='ltr'>ἐντελῆ</span> <span class='ocrx_word' id='word_1_848' title='bbox 2379 5466 2473 5517; x_wconf 75' lang='grc' dir='ltr'>καὶ</span> <span class='ocrx_word' id='word_1_849' title='bbox 2503 5466 2746 5536; x_wconf 74' lang='grc' dir='ltr'>διάδοχον</span> <span class='ocrx_word' id='word_1_850' title='bbox 2781 5471 2965 5535; x_wconf 79' lang='grc' dir='ltr'>μέλλει</span> <span class='ocrx_word' id='word_1_851' title='bbox 3020 5488 3079 5524; x_wconf 88' lang='grc' dir='ltr'><strong>σε</strong></span> <span class='ocrx_word' id='word_1_852' title='bbox 3131 5473 3504 5541; x_wconf 74' lang='grc' dir='ltr'>καταλεὲῲειν.</span> <span class='ocrx_word' id='word_1_853' title='bbox 3537 5477 3734 5544; x_wconf 82' lang='grc' dir='ltr'>Χρεὼν</span> 
     </span>
    </p>
   </div>
   <div class='ocr_carea' id='block_1_121' title="bbox 2160 5553 3733 5642">
    <p class='ocr_par' dir='ltr' id='par_1_121' title="bbox 2160 5553 3733 5642">
     <span class='ocr_line' id='line_1_121' title="bbox 2160 5553 3733 5642; baseline 0.008 -34"><span class='ocrx_word' id='word_1_854' title='bbox 2160 5556 2205 5609; x_wconf 79' lang='grc' dir='ltr'>δ’</span> <span class='ocrx_word' id='word_1_855' title='bbox 2237 5553 2374 5610; x_wconf 67' lang='grc' dir='ltr'>εἷναί</span> <span class='ocrx_word' id='word_1_856' title='bbox 2423 5573 2484 5610; x_wconf 84' lang='grc' dir='ltr'><strong>σε</strong></span> <span class='ocrx_word' id='word_1_857' title='bbox 2535 5560 2772 5642; x_wconf 68' lang='grc' dir='ltr'>πάντως,</span> <span class='ocrx_word' id='word_1_858' title='bbox 2812 5561 3019 5632; x_wconf 82' lang='grc' dir='ltr'>ἔλεγεν,</span> <span class='ocrx_word' id='word_1_859' title='bbox 3053 5565 3150 5617; x_wconf 81' lang='grc' dir='ltr'>ὅσα</span> <span class='ocrx_word' id='word_1_860' title='bbox 3194 5569 3289 5621; x_wconf 73' lang='grc' dir='ltr'>καὶ</span> <span class='ocrx_word' id='word_1_861' title='bbox 3340 5569 3511 5637; x_wconf 77' lang='grc' dir='ltr'>πατρὶ</span> <span class='ocrx_word' id='word_1_862' title='bbox 3541 5567 3638 5621; x_wconf 80' lang='grc' dir='ltr'>καὶ</span> <span class='ocrx_word' id='word_1_863' title='bbox 3663 5571 3733 5638; x_wconf 84' lang='grc' dir='ltr'>τῇ</span> 
     </span>
    </p>
   </div>
   <div class='ocr_carea' id='block_1_122' title="bbox 2160 5639 3736 5730">
    <p class='ocr_par' dir='ltr' id='par_1_122' title="bbox 2160 5649 3736 5730">
     <span class='ocr_line' id='line_1_122' title="bbox 2160 5649 3736 5730; baseline 0.01 -31"><span class='ocrx_word' id='word_1_864' title='bbox 2160 5649 2267 5700; x_wconf 84' lang='grc' dir='ltr'><strong>τὼν</strong></span> <span class='ocrx_word' id='word_1_865' title='bbox 2321 5653 2665 5720; x_wconf 74' lang='grc' dir='ltr'>πραγμάτων</span> <span class='ocrx_word' id='word_1_866' title='bbox 2723 5655 3124 5726; x_wconf 82' lang='grc' dir='ltr'>ὲγγεγηρακότι</span> <span class='ocrx_word' id='word_1_867' title='bbox 3181 5661 3388 5730; x_wconf 79' lang='grc' dir='ltr'>πείρᾳ,</span> <span class='ocrx_word' id='word_1_868' title='bbox 3452 5660 3736 5715; x_wconf 86' lang='grc' dir='ltr'>πιστεύειν</span> 
     </span>
    </p>
   </div>
   <div class='ocr_carea' id='block_1_123' title="bbox 2161 5738 3735 5824">
    <p class='ocr_par' dir='ltr' id='par_1_123' title="bbox 2161 5738 3735 5824">
     <span class='ocr_line' id='line_1_123' title="bbox 2161 5738 3735 5824; baseline 0.008 -33"><span class='ocrx_word' id='word_1_869' title='bbox 2161 5738 2310 5811; x_wconf 74' lang='grc' dir='ltr'>αὐτῷ</span> <span class='ocrx_word' id='word_1_870' title='bbox 2336 5741 2401 5798; x_wconf 78' lang='grc' dir='ltr'>τά</span> <span class='ocrx_word' id='word_1_871' title='bbox 2432 5757 2485 5796; x_wconf 79' lang='grc' dir='ltr'><strong>τε</strong></span> <span class='ocrx_word' id='word_1_872' title='bbox 2521 5743 2655 5800; x_wconf 77' lang='grc' dir='ltr'>ἄλλα</span> <span class='ocrx_word' id='word_1_873' title='bbox 2683 5746 2776 5800; x_wconf 69' lang='grc' dir='ltr'>καὶ</span> <span class='ocrx_word' id='word_1_874' title='bbox 2801 5747 2899 5817; x_wconf 73' lang='grc' dir='ltr'>τὴν</span> <span class='ocrx_word' id='word_1_875' title='bbox 2927 5747 3019 5803; x_wconf 83' lang='grc' dir='ltr'>τοῦ</span> <span class='ocrx_word' id='word_1_876' title='bbox 3043 5747 3332 5819; x_wconf 81' lang='grc' dir='ltr'>βασιλικοῦ</span> <span class='ocrx_word' id='word_1_877' title='bbox 3376 5752 3492 5824; x_wconf 79' lang='grc' dir='ltr'>βίον</span> <span class='ocrx_word' id='word_1_878' title='bbox 3525 5752 3735 5821; x_wconf 79' lang='grc' dir='ltr'>κυϐερ-</span> 
     </span>
    </p>
   </div>
  </div>
