4036 6210
249 305 364 370 137

1153 263 1158 266 -
1245 299 1685 361 ΒΥΖᾹΝΤΙΝΕΕ
1727 293 2106 356 HISTORLE
2149 295 2294 356 LIB.
2327 293 2568 355 XXVII.

3411 291 3508 354 133

255 423 488 493 θόμενος
527 423 636 491 γάρ
693 419 854 484 εὐθὺς
903 418 1001 481 τὰς
1029 417 1125 470 τοῦ
1151 416 1276 486 ’μοῦ
1321 418 1526 486 πατρὸς
1559 411 1836 485 συνθήκας

1941 420 1996 466 et
2023 425 2142 480 quae
2177 410 2494 464 referuntur
2549 409 2682 464 mihi
2719 401 2924 464 in'dies
2955 409 3198 480 planiora
3234 409 3385 472 ﬂant,
3420 411 3508 462 illa

255 517 498 579 ὲκείνας,
529 516 594 586 ἢν
622 515 686 566 ὲκ
707 511 903 566 πολλοῦ
933 510 1212 582 βασιλείαν
1235 509 1609 578 ὠνειροπόλει,
1633 510 1837 579 ταύτης

255 608 542 676 ἐμέμνητο
575 603 768 675 μόνης,
789 603 850 656 ὃν
881 604 948 654 ἐκ
985 599 1184 655 πολλοῦ
1229 601 1432 671 ζητῶ-θ,
1492 603 1592 672 ’ήδη
1640 599 1834 670 καιροῦ

255 701 582 768 λαϐαἶμενος.
621 699 730 750 Καὶ
763 695 922 748 ταυτὶ
977 693 1078 764 μὲν
1111 693 1287 761 ἔγωγε
1317 692 1429 746 τότ’
1453 693 1666 746 ἀκούων
1699 693 1838 759 προς

255 793 372 847 τῶν
401 791 786 858 συνετωτέρων
815 787 1096 840 πιστεύειν
1121 787 1222 840 οὐκ
1253 781 1400 855 εἶχον
1423 802 1434 816 ·
1459 784 1554 836 νῦν
1579 783 1622 837 δ’
1649 784 1684 838 ἂ
1716 784 1835 836 τότε

260 885 467 956 ῥοθίοις
525 884 864 952 ἀνεκέκρατο
917 880 1242 950 στοχασμῶν
1273 883 1350 942 είς
1389 879 1504 947 φῶς
1553 878 1835 947 χωροῦντα

261 976 454 1044 σαφῶς
482 975 710 1044 ἐνορῶν,
741 973 818 1038 ὡς
849 975 1128 1044 εἰρήσεται
1168 973 1414 1041 προῖόντι
1452 989 1542 1040 μοι
1583 969 1837 1042 καθαρώ-

259 1085 444 1136 τερον,
481 1066 744 1134 πείθομαι
795 1065 1026 1117 κάκεῖνα
1075 1063 1178 1132 τῆς
1209 1061 1466 1132 ἀληθείας
1491 1060 1711 1132 ἔχεσθαι
1739 1061 1836 1127 τῆς

254 1157 454 1226 αὐτῆς,
485 1158 581 1209 καὶ
605 1153 862 1223 γινώσκω
881 1151 975 1206 τοῦ
1015 1151 1185 1205 πάλαι
1211 1151 1380 1220 φυτοῦ
1403 1151 1502 1222 τὴν
1538 1151 1626 1220 ῥίς
1633 1168 1719 1212 αν,
1738 1149 1835 1218 ὀψὲ

256 1252 600 1322 γευσάμενος
623 1247 718 1301 τοῦ
744 1247 980 1317 καρποῦ.
1005 1247 1078 1299 0-3
1107 1247 1218 1316 γὰρ
1249 1243 1355 1314 ἔχω
1379 1247 1520 1297 νοεῖν
1542 1243 1650 1310 τῶν
1669 1245 1838 1297 ἁπάν-

255 1364 368 1399 των
416 1345 608 1413 ἕτερον
655 1341 868 1410 οὐδαμῆ
929 1341 1012 1392 ὃτι
1064 1337 1186 1390 ποτ’
1215 1339 1280 1390 ἂν
1315 1341 1399 1406 είη
1431 1336 1493 1389 τὸ
1523 1335 1836 1405 μεταθεῖναι

255 1441 454 1491 πεῖσαν
477 1435 620 1489 κατά
649 1435 750 1502 τῆς
777 1432 916 1503 ἐμῆς
943 1432 1042 1492 τὴν
1079 1430 1270 1483 τούτου
1309 1427 1537 1496 γνώμην
1569 1426 1834 1495 κεφαλῆς.

257 1533 320 1585 Εἰ
347 1531 449 1600 μὲν
475 1529 585 1597 γὰρ
605 1527 716 1580 161'
743 1525 968 1578 ἐδύνατο
1018 1523 1141 1592 μὲν,
1181 1522 1282 1575 οὐκ
1315 1520 1567 1572 ἐϐούλετο
1607 1518 1684 1584 δὲ,
1719 1518 1837 1578 πῶς

255 1625 354 1676 νῦν
391 1622 466 1690 μὴ
496 1619 797 1688 δυνάμενος
835 1616 1085 1687 βούλεται
1109 1633 1124 1679 ;
1163 1615 1226 1668 El
1257 1613 1317 1666 δὲ
1347 1613 1440 1665 καὶ
1469 1612 1592 1665 τότε
1621 1611 1715 1664 καὶ
1741 1609 1836 1662 νῦν

253 1712 356 1780 τῆς
385 1709 555 1776 αὐτῆς
613 1710 730 1759 ἐστι
760 1705 1008 1774 γνώμης,
1043 1702 1132 1754 διὰ
1153 1699 1204 1754 τί
1253 1698 1603 1768 πρεσϐύτερα
1638 1698 1736 1768 μὲν
1765 1697 1836 1750 τὰ

255 1800 354 1868 τῆς
385 1799 588 1859 κακίας
620 1795 937 1864 σπέρματα,
963 1789 1224 1860 νεήλυδας
1259 1789 1301 1842 δ’
1325 1787 1650 1855 ἀποφαίνειν
1677 1786 1833 1838 ἐπεί-

255 1909 418 1959 γεται
459 1891 558 1952 τὰς
609 1889 718 1940 τῶν
757 1885 1022 1959 ἀφορμῶν
1078 1883 1532 1951 τερατομόρφους
1563 1879 1831 1950 εὑρέσεις,

255 1979 354 2032 καὶ
395 1977 557 2047 φύρει
587 1980 686 2045 τὴν
718 1973 954 2042 φυσικὴν
990 1972 1100 2024 τῶν
1160 1969 1510 2041 πραγμάτων
1541 1967 1712 2030 θέσιν,
1745 1966 1838 2018 επὶ

253 2071 316 2126 τδ
337 2071 700 2126 ἀνακόλουθον
733 2068 952 2139 τρέπων
976 2065 1071 2134 τὴν
1108 2062 1376 2132 ἁρμονίαν
1400 2060 1495 2114 καὶ
1529 2058 1643 2112 ἀνω
1669 2075 1838 2110 ποταο

257 2166 379 2236 μῶν
413 2164 614 2234 χωρεῖν
649 2161 744 2221 τὰς
777 2159 958 2228 πηγὰς
995 2155 1340 2226 βιαζόμενος.
1405 2151 1465 2204 Εἰ
1497 2151 1606 2221 γὰρ
1633 2151 1707 2221 μὴ
1739 2149 1837 2201 λά-

253 2257 349 2310 λον
373 2255 476 2325 τήν
529 2253 781 2320 γλῶτταν
815 2247 966 2318 αὑτῷ
1016 2247 1117 2316 τῆς
1158 2246 1376 2312 φύσεως
1420 2241 1834 2312 παρασχούσης,

255 2347 632 2416 ἀνεκλάλητον
649 2345 712 2396 ὲκ
735 2341 830 2394 τοῦ
859 2357 922 2408 γε
953 2341 1150 2410 ῥᾴστου
1182 2337 1282 2404 τὴν
1309 2334 1542 2405 μελέτην
1567 2334 1836 2400 ἔκρυπτεν

259 2443 316 2494 ὲν
349 2439 688 2509 ἀπορρήτοις
723 2435 914 2504 μυχοῖς
945 2432 1044 2500 τῆς
1074 2427 1324 2500 καρδίας,
1357 2425 1470 2480 ἀλλ’
1499 2423 1590 2477 οῦν
1617 2424 1745 2477 ἐϐόα
1770 2425 1837 2478 τὰ

259 2530 570 2598 πράγματα
599 2525 692 2578 καὶ
727 2525 908 2575 πᾶσαν
935 2519 1106 2589 ἀκοὴν
1143 2516 1402 2586 περιήχει
1434 2513 1662 2585 βροντῆς
1694 2513 1838 2566 ἀπά-

261 2639 364 2692 σης
406 2619 739 2689 τρανότερον
762 2633 778 2648 ο
811 2614 846 2668 ἃ
879 2613 1080 2684 μᾶλλον
1114 2611 1413 2664 ἀδέκαστον
1455 2607 1569 2678 ἔχει
1606 2607 1704 2677 τὴν
1731 2605 1837 2674 ψῆ-

259 2734 366 2784 φον
389 2715 490 2784 τῆς
523 2710 826 2784 μαρτυρίας
879 2708 976 2761 καὶ
1026 2705 1375 2758 παντάπασιν
1429 2699 1832 2770 ἀκαπήλευτον.

257 2809 336 2862 Ἦ
361 2808 624 2878 φρασάτω
653 2803 744 2873 μοί
775 2818 858 2865 τις
880 2790 1188 2869 παρελθὼν,
1215 2795 1268 2848 τί
1305 2794 1414 2848 τῶν
1447 2795 1709 2848 ἁπάντων
1741 2790 1834 2842 αὺ-

259 2905 356 2956 τδν
387 2901 645 2970 ἠρέθισεν
685 2897 874 2966 ἕτερον
903 2895 960 2954 ἐς
985 2889 1159 2959 λήθην
1201 2887 1303 2958 μὲν
1335 2883 1651 2948 ἐληλυθέναι
1676 2880 1835 2942 Θεοῦ,

259 2993 448 3062 φιλίας
473 2991 521 3044 δ’
538 2990 770 3058 ἐνέχυρα
805 2971 940 3039 τόσα
969 2986 1063 3038 καὶ
1093 2982 1227 3034 τόσα
1263 2977 1568 3047 παρασχεῖν
1602 2975 1664 3024 ἐκ
1695 2971 1834 3024 πάνυ

261 3083 461 3137 πολλοῦ
500 3081 578 3149 τῷ
617 3080 878 3149 βαρϐάρῳ
916 3077 1012 3128 καὶ
1047 3072 1238 3127 ἀσεϐεῖ
1270 3071 1370 3138 τῆς
1399 3066 1596 3128 Λυδίας
1629 3062 1836 3134 σατρά-

201 3229 212 3240 ,
259 3195 362 3250 πῃ.
403 3177 500 3230 καὶ
551 3173 791 3243 ὁρκῶσαι
843 3170 942 3240 μὲν
1007 3168 1218 3220 ἐκεῖνον
1279 3161 1421 3230 ὑπὲρ
1455 3157 1624 3212 αὑτοῦ
1662 3156 1838 3210 κινδυ-

179 3263 192 3272 ’
258 3247 444 3324 νεύειν
497 3267 626 3338 ἄχρι
685 3264 944 3324 θανάτου,
990 3257 1223 3330 ὀμνύναι
1254 3255 1299 3308 δ’
1339 3251 1504 3307 αὑτὸν
1544 3251 1740 3318 ἐκείνῳ
1767 3247 1839 3300 τὰ

261 3363 392 3425 ἴσας
435 3359 470 3426 ἢ
491 3360 707 3418 πάντως
729 3355 758 3406 ὃ
783 3353 964 3422 ἔργοις
993 3347 1416 3418 ἀναντιρρἡοις
1440 3340 1640 3405 ἔδειξεν
1677 3339 1838 3390 631e-

263 3472 358 3525 ρον
389 3451 490 3506 τοῦ
520 3447 650 3519 ἔμοῦ
685 3445 894 3517 πατρὸς
921 3443 1016 3496 καὶ
1047 3440 1312 3510 βασιλέως
1354 3436 1609 3495 θανόντος
1652 3430 1835 3494 εὐθύς.

261 3523 386 3600 Τῶν
415 3543 528 3613 γὰρ
561 3539 818 3610 ὑπηκόων
877 3537 977 3605 τὴν
1027 3531 1344 3601 ἐγχείρησιν
1370 3529 1430 3579 οὐ
1461 3523 1839 3596 προσιεμένων

261 3637 457 3701 αὑτοῦ,
490 3633 699 3705 προϐὰς
728 3630 794 3702 [ί.
837 3627 937 3682 154
963 3625 1013 3696 bJ
1043 3623 1252 3677 ἐκεῖθεν
1299 3618 1637 3689 τυραννικὴν
1661 3616 1840 3668 ποιεῖ-

259 3748 352 3787 ται
373 3729 476 3800 τὴν
505 3725 868 3794 ἀναγόρευσιν
887 3716 1084 3772 ἑαυτοῦ
1109 3731 1122 3744 ·
1149 3712 1365 3767 κᾶπειτ’
1389 3710 1840 3779 ἀποτυγχάνοντα

264 3825 362 3875 καὶ
380 3819 556 3881 οὕτως
580 3819 672 3869 τὸν
711 3813 926 3878 Ἰξίονος
943 3811 1150 3864 ἄτοπον
1181 3807 1362 3876 ἔρωτα
1384 3803 1596 3874 βλέπων
1627 3802 1839 3872 (ᾶπαν-

261 3931 354 3978 τες
373 3915 488 3982 γὰρ
515 3909 814 3979 ἀφίσταντο
837 3904 940 3973 τῆς
966 3899 1134 3956 αὐτοῦ
1172 3895 1528 3969 τυραννίδος)
1565 3909 1840 3965 προσεκα-

259 4007 406 4060 λεῖτο
445 4002 638 4056 λοιπὸν
664 3999 724 4053 οὗ
759 4000 851 4052 τδν
872 3996 974 4064 τῆς
1004 3993 1161 4062 δίκης
1183 3991 1500 4059 προστάτην
1526 3985 1677 4050 Θεὸν,
1701 3985 1841 4037 ἀλλά

259 4103 356 4155 τὸν
407 4097 510 4167 τῆς
563 4095 748 4147 ἀδίκου
807 4089 1004 4159 μανίας
1066 4083 1342 4155 βάρϐαρον
1399 4075 1838 4148 σύμμαχον,τὰς

259 4193 541 4262 ἑκδήμους
563 4187 778 4247 ὲκείνας
796 4178 1156 4252 ἀγωνιεῖσθαι
1184 4175 1396 4246 μέλλων
1419 4170 1676 4240 λῃστείας
1700 4168 1840 4220 κατὰ

260 4279 640 4354 Χριστιανῶν,
666 4278 749 4330 ὅτι
775 4275 882 4328 τῶν
905 4269 1114 4324 πολλῶν
1143 4266 1412 4354 ﬂuctuum
1442 4266 1464 4314 ὲ
1474 4262 1541 4332 μὲ
1569 4276 1840 4331 προσεκα-

257 4377 454 4430 λοῦντο
475 4371 738 4438 διάδοχον.
765 4366 876 4418 Καὶ
899 4363 1090 4434 θέρους
1113 4362 1212 4430 μὲν
1235 4345 1672 4427 ὲᾯκαθεζόμενον
1698 4351 1838 4421 ἔχων

1940 519 2158 573 quoque
2220 519 2278 557 re
2323 519 2446 557 vera
2493 503 2630 556 facta
2669 518 2788 557 esse
2840 503 2973 556 mihi
3033 501 3360 584 persuadeo.
3392 499 3510 555 iam

1943 597 2186 668 intelligo
2219 597 2498 667 quomodo
2529 597 2714 666 planta
2739 597 2894 666 cujus
2924 595 3107 664 fruges
3138 611 3259 649 scro
3285 595 3510 648 demum

1941 688 2182 759 percipio
2213 689 2426 743 radices
2468 689 2703 758 ceperit,
2737 703 2916 758 neque
2955 687 3085 758 quid
3113 689 3263 743 aliud
3296 703 3364 742 ex
3398 705 3512 743 om-

1941 781 2102 842 nihu‘s
2137 781 2256 836 istis
2296 781 2428 834 mihi
2461 780 2732 836 redundat
2759 797 2870 850 quo
2910 781 2962 834 id
3002 782 3148 850 quod
3185 797 3510 852 persuasum

1942 873 2116 928 habeo
2149 872 2484 928 diluatur.Si
2521 872 2666 926 enim
2701 872 2790 927 illo
2823 883 3069 942 tempore
3101 872 3248 941 quod
3279 873 3516 926 valuerit
3553 855 3556 860 ’

1941 965 2138 1028 noluit,
2171 965 2303 1034 quid
2338 965 2410 1018 sit
2449 981 2550 1020 cur
2583 964 2748 1018 hodie
2784 964 2928 1034 quod
2961 964 3092 1018 velit
3131 980 3238 1018 non
3273 964 3512 1033 amplius

1940 1057 2156 1112 valeat?
2188 1058 2244 1111 Si
2282 1073 2410 1110 vero
2438 1057 2632 1112 eodem
2667 1071 2776 1128 quo
2805 1064 2964 1110 antea
3000 1057 3102 1111 fuit
3141 1055 3301 1112 hodie
3328 1057 3512 1110 animo
3551 1067 3558 1072 ·

1940 1147 2194 1217 est,quid
2233 1148 2298 1202 de
2328 1148 2607 1218 prioribus
2641 1148 2762 1203 istis
2800 1147 3134 1219 ﬂagitiorum
3162 1149 3468 1206 seminibus
3489 1149 3514 1201 ’ί

1939 1243 2208 1299 Nimirum
2237 1245 2418 1316 cupidi
2457 1244 2625 1299 animi
2657 1245 2744 1299 sui
2775 1246 2912 1300 mira
2943 1246 3160 1300 inventa
3183 1261 3248 1300 ac
3284 1245 3512 1300 consilia

1941 1337 2098 1408 quasi
2133 1340 2373 1394 recentia
2403 1338 2562 1394 nobis
2589 1347 2717 1392 ante
2765 1338 2956 1392 oculos
2993 1353 3199 1406 ponere
3228 1349 3282 1392 et
3325 1353 3509 1392 rerum

1935 1431 2144 1500 justum
2182 1431 2432 1484 ordinem
2467 1429 2788 1498 perturbare
2819 1429 3011 1484 studet
3043 1430 3116 1482 ita
3149 1430 3378 1500 utquod
3413 1446 3514 1484 nc~

1940 1521 2197 1576 ceSsitate
2239 1522 2296 1574 lit
2340 1531 2600 1590 tanquam
2629 1534 2774 1574 caeco
2811 1535 2944 1574 casu
2972 1519 3176 1575 factum
3211 1521 3424 1582 reddat,
3457 1527 3514 1574 et

1939 1610 2230 1666 ﬂuminum
2271 1627 2442 1681 aquas
2479 1621 2538 1682 ut
2565 1621 2710 1667 retro
2743 1611 2914 1666 ﬂuant
2945 1623 3126 1684 cogat.
3163 1611 3372 1678 Quodsi
3409 1625 3510 1664 ua-

1943 1713 2063 1760 tura
2084 1705 2134 1760 ei
2157 1705 2396 1774 linguam
2415 1706 2534 1760 sine
2556 1720 2691 1760 voce
2715 1705 2982 1772 dedisset,
3009 1704 3266 1760 facillime
3291 1705 3509 1774 quidem

1937 1795 2164 1850 consilia
2211 1795 2267 1850 in
2321 1796 2516 1850 intimo
2565 1805 2785 1866 pectore
2837 1797 3140 1850 recondere
3197 1798 3506 1867 potuisset;

1937 1887 2034 1940 sed
2075 1887 2314 1942 facinora
2350 1888 2464 1957 ipsa
2510 1888 2823 1943 clamabant
2870 1903 3176 1958 eorumque
3221 1905 3326 1942 vox
3361 1890 3508 1942 circa

1937 1993 2096 2034 aures
2127 1980 2360 2034 sonabat
2410 1981 2616 2034 tonitru
2659 1982 2924 2052 graviora
2947 1982 3102 2036 Unde
3135 1980 3512 2050 incorruptius

1935 2080 1990 2124 et
2017 2071 2221 2124 certius
2249 2071 2624 2128 testimonium
2667 2072 2868 2126 factum
2897 2081 3002 2126 est.
3033 2073 3142 2126 Aut
3191 2071 3338 2126 dicat
3375 2070 3510 2126 mihi

1937 2161 2080 2216 alius
2111 2164 2382 2232 quispiam
2415 2164 2549 2234 quid
2585 2164 2658 2218 sit
2701 2164 2846 2233 quod
2881 2163 3244 2219 commoverit
3293 2179 3418 2218 eum
3453 2172 3512 2218 ut

1939 2253 2034 2308 Dei
2069 2255 2242 2308 nostri
2274 2254 2481 2310 oblitus
2516 2265 2596 2310 tot
2648 2267 2799 2310 arcta
2830 2255 3086 2312 amicitia:
3115 2255 3334 2312 vincula
3385 2271 3508 2312 cum

1939 2345 2172 2402 barbaro
2197 2357 2254 2418 et
2283 2347 2452 2416 impio
2487 2346 2670 2419 Lydia:
2699 2357 2920 2418 satrapa
2952 2348 3136 2402 inierit
3160 2356 3216 2402 et
3247 2363 3372 2402 cum
3407 2347 3514 2402 hoc

1933 2439 2296 2507 jurajuranda
2333 2440 2526 2495 fecerit
2556 2455 2623 2496 ex
2651 2439 2853 2510 quibus
2905 2451 3157 2494 mutuum
3197 2440 3302 2496 sibi
3336 2456 3512 2510 usque

1937 2530 2002 2583 ad
2032 2539 2260 2585 mertem
2295 2531 2557 2586 auxilium
2587 2533 2816 2601 polliciti
2859 2543 3008 2588 sunt.
3057 2533 3252 2590 Annon
3285 2549 3512 2604 prorsus

1940 2621 2176 2675 nefanda
2215 2623 2458 2677 facinora
2506 2623 2678 2678 edidit
2748 2639 2872 2678 cum
2909 2640 3006 2695 re;
3043 2633 3097 2678 et
3147 2635 3301 2695 pater
3353 2637 3512 2678 meus

1938 2721 2190 2768 mortuus
2209 2713 2369 2784 160
2395 2713 2582 2770 esset?
2603 2714 2738 2770 Cum
2769 2715 2912 2770 enim
2938 2717 3084 2771 cives
3116 2717 3360 2786 regimen
3389 2721 3511 2786 ejus
3548 2727 3550 2730 '

1941 2819 2048 2858 non
2102 2804 2261 2860 facile
2304 2814 2648 2875 paterentur,
2688 2821 2756 2861 eo
2795 2822 3117 2877 progressus
3165 2811 3248 2864 εει
3284 2816 3344 2862 ιιι
3391 2824 3512 2864 sese

1942 2907 2236 2968 tyrannum
2269 2899 2616 2963 declararet;
2652 2898 2747 2953 sed
2793 2898 2994 2953 deinde
3035 2913 3159 2952 cum
3211 2898 3347 2952 nihil
3404 2899 3507 2954 sibi

1939 3002 2199 3057 prospere
2217 2987 2413 3043 cedere
2437 2997 2492 3042 et
2515 2987 2719 3042 Ixionis
2740 2987 2991 3042 ins-mum
3009 3003 3249 3044 amorem
3277 3004 3334 3043 se
3357 3003 3512 3042 εχει-

1939 3091 2064 3130 cere
2095 3075 2322 3130 vidisSet
2368 3106 2438 3117 --
2481 3093 2672 3130 omnes
2724 3077 2871 3132 enim
2927 3080 2996 3132 ab
3049 3081 3170 3146 eius
3220 3079 3510 3150 tyrannide

1942 3165 2321 3240 abhorrebant
2347 3197 2410 3206 —-
2438 3167 2577 3221 alius
2609 3182 2828 3236 Operam
2863 3179 2916 3222 et
2947 3169 3211 3224 auxilium
3240 3170 3342 3223 sibi
3376 3170 3515 3224 asci-

1941 3256 2040 3318 vit,
2079 3273 2186 3311 non
2237 3259 2330 3312 Dei
2365 3258 2588 3327 quidem
2640 3261 2798 3330 cujus
2845 3261 3109 3315 auxilium
3146 3261 3512 3332 justissimum

1940 3359 2043 3413 est,
2079 3351 2172 3405 sed
2202 3351 2515 3422 impiissimi
2555 3352 2771 3407 barbari
2804 3354 2951 3408 illius
2983 3364 3042 3408 ut
3091 3356 3510 3424 peregrinorum

1943 3439 2152 3510 rapinis
2204 3441 2546 3498 Christianos
2598 3455 2844 3508 vexaret,
2904 3449 2994 3516 qui
3047 3447 3270 3517 regibus
3327 3450 3513 3503 multis

1942 3532 2049 3586 illis
2085 3543 2143 3587 ut
2169 3548 2270 3605 ego
2307 3535 2659 3591 succederem
2713 3538 2991 3592 volebant.
3033 3527 3220 3608 itaque
3260 3552 3509 3612 tempore

1939 3625 2130 3680 aestivo
2171 3642 2294 3682 cum
2331 3627 2696 3684 Barbarorum
2729 3640 2784 3684 et
2815 3631 3053 3686 hostium
3100 3633 3316 3688 illorum
3349 3649 3510 3688 exer-

1942 3718 2053 3771 citu
2078 3717 2352 3773 Thracum
2377 3721 2593 3774 urbium
2614 3723 2866 3790 regiones
2887 3724 3176 3794 populatus
3201 3737 3307 3790 est,
3325 3727 3511 3782 hieme

1942 3819 2126 3864 autem
2166 3809 2312 3880 ipsas
2347 3813 2510 3882 urbes
2543 3815 2778 3869 vastavit
2807 3824 2864 3870 et
2915 3817 3276 3872 circumcirca
3331 3833 3512 3888 neque

1941 3901 2006 3954 ad
2043 3912 2230 3970 portas
2255 3905 2710 3976 cunctadiripuit
2739 3917 2793 3962 et
2825 3909 3077 3964 homines
3103 3911 3158 3964 in
3185 3912 3510 3966 servitutem

1941 3992 2164 4046 abduxit
2209 4009 2521 4064 quanquam
2585 3998 2780 4052 horum
2845 4014 2944 4070 per
2997 4001 3170 4056 solem
3211 4010 3266 4056 ct
3312 4011 3510 4064 terram

1942 4086 2097 4152 culpa
2113 4085 2278 4148 nulla
2313 4087 2508 4142 fuerat.
2551 4087 2656 4143 Sed
2691 4091 2745 4144 in
2775 4091 2878 4146 hac
2921 4109 3087 4149 scena
3136 4094 3224 4150 vel
3274 4096 3511 4151 maxime

1943 4177 2278 4234 horrendum
2329 4189 2471 4246 erat,
2499 4182 2646 4250 quod
2681 4181 2908 4236 Barbari
2948 4185 3182 4254 captivis
3219 4197 3510 4257 postquam

1943 4271 2329 4326 miserabiliter
2357 4289 2452 4328 eos
2480 4289 2666 4354 secum
2702 4283 3008 4342 traxerunt,
3034 4288 3280 4334 ventrem
3309 4279 3516 4334 incide-

1943 4363 2074 4416 bant
2099 4375 2156 4418 et
2193 4380 2389 4419 manus
2420 4382 2547 4420 suas
2577 4367 2856 4437 pedesque
2887 4368 3188 4438 infigebant
3225 4381 3284 4424 ut
3311 4371 3509 4424 calcfa-

257 4471 354 4522 τὸν
383 4463 662 4536 βάρϐαρον
689 4459 786 4511 καὶ
813 4455 1078 4524 πολέμιον
1109 4455 1317 4504 ἐκεῖνον
1375 4448 1608 4515 στρατὸν
1654 4441 1835 4510 ἔκειρε

1942 4464 2154 4509 cerent.
2190 4455 2281 4510 Sic
2306 4459 2814 4525 praestantissimam
2843 4461 2940 4512 Dei
2974 4470 3290 4514 creaturam
3331 4460 3511 4514 homi-

257 4561 364 4628 τὴν
385 4559 496 4609 τῶν
527 4551 818 4622 Θρᾳκικῶν
843 4547 1054 4599 πόλεων
1091 4545 1219 4612 γῆν,
1247 4539 1515 4611 χειμῶνος
1536 4537 1600 4628 δὲ,
1616 4537 1710 4628 καί
1734 4536 1836 4628 αὑ·

257 4627 362 4710 τας
397 4647 620 4716 ἠρήμου
647 4643 746 4704 τὰς
779 4639 988 4702 πόλεις,
1019 4636 1089 4688 τά
1124 4633 1290 4702 πέριξ
1319 4631 1538 4684 ἅπαντα
1593 4627 1840 4716 ληῖςόμε-

385 4709 454 4790 τέ’
593 4729 1124 4802 ἀνδραποδιζόμενος
1153 4727 1284 4794 ἄχρι
1311 4721 1518 4786 πυλῶν,
1551 4721 1642 4788 ὑφ’
1674 4713 1772 4783 ὧν,
1795 4709 1839 4767 ὧ

259 4834 335 4899 γῆ
372 4829 466 4880 καὶ
502 4828 645 4896 ἥλιε,
675 4823 828 4876 οὐδὲν
870 4820 1230 4890 προηδίκητο.
1267 4817 1372 4868 Καὶ
1401 4813 1461 4866 τὺ
1485 4813 1585 4881 τῆς
1615 4827 1840 4880 τραγῳ-

259 4927 380 4983 δίας
413 4919 746 4990 βαρύτατον,
775 4912 988 4966 ὅτιτῶν
1019 4907 1380 4978 αἰχμαλώτων
1410 4903 1659 4964 ἐλεεινῶς
1708 4903 1840 4968 ἀγο-

263 5015 446 5084 μένων
479 5011 754 5078 σχίζοντες
803 5005 902 5066 τὰς
949 5002 1219 5070 γαστέρας
1270 5000 1324 5050 οἵ
1351 4995 1618 5067 βάρϐαροι
1651 4994 1748 5055 τάς
1778 5009 1838 5044 τε

259 5109 454 5174 χεῖρας
509 5101 724 5153 ἑαυτῶν
755 5099 850 5148 καὶ
887 5095 1016 5155 τοὺς
1061 5092 1230 5153 πόδας
1273 5089 1495 5158 εἰσῆγον
1536 5087 1703 5147 ἀλέας
1741 5099 1842 5152 με-

260 5201 422 5258 τρίας
453 5194 664 5254 εἵνεκα,
695 5191 756 5242 τὸ
783 5186 1112 5257 τιμιώτατον
1138 5183 1326 5250 κτῆμα
1347 5178 1482 5232 Θεοῦ
1509 5180 1600 5231 τὶν
1634 5175 1842 5245 ἅνθρω-

261 5253 366 5344 πον
399 5290 716 5356 φθείροντες
748 5283 937 5350 ὥσπερ
998 5279 1054 5329 ἐν
1107 5275 1326 5335 παιδιᾶς
1385 5273 1648 5341 σχήματι.
1707 5269 1766 5320 '0
1797 5269 1838 5320 δ’

257 5387 390 5438 οὒτε
425 5383 744 5448 ἐκάμπτετο
770 5373 986 5443 βλέπων
1015 5373 1114 5438 τὴν
1137 5369 1248 5419 τῶν
1275 5367 1568 5434 ὁμοφύλων
1599 5361 1842 5430 ἐλεεινὴν

257 5469 576 5542 τραγῳδίαν
615 5467 858 5531 εκείνην,
893 5457 1005 5512 οὔτ’
1036 5460 1226 5510 εἰκόνα
1256 5454 1386 5522 γοῦν
1411 5471 1553 5514 τινος
1582 5451 1844 5522 βραχείας

261 5563 484 5631 φειδοῦς
514 5555 858 5610 ἐνετύπωσεν
879 5553 1017 5612 ὅλως
1071 5549 1150 5620 τῷ
1197 5549 1298 5618 τῆς
1327 5547 1504 5617 ψυχῆς
1557 5545 1842 5608 συνειδότι,

265 5655 382 5709 αλλ’
441 5651 752 5722 ἡμιθνῆτας
787 5647 868 5700 ἔτι
921 5647 1016 5698 καὶ
1061 5643 1433 5712 ἀσπαίροντας
1482 5640 1718 5708 ἔφιππος
1749 5640 1845 5690 καὶ

267 5751 430 5810 αὐτὸς
455 5743 630 5810 ἐπιὼν
663 5746 762 5794 καὶ
791 5738 1114 5810 συμπατῷν,
1136 5735 1234 5806 τὴν
1263 5735 1392 5787 τῶν
1417 5733 1579 5786 λίθων
1603 5731 1844 5801 ἀναλγη-

598 5838 869 5896 ΡΑτιιοῑ..
902 5835 1018 5896 Gtt.
1059 5829 1329 5892 CXLIX.

1944 4561 2069 4600 nem
2107 4545 2458 4602 trucidabant
2486 4551 2644 4618 quasi
2680 4550 2786 4604 sibi
2831 4550 2995 4604 ludus
3029 4561 3197 4604 esset.
3246 4549 3514 4605 Cantacu-

1943 4635 2112 4688 zenus
2161 4635 2380 4689 interim
2441 4653 2566 4689 cum
2631 4653 2857 4690 suorum
2921 4638 3288 4710 miserabilem
3366 4641 3509 4694 illam

1946 4727 2380 4780 internecionem
2417 4728 2649 4790 videret,
2678 4729 2864 4782 animo
2909 4745 3018 4783 non
3073 4738 3386 4785 commotus
3429 4742 3513 4784 est

1942 4829 1997 4873 et
2028 4819 2254 4887 pudoris
2293 4837 2360 4876 ne
2389 4821 2676 4875 minimum
2713 4821 2940 4890 quidem
2970 4821 3136 4875 animi
3163 4823 3516 4878 conscientia:

1946 4911 2260 4981 impressit;
2302 4913 2392 4966 sed
2441 4913 2508 4966 ad
2554 4914 2859 4966 semineces
2911 4915 3517 4986 jamque-palpitantes

1943 5017 2112 5072 eques
2147 5001 2436 5064 accedens,
2486 5002 2652 5055 etiam
2711 5003 2864 5072 161
2913 5019 3010 5058 eos
3055 5005 3512 5075 supergrediens,

1945 5109 2164 5150 omnem
2195 5095 2592 5150 humanitatem
2622 5111 2826 5150 exuere
2851 5107 2908 5151 et
2939 5098 2991 5150 in
3025 5097 3222 5150 durum
3273 5098 3512 5166 lapidem

1944 5199 2002 5238 se
2045 5195 2254 5238 mutare
2288 5185 2423 5238 velle
2460 5185 2610 5240 visus
2638 5196 2744 5248 est,
2791 5201 2858 5240 eo
2906 5187 3222 5252 consiliovut
3261 5199 3512 5242 naturam

1946 5291 2102 5328 suam
2131 5275 2428 5328 immanem
2460 5276 2527 5328 ad
2559 5286 2840 5343 posterum
2885 5285 3100 5345 tempus
3139 5279 3406 5348 integram
3437 5295 3518 5332 ης

1947 5375 2212 5418 servaret.
2252 5364 2407 5432 Quod
2446 5365 2491 5419 si
2530 5365 2694 5420 liceat
2736 5383 2860 5422 cum
2900 5379 3132 5438 tyranno
3163 5368 3257 5422 illo
3289 5367 3515 5423 Pheraeo

1947 5456 2254 5526 comparari
2303 5465 2508 5526 potest,
2547 5459 2640 5528 qui
2688 5475 2812 5513 cum
2866 5459 3071 5514 actoris
3121 5459 3275 5514 suavi
3330 5473 3512 5512 rerum

1947 5548 2311 5613 Troianarnm
2353 5549 2672 5602 narratione
2695 5549 2942 5602 animum
2971 5564 3132 5604 suum
3155 5548 3356 5602 molliri
3392 5562 3516 5600 sen-

1949 5639 2097 5701 tiret,
2135 5637 2596 5706 quemadmodum
2643 5639 2854 5694 ferrum
2885 5641 3028 5704 oleo,
3061 5647 3282 5709 repente
3311 5652 3348 5688 a.
3381 5635 3512 5689 sede

1949 5745 2046 5785 sua
2081 5729 2336 5800 prosiluit
2368 5739 2424 5786 et
2450 5743 2704 5803 .actorem
2760 5733 2856 5802 qui
2907 5731 3078 5787 animi
3130 5732 3214 5786 sui
3259 5736 3516 5784 naturam

3127 5825 3164 5884 5
