4036 6210
261 333 368 404 141

1227 339 1665 404 BYZANTlN/E
1705 337 2086 399 HISTORIE
2117 339 2257 398 LIB.
2299 337 2554 396 XXVII...

3407 324 3502 389 ΗΞ

259 453 402 514 διον,
437 449 596 520 εἴπερ
619 448 888 512 ἐϐούλετο,
911 450 992 516 ὃν,
1013 455 1040 504 ὁ
1073 453 1128 506 δὲ
1161 457 1272 517 τοῖς
1294 455 1550 507 ἀσεϐέσιν
1578 455 1652 515 ὡς
1687 455 1844 505 εὐτυ-

1958 467 2192 522 ‘.empore
2235 453 2452 505 fortuna
2499 451 2700 503 fruitur
2729 459 2784 524 et
2819 455 3142 518 potestatem
3179 446 3342 499 habet
3389 447 3506 512 pios

264 543 386 612 κεῖν
441 539 687 594 δοκοῦσιν
741 542 800 603 ἐς
829 542 892 592 τὸ
927 543 1098 610 παρὸν
1159 545 1360 612 μᾶλλον
1397 545 1590 596 ἑαυτὸν
1620 544 1840 604 ἀναθεὶς

265 631 446 686 ἀῖδιον
473 631 646 682 εἵλετο
683 631 906 701 μοχθεῖν
937 632 1058 686 κατ’
1112 634 1276 700 ἐμοῦ·
1315 635 1448 704 μηδὲ
1483 635 1592 702 γὰρ
1625 633 1752 686 ἄλλο
1789 650 1842 686 τι

272 707 726 793 μακαριζομένου
759 723 1052 793 γνώρισμα
1077 725 1196 793 βίου
1236 725 1485 791 γίνεσθαι
1523 726 1720 795 τουτῳῒ
1748 725 1845 778 καὶ

270 813 644 884 ἀληθευούσης
677 806 908 877 εἰξοὲΐας
960 814 994 883 ἢ
1026 815 1168 868 κατά
1193 833 1257 884 γε
1301 817 1362 869 τὸ
1391 817 1485 870 νῦν
1515 817 1844 886 εὐτυχοῦντα

267 907 536 960 δύνασθαι
597 906 842 974 φθείρειν
891 906 1134 968 οὖοεῆεῖς
1179 908 1276 960 καὶ
1321 909 1488 978 μηδὲν
1527 907 1844 968 ἀδικοῦντας

269 998 618 1066 ἀνθρώπους,
645 994 740 1058 οὒς
789 997 860 1048 δι’
901 996 1038 1048 αὐτό
1091 1013 1154 1064 γε
1187 1000 1341 1050 τουτὶ
1373 998 1629 1068 νενόμικε
1654 999 1846 1051 δυστυ-

269 1090 409 1157 χεῖν,
435 1089 518 1140 ὅτι
553 1087 784 1155 θεότητα
809 1087 1032 1140 σέὸουσι
1061 1089 1517 1158 τρισυπόστατον,
1548 1091 1844 1158 φεύγοντες

271 1181 468 1232 ἀθεϊαν
487 1178 623 1247 ὁμοῦ
653 1183 744 1230 καὶ
773 1179 1084 1234 πολυθεῖαν.
1111 1181 1280 1248 Δῆλον
1309 1181 1366 1234 δέ.
1391 1196 1406 1210 ⁸
1437 1181 1532 1234 καὶ
1560 1182 1669 1251 γὰρ
1699 1183 1846 1234 ἐκεί-

271 1287 388 1332 νοις
423 1269 722 1340 σύνδρομον
759 1269 973 1330 καὶτὸν
1007 1270 1103 1323 τοῦ
1148 1271 1382 1339 Παλαμᾶ
1427 1272 1621 1342 κρίνας
1668 1271 1846 1340 ὑπάρ-

271 1378 392 1429 χειν
423 1360 631 1425 θίασον,
681 1362 938 1431 πονηροῖς
987 1360 1240 1430 ὀργάνοις
1305 1362 1444 1432 μετὰ
1475 1362 1583 1415 τῶν
1635 1360 1846 1414 ἀσεϐῶν

269 1456 502 1506 ἐκείνων
551 1453 646 1505 καὶ
685 1453 895 1515 τούτοις
954 1454 1226 1523 ἐχρήσατο
1279 1451 1402 1508 κατ’
1437 1453 1595 1524 ἐμοῦ,
1633 1453 1720 1508 ἵνα
1751 1453 1847 1506 καὶ

225 1611 230 1614 .
270 1543 436 1596 τοῦτο
467 1543 564 1612 τῆς
593 1545 657 1594 ὲκ
685 1541 886 1596 πολλοῦ
923 1541 990 1612 [ί.
1028 1542 1132 1596 155
1167 1540 1222 1612 b]
1268 1542 1673 1612 ταμιευομένης
1699 1540 1848 1611 αὐτῷ

271 1636 398 1688 κατ’
428 1633 562 1702 ἐμοῦ
593 1623 896 1704 γνώρισμα
915 1633 1142 1703 γνώμης
1170 1631 1256 1703 εἴη
1287 1633 1381 1686 καὶ
1413 1633 1512 1703 τῆς
1539 1633 1648 1686 τῶν
1669 1635 1847 1703 ὅρκων

273 1723 434 1790 αὖθις
463 1725 776 1795 συγχύσεως
795 1741 810 1758 ο
844 1725 932 1780 διὰ
962 1725 1070 1795 γὰρ
1099 1725 1280 1778 αὐτῶν
1309 1725 1528 1795 ἁπάσης
1559 1725 1846 1793 ἐπιορκίας

1943 553 1998 596 et
2047 545 2292 598 insontes
2339 543 2589 596 homines
2617 539 2996 610 exstinguendi
3031 555 3172 610 quos
3200 548 3425 608 propter
3456 539 3504 588 id

1946 637 2124 705 ipsum
2153 637 2402 692 infelices
2423 645 2599 705 putat,
2629 635 2772 704 quod
2795 635 2998 689 trinum
3029 634 3196 687 Deum
3221 635 3428 692 colunt.
3456 641 3510 685 ιιι

1943 742 2041 781 eos
2069 727 2162 796 qui
2195 726 2362 781 Deum
2395 741 2516 780 esse
2553 736 2754 796 negant
2775 741 2988 794 unaque
3018 725 3111 793 qui
3147 726 3348 779 nmltos
3379 725 3462 778 de.
3486 741 3512 778 ε

1943 829 2066 871 esse
2109 817 2363 879 credunt,
2405 816 2651 887 fugiunt.
2701 817 2820 885 lpse
2849 817 2994 870 enim
3025 817 3255 870 Palama‘.
3280 815 3506 869 deorum

1946 910 2154 962 cultum
2211 909 2482 978 sequitur.
2521 908 2672 965 Unde
2729 909 2893 962 etiam
2931 908 3132 963 factum
3176 919 3258 962 est
3307 916 3366 961 ut
3404 925 3508 960 una

1941 1013 2069 1052 eum
2111 1001 2292 1070 impiis
2324 999 2430 1054 illis
2471 999 2679 1070 nefario
2711 1000 2872 1054 modo
2911 1015 2996 1054 me
3041 1002 3371 1056 tractaverit.
3405 1001 3512 1055 lla-

1939 1107 2053 1160 que
2088 1107 2153 1145 ex
2208 1091 2312 1145 hoc
2339 1105 2558 1160 quoque
2598 1091 2948 1146 consiliorum
2990 1091 3110 1160 ejus
3160 1105 3282 1161 quae
3323 1092 3374 1145 in
3425 1107 3510 1146 me

1939 1180 2052 1250 jam
2087 1180 2258 1234 multo
2297 1195 2327 1235 e
2367 1189 2613 1249 tempore
2643 1180 2830 1235 animo
2867 1173 3151 1236 volutabat
3192 1192 3248 1238 et
3278 1182 3507 1253 periurii

1950 1273 2214 1326 indicium
2267 1273 2428 1326 nobis
2449 1265 2733 1341 apparuit.
2775 1273 2880 1326 Per
2908 1273 3031 1332 illos
3061 1274 3208 1328 enim
3255 1275 3514 1343 perjuriis

1947 1373 2002 1417 et
2032 1363 2330 1416 discordiis
2358 1364 2554 1416 urbem
2585 1362 2744 1416 facile
2775 1363 3042 1432 implevit.
3063 1363 3196 1417 Nam
3226 1365 3328 1418 viri
3361 1365 3516 1433 proni

1947 1463 2108 1525 erant
2143 1453 2210 1506 ad
2249 1451 2453 1522 ﬂagitia
2498 1463 2554 1506 et
2597 1467 2722 1506 cum
2757 1454 2911 1507 vultu
2953 1456 3091 1508 tristi
3139 1461 3195 1510 et
3235 1455 3518 1524 impietate

1951 1559 2170 1612 unaque
2215 1543 2532 1612 pharetram
2569 1557 2692 1612 qua:
2739 1544 2805 1596 ad
2849 1543 3098 1599 facienda
3145 1543 3348 1614 flagitia
3381 1559 3520 1614 Opus

1947 1647 2068 1691 erat
2101 1637 2444 1692 occultantes
2483 1637 2654 1692 variis
2696 1651 2760 1692 ac
2817 1637 3030 1692 idoneis
3075 1639 3198 1693 telis
3243 1639 3520 1698 refertam.

1955 1726 2093 1781 illud
2137 1727 2360 1781 silentio
2389 1738 2446 1782 et
2467 1727 2724 1782 celeriter
2759 1727 2919 1800 165
2961 1729 3292 1793 eﬂ‘ecerunt,
3326 1743 3380 1784 et
3413 1732 3521 1784 alia

269 1819 414 1890 ὁμοῦ
445 1819 540 1871 καὶ
565 1817 914 1887 διχοστασίας
939 1817 1084 1886 μάλα
1113 1816 1310 1887 ῥᾳδίως
1330 1817 1428 1887 τὴν
1459 1817 1614 1870 πόλιν
1641 1811 1848 1879 ἐκεῖνος

1958 1819 2040 1871 via
2071 1818 2342 1872 sinceram
2375 1827 2614 1872 mentem
2645 1819 2838 1873 matris
2865 1833 2998 1874 mea:
3037 1819 3368 1890 deceperunt
3405 1837 3526 1890 quae

271 1912 602 1981 ἐνέπλησεν.
648 1910 822 1976 Ὀξεῖς
857 1927 915 1964 τε
970 1909 1078 1979 γὰρ
1113 1910 1193 1972 είς
1235 1912 1438 1964 κακίαν
1479 1909 1630 1974 ὄντες
1673 1911 1725 1960 oi
1753 1907 1848 1962 ἄν-

1958 1908 2214 1976 scopulos
2239 1907 2293 1960 in
2319 1907 2454 1960 mari
2476 1907 2710 1962 latentes
2744 1907 3062 1977 neutiquam
3097 1911 3526 1966 noverat.Dolos

272 2003 426 2072 δρες.
457 2003 556 2056 καὶ
587 2002 704 2072 ἅμα
760 2003 828 2070 τῇ
885 2001 977 2054 τοῦ
1013 2000 1297 2070 σχήματος
1357 2001 1550 2070 μέλανι
1581 2000 1720 2068 μετά
1749 2000 1848 2069 τῆς

1958 1994 2103 2050 enim
2133 2004 2190 2048 et
2217 1993 2587 2062 proditionem
2608 1998 2660 2049 ei
2687 2005 2850 2050 noctu
2888 1997 3094 2067 diuque
3125 2000 3300 2054 moliti
3330 2013 3520 2056 contra

269 2094 532 2157 ἀσεϐείας
571 2097 664 2149 καὶ
693 2093 790 2164 τὴν
817 2095 874 2156 ἐς
907 2093 976 2146 τὰ
1015 2091 1242 2146 τοιαῦτα
1271 2094 1368 2162 τῆς
1402 2092 1671 2162 πονηρίας
1707 2092 1849 2145 ἀπο-

1958 2085 2202 2141 ιιιιίοἰιίεε
2245 2086 2457 2150 vultum
2503 2101 2688 2142 coram
2737 2087 3061 2144 exhibentes
3107 2105 3210 2147 nec
3245 2093 3522 2162 Opinatam

271 2182 500 2252 χρῶσαν
535 2181 816 2250 φαρέτραν
849 2177 1318 2247 συγκρύπτοντες,
1367 2179 1726 2232 παντοδαπῶν
1757 2179 1852 2232 καὶ

1958 2193 2076 2234 eam
2107 2187 2520 2246 pet-secutorum
2551 2180 2724 2234 turba:
2761 2179 3126 2238 tradiderunt.
3157 2182 3338 2248 Quare
3366 2188 3526 2241 nobis
3546 2233 3552 2250 ι.

273 2271 640 2341 πολυτρόπων
693 2270 972 2338 γέμουσαν
1035 2271 1142 2322 τῶν
1192 2269 1366 2340 βελῶν
1393 2311 1410 2334 ,
1465 2272 1694 2324 κάκεῖνα
1749 2273 1852 2340 μὲν

1958 2280 2144 2342 utpote
2173 2269 2268 2340 qui
2303 2269 2572 2326 beneﬁcia
2609 2271 2663 2325 in
2694 2285 2792 2328 eos
2823 2273 3252 2332 contulissemus
3299 2278 3527 2334 insidia-

273 2363 464 2432 ἡρέμα
501 2365 602 2414 καὶ.
627 2363 832 2432 σπουδῇ
874 2362 1248 2432 περαίνοντες,
1283 2361 1384 2432 τὴν
1407 2361 1462 2414 δέ
1498 2379 1558 2430 γε
1586 2366 1684 2434 τῆς
1713 2365 1854 2434 ἐμῆς

1958 2371 2104 2418 tores
2135 2363 2442 2433 turpissimi
2467 2365 2572 2419 visi
2603 2375 2753 2420 sunt.

275 2457 536 2518 ὑπιόντες
587 2455 762 2518 ἄλλως
829 2455 1038 2526 μητρὸς
1085 2455 1466 2524 ἁπλουστέραν
1521 2457 1835 2525 εὐμένειαν,
1901 2457 2122 2526 ὑφάλων
2151 2457 2367 2526 πετρῶν
2387 2457 2596 2530 οὐδαμῆ
2659 2476 2746 2512 σιιω
2783 2460 3060 2532 μαθούσης
3122 2463 3528 2535 συμπτώματα,

277 2550 376 2601 καὶ
425 2547 614 2612 δόλους
678 2548 776 2618 μὲν
837 2548 976 2618 αὐτῇ
1018 2547 1113 2600 καὶ
1147 2547 1438 2617 προδοσίας
1473 2548 1770 2619 ράπτοντες
1828 2547 2042 2617 ἡμέρας
2090 2549 2186 2600 καὶ
2238 2546 2449 2610 νυκτὸς,
2484 2549 2666 2620 φιλίας
2717 2550 2762 2602 δ’
2791 2547 2857 2604 αὖ
2893 2551 3161 2622 ἑτέρωθεν
3225 2555 3532 2622 δεικνύντες

281 2641 616 2708 πρόσωπον,
667 2631 857 2694 ἔλαθον
896 2640 1140 2710 ἀψοφητὶ
1201 2640 1279 2711 τῷ
1303 2640 1414 2696 τῶν
1488 2641 1798 2696 διωκόντων
1861 2639 2273 2708 προδεδωκότες
2332 2638 2502 2707 βυθῷ,
2565 2625 2778 2709 λῃέτῶν
2810 2643 3134 2715 ἀδικώτεροι
3178 2648 3398 2703 πάντων
3421 2655 3530 2716 τοῖς

272 2735 592 2806 εὐεργέταις
623 2725 882 2802 φανέντες
915 2735 1068 2804 ἡμῖν.

353 2827 480 2881 KB'.
517 2827 598 2880 Τὰ
632 2827 690 2880 δὲ
721 2827 950 2881 τοιαῦτα
970 2829 1070 2896 τῆς
1097 2827 1414 2898 ἀπορρήτου
1446 2824 1714 2896 Προνοίας
1739 2822 1858 2890 κρί-

279 2937 432 2989 ματα
459 2919 712 2988 ὲρευνᾷν,
760 2919 910 2980 ὅπως
940 2919 989 2971 οἱ
1035 2921 1103 2972 τὰ
1133 2919 1319 2978 δίκαια
1366 2917 1656 2989 ζητοῦντες
1691 2917 1852 2986 ἡμεῖς

273 3012 388 3071 τοῖς
429 3009 636 3070 ἀδίκοις
673 3007 780 3060 ὑπὸ
807 3007 916 3062 τῶν
949 3007 1151 3060 ἀδίκων
1185 3009 1251 3060 δι’
1281 3007 1448 3078 ἕτερα
1480 3005 1856 3076 προδεδόμεθα

277 3101 374 3154 νῦν
402 3101 606 3154 οὑτωσὶ
658 3099 1132 3170 πλημμελήματα,
1166 3097 1276 3166 ἐγὼ
1308 3099 1408 3166 μὲν
1436 3099 1536 3151 οὐκ
1571 3097 1636 3151 ἂν
1674 3095 1855 3150 δυναί·
1881 3139 1902 3170 ι

283 3211 417 3264 μην.
477 3193 700 3256 Ἔξεστι
753 3194 862 3261 γάρ
907 3194 1015 3253 τοῖς
1056 3189 1280 3254 ἀπαθῶς
1331 3189 1576 3264 ἐθέλουσι
1639 3188 1858 3258 βλέπειν

275 3257 360 3338 τὰ-
381 3287 475 3338 ἶσα
509 3288 660 3356 παρὰ
693 3257 783 3338 τὸν
815 3257 932 3356 βίον
961 3287 1048 3338 ἀεὶ
1071 3287 1370 3354 γιγνόμενα
1397 3257 1520 3354 μὲύ,
1541 3283 1856 3353 κεκρυμμέ-

279 3396 380 3445 νην
407 3376 458 3428 δ’
487 3375 683 3444 ἔχοντα
709 3377 808 3448 τὴν
841 3376 940 3446 τῆς
969 3377 1228 3446 ἀληθείας
1253 3379 1432 3430 αἰτίαν
1459 3376 1633 3438 ὡς,τά
1663 3375 1853 3430 πολλά.

279 3469 507 3537 Δεγέτω
536 3467 582 3522 δ’
611 3464 706 3521 οὖν
742 3467 892 3539 ὅμως
930 3470 1026 3522 καὶ
1050 3469 1078 3520 ὀ
1109 3471 1396 3540 προφήτης
1417 3469 1655 3534 ⁸ἐκεῖνος,
1693 3487 1712 3520 r
1744 3469 1858 3520 Ἰνα

279 3561 334 3612 τί
379 3559 506 3621 ὁδὸς
562 3557 780 3612 ἀσεϐῶν
833 3557 1154 3623 εὐοδοῦται;
1191 3577 1208 3608 ι
1249 3558 1390 3628 βοῶν
1432 3557 1496 3622 ὲκ
1549 3557 1723 3626 μέσης
1763 3554 1857 3608 καὶ

283 3651 632 3722 ςλεγομένης
666 3649 863 3721 ψυχῆς.
905 3651 1124 3716 Λεγέτω
1169 3649 1213 3701 δ’
1265 3647 1392 3718 ἑξῆς
1430 3647 1526 3702 καὶ
1558 3648 1592 3717 ἡ
1644 3646 1854 3717 μεγάλη

275 3743 381 3812 τῆς
423 3740 712 3803 εὐσεϐείας
743 3739 962 3809 ἐκείνης
1004 3740 1261 3806 σάλπιγξ.
1299 3739 1402 3804 ἵνα,
1433 3739 1511 3810 μὴ
1558 3741 1668 3800 τοῖς
1713 3737 1858 3790 ὲκδι·

281 3837 398 3887 κεῖν
457 3833 706 3886 ἐθέλουσι
751 3833 821 3888 τά
865 3831 942 3903 μὴ
996 3831 1184 3886 δίκαια
1223 3831 1498 3904 πρόφασις
1524 3831 1590 3884 τὰ
1632 3828 1858 3884 τοιαῦτα

283 3925 569 4002 κακίας
599 3947 616 3980 ι
657 3928 1072 3998 Παραδίδονται,
1099 3947 1117 3978 ι
1158 3929 1264 4000 γάρ
1294 3944 1448 3996 φησι,
1481 3945 1498 3977 ι
1538 3925 1632 3977 καὶ
1656 3924 1857 3978 δίκαιοι

281 4021 548 4084 πολλάκις
586 4025 668 4085 εἰς
695 4025 888 4092 χεῖρας
918 4022 1156 4086 ἀσεϐῶν,
1199 4023 1298 4092 οὐχ
1340 4020 1407 4074 ἵν’
1450 4021 1650 4074 ἐκεῖνοι
1689 4036 1856 4088 τιμη-

280 4113 476 4177 Θῶσιν,
509 4114 626 4166 ἀλλ’
676 4115 742 4166 ἶν’
770 4111 916 4169 οὗτοι
956 4113 1355 4184 δοκιμασθῶσι·
1393 4116 1486 4166 καὶ
1523 4112 1716 4180 φαῦλοι
1755 4111 1856 4181 μὲν

279 4207 338 4255 ὲν
373 4205 594 4274 θανάτῳ
651 4205 1042 4274 ὲξαισίῳ,κατά
1073 4205 1130 4258 τὸ
1161 4203 1573 4274 γεγραμμένον,
1627 4218 1858 4269 καταγε-

277 4297 486 4350 λῶνται
519 4296 566 4348 δ’
589 4298 738 4366 ὅμως
761 4296 824 4348 τὸ
856 4297 1030 4374 παρὸν
1060 4296 1327 4358 εὐσεῦεῖς,
1360 4297 1464 4356 ἕως
1491 4296 1524 4364 ἡ
1548 4294 1857 4364 χρηστότης

277 4385 373 4437 τοῦ
410 4384 552 4437 θεοῦ
598 4385 904 4455 κρύπτεται
957 4383 1052 4436 καὶ
1099 4383 1169 4436 τὰ
1229 4381 1441 4452 μεγάλα
1487 4382 1716 4449 ταμιεῖα
1749 4381 1856 4432 τῶν

2033 2819 2200 2876 XXII.
2233 2819 2340 2877 Sed
2387 2821 2638 2892 equidem
2684 2824 2784 2879 has
2815 2826 3178 2904 Providentia:
3209 2849 3331 2904 quae
3372 2851 3529 2892 com-

1961 2913 2227 2984 prehendi
2260 2929 2368 2968 non
2411 2923 2588 2984 potest
2621 2915 2864 2972 rationes
2895 2897 3242 2991 investigare
3297 2939 3394 2979 cur
3427 2942 3527 2980 nos

1961 3005 2053 3074 qui
2079 3007 2224 3077 justa
2256 3020 2617 3076 sequeremur
2647 3013 2757 3060 tam
2795 3007 2998 3078 injuste
3037 3011 3107 3065 ab
3138 3013 3397 3080 improbis
3421 3026 3532 3071 tra-

1963 3095 2060 3150 diti
2108 3097 2322 3162 simus,
2365 3112 2598 3166 nequeo.
2639 3097 2845 3153 Tamen
2897 3100 2990 3169 qui
3049 3103 3394 3162 considerate
3446 3123 3532 3162 res

1963 3187 2238 3257 inspicere
2275 3187 2483 3250 volunt,
2516 3203 2580 3242 ea
2610 3205 2730 3258 quae
2782 3205 2878 3260 per
2911 3205 3130 3246 omnem
3165 3195 3329 3248 vitam
3387 3197 3532 3267 iusta

1959 3277 2216 3331 videntur
2245 3279 2476 3333 veritate
2511 3279 2612 3332 niti
2641 3295 2762 3350 quae
2789 3291 2846 3334 ut
2879 3283 2980 3336 alia
3019 3285 3188 3338 multa
3211 3287 3534 3357 plerumque

1958 3383 2060 3423 nos
2113 3367 2296 3433 lateat,
2349 3369 2648 3425 invenient.
2679 3370 2962 3441 Loquatur
3006 3373 3174 3443 igitur
3228 3377 3532 3446 prepheta:

1964 3473 1984 3508 ι
2043 3457 2152 3514 Cur
2203 3459 2496 3528 impiorum
2547 3461 2650 3515 viae
2695 3464 2873 3532 planae
2921 3465 3085 3519 sunt?
3135 3485 3153 3518 ι
3191 3465 3432 3524 clamans
3467 3484 3533 3525 ex

1961 3548 2158 3602 intimo
2187 3563 2242 3606 et
2263 3550 2428 3621 pleno
2461 3561 2700 3619 pectore.
2741 3553 2916 3609 Tollat
2954 3570 3170 3624 quoque
3205 3573 3388 3613 vocem
3413 3575 3534 3630 gra-

1959 3655 2080 3695 vem
2114 3657 2268 3698 suam
2301 3643 2474 3713 pictas
2525 3655 2582 3699 ut
2635 3645 2701 3700 iis
2751 3647 2844 3715 qui
2879 3649 3077 3717 punire
3107 3649 3276 3706 velint
3329 3651 3534 3721 injusta

1963 3733 2074 3787 haec
2098 3734 2325 3790 ne~sint
2355 3750 2516 3790 causa
2551 3738 2857 3804 pravitatis.
2899 3757 2916 3790 ι
2967 3740 3281 3796 Traduntur
3301 3743 3472 3810 enim,
3513 3765 3527 3792 τ

1959 3823 2110 3888 dicit,
2167 3845 2185 3876 ι
2223 3828 2387 3880 etiam
2423 3827 2496 3895 pii
2557 3844 2702 3900 sa‘pe
2755 3831 3010 3886 manibus
3074 3833 3367 3902 impiorum
3423 3851 3530 3890 non
3571 3877 3584 3894 .

1959 3929 2068 3983 quo
2119 3915 2175 3970 hi
2217 3918 2582 3986 restimentur,
2618 3921 2714 3976 sed
2757 3937 2867 3992 quo
2899 3923 2973 3978 illi
3031 3925 3346 3992 probentur.
3381 3927 3532 3996 lmpii

1957 4005 2104 4058 enim
2137 4017 2194 4059 ut
2226 4008 2486 4076 scriptum
2519 4020 2620 4076 est,
2653 4021 2775 4079 post
2803 4023 3032 4068 mortem
3065 4031 3253 4084 poenas
3284 4019 3531 4076 solvent:

1959 4096 2037 4164 pii
2069 4107 2252 4151 autem
2287 4099 2340 4152 in
2373 4100 2482 4154 vita
2509 4099 2809 4156 illudentur
2851 4105 3030 4174 quoad
3075 4108 3166 4162 Dei
3199 4110 3406 4179 justitia
3438 4127 3536 4181 pa.-

1960 4188 2145 4244 tiatur.
2175 4189 2432 4266 Utrisque
2471 4203 2592 4263 post
2622 4197 2786 4250 vitam
2813 4199 3026 4267 anmlm,
3057 4212 3115 4255 ut
3147 4203 3357 4270 dicunt,
3389 4205 3538 4259 cellae

1963 4282 2240 4350 inquibus
2283 4285 2526 4339 facinora
2560 4297 2748 4342 nostra
2773 4289 3055 4345 recondita
3107 4303 3236 4346 sunt
3280 4297 3538 4364 aperien-

1962 4385 2069 4436 tur,
2114 4385 2168 4428 et
2201 4376 2387 4448 verba,
2417 4375 2681 4444 facinora,
2709 4380 2936 4433 consilia
2967 4383 3252 4450 aequaliter
3285 4385 3340 4438 in
3378 4387 3536 4457 165

277 4477 518 4546 ὕστερον
571 4475 856 4543 ἑκατέροις
895 4474 1296 4542 ἀποκειμένων,
1353 4471 1514 4541 ἡνίκα
1567 4473 1723 4538 λόγος
1764 4471 1855 4522 καὶ

1965 4465 2168 4520 trutina
2203 4467 2668 4522 examinabuntur
2699 4485 2728 4522 a
2781 4468 2890 4522 Deo
2920 4485 3044 4523 cum
3081 4475 3294 4526 venerit
3331 4476 3534 4542 judicia

277 4569 484 4642 πρᾶξις
520 4569 612 4620 καὶ
644 4557 915 4634 διανόημα
949 4569 1060 4628 τοῖς
1103 4566 1336 4626 δικαίοις
1387 4563 1479 4616 τοῦ
1526 4562 1660 4614 Θεοῦ
1697 4563 1858 4614 σταθ-

283 4664 405 4731 μοῖς
431 4659 844 4722 ταλαντεύεται,
869 4658 996 4710 ὅταν
1025 4659 1234 4725 ἀναστῇ
1266 4657 1453 4726 κρίναι
1486 4657 1584 4720 την
1607 4657 1740 4720 γῆν,
1760 4653 1860 4720 τὴν

281 4753 484 4822 βουλὴν
505 4753 598 4804 καὶ
629 4753 697 4802 τὰ
728 4751 864 4820 Εργα
896 4750 1164 4816 συνάγων,
1185 4751 1280 4799 καὶ
1311 4747 1533 4814 γυμνῶν
1553 4749 1620 4796 τά
1650 4747 1860 4813 ἐσφρλη

279 4845 523 4912 γισμὲνα
551 4843 682 4912 παρ’
713 4841 862 4910 αὐτῷ
903 4844 998 4893 καὶ
1033 4840 1338 4908 σωζόμενα.
1383 4856 1401 4888 ι
1445 4837 1503 4888 Εἰ
1541 4836 1596 4887 δὲ
1637 4836 1712 4904 μὴ
1761 4852 1862 4886 πει

281 4937 550 5004 φόνευκεν
595 4935 756 4997 εὐθὺς
806 4933 1248 5003 χειρωσάμενος,
1290 4931 1342 4981 τί
1392 4929 1586 5004 eoum;
1641 4929 1861 4997 Πρῶτον

285 5029 392 5098 μὲν
417 5027 526 5096 γὰρ
571 5029 632 5080 ού
677 5028 858 5097 χρεὼν
902 5025 1021 5078 ἀντὶ
1073 5023 1188 5076 τῶν
1227 5023 1638 5091 πεπραγμένων
1675 5021 1862 5074 κακῶν

281 5121 352 5174 τὰ
387 5119 464 5190 μὴ
499 5119 870 5186 πεπραγμένα
905 5115 1332 5184 προϐάλλεσθαιο
1359 5116 1420 5166 οὐ
1447 5117 1556 5192 γάρ
1579 5131 1663 5176 τις
1683 5112 1862 5164 οὶκίαν

283 5209 600 5276 ἐμπρήσας,
656 5208 738 5258 ὅτι
798 5205 874 5274 μὴ
932 5203 1086 5254 πόλιν
1137 5202 1264 5270 ὃλην
1313 5202 1639 5270 ἐνέπρησεν,
1689 5193 1863 5259 ἀθῶος

283 5301 440 5368 μένει
475 5299 570 5366 τῆς
619 5295 917 5356 κολάσεως.
969 5293 1232 5364 Δεύτερον
1267 5293 1344 5357 δὲ,
1391 5293 1450 5344 οὐ
1505 5292 1612 5362 γάρ
1665 5294 1863 5359 μᾶλλον

279 5393 371 5445 διὰ
397 5392 624 5460 θάτερον
650 5389 913 5458 φεύξεται
946 5387 1174 5456 θάτερον
1202 5385 1234 5455 ἢ
1264 5385 1330 5438 δι’
1361 5386 1675 5454 ἀμφότερον
1697 5403 1866 5453 τιμω-

283 5489 412 5552 ρίαν
444 5481 676 5552 ὀφλήσει
697 5479 794 5549 τὴν
829 5480 1021 5548 μείζω,
1054 5472 1132 5540 οἷς
1155 5475 1313 5528 τοῦτο
1347 5479 1443 5546 μὲν
1475 5476 1638 5538 αὐτὸς
1673 5477 1863 5546 ἔδρασε

283 5577 402 5638 νῦν,
439 5576 616 5641 έκεῖνο
644 5573 700 5624 δὲ
729 5573 898 5641 θύραν
927 5571 1108 5630 ἄλλοις
1133 5569 1398 5637 ἀνέῳγεν,
1430 5570 1576 5638 ἔργῳ
1595 5568 1863 5621 διδάσκων

285 5667 352 5717 τὰ
387 5667 560 5734 μείζω
581 5639 678 5717 καὶ
715 5664 834 5728 καθ’
865 5663 994 5732 ὅλης
1038 5659 1343 5728 τολμᾶσθαι
1389 5659 1491 5724 τῆς
1517 5661 1745 5722 ’πόλεως
1775 5661 1865 5712 λε-

283 5757 554 5827 ληθότως,
595 5754 649 5806 εί
687 5771 770 5816 τις
821 5751 1132 5822 προδιδόναι
1165 5749 1428 5820 βούλοιτο·
1471 5750 1864 5823 συγκεχώρηκε

1963 4557 2174 4608 laturus
2226 4557 2472 4622 mundo,
2531 4569 2769 4612 mentem
2809 4568 3048 4612 nostram
3107 4576 3172 4614 ac
3221 4577 3308 4618 res
3359 4575 3540 4634 gestas

1964 4646 2302 4701 conferendo
2323 4656 2378 4700 et
2411 4663 2532 4715 quae
2565 4648 2706 4715 apud
2745 4663 2802 4702 sc
2851 4650 3088 4716 reposita
3121 4663 3246 4705 sunt
3273 4663 3330 4706 et
3364 4671 3542 4712 asser-

1965 4751 2085 4794 vata
2111 4739 2508 4808 depromendo.
2546 4759 2563 4790 ι
2607 4738 2748 4804 Quid
2779 4756 2932 4806 vero,
2963 4742 3007 4796 si
3055 4743 3144 4800 ille
3181 4761 3292 4800 non
3325 4761 3537 4804 extem-

1967 4832 2054 4900 plo
2093 4847 2190 4900 per
2213 4831 2320 4886 vim
2353 4832 2556 4886 eadem
2597 4832 2767 4888 fecit?
2803 4831 3046 4889 Primum
3081 4839 3230 4893 nttlla
3265 4851 3350 4896 est
3373 4859 3539 4899 causa

1965 4937 2064 4974 cur
2093 4937 2191 4990 pro
2225 4925 2555 4990 perpetratis
2581 4923 2920 4979 facinoribus
2949 4941 3070 4994 quae
3095 4943 3202 4984 non
3229 4943 3540 5001 perpetrata

1966 5015 2075 5068 sint
2109 5015 2472 5083 proferamus.
2507 5014 2696 5083 Neque
2729 5018 2876 5071 enim
2909 5018 3004 5086 qui
3035 5019 3258 5074 domum
3293 5023 3540 5080 incendit

1966 5107 2112 5175 quod
2136 5123 2244 5160 non
2281 5117 2442 5161 tutam
2477 5107 2666 5162 urbem
2708 5108 2956 5166 incendit
2989 5127 3190 5169 vacuus
3240 5125 3402 5184 poena
3433 5129 3538 5172 est.
3585 5139 3590 5144 ’

1967 5199 2174 5252 Deinde
2203 5207 2408 5260 autem.
2440 5215 2546 5252 non
2580 5211 2800 5270 propter
2817 5203 3048 5260 alterum
3079 5206 3250 5276 fugiet
3281 5207 3540 5274 alterum,

1967 5291 2062 5348 sed
2095 5293 2276 5360 potius
2301 5299 2524 5359 propter
2550 5304 2844 5362 utrumque
2873 5311 3060 5364 pmnas
3081 5299 3316 5366 majores
3341 5303 3539 5356 solvet.

1969 5385 2104 5438 Nam
2135 5385 2280 5452 quod
2333 5386 2491 5438 modo
2524 5384 2637 5453 ipse
2690 5387 2984 5450 commisit,
3017 5389 3068 5442 id
3120 5392 3294 5460 ipsum
3329 5403 3540 5462 portant

1971 5473 2198 5528 reclusit
2229 5471 2374 5525 aliis.
2406 5473 2626 5526 Summa
2658 5476 2908 5530 conando
2951 5478 3114 5532 etiam
3151 5482 3204 5534 in
3245 5493 3412 5535 totam
3451 5499 3541 5535 ur-

1971 5565 2097 5618 bem
2139 5563 2275 5616 alios
2307 5561 2538 5631 punivit,
2567 5577 2746 5631 neque
2775 5579 2904 5618 nunt
2943 5565 3066 5634 quis
3093 5567 3384 5637 aliquando
3417 5583 3538 5623 eam

1972 5655 2293 5724 proditurus
2315 5664 2462 5708 esset
2495 5657 2680 5708 animo
2711 5658 3012 5725 reputavit;
3047 5659 3171 5712 aliis
3211 5673 3378 5726 pauca
3413 5659 3540 5728 qui~

1973 5749 2098 5804 dem
2141 5749 2438 5812 concessit,
2473 5748 2568 5802 sed
2604 5749 2732 5804 inde
2761 5757 2818 5804 ut
2854 5749 2971 5820 ipse
3000 5751 3228 5818 plurima
3256 5751 3542 5806 commoda
