4036 6210
545 338 655 404 353

1755 341 2177 403 NICEPIIORI
2218 344 2601 406 GREGORIE
3711 346 3809 410 144

544 460 841 529 acciperet.
892 458 1065 513 Nobis
1099 474 1229 512 sane
1264 472 1476 514 summa
1506 458 1749 529 pericula
1792 460 2039 523 immisit,
2081 467 2131 514 et

2247 459 2358 531 γὰρ
2386 460 2698 526 τοῦλαττον,
2748 461 2833 515 ἵνα
2875 461 3037 523 αὐτὸς
3075 460 3175 533 μὲν
3220 460 3456 535 κερδάνῃ
3486 462 3549 516 τὸ
3599 463 3805 533 μεῖζον,

545 565 647 620 ego
673 550 906 605 antehac
937 558 1164 606 mortem
1197 550 1527 605 occubuisse
1566 548 1751 604 malim
1789 565 1952 618 quam
1989 566 2123 604 con-

550 642 705 694 tinuo
736 655 883 695 nunc
917 639 1042 694 aliis
1077 640 1308 710 turpiter
1339 642 1546 695 servire
1585 650 1640 695 et
1681 641 1830 695 varia
1862 656 1984 710 quae
2008 634 2125 695 no-

548 733 639 788 bis
672 732 1034 787 admoventur
1081 732 1272 785 mortis
1330 722 1603 786 tormenta
1638 744 1763 787 ante
1792 733 1981 787 oculos
2031 732 2126 786 ha-

546 825 701 880 bere.
733 825 960 880 Constat
993 824 1138 879 enim
1189 834 1364 880 morte
1404 826 1570 879 vitam
1613 825 1954 881 acerbiorem
2003 840 2125 881 esse

546 933 671 973 cum
736 919 883 973 mille
925 921 1118 972 mortis
1172 919 1511 973 cruciatibus
1544 920 1748 988 repleta
1791 922 1881 983 sit,
1928 928 2123 974 contra

547 1012 786 1067 subitam
817 1021 1050 1065 mortem
1097 1010 1203 1063 vita
1263 1010 1544 1065 meliorem
1576 1025 1698 1065 cum
1730 1013 1849 1081 ejus
1886 1013 2122 1081 turpitu-

546 1105 732 1158 dinem
764 1112 821 1157 et
858 1104 1135 1158 tristitiam
1184 1104 1339 1159 tollat
1370 1113 1427 1157 ct
1479 1119 1667 1159 secum
1719 1104 1967 1174 sepeliat.
2027 1105 2123 1159 llle

546 1198 690 1252 enim
729 1196 898 1251 verbo
942 1196 1164 1267 quidem
1198 1211 1299 1251 nos
1335 1196 1590 1265 protexit.
1626 1195 1781 1263 Quod
1828 1208 1887 1250 ut
1917 1208 2121 1251 certam

546 1290 894 1345 liberalitatis
925 1304 1038 1344 suae
1070 1290 1308 1357 speciem
1342 1288 1571 1343 haberet
1605 1304 1702 1358 per
1751 1304 2034 1359 praecones
2068 1297 2124 1344 et

546 1386 760 1439 litteras
814 1398 980 1454 quam
1025 1383 1314 1437 celerrime
1362 1390 1419 1437 et
1466 1396 1591 1435 cum
1626 1391 1850 1452 sumptu
1893 1382 2125 1453 singulis

547 1476 860 1547 quibusque
899 1474 1061 1546 166
1089 1474 1349 1544 gentibus
1397 1473 1745 1538 venditabat;
1781 1489 1975 1528 revera
2028 1490 2125 1528 au-

550 1578 659 1622 tem
683 1568 939 1637 princeps
968 1582 1070 1621 nos
1093 1566 1248 1635 quasi
1280 1580 1472 1620 servos
1497 1565 1773 1620 tractavit.
1810 1564 1967 1632 Quod
1994 1550 2124 1620 fecit

552 1672 611 1716 ut
641 1678 709 1716 eo
738 1660 1132 1727 promissorum
1166 1667 1551 1727 argumentum
1588 1658 1817 1712 haberet
1843 1668 1898 1712 et
1919 1667 2122 1727 quanta

551 1769 647 1805 sua
666 1759 811 1806 esset
837 1752 958 1805 vita?
975 1750 1242 1820 sapientia
1260 1760 1315 1803 et
1336 1750 1416 1804 rei
1440 1749 1707 1804 militaris
1716 1749 1914 1818 peritia
1941 1761 2125 1805 osten-

2235 553 2368 622 ἡμῖν
2404 554 2460 607 δὲ
2505 555 2632 617 τοὺς
2682 554 3059 625 μακροτέρους
3116 555 3468 627 ἐπικρεμάσῃ
3505 554 3806 619 κινδύνους.

2234 643 2297 716 [1⁵.
2338 647 2440 701 156
2478 645 2535 719 α]
2571 647 2755 716 nam)
2787 649 2895 716 γὰρ
2934 649 3082 719 ἥδιον
3119 648 3268 716 ἅπαξ
3298 649 3423 719 ἐμοί
3455 665 3518 717 γε
3558 647 3680 701 τότε
3712 647 3811 701 θι-

2233 739 2421 813 νεῖν,ἢ
2454 736 2631 802 ζῶντα
2661 739 2936 794 δουλεύειν
2974 743 3188 812 ἑτέροις
3236 744 3298 794 ἐν
3325 741 3514 813 ἀδοξίᾳ
3541 739 3810 807 διηνεκῶς

2232 829 2328 880 καὶ
2373 827 2680 891 πολυειδεῖς
2734 827 2861 882 καθ’
2888 830 3043 899 ήμῶν
3096 831 3468 901 πλεκομὲνους
3518 831 3652 901 ὀρᾷν
3683 833 3812 893 τοὺς

2235 918 2328 972 τοῦ
2362 921 2595 974 θανάτου
2625 920 2881 991 βρόχουςο
2910 919 3052 975 εἶναι
3097 923 3206 993 γὰρ
3255 924 3348 975 καὶ
3389 922 3622 977 θανάτου
3658 922 3809 992 ζωήν

2232 1028 2400 1079 φασιν
2434 1016 2792 1083 πικροτέραν,
2826 1014 2990 1067 ὁπότε
3030 1018 3242 1084 μυρίων
3272 1014 3410 1085 αῦτη
3446 1016 3604 1083 γέμει
3638 1014 3808 1067 θανά-

2230 1121 2361 1167 των,
2397 1108 2492 1157 καὶ
2521 1106 2755 1159 θάνατον
2792 1106 2951 1170 αὖθις
3000 1107 3319 1177 αὑθήμιρον
3363 1111 3602 1178 κρείττω
3638 1107 3807 1174 ζωῆς,

2233 1197 2452 1261 ἀδοξίαν
2498 1200 2594 1251 καὶ
2639 1198 2817 1261 λύπας
2866 1200 3037 1269 αὐτῆς
3077 1200 3487 1270 ἀφαιρούμενον
3537 1200 3631 1252 καὶ
3686 1216 3813 1263 συν-

2182 1334 2187 1337 .
2232 1289 2531 1344 θάπτοντα.
2580 1292 2741 1360 Λόγῳ
2774 1290 2875 1360 μὲν
2908 1290 3019 1360 ’γὰρ
3070 1290 3342 1361 τετήρηκε
3386 1288 3597 1354 ζῶντας
3636 1290 3807 1358 ἡμᾶς.

2231 1382 2300 1435 ἵν’
2326 1382 2477 1449 αὐτῷ
2508 1382 2709 1453 πιθανὴ
2756 1383 2857 1453 τῆς
2902 1382 3323 1452 φιλανθρωπίας
3355 1383 3389 1451 ή
3441 1382 3718 1453 πρόφασις
3749 1376 3807 1455 ᾖ,

2233 1477 2579 1548 καυχωμένῳ
2618 1478 2780 1530 ταυτὶ
2822 1477 2911 1530 διά
2948 1475 3211 1546 κηρύκων
3260 1492 3321 1528 τε
3362 1474 3458 1528 καὶ
3504 1473 3811 1527 ἐπιστολῶν

2232 1570 2369 1641 πρὸς
2392 1569 2537 1624 ἁπαν
2574 1568 2727 1632 ἔθνος
2749 1570 2875 1623 ὅσον
2906 1568 3130 1637 ἐφικτὸν
3170 1567 3268 1621 σὺν
3322 1567 3471 1637 μάλα
3506 1566 3696 1636 μακρᾷ
3738 1566 3808 1633 τῇ

2233 1663 2444 1734 σπουδῇ
2479 1664 2573 1716 καὶ
2616 1662 2851 1733 δαπάνῃ.
2899 1661 3045 1732 ἔργῳ
3085 1661 3143 1713 δέ
3193 1660 3323 1724 τοὺς
3361 1659 3627 1721 δεσπότας
3668 1658 3813 1725 ἔχων

2231 1756 2290 1810 ἐν
2326 1755 2679 1827 ἀνδραπόδων
2710 1756 2897 1826 μοίρᾳ,
2928 1753 3191 1807 ὑπόθεσιν
3218 1752 3315 1824 ἔχῃ
3343 1753 3439 1806 καὶ
3467 1750 3627 1803 τοῦτο
3670 1766 3813 1802 καυ-

549 1842 725 1898 deret.
756 1841 1225 1910 Quemadmodum
1245 1841 1299 1896 in
1324 1842 1605 1897 curriculo
1639 1842 1879 1898 victores
1921 1842 1992 1897 ob
2017 1844 2127 1897 vir-

2235 1849 2443 1920 χήσεως
2471 1848 2567 1900 καὶ
2598 1847 2745 1917 μάλα
2779 1847 2998 1917 μακράς
3031 1847 3087 1899 ἐν
3126 1845 3206 1916 τῷ
3256 1845 3355 1915 βίῳ
3399 1842 3589 1910 σοφίας
3638 1841 3810 1894 αὑτοῦ

551 1940 752 1997 tutet‘u,
787 1935 860 1987 ita
886 1934 979 1989 ille
1004 1934 1098 1988 ubi
1130 1949 1230 1991 nos
1260 1930 1314 1987 iu
1351 1934 1719 1989 calamitatem
1768 1934 2127 1990 inciderimus

549 2028 623 2083 ob
648 2027 1006 2083 domesticam
1050 2026 1365 2082 felicitatem
1401 2027 1697 2096 superbiit.
1724 2026 1968 2093 Quorum
2008 2042 2128 2081 om-

547 2121 705 2176 nium
751 2120 1058 2175 certissima
1109 2118 1246 2173 mihi
1285 2125 1415 2173 sunt
1467 2118 1800 2174 testimonia.
1850 2117 2127 2187 Sponsum

550 2216 702 2271 dedit
732 2214 857 2268 lilia:
886 2212 1140 2278 invitum,
1175 2220 1231 2266 et
1273 2211 1443 2266 invita
1478 2221 1653 2266 matre
1691 2226 1813 2265 mea
1840 2212 1998 2278 cujus
2044 2226 2131 2266 ra-

549 2307 801 2364 tionibus
828 2319 965 2375 quas
1000 2319 1146 2359 nunc
1177 2302 1377 2358 all‘erre
1419 2318 1529 2385 non
1578 2301 1735 2367 licet,
1772 2305 1863 2357 ubi
1903 2304 2131 2359 minime

553 2399 769 2465 debuit,
797 2396 1014 2452 omissis
1036 2396 1207 2465 ipsius
1224 2404 1463 2451 mentem
1481 2405 1748 2464 protenus
1773 2406 1996 2452 secutus
2022 2406 2129 2452 est.

551 2491 723 2546 Nobis
774 2490 922 2545 enim
962 2488 1180 2557 publice
1225 2487 1555 2560 gravissimo
1585 2488 1948 2560 jurejurando
1986 2488 2134 2544 ailir—

554 2593 799 2637 maverat
843 2580 981 2635 velle
1014 2595 1075 2635 se
1110 2558 1246 2633 mihi
1274 2587 1481 2648 patrem
1509 2558 1632 2634 esse
1665 2558 1723 2633 et
1748 2581 1898 2650 regni
1930 2580 2133 2650 guber-

550 2674 808 2729 naculum
834 2684 1021 2729 tenere
1051 2671 1229 2728 donec
1259 2671 1329 2727 ad
1380 2671 1705 2727 vicesimum
1754 2676 1961 2749 annum
2005 2689 2134 2742 per-

552 2766 827 2821 venissem
854 2781 869 2830 ;
906 2779 1086 2835 neque
1113 2763 1256 2820 ullus
1276 2780 1344 2819 ex
1373 2763 1551 2836 ipsius
1582 2763 1710 2820 ﬁliis
1744 2766 1812 2821 ad
1841 2767 2130 2837 imperium

551 2860 864 2915 accederet.
916 2857 1025 2914 Sed
1070 2873 1180 2913 non
1221 2857 1397 2912 multo
1445 2866 1571 2928 post
1614 2858 1800 2915 eﬂ’ecit
1833 2861 2129 2916 contraria.

556 2948 691 3016 Quae
729 2946 1090 3018 jurejurando
1120 2945 1448 3016 promiserat
1481 2955 1542 3001 ut
1587 2963 1760 3018 nugas
1799 2948 2132 3003 existimavit

549 3052 607 3098 et
627 3042 777 3097 Atrei
819 3040 994 3096 oculis
1032 3039 1215 3094 subito
1256 3039 1556 3108 assumptis
1601 3054 1689 3094 me
1733 3039 1980 3110 despexit
2028 3056 2130 3097 nec

552 3134 648 3205 pili
681 3131 905 3202 quidem
933 3130 1123 3185 habuit
1154 3138 1212 3184 et
1251 3138 1509 3200 tanquam
1541 3146 1737 3186 navem
1761 3131 2006 3186 remulco
2046 3147 2131 3187 me

552 3238 740 3278 secum
775 3220 961 3277 traxit.
1010 3219 1139 3275 Suis
1182 3229 1364 3275 autem
1413 3219 1539 3274 ﬁliis
1578 3234 1645 3274 ex
1688 3230 1799 3274 tota
1848 3220 2129 3276 voluntate

554 3328 784 3385 regnum
819 3311 1092 3367 attribuit.
1124 3310 1291 3377 Quod
1322 3310 1478 3367 brevi
1512 3310 1833 3381 priusquam
1864 3326 1960 3380 per
2005 3310 2131 3365 Bar-

554 3404 717 3459 baros
746 3412 941 3457 nactus
969 3409 1056 3456 est
1086 3400 1453 3455 Barbarorum
1483 3399 1744 3454 manibus
1780 3401 2005 3454 tradidit
2035 3412 2131 3454 aut

552 3511 701 3552 certe
737 3495 955 3550 tradere
1009 3494 1201 3548 voluit.
1245 3494 1436 3564 Neque
1490 3495 1627 3550 clam
1666 3496 1734 3549 iis
1768 3508 2004 3565 regnum
2044 3506 2129 3549 at-

557 3587 752 3642 tribuit
777 3587 852 3641 ita
878 3596 937 3639 ut
964 3586 1212 3645 omnium
1242 3586 1345 3641 sibi
1377 3586 1636 3640 invidiam
1665 3586 1937 3641 excitarit.
1964 3587 2131 3656 Cujus

554 3679 638 3735 rei
688 3679 922 3732 fortasse
955 3691 1083 3732 eum
1128 3676 1323 3746 puduit
1350 3692 1473 3733 cum
1522 3678 1686 3746 paulo
1728 3688 1855 3732 ante
1902 3678 2131 3749 singulis

558 3771 717 3842 167
747 3770 1055 3840 quibusque
1086 3770 1342 3840 gentibus
1394 3780 1501 3825 tam
1540 3772 1709 3825 multa
1742 3772 2016 3841 pollicitus
2042 3787 2130 3826 es-

555 3877 676 3932 set;
704 3876 888 3918 tamen
919 3864 1135 3918 occulto
1157 3872 1212 3917 et
1258 3865 1402 3933 quod
1429 3864 1651 3933 quidem
1683 3865 1981 3919 arbitratus
2023 3874 2127 3927 est.

559 3968 633 4031 ita
664 3964 721 4010 ut
754 3971 854 4026 ego
889 3955 1028 4009 nihil
1082 3954 1398 4024 percontari
1424 3970 1594 4011 ausus
1627 3956 1752 4013 sim.
1810 3955 1961 4013 Brevi
1996 3968 2131 4013 tetu-

556 4063 693 4120 pore
727 4049 1014 4119 interjecto
1064 4048 1378 4103 Mattbteum
1430 4047 1759 4103 lratremad
1820 4066 1907 4104 res
1961 4066 2132 4106 novas

559 4136 893 4209 consurgere
941 4140 1081 4193 fama
1124 4141 1296 4204 venit,
1343 4155 1451 4209 qua
1485 4141 1729 4195 omnium
1789 4157 1948 4196 aures
1986 4143 2130 4198 clare

562 4232 953 4303 personabant.
1007 4230 1113 4284 Sed
1161 4230 1445 4286 Matutinus
1493 4232 1864 4300 spectaculum
1922 4242 2129 4285 tantum

560 4323 830 4394 pnebuit;
862 4322 1009 4389 ipsas
1036 4336 1122 4375 res
1160 4322 1441 4375 moderata
1468 4332 1553 4375 est
1598 4326 1754 4376 mens
1798 4324 1987 4391 patris.
2041 4322 2132 4377 Sic

559 4415 713 4469 enim
743 4412 946 4468 factum
994 4422 1081 4466 est
1136 4420 1197 4465 ut
1225 4419 1380 4480 pater
1409 4412 1559 4480 pacis
1605 4427 1768 4466 causa
1812 4412 1972 4467 ruodo
2026 4412 2131 4467 hoc

2231 1942 2328 1996 καὶ
2358 1939 2740 2009 στρατηγικῆς
2783 1939 3099 2009 ἐμπειρίας,
3135 1936 3327 2003 ὥσπερ
3362 1936 3409 1988 οἱ
3445 1936 3505 1987 ἐν
3550 1933 3815 2002 ἱπποδρο-

2232 2031 2389 2102 μίαις
2421 2030 2521 2099 τὴν
2542 2029 2797 2097 ἱππικὴν,
2830 2026 3001 2088 οὕτως
3027 2026 3213 2088 αὐτὸς,
3237 2027 3358 2084 ταῖς
3378 2023 3535 2093 ήμῶν
3558 2022 3812 2088 δυσπρα-

2229 2126 2381 2193 γίαις
2432 2124 2532 2194 τὴν
2583 2122 2797 2176 οίκείαν
2853 2121 3027 2191 ὀφρὺν
3065 2106 3497 2185 ἐνδεικνύμενος.
3551 2113 3662 2168 Καί
3712 2130 3815 2183 μοι

2230 2218 2338 2270 τῶν
2361 2215 2671 2285 λεγομένων
2703 2214 2988 2284 μάρτυρας
3013 2212 3083 2265 τὰ
3112 2210 3241 2282 ἑξῆς
3268 2208 3541 2278 ἀψευδεῖς.
3589 2207 3814 2274 Ἠγαγε

2231 2310 2343 2380 γὰρ
2376 2311 2468 2362 ἐπὶ
2498 2308 2729 2377 θυγατρὶ
2758 2306 3009 2378 γαμϐρὸν
3040 2304 3245 2359 ἄκοντα
3277 2303 3374 2357 καὶ
3416 2301 3561 2372 μάλα
3602 2300 3815 2371 ἥκιστα

2231 2402 2333 2471 τῆς
2386 2402 2524 2472 ἐμῆς
2577 2400 2910 2470 βουλομένης
2954 2399 3163 2470 μητρὸς
3212 2396 3280 2450 δι’
3326 2396 3393 2460 ἃς
3444 2393 3696 2448 ἐκλαλεῖν
3744 2393 3816 2447 οὐ

2235 2493 2392 2562 θέμις
2428 2491 2631 2555 αἰτίας,
2679 2484 2754 2545 ὧν
2798 2491 2860 2543 τδ
2904 2476 3222 2563 ἀπόρρητον
3264 2489 3428 2551 αὐτὸς
3458 2485 3597 2541 ἐκὼν
3627 2503 3818 2553 παρα-

2233 2585 2601 2655 τρέχωνεύθὺ
2625 2585 2737 2637 τῶν
2764 2584 2914 2655 αὐτῷ
2950 2582 3345 2651 σκοπουμένων
3379 2572 3617 2643 ἐϐάδιζε.
3647 2577 3728 2632 Ta
3763 2579 3816 2633 δ’

2231 2672 2302 2749 ἦν
2330 2677 2412 2730 ὃτι
2458 2676 2753 2748 φρικώδεις
2792 2677 2927 2746 ἡμῖν
2976 2673 3346 2746 παρεσχηκὼς
3373 2672 3611 2743 δημοσία
3644 2671 3818 2723 πνεύ-

2238 2786 2440 2834 σαντας
2474 2772 2673 2841 ὅρκους
2719 2765 2863 2823 εἷναί
2907 2786 2967 2822 τε
3013 2768 3198 2839 πατὴρ
3232 2769 3362 2844 ἐμοὶ.
3400 2766 3496 2820 καὶ
3538 2764 3815 2835 συμϐασι-

2233 2863 2415 2917 λεύειν
2449 2864 2610 2934 ἄχρις
2658 2865 2724 2918 ἂν
2758 2865 2815 2927 ἐς
2865 2865 2958 2916 τὸν
2984 2863 3229 2916 είκοστὸν
3268 2860 3328 2926 ἐξ
3355 2858 3575 2930 ἐφήϐων
3605 2859 3687 2929 ἰδῃ
3738 2874 3813 2927 με

2236 2956 2689 3026 παραγγέλλοντα
2733 2955 2958 3026 χρόνον,
3010 2955 3238 3026 μηδενὸς
3284 2952 3593 3031 τῶνχυίέων
3639 2951 3815 3004 αὐτοῦ

2233 3050 2303 3118 τῇ
2337 3047 2588 3119 βασιλείᾳ
2615 3049 2994 3119 τολμήσαντος
3023 3047 3274 3102 ὁπωσοῦν
3304 3047 3671 3112 ἐπιτίθεσθαι,
3702 3046 3733 3097 ὁ
3766 3045 3815 3099 δ’

2235 3142 2337 3194 οὐκ
2371 3142 2456 3205 είς
2488 3140 2706 3211 μακράν
2751 3142 3012 3211 ἐπέραινε
3057 3141 3336 3206 τάναντία,
3362 3140 3526 3209 λῆρον
3562 3140 3817 3203 ἅπαντας

2237 3231 2591 3302 ἡγησάμενος
2612 3234 2808 3303 ὅρκους
2833 3233 3095 3296 ἐκείνους.
3122 3232 3236 3287 Καὶ
3259 3233 3357 3302 μέν
3380 3232 3443 3303 δὴ
3466 3231 3818 3298 καὶἋτρέως

2237 3326 2441 3395 ὄμματ’
2475 3326 2638 3390 εὐθὺς
2657 3325 2919 3397 εἰληφὼς,
2955 3328 3055 3397 ἐμὲ
3095 3326 3195 3395 μὲν
3223 3327 3281 3379 ἐν
3320 3328 3488 3395 καρός
3513 3342 3568 3378 τε
3602 3325 3820 3378 ἐτίθετο

2242 3422 2430 3491 μοίρᾳ,
2473 3420 2568 3472 καὶ
2591 3419 2780 3491 ὥσπερ
2825 3420 3010 3473 ὁλκάδι
3040 3420 3292 3489 ἐφόλκιον
3336 3418 3568 3472 ἕπεσθαί
3598 3419 3646 3471 οἱ
3679 3433 3821 3487 προ-

2240 3512 2501 3577 σέταττε,
2551 3516 2662 3574 τοῖς
2718 3512 2764 3565 δ’
2806 3514 2985 3566 υίέσιν
3037 3513 3188 3575 ὅλαις
3238 3512 3441 3581 ψήφοις
3487 3512 3667 3581 ψυχῆς
3722 3510 3818 3562 τὸν

2240 3602 2512 3673 βασίλειον
2536 3603 2751 3675 διένεμε
2786 3606 3010 3695 κλῆρον,
3038 3606 3097 3659 δν
3128 3607 3184 3668 ἐς
3210 3606 3269 3658 τὸ
3299 3605 3439 3658 πάνυ
3469 3604 3641 3676 βραχὺ
3677 3604 3817 3673 πρὶν

2237 3692 2270 3761 ἢ
2304 3695 2596 3761 κατασχεῖν
2623 3694 2711 3747 διὰ
2746 3692 3042 3766 βαρϐάρων
3063 3736 3077 3761 ,
3113 3698 3168 3758 ἐς
3203 3695 3496 3766 βαρϐάρων
3546 3696 3715 3766 ηλασέ
3746 3710 3813 3746 τε

2240 3786 2434 3853 χεῖρας
2458 3785 2556 3838 καὶ
2586 3785 2837 3838 ἐλαύνειν
2872 3786 3089 3857 ἔμελλε.
3122 3788 3345 3857 Διένεμε
3378 3786 3423 3839 δ’
3456 3787 3556 3839 οὐκ
3586 3788 3814 3838 ἐκκεκα-

2237 3875 2555 3943 λυμμένως,
2591 3875 2731 3929 ὥστε
2754 3878 2850 3930 καὶ
2880 3878 2937 3936 ἐς
2957 3877 3215 3948 δημόσιον
3237 3878 3431 3946 ῥυῆναι
3466 3879 3557 3930 τὸν
3591 3878 3814 3945 ἔλεγχον

2238 3960 2621 4038 περιφάνειαν,
2650 3969 3039 4041 ακίσχυνόμενος
3074 3970 3205 4031 ἴσως
3243 3972 3342 4040 τὴν
3382 3969 3604 4039 ἔναγχος
3632 3969 3813 4039 ὀφρὺν

2237 4061 2338 4131 τῆς
2370 4065 2429 4124 ἐς
2474 4063 2621 4116 ἅπαν
2656 4063 2805 4125 ἔθνος
2834 4064 3176 4133 καυχήσεως,
3207 4063 3343 4115 ἀλλὰ
3380 4062 3563 4134 κρύφα
3601 4060 3695 4115 καὶ
3733 4061 3817 4133 μὴ

2239 4152 2572 4222 τολμῶντος.
2596 4154 2672 4216 ὼς
2698 4152 2824 4224 (μετ’
2846 4155 3029 4219 αὑτδςς
3059 4155 3193 4224 ἐμοῦ
3233 4155 3291 4206 τὸ
3321 4156 3584 4225 παράπαν
3619 4153 3818 4207 aieba—

2239 4244 2449 4299 νεσθαι.
2503 4244 2670 4299 Οὔπω
2727 4245 2934 4317 βραχύς
2975 4264 3059 4309 τις
3107 4245 3400 4316 προῦδαινε
3458 4246 3669 4316 χρόνο,,
3715 4249 3817 4298 καὶ

2238 4335 2579 4399 ἀποστάσιας
2614 4335 2884 4405 τάδελφοῦ
2919 4354 3009 4407 μοι
3040 4338 3320 4391 Μοιτθαίου
3362 4339 3557 4406 συχνάς
3589 4339 3623 4406 ὴ
3650 4339 3815 4407 φήμη

2241 4429 2485 4496 φέρουσα
2527 4429 2715 4481 πᾶσαν
2763 4428 2932 4499 ἀκοὴν
2972 4432 3227 4501 περιήχει
3266 4429 3555 4500 λαμπρῶς.
3591 4432 3698 4482 Ka‘t
3740 4426 3817 4499 ἢν

560 4495 725 4562 modo
756 4505 890 4561 illud
932 4504 1287 4560 concedendo
1336 4503 1445 4558 lilio
1479 4506 1682 4558 sensim
1727 4514 1997 4576 quotquot
2038 4518 2128 4561 re-

2240 4495 2522 4575 Ματθαίου
2578 4522 2679 4588 μὲν
2712 4522 2772 4574 τὸ
2809 4495 3016 4599 δράμα,
3043 4495 3102 4591 "te
3226 4495 3352 4576 ὅλον
3375 4495 3688 4592 οίκονομική
3728 4495 3817 4585 τίς

559 4602 660 4671 giae
689 4597 976 4669 potestatis
1013 4597 1249 4667 insignia
1279 4607 1409 4653 sunt
1443 4597 1716 4652 addixerit
1738 4599 1854 4654 solo
1887 4614 2132 4670 gemmeo

562 4692 757 4761 capitis
795 4698 991 4745 ornatu
1042 4701 1289 4759 excepto.
1345 4689 1419 4745 De
1454 4690 1557 4745 hoc
1593 4692 1861 4744 nihildum
1911 4692 2130 4760 quidem

562 4785 777 4848 statuit,
809 4782 905 4838 sed
957 4783 1102 4852 quod
1147 4799 1177 4836 e
1214 4782 1668 4851 promissionibus
1697 4784 1949 4851 apparuit
1992 4785 2131 4836 bene

561 4879 805 4947 speravit
850 4889 905 4930 et
939 4885 996 4929 ut
1033 4874 1339 4929 eﬂiceretur
1370 4875 1481 4944 jam
1537 4876 1882 4943 pra-paravit.
1919 4875 2024 4928 Sed
2074 4886 2133 4928 ut
2212 4892 2219 4897 ί

562 4986 751 5026 eorum
784 4984 906 5037 qua:
945 4968 1145 5021 deinde
1175 4967 1317 5021 facta
1358 4979 1485 5021 sunt
1518 4968 1685 5021 multa
1717 4969 2131 5035 putermittam

562 5071 619 5115 et
660 5060 728 5114 de
770 5060 870 5112 hac
902 5073 959 5111 re
986 5071 1157 5125 pauca
1209 5057 1502 5125 proferam,
1534 5074 1643 5127 quo
1692 5060 1909 5114 tandem
1950 5061 2134 5114 animo

566 5168 650 5206 me
702 5151 871 5205 fuisse
903 5150 1128 5219 putatis,
1162 5163 1286 5203 cum
1321 5165 1408 5204 me
1458 5153 1551 5221 qui
1585 5153 1748 5207 domo
1785 5168 1893 5206 non
1945 5154 2132 5222 prodi-

567 5256 681 5296 rem
736 5243 827 5297 ilte
875 5241 1149 5296 concitato
1178 5255 1319 5310 equo
1375 5250 1431 5296 et
1480 5243 1665 5297 animo
1712 5244 1972 5298 advolans
2004 5256 2134 5299 ante

563 5333 712 5387 iores
743 5346 893 5386 meas
930 5346 962 5387 a
1019 5332 1240 5386 sublimi
1273 5333 1404 5387 sede
1454 5347 1550 5388 sua
1586 5348 1779 5403 magna
1811 5350 1935 5389 cum
1986 5336 2137 5391 inso-

565 5424 732 5479 lentia
768 5424 1078 5494 increparet
1106 5439 1214 5493 qua
1254 5440 1363 5479 non
1414 5426 1570 5480 facile
1605 5429 1730 5495 quis
1779 5428 1835 5480 in
1866 5440 2137 5482 armenta-

566 5515 706 5569 rium
739 5514 1172 5580 insultetiuuod
1202 5524 1255 5569 tu
1279 5530 1498 5586 quoque
1515 5533 1638 5572 cum
1656 5520 1769 5573 haec
1796 5521 1971 5590 palam
1999 5523 2138 5576 facta

563 5609 676 5663 sint
707 5623 815 5663 non
863 5611 1108 5679 negabis.
1168 5610 1480 5665 Recordare
1523 5611 1783 5682 triumphi
1824 5630 1986 5685 quem
2045 5630 2137 5669 rex

568 5701 867 5770 quotannis
895 5702 1076 5756 facere
1132 5702 1291 5757 solet.
1321 5701 1458 5757 Cum
1508 5719 1605 5759 vos
1638 5706 1790 5760 illum
1844 5709 1990 5778 regio
2027 5710 2141 5763 dia-

576 5792 790 5849 demate
822 5803 1074 5849 ornatum
1109 5798 1454 5863 permovistis
1489 5806 1546 5852 ut
1592 5815 1809 5855 mecum
1840 5802 2057 5869 publice
2086 5802 2141 5856 in

2238 4614 2474 4680 πατρίου
2498 4613 2659 4683 δόξης
2690 4614 2929 4669 ἐπίνοιαν
2965 4616 3052 4669 διὰ
3081 4619 3189 4688 γὰρ
3208 4616 3314 4669 τῶν
3340 4620 3596 4668 τοιούτων
3620 4616 3819 4685 ἐκείνῳ

2236 4703 2331 4757 νῦν
2367 4705 2467 4773 μὲν
2514 4707 2657 4773 τόδε,
2715 4705 2810 4758 νῦν
2850 4707 2895 4759 δ’
2924 4708 3112 4777 ἕτερον
3149 4708 3375 4776 εἰρήνης
3427 4706 3587 4776 δῆθεν
3630 4706 3820 4759 εῖνικα

2238 4802 2629 4867 συνεχωρεῖτο,
2682 4801 2776 4852 καὶ
2827 4801 2987 4853 πάνθ’
3030 4799 3159 4867 ἑξῆς
3191 4800 3364 4871 οπόσα
3404 4795 3501 4864 τῆς
3532 4798 3821 4869 βασιλείας

2237 4871 2499 4957 ἐπεφύκει
2538 4891 2786 4956 σύμϐολα
2825 4892 2965 4960 πλὴν
2994 4892 3091 4959 τῆς
3115 4892 3486 4961 λιθοκολλήτου
3520 4892 3687 4960 μόνης
3717 4906 3823 4941 κα·-

2237 4982 2505 5050 λύπτρας.
2543 4984 2709 5036 Οὔπω
2740 4984 2847 5053 γάρ
2882 4988 2960 5046 είς
3002 4984 3115 5053 φῶς
3146 4987 3237 5036 καὶ
3273 4991 3421 5038 τουτὶ
3454 4985 3822 5054 προεληλύθει
3873 4974 3886 4991 ’

2242 5088 2301 5126 το
2332 5074 2575 5144 σκέμμα,
2610 5075 2666 5125 ὲν
2700 5075 3060 5141 ἐπαγγελίαις
3083 5077 3127 5128 δ’
3163 5073 3256 5129 οὖν
3290 5079 3823 5147 ἐγαλακτοτροφεὶτο

2242 5168 2334 5213 καὶ
2367 5164 2548 5229 τοῦτο,
2580 5164 2674 5216 καὶ
2710 5164 2810 5235 ήδη
2847 5165 3210 5235 προῦπεμπεν
3258 5170 3314 5232 ἐς
3343 5170 3402 5221 τὸ
3435 5169 3825 5239 παρρησιαζό-

2243 5270 2423 5322 μενον.
2461 5258 2565 5308 Καὶ
2596 5257 2681 5309 ἵνα
2745 5260 2811 5311 τὰ
2847 5258 3016 5312 πλείω
3044 5259 3153 5313 τῶν
3213 5260 3395 5330 μέσων
3434 5261 3647 5329 ἀφελὼν
3681 5265 3828 5316 ὐπο-

2247 5346 2440 5413 μνήσω
2473 5345 2679 5416 βραχέα
2714 5351 2807 5399 καὶ
2836 5356 2966 5420 περὶ
2995 5350 3207 5415 τούτου,
3243 5351 3307 5423 [ί.
3350 5348 3454 5403 156
3486 5351 3539 5422 ο]
3587 5354 3710 5405 τίνα
3745 5374 3823 5421 με

2241 5438 2420 5507 ψυχὴν
2452 5439 2596 5506 ἔχειν
2627 5439 2869 5509 ᾠήθητε,
2902 5442 3066 5494 ὁπότε
3104 5447 3268 5512 μήπω
3297 5460 3367 5513 με
3411 5443 3505 5495 τοῦ
3535 5444 3826 5510 δωματίου

2245 5529 2549 5598 προϐάντα,
2588 5530 2791 5593 πάσαις
2822 5533 2999 5604 ἡνίαις
3042 5536 3248 5594 ἐκεῖνος
3285 5534 3455 5586 ἵππου
3500 5538 3593 5587 καὶ
3639 5536 3827 5604 θυμοῦ

2246 5620 2572 5689 φερόμενος,
2621 5622 2727 5691 πρὸ
2756 5625 2863 5674 τῶν
2896 5624 3226 5693 θυρώνςτῶν
3278 5625 3429 5692 ἐμῶν
3478 5624 3570 5691 ἀφ’
3610 5624 3829 5694 ὑψηλοὶ)

2246 5712 2555 5781 καθήμενος
2589 5712 2813 5784 ῦ6ρεσιν
2845 5716 3036 5768 ἔπλυνε
3067 5719 3211 5786 μάλα
3252 5721 3513 5787 μακραῖς,
3544 5722 3635 5770 καὶ
3675 5722 3830 5784 οἵαις

2246 5807 2385 5857 κατὰ
2418 5808 2683 5878 βοηλάτου
2729 5809 3039 5879 χρήσασθαί
3092 5828 3170 5875 τις
3207 5810 3528 5883 αἰσχυνθείη
3572 5811 3657 5864 ἂν.
3710 5815 3838 5867 lia.
