4036 6210
289 314 401 382 149

1261 325 1704 388 ΒΥΖᾹΝΤΙΝᾹΞ
1747 325 2129 387 ΙΙΙΞΤΟΙίΙίΕ
2173 329 2310 386 LIB.
2361 329 2595 388 XXVII.

3431 322 3530 386 ιιι

301 430 698 500 ’Δγαθαγγέλῳ
743 434 944 510 δρόμος
993 436 1230 490 ἐνταῦθα
1275 441 1630 510 ἐπεραίνετο·
1671 442 1766 492 καὶ
1799 437 1860 490 τὸ

1963 439 2204 492 narratio
2229 439 2294 492 ad
2331 439 2490 494 linem
2514 447 2858 507 pervenerat.
2885 439 3074 508 quue
3103 447 3346 506 tempore
3373 453 3446 490 as
3476 453 3531 488 ιιι

273 513 448 592 ’θέρος
483 521 650 590 ἔληγε
680 509 986 592 τηνικαὸτα
1019 527 1115 581 καὶ
1143 509 1424 584 ἐτελεύτα.

361 613 492 666 κε’.
529 614 668 680 Ἐγὼ
693 615 750 668 δὲ
781 617 1092 683 ὑπολαϐὼν,
1123 639 1141 671 ι
1166 615 1236 674 Ὦ
1263 621 1390 674 καλὲ
1428 621 1852 690 Ἀγαθὰγγελε,ι

283 706 450 774 ἔφην,
515 723 536 756 ι
563 706 682 777 ὥρα
717 725 800 761 σοι
841 710 1066 762 ἀπιέναι
1114 711 1214 782 ήδη
1276 714 1408 783 πρὶν
1445 715 1545 783 τὴν
1599 713 1858 766 ἐπιοῦσαν

282 797 444 861 ἡλίου
495 797 653 863 φλόγ’
686 800 985 870 ἀνασχεῖν·
1039 800 1334 872 προῦργου.
1382 804 1491 873 γὰρ
1541 806 1652 866 τοῖς
1707 806 1859 868 ἐμοῖς

285 884 432 941 εἶναι
471 889 726 954 διώκταις
759 892 1070 961 -συμσαίνει
1097 893 1186 948 διὰ
1215 897 1492 965 τεττάρων
1523 896 1554 966 ἢ
1595 898 1764 965 τριῶν
1795 913 1859 966 γε

285 983 421 1043 ίσως
463 983 688 1051 ἡμερῶν
731 984 826 1038 τὸν
855 986 988 1056 ἐμὸν
1030 989 1240 1042 τουτονὶ
1269 991 1685 1060 περιτρέχουσιν
1709 985 1858 1042 οἷκον

285 1073 724 1142 ῥινηλατούντων
749 1076 906 1146 δίκην
939 1077 1242 1149 ἀκροᾶσθαι
1272 1079 1472 1145 κυνῶν,
1505 1081 1598 1134 καὶ
1631 1080 1750 1142 δέος
1781 1079 1858 1150 μὴ

283 1165 632 1232 αἰσθομένων
662 1166 852 1234 φωνῆς
885 1184 1034 1232 τινος
1075 1169 1286 1224 ἔνδοθεν
1323 1173 1504 1241 ῐχνους
1543 1171 1640 1242 τὴν
1688 1172 1857 1241 αὐτὴν

281 1259 418 1320 ἡμῖν
455 1257 604 1326 ἁλῷς
637 1257 870 1312 θανάτου
899 1262 1054 1340 δίκην
1095 1262 1276 1332 ὄφλων
1309 1266 1404 1318 καὶ
1450 1266 1634 1328 αἰτός,
1668 1267 1726 1319 Ἀ
1739 1266 1856 1319 πιθι

279 1344 490 1408 τοίνυν,
521 1347 590 1398 si
622 1345 670 1400 δ’
697 1348 946 1420 ἡμέτερα
979 1351 1104 1403 ὅποι
1135 1352 1346 1406 κελεύοι
1372 1353 1504 1417 Θεδς
1528 1355 1643 1408 [cur
1677 1356 1858 1410 πάντα

277 1449 310 1496 γ
329 1435 388 1502 ἐρ
421 1437 522 1502 τῆς
549 1436 762 1496 ἐκείνου
795 1440 979 1509 χειρὸς
1003 1443 1097 1494 καὶ
1127 1444 1384 1513 προνοίας
1413 1443 1662 1513 ἐξῆπται.
1687 1443 1858 1500 Οἶσθα

277 1520 324 1572 δ’
363 1521 438 1584 ὡς
471 1522 640 1589 ἐγγύς
661 1542 764 1579 που
796 1527 888 1580 καὶ
916 1527 1074 1597 μόνον
1105 1531 1168 1584 οὐ
1197 1529 1303 1600 πρὸ
1332 1533 1512 1602 θυρῶν
1543 1533 1632 1586 καὶ
1671 1537 1704 1604 ἡ
1733 1536 1858 1588 τοὺ-

277 1615 506 1677 πιόντος
567 1617 723 1682 ἔτους
755 1618 922 1690 ἀρχὴ,
977 1622 1035 1674 ὲν
1187 1623 1282 1676 καὶ
1334 1621 1513 1694 χρεὼν
1553 1624 1751 1680 ειδέναι
1799 1643 1858 1680 σε

274 1709 594 1776 εἰθισμένον
639 1713 754 1776 τοῖς
801 1713 1065 1784 ἄρχουσιν
1111 1711 1250 1769 εῐναι
1297 1715 1676 1778 διαλεκτικούς
1707 1734 1860 1781 τινας

275 1800 486 1868 ἄνδρας
519 1805 586 1856 ἐκ
617 1803 876 1873 περιόδου
893 1805 1286 1890 ,προπέμπειν
1321 1808 1478 1878 ἡμῖν,
1527 1809 1746 1873 ὁποίους
1795 1811 1861 1863 ἐκ
1888 1788 1934 1849 Β

277 1893 536 1961 ὶατύτιης
565 1893 662 1948 καὶ
694 1889 937 1968 θυμέλης
970 1898 1066 1952 καὶ
1113 1899 1393 1970 συρίγγων
1446 1899 1542 1954 καὶ
1588 1901 1684 1954 τοῦ
1735 1901 1864 1973 κόρ-

275 1986 450 2050 δακος
503 1987 879 2058 λαμϐάνοντες
921 1991 1210 2061 θεολόγους
1265 1993 1398 2064 ἡμῖν
1453 1991 1861 2065 αὐθημερινοὺς

279 2079 440 2130 αὐτοὶ
465 2081 864 2148 σχεδιάζουσιν,
904 2082 1092 2154 ὥσπερ
1122 2085 1171 2137 οῖ
1209 2084 1371 2154 μῦθοι
1416 2085 1590 2140 πάλαι
1621 2087 1749 2151 τοὺς
1775 2089 1862 2158 γί-

275 2181 516 2232 γαντας·
549 2168 618 2220 δι’
640 2162 716 2223 ὧν
741 2169 966 2242 ἑλλοχᾷν
989 2173 1140 2242 ἡμᾶς
1160 2173 1221 2226 οὑ
1241 2175 1394 2245 παρὰ
1418 2175 1624 2244 φαῦλον
1647 2178 1866 2234 ποιοῦν-

273 2273 376 2309 ται
427 2257 522 2312 διὰ
552 2261 790 2323 ξπολλῶν
837 2282 894 2318 τε
936 2268 1030 2319 καὶ
1072 2266 1404 2338 πολλαχόθεν
1447 2267 1510 2340 [ί.
1549 2270 1652 2325 158
1679 2270 1734 2345 α]
1767 2275 1864 2326 καὶ

275 2351 646 2421 πολυτρόπων
675 2355 774 2426 τῆς
807 2357 1009 2430 πεῖρας
1038 2359 1220 2426 εἱδῶν,
1279 2361 1367 2415 ἶνα
1402 2361 1552 2416 δυοῖν
1592 2363 1860 2435 θάτερον,

277 2439 310 2508 ἢ
343 2440 608 2505 λαθόντες
639 2445 769 2510 ἴσως
801 2447 1204 2504 ὑποσκελίσωσί
1227 2466 1286 2502 τε
1315 2449 1412 2504 καὶ
1450 2451 1862 2523 περιτρέψωτιν

277 2534 336 2594 ἐς
371 2535 434 2586 τὸ
457 2538 613 2605 σφίσι
643 2537 987 2610 βουλόμενον,
1083 2543 1214 2611 γοῦν
1253 2541 1556 2598 αἴσθωνται
1583 2547 1876 2617 ὁποτέρωό

277 2625 372 2677 θεν
403 2628 472 2680 ἂν
501 2628 593 2701 εἴη
621 2630 776 2700 σφίσι
803 2633 880 2702 τῷ
903 2634 1002 2704 τῆς
1034 2635 1213 2706 ψυχῆς
1241 2637 1494 2707 ἡδομένῳ
1523 2639 1861 2708 χαρίσασθαι

277 2721 434 2790 ῥᾷον·
467 2722 500 2791 ἢ
532 2722 644 2793 γὰρ
685 2726 1166 2796 κατεργασθέντας
1221 2729 1372 2798 ἡμᾶς
1424 2731 1490 2799 τῇ
1538 2732 1725 2799 μακρᾷ
1765 2733 1862 2785 καὶ

279 2811 449 2879 ἀήθει
471 2813 645 2884 ταύτῃ
677 2815 1027 2888 ταλαιπωρίᾳ
1059 2817 1295 2887 ῥαγῆναι
1324 2817 1418 2872 τοῦ
1455 2819 1557 2890 ζῇν
1582 2823 1678 2875 καὶ
1699 2823 1864 2892 ἀπρο-

279 2904 550 2970 φασίστου
584 2907 774 2974 τυχεῖν
819 2898 990 2977 οὗπερ
1018 2908 1264 2977 ἐφίενται
1295 2909 1576 2978 δράματος
1605 2909 1780 2973 αὐτοὶ,
1826 2909 1860 2980 ἢ

277 2997 338 3047 τό
369 3013 438 3064 γε
477 2995 759 3067 δεύτερον,
795 2995 990 3068 βιαίων
1021 3002 1172 3071 ἡμᾶς
1215 3001 1461 3054 θανάτων
1493 3001 1716 3073 ἄθυρμα
1761 3020 1862 3055 πε-

279 3089 554 3158 πραχόσιν
578 3092 638 3144 έν
667 3091 868 3159 ἀφανεῖ
891 3094 1005 3154 τοῖς
1034 3093 1140 3158 ἔξω
1178 3094 1386 3164 χωρίῳ,
1405 3096 1494 3162 ,τῷ
1521 3097 1656 3167 οἴκῳ
1703 3096 1857 3165 τῳδὶ,
1886 3131 1929 3190 c

277 3185 336 3233 τὸ
367 3181 676 3252 ἄπραγμον
704 3185 892 3251 σφίσιν
919 3184 1104 3248 αὐτοῖς
1127 3187 1186 3238 ὲν
1215 3187 1410 3258 βραχεῖ
1438 3189 1546 3242 τῶν
1572 3189 1860 3258 ἡμετέρων

279 3275 474 3329 εἵνεκα
507 3275 808 3345 φροντίδων
837 3277 985 3342 δόξαι
1017 3281 1344 3350 παρασχεῖν.
1382 3282 1460 3332 Δι’
1489 3281 1524 3334 ἃ
1567 3284 1662 3336 καὶ
1691 3283 1860 3352 μελή-

279 3383 402 3420 σειν
423 3367 585 3435 ἡμῶν
617 3362 770 3438 οἶμαι
802 3367 942 3439 Θεῷ·
967 3369 1058 3424 διὰ
1083 3369 1366 3440 φροντίδος
1394 3373 1440 3424 δ’
1467 3368 1566 3426 οὖν
1597 3367 1739 3426 εἶναι
1767 3377 1862 3428 καὶ

279 3457 366 3508 σοὶ
395 3456 666 3526 βούλομαι
695 3461 914 3514 ἀπιόντι
934 3502 949 3526 ,
984 3464 1131 3517 δυοῖν
1157 3465 1388 3536 θάτερον
1440 3465 1595 3538 δρᾷνθ
1629 3468 1720 3520 τοῦ
1753 3469 1862 3538 γάρ

275 3568 362 3605 τοι
389 3551 742 3620 φθινοπώρου
774 3557 932 3609 τοῦδε
958 3559 1052 3612 καὶ
1083 3557 1200 3629 ἅμα
1233 3558 1329 3612 τοῦ
1372 3561 1606 3613 κατόπιν
1659 3563 1864 3632 χειμῶς

277 3663 369 3707 νος
395 3647 842 3716 τελευτησάντων
867 3652 916 3704 εί
943 3651 1040 3722 μὲν
1068 3651 1218 3717 ὅπως
1246 3653 1380 3706 ποτὲ
1412 3653 1675 3718 θανόντας
1707 3657 1862 3726 ἡμᾶς

277 3738 501 3806 πύθοιο,
534 3739 644 3794 τῶν
669 3743 1086 3812 συντακτηρίων
1133 3745 1364 3799 ἐκείνων
1412 3746 1662 3816 μέμνησο
1687 3747 1862 3816 λόγων

280 3830 472 3900 ἡμῶν,
520 3836 618 3887 καὶ
665 3834 777 3888 τῶν
816 3837 880 3904 γέ
928 3853 1014 3890 σοι
1059 3837 1301 3906 ἐφικτῶν
1343 3838 1472 3909 μήτ’
1520 3839 1862 3911 ἀμελητέον,

289 3926 428 3994 μήτε
457 3926 631 3997 δήπου
661 3927 774 3980 τῶν
799 3927 1168 3999 ὀφειλομένων
1220 3930 1359 3993 ὅλως
1399 3933 1633 3985 κατόπιν
1679 3933 1864 3986 θετέον

285 4018 610 4084 φροντίδων,
643 4020 802 4082 εἰδὼς
841 4022 937 4089 μὲν
961 4021 1036 4082 ὡς
1055 4020 1208 4073 οὐδὲν
1238 4021 1330 4074 τὸν
1360 4021 1618 4092 ἀκίνητον
1655 4023 1859 4090 ὀφθαλ-

289 4110 390 4176 μδν
419 4109 708 4180 λεληθέναι
750 4111 940 4181 μὴτ-ὄτι
979 4113 1089 4165 τῶν
1122 4115 1178 4177 ὲς
1209 4113 1520 4182 τούμφανὲς
1569 4114 1864 4185 δρωμένων

283 4202 518 4254 δύναται
569 4203 632 4256 τὸ
676 4204 942 4274 παράπαν
979 4204 1156 4269 οὐδὲν,
1213 4205 1331 4258 ἀλλ’
1381 4205 1491 4260 οὐδ’
1532 4207 1678 4276 ῖχνος
1733 4206 1866 4274 γοῦν

281 4295 442 4348 οὐδὲν
475 4295 587 4348 τῶν
609 4295 970 4366 ἀνθρωπίνων
997 4297 1259 4352 ἁπάντων
1289 4297 1546 4364 καθάπαξ
1570 4300 1746 4350 εἰπεῖν
1779 4299 1865 4350 λο-

281 4381 528 4452 γισμῶν,
553 4383 708 4447 εἰδὼς
735 4383 780 4436 δ’
810 4379 876 4438 αὖ
913 4381 1009 4437 καὶ
1051 4384 1146 4438 τοῦ
1196 4384 1484 4453 μέλλοντος
1533 4386 1746 4440 ἐκείνου
1790 4385 1866 4440 δι-

1967 530 2126 584 ﬁnem
2157 533 2297 600 Cepit
2331 541 2384 584 et
2416 532 2620 586 desiit-

2036 620 2197 676 XXV.
2255 623 2369 692 Ego
2407 638 2536 678 vero
2570 623 2986 692 respondebam,
3019 622 3175 686 Vide,
3207 621 3532 676 amicissime

1965 714 2354 784 Agathangelr,
2397 725 2453 769 ut
2481 715 2644 770 abeas
2687 723 2982 784 antequam
3017 715 3147 768 solis
3177 714 3266 767 lux
3302 713 3528 766 oriatur.

1965 803 2098 858 Nam
2137 807 2584 872 persecutoribus
2629 807 2764 862 meis
2810 809 2901 876 qui
2933 815 3168 876 quatuor
3224 805 3304 858 vel
3361 803 3534 858 tribus

1966 905 2114 950 certe
2140 895 2336 952 diebus
2362 900 2584 952 domum
2621 898 2759 952 hanc
2805 899 3244 952 circumcursaut
3273 909 3533 964 prospere

1965 988 2202 1060 obtingit
2231 998 2292 1044 ut
2320 991 2705 1046 auscultentur
2737 1000 2996 1060 tanquam
3027 1005 3190 1044 canes
3219 990 3284 1041 ad
3313 985 3530 1040 investi-

1965 1079 2200 1150 gandum
2225 1075 2586 1152 sagacissimi,
2617 1091 2672 1138 et
2705 1083 3058 1136 metuendum
3092 1089 3318 1136 cstcum
3348 1092 3534 1140 rem?!"

1967 1173 2113 1228 intus
2134 1173 2370 1244 aliquam
2397 1174 2742 1246 perceperint
2761 1187 2834 1228 ne
2861 1174 3002 1228 idem
3033 1171 3369 1236 mecumtihi
3397 1186 3534 1238 qun-

1966 1280 2070 1334 que
2102 1269 2294 1322 mortis
2316 1267 2647 1336 supplicium
2677 1267 2992 1320 contrahas.
3025 1264 3206 1320 Abeas
3229 1263 3414 1332 igitur.
3447 1276 3535 1314 ce—

1965 1357 2098 1412 dant
2131 1374 2220 1412 res
2243 1369 2444 1413 nostra:
2483 1375 2592 1429 quo
2625 1360 2766 1414 Deus
2813 1359 2994 1422 ferat;
3049 1363 3242 1410 cuncta
3276 1356 3420 1409 enim
3469 1354 3536 1406 ab

1965 1447 2113 1502 illius
2145 1449 2350 1504 auxilio
2385 1459 2442 1504 et
2480 1450 2822 1519 providentia
2882 1448 3140 1518 pendent.
3191 1447 3314 1500 Scis
3351 1456 3533 1498 autem

1966 1545 2128 1610 quam
2165 1541 2634 1612 propinquumsit
2670 1551 2725 1597 et
2755 1556 2892 1611 pene
2917 1539 2984 1600 ad
3011 1541 3210 1608 januas
3238 1535 3536 1605 appropin-

1967 1633 2188 1700 quantis
2235 1634 2361 1688 anni
2413 1633 2652 1696 initium,
2713 1647 2822 1702 quo
2851 1631 2993 1700 quod
3050 1629 3192 1684 scire
3237 1637 3288 1681 te
3321 1635 3539 1696 oportet

1965 1721 2243 1790 principes
2282 1721 2462 1777 solent
2519 1721 2708 1778 doctos
2753 1720 3018 1790 quosdam
3068 1717 3315 1774 homines
3369 1715 3538 1770 certis

1966 1811 2303 1880 temporibus
2315 1811 2382 1866 ad
2413 1826 2514 1867 nos
2540 1813 2778 1874 mittere,
2805 1825 2989 1880 quose
3007 1809 3276 1864 ramentis
3297 1815 3354 1862 et
3372 1821 3536 1862 scena

1961 1911 2018 1958 et
2049 1903 2318 1958 cuniculis
2365 1913 2424 1958 et
2451 1903 2682 1959 cordace
2701 1911 3014 1972 assumptus
3045 1888 3326 1969 theologos
3365 1897 3538 1952 nobis

1962 1995 2211 2066 quotidie
2239 1995 2340 2066 ipsi
2365 1995 2636 2052 fabricant
2686 2003 2744 2050 ιιι
2781 1997 2836 2050 in
2879 1993 3078 2048 fabulis
3121 1991 3386 2062 gigantes.
3436 1989 3538 2043 Per

1962 2103 2102 2158 quos
2128 2088 2354 2142 insidias
2379 2087 2554 2143 'nobis
2587 2095 2802 2142 struere
2859 2097 3018 2154 turpe
3065 2099 3172 2138 non
3221 2079 3538 2137 existimant

1961 2179 2151 2234 multis
2175 2179 2450 2249 variisque
2485 2178 2684 2242 modis,
2716 2178 2790 2232 ita
2818 2185 2876 2231 ut
2915 2187 3010 2232 aut
3041 2175 3292 2230 fraudem
3332 2172 3537 2227 faciant

1961 2281 2019 2328 et
2058 2270 2214 2341 173
2251 2285 2366 2326 rem
2399 2271 2464 2326 ad
2499 2285 2654 2326 suam
2691 2270 3024 2325 voluntatem
3057 2276 3275 2322 vertant
3325 2272 3420 2318 aut
3454 2265 3539 2318 in-

1963 2362 2210 2433 telligant
2243 2361 2520 2433 quomodo
2574 2360 2790 2417 libidini
2847 2375 2959 2415 suae
3003 2349 3220 2416 faciliu‘s
3249 2356 3538 2426 indulgere

1962 2455 2194 2523 possint.
2222 2453 2359 2509 Nam
2392 2453 2610 2508 vide‘tur
2639 2452 2751 2509 illis
2793 2451 2910 2508 fore
2941 2460 3002 2508 ut
3031 2458 3126 2504 aut
3167 2450 3328 2520 hujus
3383 2447 3538 2502 inso-

1963 2548 2071 2603 litze
2095 2525 2356 2618 ac'longte
2382 2547 2646 2603 custodiae
2675 2545 2896 2602 miseria
2927 2545 3281 2600 conficiamur
3317 2543 3387 2598 ita
3414 2541 3540 2613 qui-

1963 2641 2087 2695 dem
2119 2649 2180 2694 ut
2215 2639 2408 2694 mortis
2445 2649 2646 2694 nostra:
2683 2638 2784 2707 ipsi
2828 2653 2937 2691 non
2988 2637 3064 2691 rei
3103 2637 3412 2697 videantur,
3445 2643 3538 2687 aut

1963 2740 2023 2784 ut
2049 2729 2212 2784 morti
2243 2728 2654 2784 violentissime
2690 2727 2986 2792 tradamur,
3016 2728 3090 2782 ita
3145 2737 3200 2780 ut
3237 2726 3336 2796 ipsi
3383 2725 3534 2780 brevi

1962 2837 1991 2877 ιι
2022 2823 2174 2877 curis
2232 2829 2460 2892 propter
2493 2837 2596 2877 nos
2632 2819 2958 2875 liberentur.
2993 2818 3102 2874 Sed
3158 2819 3241 2872 hae
3301 2835 3388 2872 res
3426 2820 3535 2871 Deo

1961 2931 2107 2972 curae
2138 2924 2320 2970 erunt.
2359 2915 2436 2970 Tu
2473 2929 2692 2986 quoque
2725 2912 2883 2969 velim
2917 2926 3080 2968 cures
3124 2920 3183 2966 ut
3217 2927 3285 2966 ex
3319 2910 3534 2964 duobus

1962 3011 2198 3066 alterum
2230 3009 2414 3064 facias.
2447 3007 2728 3064 Autumno
2778 3007 2926 3062 enim
2960 3017 3012 3061 et
3061 3005 3253 3075 hyeme
3285 3003 3532 3073 sequenti

1963 3099 2234 3165 confecta,
2264 3101 2309 3154 si
2359 3115 2460 3154 nos
2499 3108 2746 3154 mortuos
2775 3111 2896 3154 esse
2926 3095 3190 3164 audieris,
3219 3095 3408 3153 ultima
3441 3101 3534 3153 illa

1961 3207 1992 3246 a
2044 3193 2202 3248 nobis
2252 3192 2398 3246 dicta
2453 3192 2718 3248 memoria
2771 3201 3025 3261 repetes;
3080 3187 3258 3262 neque
3313 3209 3374 3245 ea
3416 3208 3536 3261 qua:

1961 3298 2192 3357 possunt
2221 3286 2356 3340 eiiici
2411 3285 2736 3356 negligenda
2789 3291 2918 3338 sunt
2973 3297 3154 3354 neque
3179 3283 3341 3352 justte
3390 3300 3538 3338 cura:

1961 3379 2376 3452 posthabendaa.
2427 3377 2547 3434 Scis
2597 3377 2746 3432 enim
2800 3385 3020 3432 acutum
3071 3378 3292 3432 oculum
3346 3376 3534 3446 fugere

1962 3467 2100 3522 nihil
2141 3481 2330 3522 eorum
2385 3481 2505 3537 quae
2559 3465 2840 3536 propalam
2899 3467 3076 3530 ﬁunt,
3124 3482 3192 3521 ne
3239 3467 3534 3535 vestigium

1962 3561 2185 3630 quidem
2217 3571 2275 3614 ut
2303 3560 2374 3614 ita
2424 3561 2602 3614 dicam
2634 3573 2826 3614 eorum
2871 3574 2992 3628 quae
3029 3559 3280 3613 homines
3322 3561 3538 3629 σκιεοεί-

1967 3657 2100 3705 tant.
2139 3649 2257 3706 Scis
2297 3665 2462 3719 porro
2496 3649 2656 3720 quale
2698 3649 2771 3703 sit
2803 3649 3046 3703 futurum
3083 3650 3216 3705 illud
3264 3651 3536 3720 judicium

1913 3793 1926 3804 ,
1963 3742 2110 3814 quod
2135 3743 2332 3808 evitari
2357 3758 2466 3796 non
2497 3751 2678 3812 potest
2705 3759 2718 3808 ;
2752 3742 2795 3797 si
2823 3757 2951 3796 vero
2976 3741 3031 3796 in
3061 3744 3161 3797 hac
3185 3742 3296 3798 vita
3325 3758 3539 3798 remano

1965 3833 2103 3888 sisse
2129 3845 2230 3888 nos
2267 3833 2552 3904 acceperis
2585 3848 2768 3889 rerum
2809 3847 2932 3903 quae
2963 3831 3057 3888 tibi
3095 3849 3244 3888 cura:
3289 3835 3536 3888 omnium

1965 3923 2200 3978 maxime
2223 3924 2288 3977 id;
2311 3923 2551 3990 curabis,
2593 3923 2920 3978 incolumem
2954 3933 3004 3978 te
3031 3923 3247 3994 juvabit
3281 3923 3448 3988 Deus,
3478 3939 3539 3978 ιιι

1969 4029 2165 4070 rursus
2197 4014 2265 4068 ad
2314 4031 2414 4071 nos
2447 4017 2641 4070 redeas
2671 4026 2728 4070 et
2758 4015 3096 4084 publicarum
3150 4014 3310 4086 174
3354 4031 3535 4071 rerum

1966 4103 2108 4159 ratio
2129 4119 2251 4172 quae
2283 4103 2352 4158 sit
2373 4112 2429 4158 et
2454 4119 2575 4173 quae
2596 4103 2764 4158 fuerit
2793 4119 3017 4159 enarres
3047 4114 3101 4158 et
3135 4106 3298 4175 quale
3325 4107 3539 4174 rapacis

1965 4197 2112 4251 illius
2141 4196 2335 4268 synodi
2376 4196 2658 4252 decretum
2690 4197 2760 4252 sit
2794 4198 2940 4268 quod
2977 4199 3228 4254 Palamas
3275 4200 3536 4270 agnovit;

1969 4297 2134 4358 atque
2170 4297 2226 4342 ιιι
2255 4287 2400 4358 piam
2429 4287 2590 4344 [idem
2620 4289 2812 4344 morbo
2831 4289 3055 4344 minime
3081 4288 3336 4344 laborare
3354 4299 3542 4344 osten-

1967 4379 2062 4434 das
2093 4396 2160 4436 ex
2191 4381 2350 4436 libris
2394 4380 2759 4436 incommodis
2801 4379 2907 4433 nisi
2947 4379 3132 4436 omnia
3186 4379 3254 4434 ad
3307 4381 3538 4434 nihilum

281 4474 594 4545 καπηρίου
649 4477 713 4528 τὸ
757 4474 1002 4544 ἄφυκτόν
1050 4491 1109 4528 τε
1140 4476 1236 4528 καὶ
1263 4475 1676 4544 ἁναπόδραστον
1715 4476 1862 4528 ὅσον.

1970 4474 2322 4544 pervenerint
2351 4483 2533 4542 partes
2577 4472 2854 4544 digniores
2884 4473 3087 4527 electas
3111 4473 3286 4541 :nobis
3333 4473 3536 4526 mittes.

283 4572 349 4624 Εί
377 4570 438 4624 δὲ
467 4571 534 4637 τῇ
562 4570 712 4624 κάτω
739 4569 914 4640 ταύτῃ
941 4569 1058 4640 ζωῇ
1081 4569 1504 4639 παραμένοντας
1533 4569 1612 4620 ἑτι
1652 4568 1861 4638 μανθά-

281 4680 396 4725 νεις
421 4663 592 4731 ἡμᾶς,
625 4653 702 4716 ὧν
727 4661 906 4716 ἄλλων
935 4677 1020 4714 σοι
1062 4661 1238 4729 μέλει,
1272 4661 1357 4714 σοὶ
1381 4660 1438 4713 δὲ
1471 4660 1690 4714 πάντων
1717 4660 1862 4712 ἐκεί-

1969 4567 2050 4621 Ad
2090 4581 2252 4636 quem
2291 4579 2420 4620 vero
2477 4563 2641 4619 ﬁnem
2677 4573 2730 4620 te
2780 4579 2889 4619 non
2949 4563 3198 4634 ignorare
3241 4573 3408 4632 puto;
3451 4565 3536 4618 sin
3573 4629 3576 4632 γ

1965 4645 2124 4720 vero:
2149 4655 2438 4727 intelliges.
2737 4665 2740 4670 '

291 4768 392 4808 :wv
419 4754 783 4824 προτιμᾶσθω
803 4753 964 4806 ταυτὶ
997 4751 1334 4826 σεσωξμένῳ
1362 4753 1458 4806 καὶ
1491 4753 1576 4802 σοὶ
1645 4749 1972 4819 βοηθοῦντος
2004 4748 2164 4812 Θεοῦ,
2225 4747 2428 4818 δηλαδὴ
2471 4747 2610 4816 πρὸς
2641 4747 2792 4817 ἡμᾶς
2855 4746 3014 4810 αὖθις
3046 4745 3330 4799 ἐπανιέναι
3377 4747 3445 4800 τά
3481 4765 3538 4802 τε

279 4851 396 4902 τῶν
455 4849 734 4920 δημοσίων
791 4850 1158 4919 πραγμάτων,
1201 4847 1278 4910 ὡς
1317 4847 1443 4918 ἔσχε
1490 4864 1549 4900 τε
1593 4845 1796 4915 μεταξὺ
1830 4845 1924 4898 καὶ
1962 4845 2098 4914 ἔχοι,
2119 4845 2524 4914 διηγησομένῳ,
2551 4843 2644 4896 καὶ
2665 4841 2780 4906 ἅμα
2807 4841 2904 4910 τῆς
2929 4841 2974 4894 θ’
3001 4839 3296 4908 ὁμολογίας
3326 4839 3539 4907 ἐκείνης

283 4946 354 5014 ἣν
389 4945 486 4996 ἐπὶ
523 4943 622 5011 τῆς
653 4942 1024 5015 λῃστευούσης
1053 4943 1270 5011 ἐκείνης
1306 4941 1334 4992 ὁ
1359 4939 1626 5009 Παλαμᾶς
1685 4939 1896 5006 ἀνέγνω
1937 4939 2184 5000 συνόδου,
2250 4937 2516 4990 δεικνύειν
2549 4936 2714 5004 θῆθεν
2761 4935 2962 4988 ἐθέλων
3019 4935 3094 4996 ὡς
3145 4933 3348 5003 ἥκιστα
3398 4937 3544 4984 νοσΞί

287 5037 422 5106 περὶ
461 5035 558 5104 τὴν
586 5035 788 5104 εὐσεϐῆ
823 5039 1030 5096 πίστιν,
1105 5039 1202 5089 καὶ
1243 5034 1380 5105 πρός
1428 5050 1492 5102 γε
1539 5033 1648 5086 τῶν
1705 5033 1925 5086 ἀτόπων
1963 5033 2191 5085 ἐκείνων
2220 5031 2426 5100 τόμων,
2457 5030 2506 5081 εἱ
2544 5030 2620 5100 μὴ
2652 5029 2834 5082 πάντα
2865 5028 3036 5096 φάναι
3063 5027 3366 5097 συλλήϐδην
3397 5029 3452 5088 ές
3483 5029 3542 5079 τι

289 5131 466 5200 μηδὲν
497 5131 790 5193 ἐλλείπειν,
824 5131 940 5183 ἀλλ’
965 5130 1056 5184 οὖν
1085 5131 1154 5184 τὰ
1186 5113 1520 5200 καιριώτερα
1547 5129 1655 5183 τῶν
1677 5128 1857 5200 μερῶν
1897 5127 2292 5197 ἀπολεξαμένῳ
2329 5126 2544 5195 κομιεῖν
2609 5124 2762 5194 ἡμῖν.
2797 5121 2913 5192 Ἐφ’
2951 5123 3059 5192 ὅτῳ
3100 5121 3182 5186 δὲ,
3244 5121 3352 5176 οὐδ’
3381 5123 3546 5178 acu.»
3573 5133 3578 5138 '

283 5229 508 5293 ἀγνοεῖν
535 5223 694 5296 οἶμαι
713 5227 804 5280 σέ·
837 5229 886 5279 εἰ
919 5227 964 5280 δ’
996 5225 1114 5288 οὖν,
1142 5227 1330 5297 γνώσῃ
1355 5227 1400 5280 δ’
1433 5222 1549 5286 οὖν.
1579 5245 1599 5278 ι

365 5323 512 5388 κεῖν.
543 5323 765 5376 Τούτων
821 5322 867 5374 δ’
898 5320 1040 5374 οὕτω
1095 5319 1400 5390 λεχθέντων
1455 5322 1615 5389 ἡμῖν,
1673 5321 1702 5374 ό
1764 5321 1864 5390 μὲν

297 5413 712 5485 Ἀγαθάγγελος
753 5412 924 5483 ἀπῄει
965 5411 1064 5482 τὴν
1093 5411 1351 5464 εἰωθυῖαν
1381 5409 1643 5481 ἔνδακρυς
1681 5427 1740 5463 τε
1774 5411 1871 5463 καὶ

289 5503 443 5577 μάλα
473 5525 526 5562 τι
551 5506 844 5570 πλείστους
875 5507 934 5558 ὲν
971 5505 1242 5574 θαλάμοις
1290 5503 1474 5574 ψυχῆς
1525 5504 1869 5574 ἑπαγόμενος

283 5601 474 5668 λύπης
505 5599 741 5671 σωροὺς,
775 5598 888 5666 ἐγὼ
927 5599 984 5650 δὲ
1013 5599 1154 5652 οἶκοι
1202 5597 1498 5668 λέλειμμαι
1537 5595 1722 5665 μόνος,
1775 5596 1870 5650 ἀυ-

287 5691 532 5760 θρώπων
561 5691 664 5761 μὲν
695 5691 894 5756 οὐδενὶ,
936 5691 1084 5761 μόνῳ
1119 5691 1175 5742 δὲ
1210 5689 1564 5759 προσανὲχων
1591 5687 1713 5757 Θεῷ
1743 5689 1867 5742 ὅσον

287 5783 536 5852 ἐφικτὸν,
581 5784 662 5846 εἰς
697 5781 932 5852 ἐμαυτὸν
963 5781 1256 5852 γενόμενος
1303 5780 1402 5850 ἤδη
1463 5781 1558 5834 καὶ
1601 5779 1733 5850 πρὸς
1773 5779 1866 5832 Ex-

2047 5317 2237 5372 XXVI.
2267 5316 2398 5383 Quae
2429 5329 2554 5370 cum
2583 5316 2796 5372 locutus
2832 5321 2979 5368 esset
3011 5312 3416 5382 Agathaugelus
3462 5316 3546 5367 via

1972 5425 2081 5481 qua
2115 5410 2402 5464 consuevit
2437 5408 2592 5474 abiit,
2630 5405 2886 5477 lacrymis
2923 5413 2978 5459 et
3009 5403 3232 5458 tristitia
3263 5405 3542 5472 impletus.

1973 5503 2090 5572 Ego
2117 5515 2249 5556 vero
2276 5499 2426 5553 domi
2463 5497 2688 5552 relictus
2733 5511 2875 5550 sum.
2911 5493 3164 5548 Hominis
3188 5491 3409 5562 quidem
3453 5505 3544 5543 so-

1971 5597 2106 5651 latio
2131 5595 2376 5665 privatus
2405 5607 2580 5657 eram,
2615 5591 2710 5647 sed
2739 5606 2846 5644 non
2875 5589 2972 5644 Dei
3005 5589 3070 5643 ad
3105 5601 3267 5655 quem
3293 5597 3380 5636 me
3409 5595 3540 5634 conv

1969 5691 2256 5744 vertebant
2303 5701 2426 5740 eum
2489 5683 2556 5738 ad
2613 5697 2700 5737 nte
2757 5681 2932 5750 ipsum
2985 5686 3249 5748 quantum
3299 5680 3546 5740 poteram

1973 5779 2232 5841 redirem,
2277 5787 2330 5831 et
2377 5776 2444 5831 ad
2493 5774 2770 5830 insolitam
2821 5779 2874 5825 et
2924 5769 3174 5824 altiorem
3213 5757 3550 5830 contempla-
