4036 6210
544 299 636 366 151
1727 311 1903 370 NICE
1916 310 2145 370 P110111
2184 305 2564 370 GREGORE
2614 299 2616 302 ’

3664 297 3765 361 15?.

533 418 740 475 tionem
770 435 924 476 mens
956 438 1073 477 mea
1104 423 1406 491 advolaret,
1443 435 1496 480 et
1526 426 1578 480 in
1617 414 1910 481 reconditis
1942 425 2103 480 rebus

2206 424 2376 495 δημόν
2430 439 2553 474 τινα
2598 420 2692 472 καὶ
2749 416 3088 487 ὑψηλοτέραν
3129 409 3362 482 θεωρίαν
3415 409 3762 472 ἀναπετάσας

531 527 656 562 cum
741 514 1133 582 trnquillitate
1206 517 1435 582 quadam
1514 518 1681 572 animi
1761 527 2095 577 versaretur.

530 601 759 655 Max-ima
799 605 942 658 enim
995 621 1118 673 pars
1144 607 1259 676 ejus
1289 609 1415 661 anni
1465 623 1576 678 quo
1607 608 1792 663 multis
1823 608 2098 678 periclita-

534 695 775 749 tionibus
823 697 1064 751 externis
1111 713 1289 765 neque
1330 699 1510 753 adhuc
1562 700 1790 754 sublatis
1837 699 2098 754 sollicita-

532 786 728 840 bamur
779 799 1099 858 consumpta
1153 801 1290 856 crat,
1331 807 1397 844 ex
1445 793 1638 847 avibus
1683 806 1804 861 quae
1855 807 1955 846 nos
1994 792 2100 844 cir-

532 880 916 934 cumvolabant
965 882 1054 936 ubi
1093 884 1244 936 verni
1299 885 1561 952 temporis
1597 877 1845 939 essemus
1897 899 2097 953 cogno-

530 969 728 1024 vimus.
785 970 973 1041 Neque
1017 973 1160 1026 enim
1203 973 1401 1028 durum
1451 984 1508 1029 et
1549 975 1849 1029 absurdum
1901 989 2096 1031 sonum

531 1061 765 1117 edebant
798 1062 902 1117 illae
937 1064 1162 1120 vocibus
1190 1065 1397 1136 frigore
1443 1066 1776 1130 constrictis,
1809 1068 1901 1120 sed
1929 1066 2098 1120 libere

532 1153 920 1219 prmdicabant,
991 1171 1088 1224 per
1135 1171 1312 1211 aerem
1365 1157 1656 1221 sonabant,
1715 1173 1813 1226 per
1877 1172 2099 1212 nemora

530 1245 824 1299 czmtabant
856 1255 912 1300 et
939 1246 1233 1302 arboribus
1261 1247 1562 1305 insidentes
1586 1249 1824 1304 'vocibus
1848 1247 2023 1304 acutis
2046 1258 2101 1301 et

531 1337 822 1390 suavibus’
844 1349 1108 1392 concentu
1173 1340 1409 1409 quodam
1455 1341 1755 1396 certabant.
1808 1340 1924 1405 Quo
1971 1355 2100 1393 can-

534 1426 641 1477 tico
681 1426 837 1494 175
873 1427 1252 1482 dulcissimum
1299 1445 1395 1482 ver
1445 1428 1649 1482 factum
1699 1437 1804 1491 est,
1838 1428 1909 1481 ita
1960 1438 2020 1480 ut
2062 1426 2098 1480 ii

533 1530 753 1585 quoque
783 1519 874 1587 qui
901 1519 1048 1572 domi
1081 1519 1275 1574 inclusi
1319 1529 1476 1574 erant
1529 1520 1735 1589 primas
1780 1519 1933 1574 illius
1959 1518 2102 1573 veris

533 1607 843 1673 voluptates
895 1612 1176 1679 percipere
1234 1618 1479 1680 possent.
1555 1609 1648 1666 His
1707 1611 1874 1666 rebus
1934 1612 2099 1664 etiam

536 1688 705 1752 animi
748 1700 852 1753 mei
913 1701 1249 1769 exspectatio
1305 1701 1357 1754 in
1410 1700 1839 1770 Agatbangelum
1889 1698 1954 1753 ad
2004 1713 2104 1753 nos

536 1803 886 1844 reversurum
915 1794 1148 1848 sublime
1176 1791 1488 1847 advolabat.

2202 516 2295 570 τοῦ
2317 515 2409 568 νοῦ
2439 514 2502 566 rb
2531 511 2752 581 πτερὸν,
2798 510 2896 564 καὶ
2921 511 3036 570 τοῖς
3081 505 3416 576 ἀπορρήτοις
3446 501 3558 554 ⁸ιξῶν
3593 502 3764 555 ὄντων

2202 607 2563 677 ἐνδιατρίϐειν
2595 602 2778 670 ἀφιεὶς
2819 602 2875 654 ὲν
2928 600 3140 669 γαλήνῃ
3193 595 3302 650 τινὶ
3340 592 3619 663 λογισμῶν
3664 593 3763 658 τὴν

2201 701 2462 755 διάνοιαν.
2490 698 2648 750 Ἐπεὶ
2685 697 2741 750 δὲ
2774 693 2869 747 καὶ
2907 693 3003 746 τοῦ
3058 693 3210 752 ἔτους
3256 688 3467 742 ἐκείνου
3509 686 3577 763 rb
3621 684 3766 763 πλεῖ-

2204 808 2332 844 οτον
2365 790 2464 859 ἥδη
2498 788 2722 858 παρῄει,
2758 788 2815 838 ἐν
2847 780 2890 854 ᾧ
2922 782 3139 844 πολλοῖς
3177 780 3283 832 τῶν
3321 762 3521 842 ἔξωθεν
3551 762 3766 829 iuraru-

2201 884 2471 954 χήκειμεν
2509 879 2576 932 αὖ
2605 877 2948 948 πειρασμῶν,
2983 874 3066 927 ἔτι
3093 873 3138 928 δ’
3167 871 3262 924 οὖν
3291 871 3400 921 τῶν
3431 869 3636 937 ἥκιστα
3665 882 3768 918 πε-

2205 974 2408 1026 σόντων
2440 971 2704 1039 ὤφθημεν
2746 967 2842 1034 ξύν
2899 983 2964 1035 γε
3027 964 3168 1034 Θεῷ,
3203 963 3448 1029 ἔγνωμεν
3508 959 3620 1012 κάκ
3661 958 3769 1010 τῶν

2201 1066 2305 1135 ἤδη
2345 1061 2771 1132 περιπταμένων
2800 1060 2936 1129 ἡμῖν
2965 1057 3171 1128 ὀρνέων
3217 1055 3313 1109 καὶ
3355 1055 3459 1123 ὅπη
3501 1051 3594 1105 τοῦ
3635 1047 3768 1121 ἦρος

2203 1157 2396 1223 εἴημεν
2440 1151 2766 1223 τηνικαῦτα.
2819 1150 2898 1204 Οὐ
2952 1149 3062 1218 γὰρ
3121 1147 3424 1213 πεπνιγότα
3476 1145 3598 1196 τινὰ
3673 1141 3771 1193 καὶ

2203 1247 2436 1317 δύσηχον
2489 1246 2692 1298 ἐδίδουν
2755 1243 2845 1298 τὸν
2915 1243 3149 1310 φθόγγον
3211 1237 3602 1306 συνθλιόόμενά
3650 1249 3769 1299 πως

2207 1337 2255 1410 [1⁵
2257 1379 2272 1392 .
2308 1337 2406 1391 158
2436 1334 2492 1408 b]
2517 1336 2584 1388 τὰ
2618 1333 3032 1403 φωνητικὰτῶν
3053 1333 3297 1400 ὁργάνων
3316 1331 3420 1383 ὑπὸ
3443 1329 3537 1382 τοῦ
3568 1329 3773 1398 κρύους

2206 1429 2410 1489 αὐτοῖς,
2438 1426 2575 1478 ἀλλὰ
2601 1425 2694 1478 τὸν
2720 1424 3028 1493 ἐλευθέριον
3073 1422 3176 1491 ἠδη
3227 1421 3427 1489 τρόπον
3487 1415 3772 1484 ἐπανηγΰ-

2208 1519 2326 1590 ριξέ
2362 1535 2419 1569 τε
2456 1517 2552 1570 καὶ
2590 1517 2750 1577 αὐτὰ,
2800 1515 3016 1568 καὶτὸν
3071 1497 3210 1583 ἆέρα
3261 1510 3625 1580 ὑπερεφώνει,
3673 1507 3774 1558 καὶ

2205 1611 2462 1678 περιήχει
2493 1610 2560 1662 τὰ
2583 1609 2743 1677 ἄλση,
2773 1606 2870 1660 καὶ
2896 1608 3010 1667 τοῖς
3063 1604 3336 1674 δένδρεσιν
3386 1600 3776 1670 ἑπικαθήμενα

2207 1700 2345 1770 πρὸς
2375 1699 2610 1769 ἅμιλλαν
2651 1696 2986 1766 ἐφθέγγοντο
3027 1695 3232 1764 ἀναμὶξ
3291 1693 3513 1764 λιγυρόν
3566 1709 3622 1744 τι
3673 1690 3776 1744 καὶ

2136 1784 2179 1842 Β
2210 1791 2409 1860 εὔηχον
2463 1790 2560 1843 καὶ
2607 1786 2718 1843 οἷον
2781 1790 2958 1842 εἰπεῖν
3013 1786 3382 1856 ἐναρμόνιονο-
3408 1783 3518 1860 Ῠκαὶ
3555 1781 3776 1852 ἥδιστον

537 1879 787 1947 ἐγίγνετό
810 1899 923 1944 πως
940 1883 1038 1952 ἔαρ
1073 1884 1356 1952 ἡὲκείνων
1401 1883 1536 1954 ᾠδὴ,
1559 1883 1632 1946 ὡς
1661 1885 1754 1937 καὶ
1787 1883 1913 1946 τοὺς
1958 1883 2098 1936 οἴκοι
2135 1859 2406 1949 δήπουθεν
2473 1880 2964 1950 ἐγκεκλεισμένους
2992 1861 3372 1932 ἀναδιδάσκειν
3407 1859 3778 1929 ’δύνασθαιτὰ

536 1973 746 2041 τερπνὰ
779 1971 874 2025 τοῦ
913 1969 1047 2044 ἦρος
1071 1975 1280 2042 ἐφόδια.
1308 1975 1420 2028 Καὶ
1471 1971 1540 2046 ἦν
1567 1976 1699 2045 ἡμῖν
1721 1976 1811 2029 διὰ
1843 1971 2019 2028 ταῦτα
2083 1975 2178 2027 καὶ
2217 1976 2278 2027 rb
2312 1977 2412 2044 τῆς
2453 1977 2635 2045 ψυχῆς
2697 1973 3055 2042 ἐλπιζόμενον
3105 1971 3163 2035 ἐς
3210 1969 3310 2040 τὴν
3355 1961 3776 2036 ’Ἀγαθαγγέλου

535 2067 843 2138 παρουσίαν
874 2065 987 2123 οἷον
1010 2070 1415 2141 ἐπτερωμένον.

846 2265 854 2272 ι
865 2264 1451 2278 ια--υοαφοη--σιοᾙ
1478 2270 1836 2280 υ--η--ιοσο--ν
1877 2271 1996 2280 ..ι-..μμ

999 2420 1996 2577 ΝΙΚΗΦΟΡΟΥ
2096 2442 2447 2576 ΤΟΥ
2541 2442 3327 2580 ΓΡΗΓΟΡΑ

1366 2699 2169 2852 ΡΩΜΑΙΚῌΣ
2260 2694 2958 2812 ΙΣΤΟΡΙΑΣ

1195 2986 1225 3016 .
1829 2928 2195 3017 ΛΟΓΟΣ
2266 2930 2472 3016 KH'.

1065 3180 2103 3457 NICEPHORl

2257 3194 3222 3459 GBEGOR/E

1212 3595 2178 3710 BYZANTlN/E
2258 3596 3100 3709 HlSTORI/E

1326 3838 1676 3928 LIBER
1748 3840 2389 3933 VICESIMUS
2460 3838 3034 3958 OCTAVUS.

613 4187 773 4257 176
796 4188 833 4241 Ι.
857 4185 993 4239 Cum
1020 4187 1255 4256 primum
1277 4197 1429 4250 aetas,
1458 4197 1676 4256 peracta
1699 4187 1834 4243 alba!
1854 4197 2107 4243 senectu-
2129 4186 2175 4248 C

539 4277 610 4328 tis
645 4277 858 4345 hyeme,
883 4275 1075 4329 niveos
1095 4276 1320 4346 capillos
1343 4285 1396 4329 et
1426 4276 1672 4330 floridam
1701 4277 1880 4330 denuo
1902 4277 2108 4344 recepit

533 4366 844 4437 juventutis
875 4365 1071 4420 faciem
1105 4376 1161 4420 et
1205 4367 1390 4421 suavia
1438 4366 1644 4421 lumina
1691 4369 1746 4422 in
1781 4370 1931 4422 verni
1975 4377 2108 4421 tem-

536 4459 689 4529 poris
739 4459 1008 4514 suavitate
1066 4459 1282 4528 aperuit
1341 4476 1355 4512 :
1409 4459 1602 4513 iterum
1666 4460 1731 4513 ad
1800 4476 1901 4516 nos
1957 4460 2108 4514 venit

535 4549 946 4620 Agathangelus
979 4560 1168 4606 noster
1208 4550 1384 4604 media
1443 4549 1555 4604 fere
1582 4561 1741 4606 nocte
1794 4551 1899 4606 levi
1947 4549 2104 4620 pede.

536 4643 670 4694 Cum
723 4657 822 4696 nos
872 4643 1164 4696 salutasset
1217 4651 1272 4696 et
1325 4643 1690 4707 recubuisset,
1748 4643 2005 4697 narrabat
2039 4643 2106 4697 de

527 4732 734 4800 'quovis
784 4734 1084 4786 amicorum
1137 4744 1193 4788 ct
1231 4733 1668 4788 commilitonum
1713 4743 1977 4802 quantum
2013 4748 2108 4802 po-

537 4834 696 4878 terat.
728 4826 800 4877 Ex
829 4841 914 4878 me
946 4834 1126 4878 autem
1149 4833 1348 4894 praater
1370 4834 1564 4879 cmtera
1588 4824 1798 4879 audivit
1827 4839 2104 4879 sacrarum

536 4914 871 4969 Litterarum
909 4915 1097 4979 libros,
1129 4916 1220 4984 qui
1253 4917 1396 4984 apud
1428 4931 1519 4969 me
1540 4930 1714 4985 usque
1748 4917 1814 4968 ad
1845 4916 1948 4971 hoc
1973 4925 2108 4969 tem-

536 5020 642 5072 pus
674 5005 929 5065 fuissent,
965 5005 1210 5059 sublatos
1239 5020 1358 5060 esse
1381 5020 1573 5060 omnes
1600 5021 1626 5057 a
1655 5007 2106 5073 persecutoribus

538 5105 767 5163 repente
802 5097 1191 5151 invadentibus
1215 5108 1268 5151 ct
1301 5100 1372 5154 ob
1403 5115 1670 5153 summam
1697 5114 1816 5168 qua!
1847 5109 1959 5153 tum
1991 5111 2108 5154 erat

538 5187 792 5254 hyemem
826 5187 1192 5256 inopportuue
1223 5204 1283 5242 se
1329 5185 1474 5243 mihi
1496 5191 1684 5244 adesse
1719 5205 1817 5244 uec
1848 5191 2106 5258 perfacile

539 5276 747 5343 aliquid
782 5289 1222 5345 persecuturum.
1254 5279 1406 5347 Aqua
1460 5297 1590 5334 vero
1634 5283 1755 5351 gelu
1808 5283 2103 5336 constricta

537 5367 655 5420 fieri
712 5383 818 5421 non
876 5383 1076 5437 posse,
1137 5370 1214 5423 uti
1280 5371 1640 5438 plerumque,
1701 5381 1758 5425 ut
1828 5387 2104 5426 narrarem

541 5459 698 5528 177
727 5459 792 5512 ad
829 5461 1066 5512 calidum
1102 5471 1288 5530 potum
1320 5462 1448 5528 nisi,
1479 5478 1602 5517 cum
1646 5462 1788 5518 forte
1811 5464 1891 5518 sol
1921 5465 2106 5518 densis

537 5552 780 5606 nubibus
811 5551 1054 5622 disjectis
1085 5553 1270 5608 radios
1303 5569 1399 5624 per
1432 5555 1726 5610 fenestram
1774 5556 1828 5609 in
1879 5556 1986 5610 hoc
2013 5573 2108 5610 eu-

535 5643 778 5697 biculum
809 5659 989 5698 meum
1019 5653 1274 5715 tanquam
1300 5647 1353 5700 in
1374 5651 1667 5702 obscurum
1699 5649 2102 5717 receptaculum

623 5768 663 5791 ··ῖ
700 5749 870 5794 ,ηιιλ-ςρι,
914 5755 1110 5802 aquam
1150 5739 1294 5793 illam
1324 5743 1393 5793 ad
1431 5739 1729 5795 bibendum
1761 5739 2103 5796 adhiberent.

2284 4183 2441 4254 [Cod.
2475 4181 2818 4253 Reg.(l%76)
2845 4183 2883 4238 r.
2918 4183 3045 4256 ιοιι]
3076 4184 3155 4239 Αι.
3191 4186 3352 4254 "Apri.
3417 4185 3474 4239 δὲ
3513 4185 3607 4238 τοῦ
3644 4188 3780 4257 χρό.

2207 4293 2301 4328 νου
2335 4277 2434 4338 τὰς
2473 4275 2863 4338 λευκανθεῖσας
2891 4276 3037 4346 αὐτῷ
3062 4276 3156 4329 τοῦ
3194 4281 3377 4347 γήρως
3407 4277 3782 4343 ἀποξέσαντος

2207 4368 2495 4439 χειμερίας
2520 4367 2614 4419 καὶ
2640 4361 2753 4420 οἷον
2793 4369 2970 4419 εἰπεῖν
3005 4368 3279 4437 χιονώδεις
3309 4371 3501 4438 τρῖχας
3538 4371 3629 4422 καὶ
3683 4373 3781 4424 ἀντ

2211 4457 2380 4526 Θηρδν
2415 4457 2768 4526 ἀνειληφότος
2797 4457 2854 4521 ἐξ
2886 4458 3141 4527 ὑπαρχῆς
3171 4458 3231 4510 τὸ
3247 4461 3344 4526 τῆς
3367 4459 3586 4528 ἡλικίας
3606 4459 3779 4529 πρός-ο

2207 4564 2382 4611 ωπον,
2419 4548 2514 4600 καὶ
2537 4548 2635 4610 τὰς
2663 4547 2896 4616 ἡλιακὰς
2953 4548 3247 4616 λαμπάδας
3299 4549 3674 4618 ἀκμαιοτέρας
3717 4551 3784 4603 ὲν

2212 4638 2407 4706 μέσαις
2435 4637 2536 4706 ἤδη
2568 4639 2689 4700 ταῖς
2725 4638 2942 4705 ἠριναῖς
2990 4638 3341 4701 ἁπλὼσαντος
3379 4639 3620 4708 χάρισιν,
3639 4633 3780 4710 ἧχι..

2208 4730 2364 4791 αὖθις
2405 4730 2537 4798 ἡμῖν
2563 4731 2590 4781 ό
2631 4729 2798 4791 καλὸς
2826 4731 3230 4798 ’Ᾱγαθάγγελος
3285 4730 3416 4801 περὶ
3469 4725 3643 4798 μέσας
3671 4747 3780 4783 που

2209 4820 2414 4884 νύκτας
2452 4819 2642 4890 ἡσύχῳ
2675 4820 2820 4874 ποδί.
2865 4823 2975 4874 Καὶ⁸
3031 4820 3351 4892 προσειπὼν
3407 4823 3502 4874 καὶ
3543 4821 3784 4883 καθίσας

2210 4914 2305 4964 xa‘t
2333 4903 2675 4980 ἆπαγγείλας
2707 4914 2807 4980 μὲν
2838 4915 3004 4976 αὐτὸς
3032 4915 3161 4983 περὶ
3207 4914 3439 4966 ἑκάστου
3465 4916 3576 4964 τῶν
3606 4913 3785 4981 φίλων

2208 5006 2342 5072 ἡμῖν
2407 5008 2501 5056 καὶ
2556 5005 2838 5058 συνάθλων
2899 5007 3001 5058 ὅσα
3057 5007 3224 5069 εἰκὸς,
3278 5007 3466 5076 μαθὼν
3511 5006 3556 5057 δ’
3602 5004 3668 5057 αὖ
3717 5005 3784 5069 ἐξ

2209 5099 2344 5166 ἐμοῦ
2376 5098 2444 5150 τά
2473 5113 2531 5147 τε
2580 5099 2715 5152 ἄλλα
2744 5099 2838 5150 καὶ
2870 5099 2951 5151 ὅτι
2981 5101 3048 5152 τὰ
3080 5100 3174 5152 καὶ
3224 5100 3385 5170 μέχρι
3417 5098 3514 5153 νῦν
3559 5115 3788 5166 συμπα-

2213 5186 2552 5257 ραμείναντά
2585 5204 2675 5256 μοι
2699 5187 2798 5253 τῆς
2824 5188 2973 5249 θείας
3005 5189 3229 5256 Γραφῆς
3279 5188 3562 5258 ἀφῄρηται
3596 5187 3786 5256 βιϐλία

2211 5281 2393 5333 πάντα
2412 5278 2548 5346 πρὸς
2573 5277 2680 5330 τῶν
2705 5277 2952 5331 διωκτῶν
2999 5278 3262 5348 ἐξαίφνης
3313 5279 3783 5343 ἐπεισπεσόντων,

2209 5374 2304 5422 καὶ
2333 5371 2416 5423 ὅτι
2447 5371 2534 5422 διὰ
2568 5369 2664 5436 τὴν
2701 5370 2793 5421 τοῦ
2825 5371 3127 5440 τηνικαῦτα
3159 5373 3428 5441 χειμῶνος
3457 5372 3644 5440 ἀκμὴν
3677 5387 3786 5423 τα-

2209 5464 2501 5530 λαιπώρως
2533 5461 2692 5531 ἐπῄει
2719 5478 2810 5530 μοι
2843 5465 2938 5516 καὶ
2968 5465 3109 5517 πάνυ
3150 5463 3404 5534 χαλεπῶς
3454 5464 3652 5518 ἁνύσαι
3680 5482 3792 5532 με-

2212 5551 2346 5615 ταξὺ
2378 5552 2446 5604 τά
2470 5551 2518 5603 τ’
2539 5551 2695 5613 ἄλλα,
2730 5554 2823 5604 καὶ
2848 5554 2931 5605 ὅτι
2979 5554 3492 5622 κρυσταλλοῦμενον
3537 5556 3598 5605 rb
3627 5553 3785 5627 ὓδωρ

2211 5643 2314 5694 οὐκ
2349 5637 2416 5709 ἦν
2449 5642 2524 5704 ὡς
2560 5643 2629 5694 τὰ
2664 5642 2842 5696 πολλὰ
2872 5661 2962 5712 μοι
2995 5643 3178 5714 ῥᾴδιον
3221 5643 3345 5696 ὅθεν
3382 5644 3789 5714 παραμυθήσο-

2215 5754 2313 5808 μαι
2343 5735 2477 5807 πρὸς
2507 5736 2566 5790 τὸ
2604 5737 2698 5792 τοῦ
2733 5741 2978 5809 πόματος
3004 5737 3395 5808 χλιαρώτερον,
3429 5739 3568 5807 πλὴν
3605 5739 3638 5809 ἢ
3684 5741 3783 5793 ὅτε
