4036 6210
104 6080 391 6142 Α

439 249 543 314 159

1623 259 2054 325 NlCEPHORI
2091 266 2481 330 GREGORIE

3578 268 3683 338 160

433 380 557 434 quae
604 379 703 436 per
728 380 897 436 pagos
926 377 1096 438 atque
1125 370 1326 437 oppida
1355 370 1621 441 dispersae
1662 377 1767 431 sub
1813 378 2010 433 alieni-

2118 385 2386 455 λαιολεόγῳ
2413 387 2492 457 τῷ
2553 386 2771 456 βασιλεῖ
2816 388 2893 453 ὠς
2925 389 3177 459 πανταχῆ
3232 389 3330 469 καὶ.
3360 390 3544 461 νήσων
3583 383 3683 442 καὶ

430 459 586 528 gestis
624 458 844 528 populis
876 459 1174 531 degerent,
1211 463 1385 531 ipsius
1432 479 1631 519 nomen
1677 477 1731 521 et
1780 470 2007 526 minime

427 548 796 604 Cantaeuzeni
830 550 1170 606 carminibus
1198 554 1416 621 publice
1463 556 1728 611 canendis
1767 559 2007 614 eiretrm-

430 639 560 692 ferri
593 639 660 692 ad
696 641 975 695 memoriae
1032 642 1375 698 celebrandae
1435 645 1597 716 184
1644 649 1805 701 ritum
1837 662 2000 713 enm‘,

430 729 525 795 qui
553 728 606 781 in
634 729 1069 785 orthodoxorum
1091 733 1376 800 metropoli
1405 735 1706 803 regnabat,
1755 748 2003 803 petestas

406 822 552 875 'erat
603 822 967 876 conveniendi
1025 823 1173 877 hunc
1207 825 1411 890 virum,
1471 835 1528 880 et
1581 843 1705 881 cum
1771 831 2010 898 primum

430 911 644 964 audivit
669 912 852 965 statim
894 913 1272 985 interrogandi
1305 929 1428 968 eum
1454 925 1511 971 et
1530 932 1653 987 quae
1683 921 1847 974 vellet
1866 921 2014 991 lega-

433 1004 512 1056 tio
545 1013 602 1057 et
650 1018 775 1071 quae
830 1014 1096 1074 prazterea
1146 1017 1440 1075 quaereret.
1473 1009 1841 1073 Quamobrem
1878 1026 2014 1066 con-

409 1095 679 1148 stitit-isse
728 1078 854 1149 eum
913 1097 1098 1151 audivi
1141 1111 1328 1154 monte
1372 1096 1525 1154 ~Atho
1555 1103 2013 1174 prmternavigato

437 1184 503 1238 ad
537 1186 716 1239 virum
752 1186 905 1240 illum
938 1203 1003 1242 ex
1024 1189 1226 1244 itinere
1250 1183 1544 1259 proﬁcisci.

2118 476 2370 548 ἠπείρων
2387 519 2401 542 ,
2431 481 2526 532 καὶ
2552 480 2661 550 ὅπη
2683 498 2789 550 περ
2808 480 2884 534 ἂν
2901 481 3117 552 τύχοιεν
3139 482 3358 537 ἄποικοι
3392 482 3683 552 Ῥωμαίων

2114 568 2531 640 διεσπαρμένως
2550 588 2611 625 τε
2663 573 2761 626 καὶ
2794 572 2940 626 κατὰ
2976 571 3167 643 κώμας
3220 574 3317 628 καὶ
3376 575 3562 636 πόλεις
3591 573 3684 628 ὕπ’

2112 661 2431 731 ἀλλοφύλοις
2458 662 2637 717 ἔθνεσι
2676 664 3044 738 διαιτώμενοι,
3081 667 3143 720 τὸ
3180 667 3374 721 τούτου
3406 669 3568 736 μόνου
3591 662 3686 722 καὶ
3790 672 3813 678 ⁸

2111 748 2312 820 ἥκιστα
2354 751 2812 821 Καντακουζηνοῦ
2868 755 2992 816 ταῖς
3038 754 3275 825 δημοσίᾳ
3306 754 3458 823 σφίσι
3492 754 3685 807 τελου-

2114 840 2305 910 μέναις
2333 843 2509 912 ίεραῖς
2556 843 2859 914 ὑμνῳδίαις
2908 836 3346 915 συμπέριάγοιεν
3382 846 3555 915 ὅνομα
3611 846 3683 899 δι’

2110 928 2363 998 εὐφήμου
2404 930 2504 998 τῆς
2535 932 2757 1001 μνήμης
2781 926 2926 985 κατά
2959 934 3021 985 τὸ
3051 932 3222 986 πάλαι
3248 933 3539 1002 κρατῆσαν
3558 932 3684 996 ἔθος

2111 1020 2175 1086 τῇ
2208 1019 2545 1088 μητροπόλει
2570 1020 2680 1073 τῶν
2710 1020 3027 1091 ἀρθοδόξων,
3057 1022 3126 1074 δι’
3158 1021 3402 1087 ἐφέσεως
3450 1018 3518 1093 ἦν
3554 1025 3682 1091 ὀμι-

2108 1105 2274 1175 λῆσαι
2309 1108 2401 1161 καὶ
2438 1110 2575 1179 τῷδε
2636 1112 2846 1181 τάνδρὶ,
2887 1113 2982 1164 καὶ
3045 1113 3191 1166 τοῦτ’
3255 1113 3390 1165 αὐτὸ
3458 1111 3683 1180 μαθόντι

2108 1200 2329 1270 πρῶτον
2361 1202 2533 1256 ἔπειτ’
2569 1203 2788 1272 ἐρέσθαι
2814 1205 2911 1258 καὶ
2944 1206 2974 1259 ὅ
3003 1223 3056 1258 τι
3102 1205 3344 1276 βούλοιτό
3382 1207 3432 1258 οί
3478 1205 3547 1259 τὰ
3582 1206 3684 1273 τῆς

436 1276 762 1345 πρεσϐείας,
805 1280 899 1333 καὶ
937 1282 1074 1359 πρός
1109 1298 1173 1351 γε
1208 1283 1309 1336 ὅσα
1368 1287 1484 1347 τοῖς
1522 1287 1789 1351 τοιούτοις
1837 1289 2016 1343 ἕποιτ’
2051 1292 2137 1346 ἀν.
2173 1294 2273 1346 Διὰ
2301 1295 2366 1366 δὴ
2393 1296 2568 1350 ταῦτά
2594 1300 2643 1351 oi
2673 1278 2767 1350 καὶ
2819 1294 2965 1353 εἶναι
3022 1299 3438 1369 συντεθειμινον
3470 1299 3687 1369 ἀκήκοα

432 1372 525 1425 τδν
569 1371 720 1425 Ἀθω
752 1376 1127 1442 παραπλέοντι
1162 1378 1257 1431 καὶ
1292 1380 1445 1449 παρὰ
1470 1381 1564 1434 τὸν
1600 1382 1843 1437 τοιοῦτον
1881 1385 2004 1439 όδοῦ
2041 1388 2324 1460 πάρεργον
2359 1392 2529 1463 ἀνδρα
2563 1395 2815 1467 ἀφῖχθαι.

502 1464 614 1522 νη.
660 1466 794 1532 Quae
860 1484 987 1524 cum
1050 1472 1124 1525 ita
1177 1483 1397 1542 essent,
1458 1478 1607 1531 venit
1655 1478 1879 1547 quidam
1943 1496 2011 1536 ex

433 1554 725 1612 Thessalia
760 1567 816 1613 et
869 1562 974 1616 alia
1012 1564 1259 1618 referens
1288 1574 1342 1618 ct
1379 1565 1539 1628 illud,
1566 1567 1774 1637 jamdiu
1822 1585 1891 1625 ne
1919 1587 2013 1626 ve-

2199 1484 2274 1540 Z'.
2302 1487 2523 1541 Τούτων
2553 1489 2600 1541 δ’
2622 1489 2766 1543 οὕτω
2794 1490 3113 1560 φερομένων
3128 1489 3256 1560 ἥκει
3273 1493 3356 1551 τις
3380 1488 3444 1539 ὲκ
3465 1486 3681 1540 Θεσσα-

2116 1578 2340 1648 λονίκης
2372 1579 2441 1634 τά
2470 1598 2527 1633 τε
2577 1581 2711 1635 ἄλλα
2762 1581 3066 1649 ἀγγέλλων,
3104 1582 3199 1635 καὶ
3255 1582 3337 1634 ὅτι
3378 1579 3571 1648 βιαίως
3616 1580 3684 1631 ὲκ

433 1647 721 1703 bementer
751 1659 807 1704 et
835 1652 992 1707 valde
1030 1656 1230 1710 acriter
1259 1671 1290 1711 e
1314 1657 1423 1712 vita
1460 1659 1789 1728 eriperetur,
1819 1663 1875 1718 in
1911 1679 2011 1735 ρο-

435 1740 608 1761 -εηηι,
929 1743 1018 1761 π.
1132 1760 1135 1761 ν
1514 1750 1562 1761 ..
1723 1752 1736 1761 .
1904 1754 1916 1761 -

2118 1647 2316 1725 πολλοῦ
2356 1661 2470 1726 καὶΔ
2495 1671 2620 1726 λίαν
2662 1647 2876 1744 πικρῶς
2914 1671 3298 1743 ἀπορραγῆναι
3358 1672 3457 1741 μὲν
3503 1668 3687 1761 κινδυ-

435 1740 612 1792 ricnlo
661 1742 872 1796 versari
928 1743 1247 1811 Palamam;
1294 1763 1404 1807 non
1435 1750 1655 1818 quidem
1706 1752 2013 1811 decessisse

433 1846 584 1895 eum,
620 1832 712 1885 sed
742 1832 930 1889 fractis
975 1836 1187 1892 viribus
1207 1838 1391 1907 jacere
1417 1850 1473 1894 et
1511 1841 1655 1897 ferre
1688 1844 1805 1914 ipsa
1835 1857 2012 1902 morte

432 1925 740 1981 acerbiora.
772 1927 1028 1982 Ventrem
1049 1929 1195 1984 enim
1223 1931 1417 1986 dicunt
1440 1933 1507 1988 ad
1541 1934 1872 1997 immensum
1896 1938 2014 1994 fere

436 2018 768 2081 accrevisse,
799 2032 862 2079 ac
895 2020 1060 2073 simul
1094 2023 1351 2075 manibus
1400 2033 1456 2078 et
1493 2025 1727 2093 pedibus
1758 2028 2016 2084 debilita-

437 2114 552 2158 tum
583 2121 708 2159 eum
739 2107 810 2161 ita
846 2118 903 2162 ut
937 2110 1082 2179 quod
1120 2113 1184 2165 ad
1235 2115 1580 2179 torpedinem
1606 2119 1847 2184 pertinet
1876 2134 2014 2187 pau-

435 2197 549 2250 lum
606 2209 703 2253 aut
741 2200 855 2254 fere
908 2202 1043 2255 nihil
1078 2219 1105 2255 a
1141 2203 1418 2272 lapidibus
1447 2206 1550 2259 nisi
1588 2209 1733 2276 quod
1780 2210 2017 2277 spiraret

437 2287 689 2344 ditTerret
717 2307 731 2356 ;
764 2292 1071 2349 visceribus
1121 2297 1353 2349 reclusis
1385 2308 1441 2351 et
1474 2313 1572 2365 per
1610 2297 1890 2353 thoracem
1927 2315 2013 2354 re-

436 2381 613 2451 pulsis
656 2382 721 2435 ad
753 2385 924 2438 instar
958 2384 1149 2456 Euripi
1178 2398 1370 2443 aestum
1409 2390 1802 2459 reciprocantis
1828 2393 2014 2447 omnia

438 2472 650 2525 ventris
709 2468 983 2543 superﬂua
1032 2476 1160 2531 inde
1203 2476 1269 2531 ad
1305 2494 1367 2532 os
1420 2479 1606 2534 reduci
1645 2489 1856 2535 natura:
1917 2496 2015 2535 ne-

438 2557 694 2613 cessitate
737 2568 792 2613 et
850 2561 1065 2631 podicis
1105 2564 1227 2620 loco
1270 2582 1298 2619 a
1331 2576 1525 2622 natura
1569 2583 1632 2623 os
1662 2569 1913 2624 adhiberi
1945 2570 2013 2624 ad

438 2650 763 2719 excipienda
789 2655 998 2711 ventris
1021 2670 1394 2713 excrementa.

2118 1760 2263 1814 νεύει
2292 1762 2387 1815 τοῦ
2455 1761 2556 1834 ζῇν
2622 1764 2915 1832 Παλαμᾶς,
2974 1764 3073 1816 οὐκ
3128 1763 3548 1831 ἀποῤῥήγνυται
3606 1759 3685 1823 δὲ,

2115 1849 2250 1904 ἀλλά
2285 1853 2464 1905 κεῖται
2491 1848 2824 1921 παρειμένος
2872 1856 2965 1905 καὶ
3005 1853 3176 1923 χείρω
3219 1853 3447 1919 πάσχων
3481 1851 3690 1919 μυρίων

2115 1937 2384 1993 θανάτων.
2453 1939 2843 2007 Ἐξωγκῶσθαι
2906 1939 3016 2010 γὰρ
3078 1940 3227 2009 αύτῷ
3293 1939 3395 2010 τὴν
3442 1941 3688 2007 γαστέρα
3752 1964 3776 1984 ο

2116 2030 2249 2096 φασὶ
2281 2031 2338 2093 ἐς
2358 2031 2419 2083 τὸ
2456 2032 2598 2086 πάνυ
2629 2048 2682 2084 τι
2711 2032 3072 2102 ὑπερϐάλλον,
3109 2032 3202 2084 καὶ
3233 2031 3348 2098 ἄμα
3378 2029 3686 2100 παρεῖσθαι

2116 2119 2302 2186 χεῖρας
2333 2121 2426 2169 καὶ
2460 2119 2650 2184 πόδας,
2702 2119 2814 2184 ὡς,
2842 2119 3015 2189 μικρά
3064 2120 3096 2189 ἢ
3154 2119 3318 2188 μηδὲν
3384 2117 3523 2187 πλὴν
3586 2114 3686 2168 τοῦ

2120 2202 2381 2260 ἀναπνεῖν
2434 2208 2714 2279 διαφέρειν
2755 2209 2864 2263 τῶν
2932 2210 3097 2263 λίθων
3153 2212 3232 2272 είς
3286 2209 3347 2261 τὸ
3405 2210 3686 2278 ἀκίνητον.

2129 2299 2549 2369 Ἐκςφραγέντων
2582 2301 2627 2352 δ’
2694 2303 2841 2372 αὐτῷ
2877 2306 2969 2356 καὶ
3000 2303 3111 2356 τῶν
3145 2303 3242 2373 τῆς
3277 2302 3485 2363 κοιλίας
3537 2302 3693 2354 ἐντέ-

2121 2407 2248 2458 ρων,
2283 2391 2375 2442 καὶ
2410 2392 2467 2453 ὲς
2502 2392 2562 2443 τὸ
2593 2392 2704 2444 ἄνω
2730 2389 3151 2464 ἐστραμμένων,
3181 2394 3268 2447 διά
3316 2393 3411 2446 τοῦ
3438 2393 3691 2462 θώρακος

2117 2479 2279 2545 αὖθις
2306 2482 2448 2536 κατά
2473 2482 2803 2554 παλίρροιαν
2828 2485 3069 2555 Εὐρίπου
3114 2485 3271 2556 δίκην
3301 2484 3592 2552 ἀναφέρειν
3630 2486 3691 2546 ἐς

2118 2574 2177 2626 τὸ
2209 2575 2383 2643 στόμα
2433 2576 2525 2627 καὶ
2566 2577 2922 2645 ἀποπέμπειν
2975 2578 3187 2629 ἐκεῖθεν
3233 2576 3685 2645 ἀναγκαζομένην

2118 2665 2216 2731 τὴν
2268 2664 2430 2733 φύσιν
2463 2665 2523 2718 τὸ
2572 2668 2672 2736 τῆς
2720 2669 2960 2738 γαστρὸς
3027 2667 3305 2738 κοπρῶδες
3360 2667 3682 2738 περίττωμα

439 2744 570 2808 πᾶν,
607 2746 702 2796 καὶ
732 2744 982 2814 γίνεσθαι
1005 2748 1144 2813 τέως
1173 2752 1295 2807 alvei.
1327 2752 1427 2819 τῆς
1468 2753 1628 2825 ἔδρας
1662 2757 1732 2825 τῇ
1761 2753 1926 2823 φύσει
1944 2754 2004 2806 τὸ
2048 2753 2225 2823 στόμα
2253 2752 2676 2821 διακονούμενον
2712 2756 2769 2817 ἐς
2801 2756 2900 2817 τὰς
2954 2755 3053 2824 τῆς
3119 2755 3365 2825 γαστρὸς
3428 2754 3688 2815 δυσώδεις

440 2840 688 2904 κηλῖδας.

512 2931 649 2986 Vlll.
702 2930 888 2997 Vides,
930 2933 1256 2989 charissime
1294 2937 1684 3008 Agathangele,
1738 2937 2020 3008 quomodo

440 3024 628 3079 divina
660 3025 749 3079 illa
792 3026 1003 3094 justitia
1032 3025 1161 3082 huic
1194 3043 1414 3100 quoque
1439 3030 1650 3087 homini
1682 3040 1885 3086 sortem
1923 3046 2013 3101 pe.

2195 2934 2277 2993 ll'.
2321 2937 2506 3007 Ὁρᾷς,
2544 2929 2589 2989 ὧ
2623 2937 2849 3004 φίλτατε
2909 2934 3303 3002 Ἀγαθάγγελε,
3346 2936 3463 3000 πῶς
3485 2936 3695 3005 ἀνωθεν

2123 3030 2156 3098 ἠ
2185 3029 2306 3082 θεία
2328 3029 2645 3082 ταλαντεύει
2678 3029 2798 3099 δίκη
2829 3029 2891 3080 τὸ
2925 3020 3106 3097 χρεὼν
3137 3030 3279 3082 κάπὶ
3310 3030 3446 3116 τῷδε
3476 3031 3692 3099 τάνδρὶ,

443 3117 730 3185 penderit,
754 3116 827 3170 ita
859 3119 1133 3173 ntanimae
1159 3122 1278 3188 Quae
1301 3121 1473 3191 aspici
1508 3138 1614 3177 non
1646 3123 2017 3194 185yotest

2117 3121 2213 3175 Iva
2238 3122 2299 3174 τὸ
2330 3119 2433 3189 τῆς
2475 3119 2717 3190 ἀφανοῦς
2744 3120 2921 3190 ψυχῆς
2945 3120 3202 3209 δνσῶδες,
3228 3121 3302 3182 ὡς
3332 3121 3496 3186 ἔοικε,
3533 3121 3694 3190 δῆλον

446 3209 671 3264 foeditas
698 3218 756 3262 ut
791 3209 951 3263 deret
983 3212 1261 3280 propalam
1303 3212 1357 3267 in
1391 3225 1746 3282 conspectum
1769 3214 2017 3269 omnium

2124 3216 2234 3268 κάκ
2270 3217 2368 3285 τῆς
2413 3213 2722 3284 αἰσθήσεως
2773 3214 2947 3267 ἅπασι
2984 3214 3220 3282 γένοιτο,
3277 3215 3374 3267 καὶ
3421 3214 3576 3282 δίκην
3630 3214 3693 3265 τί)

447 3301 667 3354 veniret
701 3309 756 3357 et
777 3311 1000 3372 propter
1031 3301 1431 3373 impudentiam
1479 3308 1596 3360 oris
1628 3319 1806 3375 pinna:
1849 3317 2020 3360 onera

446 3407 545 3459 sua
577 3394 795 3449 cervice
832 3394 1132 3457 sustineret
1158 3394 1213 3449 in
1250 3404 1396 3452 terra
1422 3408 1715 3467 antequam
1767 3399 1821 3451 in
1855 3407 2021 3453 aeter—

446 3496 573 3537 nam
616 3482 762 3537 illam
792 3500 1008 3555 ptenam
1059 3486 1394 3551 traderetur,
1422 3497 1480 3541 et
1511 3497 1571 3541 ut
1593 3488 1721 3543 inde
1764 3497 2043 3559 tanquam,

448 3591 481 3630 ε
540 3576 828 3645 principiis
884 3592 946 3632 ea
971 3592 1094 3648 quae
1142 3580 1414 3649 patefacta
1463 3581 1704 3643 nondum
1761 3582 2024 3636 omnibus

449 3667 843 3723 calamitatum.
883 3671 1197 3739 spectacula
1237 3681 1364 3726 ante
1413 3672 1605 3727 oculos
1637 3681 1822 3731 essent
1892 3672 2025 3728 huic

451 3760 665 3815 homini
714 3761 886 3831 magis
939 3762 1218 3831 proposita
1242 3802 1259 3826 ,
1292 3778 1456 3833 quam
1490 3762 1608 3817 Arii
1657 3762 1805 3818 illius
1846 3762 1914 3817 ab
1942 3762 2026 3818 in-

453 3852 605 3905 sania
656 3853 920 3915 nominati
965 3853 1059 3922 qui
1109 3854 1293 3908 alvum
1337 3841 1647 3925 per'anum
1703 3853 1888 3923 eiecit.
1930 3853 2025 3908 ltle

454 3946 603 3999 enim
643 3945 737 4014 qui
769 3960 998 4015 corpore
1022 3942 1365 4015 peccaverat,
1391 3946 1556 4001 etiam
1575 3946 1824 4017 corporis
1855 3962 2027 4002 mem-

454 4033 573 4091 bris
606 4051 824 4105 pmnam
863 4037 1037 4091 dedit.
1097 4035 1196 4093 llic
1237 4053 1366 4093 vero
1415 4052 1540 4092 cum
1573 4054 1739 4108 supra
1772 4047 2025 4094 naturam

455 4136 514 4180 et
544 4128 814 4183 rationem
835 4130 1001 4199 impia
1034 4129 1088 4184 in
1116 4130 1287 4191 Deum
1313 4131 1520 4186 scelera
1544 4130 1835 4190 edidisset.
1865 4133 2030 4187 mira-

391 4211 401 4223 ’
457 4216 623 4271 bilem
656 4228 717 4271 ut
744 4219 972 4273 decebat
1004 4230 1059 4273 et
1089 4222 1381 4275 maximam
1412 4235 1630 4289 poenam
1659 4220 1831 4275 dedit.
1868 4206 2031 4275 Dixe-

2122 3306 2424 3361 ἀκόλαστον
2468 3308 2644 3359 ἐκεῖνο
2675 3308 2772 3360 καὶ
2813 3306 3134 3376 βλάσφημον
3185 3305 3362 3377 στόμα
3396 3307 3534 3377 μετά
3586 3307 3689 3377 τῆς

2121 3398 2443 3475 γραφούσης
2480 3396 2758 3466 παράσχοι
2788 3396 3267 3466 χειρὸςὲνταυθοῖ,
3300 3398 3432 3467 πρὶν
3479 3399 3535 3457 ἐς
3582 3396 3686 3464 τὴν

2123 3476 2303 3541 ἀΐδιον
2324 3487 2539 3556 ἐκείνην
2568 3485 2945 3556 ἀπενεχθῆναι
2975 3487 3218 3549 κόλασιν,
3266 3487 3363 3538 καὶ
3410 3484 3546 3554 δῆλα
3582 3487 3693 3539 κάκ

2121 3579 2232 3634 τῶν
2264 3578 2478 3634 ἐνθένδε
2506 3579 2813 3650 προοιμίων
2842 3578 2912 3633 τά
2962 3578 3075 3632 τῶν
3112 3579 3278 3649 μήπω
3307 3577 3483 3649 δήλων
3523 3580 3696 3631 ἅπασι

2123 3672 2310 3728 κακῶν
2340 3671 2528 3743 ἐφόδια
2555 3672 2693 3743 πρὸς
2715 3670 2974 3741 δημόσιον
3006 3669 3122 3741 φῶς
3179 3673 3426 3740 καταστῇ
3481 3670 3562 3740 τῷ
3603 3670 3696 3739 βε·-

2125 3760 2277 3832 6ἡλῳ
2303 3764 2476 3831 τούτῳ
2504 3761 2707 3833 μᾶλλον
2758 3762 2792 3830 ἢ
2820 3760 2942 3815 κατ’
2966 3763 3177 3815 ἐκεῖνον
3225 3761 3319 3814 τὸν
3353 3762 3714 3832 τῆςεμανίας

2125 3854 2418 3925 ιπώνυμον
2450 3854 2694 3926 Ἄρειον,
2721 3854 2779 3917 ὃς
2812 3853 2922 3908 τῶν
2951 3854 3050 3922 τῆς
3088 3855 3329 3923 γαστρὸς
3369 3853 3699 3923 ἀπορρήτων

2123 3943 2222 4012 τὴν
2254 3942 2483 3995 κένωσιν
2523 3940 2676 3995 κάτω
2697 3940 2786 3994 διὰ
2816 3940 2914 4010 τῆς
2939 3940 3101 4008 ἕδρας
3133 3940 3703 4012 παρέπεμψεν.Ἐκεῖ-

2124 4049 2216 4096 νος
2236 4033 2346 4103 γὰρ
2373 4031 2515 4086 κατά
2539 4031 2703 4100 φύσιν
2738 4030 3082 4103 ἡμαρτηκὼς
3130 4034 3227 4087 καὶ
3272 4032 3359 4085 διὰ
3409 4031 3519 4086 τῶν
3556 4034 3703 4086 κατά

2097 4108 2290 4193 ’φύσιν
2326 4124 2536 4199 μορίων
2567 4124 2806 4178 ἐνταῦθα
2857 4124 2955 4189 τὴν
3011 4124 3170 4195 δίκην
3208 4123 3407 4189 ἔτισεν,
3438 4123 3589 4185 οὗτος
3654 4123 3703 4174 δ’

2127 4216 2397 4286 ὑπερόρια
2422 4217 2605 4286 πάσης
2645 4216 2862 4285 φύσεώς
2892 4233 2952 4270 τε
2983 4217 3080 4269 καὶ
3111 4217 3436 4288 ἐπιστήμης
3471 4219 3549 4279 είς
3567 4215 3705 4269 Θεὸν

440 4302 544 4361 rat
567 4307 712 4361 enim
750 4309 847 4363 Dei
884 4308 1113 4374 Filium,
1140 4310 1275 4365 licet
1305 4312 1546 4366 Verbum
1585 4311 1657 4366 sit
1684 4321 1739 4366 et
1769 4312 2017 4384 incorpo-

2132 4304 2620 4377 βεϐλασφημηκὼς
2660 4304 2944 4376 τερατώδη
3008 4305 3133 4358 τινὰ
3186 4305 3284 4359 καὶ
3332 4307 3486 4373 παρὰ
3539 4305 3706 4375 φύσιν

460 4404 569 4454 rcis
599 4400 810 4470 angelis
843 4402 1208 4472 pra-stantior,
1253 4412 1432 4457 tamen
1471 4404 1676 4474 percipi
1707 4404 1886 4461 oculis
1916 4421 2017 4461 non

2128 4397 2203 4460 ὡς
2233 4397 2294 4450 τὸ
2318 4397 2464 4462 είκὺς
2502 4396 2566 4470 [ί.
2603 4397 2706 4452 106
2734 4395 2818 4469 v.]
2850 4397 2946 4451 καὶ
2984 4398 3333 4469 μακροτέραν
3362 4396 3545 4455 δίδωσι
3605 4397 3707 4467 τὴν

456 4506 642 4561 posse.
697 4492 856 4547 Illum
892 4492 1037 4547 enim
1071 4494 1163 4563 qui
1215 4509 1381 4564 supra
1443 4496 1667 4566 angelos
1725 4497 2017 4553 collocatus

2130 4490 2305 4557 δίκην.
2346 4488 2676 4559 ’Υφειμένον
2716 4490 2817 4559 μὲν
2852 4488 2965 4560 γάρ
3003 4489 3257 4550 κάκεῖνος
3306 4488 3400 4540 τῖον
3442 4488 3570 4541 Υίδν
3609 4489 3709 4541 καὶ

455 4594 608 4639 esset
641 4592 698 4640 et
724 4586 1040 4655 angcJernm
1076 4588 1207 4648 dux,
1242 4586 1562 4657 particulam
1603 4587 1893 4658 quamdam
1928 4603 2017 4642 an-

2139 4583 2314 4650 Λόγον
2342 4581 2513 4636 εἰπὼν
2551 4580 2645 4635 τοῦ
2676 4581 2814 4636 Θεοῦ
2846 4584 2942 4636 καὶ
2974 4581 3086 4635 τῶν
3116 4582 3426 4651 ἀσωμάτων
3451 4579 3704 4647 ἀγγέλων

443 4677 704 4747 'gelornm
734 4678 1258 4734 animainl‘eriorum
1296 4681 1498 4736 habere
1526 4696 1637 4735 non
1671 4690 1888 4750 poterat
1935 4696 2017 4735 co-

2133 4674 2434 4745 ύτέρτερόν
2461 4689 2523 4727 τε
2572 4675 2681 4727 καῖ
2722 4673 3082 4744 δημιουργὸν,
3147 4676 3482 4741 σωματικοῖς
3555 4672 3710 4741 ὅμως

461 4770 655 4837 gitare.
680 4770 939 4825 Naturam
964 4788 1089 4827 esse
1121 4774 1191 4827 iis
1220 4775 1481 4829 omnibus
1501 4790 1623 4843 qua:
1652 4788 1885 4842 corpora
1915 4787 2017 4827 non

2133 4764 2331 4832 ὁρατὸν
2355 4764 2659 4835 ὀφθαλμοῖς
2688 4765 2751 4818 ού
2772 4764 3058 4832 δεδύνηται
3081 4767 3271 4833 φάναι.
3304 4764 3408 4816 Τὸν
3423 4766 3535 4833 γάρ
3558 4762 3704 4831 ὑπὲρ

464 4860 732 4914 haberent
767 4862 994 4925 sciebat,
1029 4874 1083 4916 at
1121 4862 1347 4918 tuinime
1378 4864 1622 4918 omnium
1656 4863 1834 4917 oculis
1867 4877 2017 4932 posse

2135 4855 2263 4919 τοὺς
2306 4855 2577 4924 ἀγγέλους
2603 4856 2697 4909 καὶ
2733 4857 2843 4909 τῶν
2881 4855 3132 4923 ἀγγέλων
3183 4855 3539 4925 προαγωγεία,
3599 4854 3712 4906 τῶν

464 4952 876 5019 comprehendi,
906 4955 1008 5010 nisi
1040 4957 1439 5011 de‘scendentize
1473 4956 1666 5010 ordine
1691 4969 1824 5009 usus
1851 4956 2017 5011 varia:

2138 4948 2390 5017 ἀγγέλων
2418 4949 2513 5001 καὶ
2542 4950 2649 5002 τῶν
2673 4948 2866 5018 ψυχῶν
2893 4948 2956 5000 τὸ
2999 4947 3221 5001 ἔλαττον
3279 4945 3427 5015 ἔχειν
3456 4946 3557 4997 οὐκ
3596 4940 3711 5016 εἶχε

464 5043 667 5096 t‘mmas
694 5043 1032 5102 distinxisset
1078 5049 1218 5109 Dens
1248 5048 1314 5101 ad
1358 5047 1636 5102 immensas
1667 5046 2017 5117 providentia

2140 5044 2281 5096 νοεῖν
2307 5057 2323 5073 ·
2356 5042 2520 5112 φύσιν
2545 5043 2655 5112 γάρ
2677 5037 2821 5095 εἶναι
2843 5043 2957 5105 τοῖς
2982 5040 3299 5109 ἀσωμάτοις
3326 5038 3537 5093 ἅπασιν
3566 5034 3713 5092 οἶδεν

468 5135 681 5200 modos,
716 5148 773 5190 ut
799 5139 968 5193 divini
1004 5139 1262 5194 Ecclesia:
1295 5137 1487 5195 Patres
1517 5140 1607 5194 hic
1650 5139 1759 5194 illic
1781 5138 2017 5195 distincti

2141 5135 2345 5204 ἥκιστα
2373 5135 2591 5187 πάντων
2626 5134 2968 5203 σωματικοῖς
2991 5133 3294 5203 ὀφθαλμοῖς
3316 5134 3545 5203 όρατὴν,
3569 5132 3714 5200 πλὴν

467 5227 703 5282 clamant
735 5237 791 5282 et
837 5245 939 5284 nos
985 5245 1206 5299 quoque
1257 5230 1491 5283 multum
1522 5244 1586 5283 ac
1630 5229 1831 5299 sapius
1862 5238 2015 5283 secut

2144 5227 2194 5277 εί
2228 5225 2303 5296 μὴ
2332 5224 2801 5290 συγκαταϐάσεως
2839 5225 3127 5295 οἰκονομίᾳ
3176 5224 3462 5296 χρώμενος
3520 5221 3715 5291 διαφόο

470 5320 595 5374 illos
633 5320 800 5376 locuti
851 5338 1064 5377 sumus.
1100 5322 1199 5376 llic
1237 5336 1366 5375 vero
1395 5322 1532 5375 dixit
1564 5331 1763 5391 prarter
1788 5320 2017 5375 substral

2146 5337 2274 5388 ρους
2312 5318 2638 5385 ἐπιφανείας
2670 5316 3003 5386 σχηματίζει
3028 5318 3163 5380 Θεὸς
3209 5317 3352 5371 κατά
3376 5333 3442 5385 γε
3474 5313 3716 5381 τοῦςτῆ’ς

474 5423 588 5466 tum
616 5413 736 5468 sine
759 5428 991 5482 corpore
1019 5423 1074 5468 et
1095 5413 1417 5468 exsistentia
1461 5428 1583 5467 esse
1617 5413 1815 5476 lucem,
1845 5428 2013 5480 corpo

2144 5411 2459 5482 ἀπορρήτου
2511 5409 2770 5477 προνοίας
2802 5409 3065 5476 τρόπους,
3117 5409 3193 5473 ὡς
3228 5409 3285 5463 οῖ
3311 5426 3371 5462 τε
3420 5409 3553 5461 θεῖοι
3616 5407 3718 5475 τῆς

472 5507 583 5561 reis
627 5507 788 5577 186
815 5500 946 5560 vero
976 5505 1153 5561 oculis
1181 5520 1344 5575 posse
1381 5505 1611 5575 percipi.
1659 5506 1792 5570 Quae
1822 5502 2017 5572 quidem

2158 5497 2486 5568 Ἐκκλησίας
2508 5498 2756 5569 Πατέρες
2783 5498 2897 5553 ἀνω
2927 5500 3026 5554 καὶ
3066 5501 3223 5554 κάτω
3249 5499 3553 5571 διαρρήδην
3580 5494 3721 5566 βοῶ-

472 5614 565 5651 res
602 5614 703 5653 nec
732 5608 938 5651 natura:
989 5613 1168 5667 neque
1221 5598 1597 5665 intelligentia:
1632 5595 1933 5650 rationibus
1961 5609 2017 5648 ce

2150 5609 2222 5654 σι,
2246 5591 2343 5643 καὶ
2388 5590 2550 5659 ἡμεῖς
2579 5590 2840 5660 ἀνωτέρω
2892 5591 3138 5662 πολλαχῆ
3196 5607 3255 5644 τε
3307 5594 3402 5645 καὶ
3458 5589 3721 5652 πολλάκις

470 5689 608 5746 dere
663 5689 861 5760 possit.
897 5689 990 5745 Ille
1024 5691 1190 5746 etiam
1212 5699 1533 5744 .crcaturam
1578 5686 1895 5757 appellavit,
1952 5700 2017 5740 se

2148 5682 2379 5745 ἐκείνοις
2404 5683 2663 5753 ἑπόμενοι
2710 5681 3089 5753 διεξήλθομεν.
3124 5674 3294 5746 υῦτος
3346 5682 3403 5736 δὲ
3452 5680 3589 5751 μετὰ
3620 5677 3719 5731 τοῦ
