4036 6210
263 279 348 344 ἶδί

1181 281 1628 344 ΒῩΖΑΝΤΙΝᾸΞ
1675 285 2062 344 ΗΙΞΤΟΒΙᾹΞ
2102 286 2256 346 LIB.
2297 287 2575 349 XXVIII.

3405 291 3506 356 lii-2

233 396 536 466 ’ὑφειμένου
571 395 662 448 καὶ
707 395 1005 464 ἀσώματον
1063 397 1197 450 αὐτὸ
1223 399 1318 451 καὶ
1353 398 1604 452 ἁνούσιον
1645 398 1819 466 λέγων

1936 397 2168 466 :onspici
2221 413 2381 466 posse
2415 415 2523 454 non
2567 414 2740 454 ausus
2787 409 2872 456 est
2915 398 3124 457 dicere.
3159 399 3268 456 Nec
3295 413 3505 458 naturae

253 491 382 560 φῶς,
433 489 768 557 σωματικοῖς
812 488 1113 558 ὀφθαλμοῖς
1184 488 1324 543 εἶναί
1385 509 1549 560 φησιν
1595 491 1814 560 ὁρατὸν,

253 583 480 652 πρᾶγμα
519 581 659 650 μήτε
693 584 760 651 τῇ
789 581 953 650 φύσει
997 583 1139 652 μήτε
1170 586 1280 646 τοῖς
1313 583 1412 649 τῆς
1459 586 1819 652 ἐπιστημονι-

251 669 349 731 atii;
379 667 634 736 γνώσεως
655 669 841 738 λόγοις
875 671 1173 740 χωρεῖσθαι
1192 671 1512 743 δυνάμενον.
1549 675 1816 736 Κάκεῖνος

254 763 344 832 μὲν
373 765 468 815 καὶ
503 763 714 829 κτίσμα
747 763 927 830 φήσας
958 763 1108 831 ὅμως
1141 764 1338 832 ὁρατὸν
1401 763 1500 816 οὐκ
1547 765 1830 834 ἐτόλμησε-

253 853 428 921 cpiunt,
488 853 625 924 μήτε
693 853 794 923 τῆς
855 853 1072 922 φύσεως
1133 855 1484 924 μεμνημένος
1537 852 1676 923 μήτε
1717 853 1818 920 τῆς

253 945 558 1013 ἐπιστήμης
595 943 830 1012 μηδαμῆ
893 943 1292 1015 συγχωρούσης
1353 944 1646 1007 ἀσωμάτου
1706 943 1822 996 κτί-

255 1035 451 1100 σματος
487 1033 677 1084 οὐσίαν
732 1031 873 1087 εἷναί
912 1051 1043 1086 ποτε
1109 1035 1444 1104 φαινομένην
1486 1037 1818 1103 σωματικοῖς

251 1125 567 1194 ὀφθαλμοῖς.
611 1121 788 1190 Οὗτος
830 1127 888 1180 δὲ
926 1129 1022 1184 καὶ
1037 1129 1296 1182 ἄκτιστον
1323 1129 1524 1197 λέγων,
1553 1129 1581 1182 ὃ
1615 1129 1819 1197 μᾶλλον

253 1217 448 1272 ἐκείνου
475 1219 667 1286 φεύγει
695 1220 794 1289 τὴν
824 1221 1045 1290 ὅρασιν,
1075 1221 1274 1292 ὁρατὸν
1312 1225 1340 1275 ό
1395 1223 1573 1278 πάντα
1617 1223 1819 1286 ἄτοπος

251 1315 334 1364 καὶ
371 1311 594 1381 ἀμαθὴς
634 1313 961 1383 ἀπεφήνατο
987 1330 1001 1346 ο
1047 1313 1075 1366 ὃ
1110 1317 1219 1383 γὰρ
1251 1314 1535 1376 ἄκτιστον,
1558 1315 1817 1384 ἀόρατον,

250 1404 300 1456 ού
326 1405 432 1472 μὴν
465 1403 492 1456 ὃ
525 1403 817 1459 κτιστὸν...
843 1406 1042 1476 ὁρατόν
1070 1422 1084 1436 ⁸
1117 1407 1328 1476 κτίσμα
1371 1407 1481 1476 γὰρ
1515 1405 1670 1470 ὄντες
1728 1407 1822 1460 καὶ

249 1496 460 1564 ἄγγελοι
496 1497 588 1549 καὶ
626 1496 798 1567 ψυχαὶ
837 1500 934 1551 καὶ
961 1501 1030 1551 τά.
1084 1513 1148 1565 γε
1208 1497 1440 1552 τοιαῦτα
1473 1499 1657 1568 ἥκισθ’
1691 1501 1823 1570 ὁρᾶ-

253 1589 361 1641 σθαι
393 1591 468 1658 τῇ
497 1587 657 1656 φύσει
696 1589 976 1643 δύνανται.
1013 1590 1126 1644 Καὶ
1159 1591 1220 1644 τό
1255 1608 1318 1658 γε
1353 1591 1539 1660 μεῖζον
1581 1593 1666 1645 ὅτι
1719 1595 1817 1644 καὶ

251 1681 494 1732 ἅνούσιον
519 1683 548 1734 ό
581 1681 794 1744 ἀνόσιος
835 1683 1013 1734 έκεῖνο
1053 1683 1176 1736 καθ’
1209 1683 1348 1736 αὒτὺ
1385 1683 1705 1755 προσειπὼν
1761 1686 1822 1736 τὸ

252 1773 352 1840 φῶς
401 1774 472 1825 οὑ
507 1771 742 1842 ξυνῆκεν
768 1774 852 1826 ὅτι
888 1775 1124 1842 μάλιστα
1164 1775 1384 1828 πάντων
1432 1776 1528 1828 καὶ
1564 1774 1633 1828 δι’
1686 1775 1820 1830 αὑτό

252 1881 304 1930 γε
331 1865 490 1917 τουτὶ
523 1865 661 1935 πρὸς
694 1866 758 1918 τὸ
789 1864 866 1936 μὴ
897 1862 1041 1919 εἶναι
1091 1867 1302 1938 χωροῦν
1339 1867 1574 1938 ἀόρατον
1598 1866 1677 1920 ἔτι
1722 1869 1825 1934 μά-

251 1956 390 2010 λιστα
440 1957 667 2011 πάντων
703 1960 843 2014 ἐστί.
885 1959 976 2012 Διὸ
1007 1962 1102 2014 καί
1140 1961 1212 2014 τὰ
1250 1946 1398 2032 παρὰ
1437 1961 1598 2029 φύσιν
1638 1963 1822 2014 ἐκεῖνα

253 2053 332 2104 καὶ
359 2052 646 2123 τερατώδη
681 2051 973 2116 πεπονθὼς
1003 2058 1096 2106 καὶ
1131 2053 1292 2118 αὐτὸς
1321 2055 1594 2120 ἐνταυθοῖ,
1632 2054 1825 2123 βιαίως
1845 2099 1874 2111 ι

249 2147 642 2216 ἀναπόμπιμον
672 2147 986 2222 ἀποῤῥῇξαι
1023 2149 1268 2218 βιάζεται
1305 2149 1405 2218 μὲν
1434 2148 1534 2216 τὴν
1604 2148 1822 2218 δυσώδη

249 2241 410 2312 ψυχὴν
452 2242 538 2302 εἰς
575 2243 676 2310 τὴν
711 2241 888 2309 βίαιον
923 2243 1140 2311 ἐκείνην
1179 2243 1272 2295 καὶ
1320 2243 1629 2312 ἀπέραντον
1666 2242 1826 2294 κόλα-

252 2347 344 2396 σιν,
377 2333 486 2385 οὐκ
522 2333 910 2402 ἀπορρήγνυσι
937 2333 992 2385 δὲ
1027 2333 1124 2385 τοῦ
1149 2333 1285 2386 Θεοῦ
1353 2332 1818 2402 προμηθουμέωυ

252 2427 332 2476 καὶ
369 2424 576 2492 καιρὸν
605 2423 732 2486 ἴσως
805 2420 960 2485 αύτῷ
996 2426 1291 2492 μετανοίας
1340 2423 1600 2486 διδόντος,
1637 2421 1710 2485 ὡς
1759 2421 1825 2474 ἂν

253 2517 294 2566 εἰ
325 2516 396 2585 μὴ
443 2516 616 2586 μέχρι
651 2515 770 2578 νῦν,
811 2514 948 2568 ἀλλὰ
974 2513 1070 2568 νῦν
1102 2516 1234 2583 γοῦν
1267 2515 1513 2585 ἡμιθανῆ
1570 2517 1664 2569 καὶ
1697 2515 1827 2583 ἠμί-

251 2619 404 2672 τομον
442 2605 596 2672 ὁρῶν
627 2603 843 2670 ἑαυτὸν,
880 2603 1084 2672 μᾶλλον
1114 2603 1170 2656 δὲ
1221 2602 1300 2670 τῷ
1325 2605 1536 2656 πλείονι
1577 2603 1670 2656 τοῦ
1722 2603 1828 2657 σῶ-

258 2713 410 2765 ματος
441 2696 609 2766 μέρει
649 2696 842 2766 βιαίως
873 2697 970 2750 καὶ
997 2697 1084 2750 διὰ
1131 2697 1276 2764 μάλα
1312 2697 1543 2766 μακρῶν
1582 2696 1682 2766 ἤδη
1719 2697 1827 2750 τῶν

255 2789 450 2859 χρόνων
487 2788 862 2858 ῥηγνύμενον,
895 2789 990 2841 καὶ
1012 2789 1040 2842 δ
1063 2788 1128 2859 ζῇ
1159 2789 1296 2858 πρὸς
1330 2790 1597 2860 αἰσχύνην
1623 2789 1826 2853 ζῶντα,

257 2883 344 2932 καὶ
363 2882 450 2932 τὸν
471 2884 576 2951 τῆς
601 2881 770 2934 αὐτοῦ
801 2883 1004 2944 κακίας
1060 2881 1281 2951 ἔλεγχον
1327 2883 1462 2934 πᾶσι
1523 2882 1829 2948 κατάδηλον

257 2975 647 3044 παρεχόμενον,
679 2976 705 3026 ό
731 2973 1082 3044 ταλαίπωρος
1110 2974 1352 3027 αἴσθοιτο
1399 2973 1569 3026 πόσου
1624 2974 1830 3040 χειμῶ-

1922 509 2134 548 ιιιριιιοι·
2165 511 2346 564 neque
2387 496 2766 564 intelligentia:
2791 511 2900 566 qua
2928 508 3196 550 creatura:
3231 513 3352 566 quae
3385 500 3505 554 sine

1919 600 2149 656 corpore
2172 596 2257 640 est
2287 587 2613 642 exsistentia
2645 605 2928 658 nunquam
2964 597 3192 658 apparet
3224 593 3506 659 corpOieis

1921 678 2120 732 oculis.
2155 679 2333 732 Etiam
2365 689 2612 734 creatum
2647 683 2790 750 quod
2817 681 2982 734 citius
3009 681 3103 744 illo
3138 683 3330 736 oculos
3364 683 3504 751 fugit

1923 769 2173 838 conspici
2225 785 2388 836 posse
2418 774 2640 838 ineptus
2676 773 2904 826 omnino
2943 781 3109 840 atque
3143 776 3364 843 ignarus
3415 775 3504 828 ille

1924 863 2155 932 putarit.
2181 862 2396 916 Etenim
2432 863 2578 932 quod
2620 879 2728 916 non
2763 873 3010 918 creatum
3051 873 3160 927 est,
3189 881 3297 918 non
3323 874 3508 933 potest

1923 953 1977 1008 id
2011 955 2280 1019 conspici,
2322 970 2424 1010 nec
2465 964 2646 1009 tamen
2671 955 2816 1026 quod
2853 967 3098 1010 creatum
3133 964 3314 1026 potest
3341 959 3505 1012 etiam

1922 1045 2194 1116 conspici.
2249 1046 2444 1101 Creata
2497 1047 2644 1101 enim
2696 1063 2820 1103 cum
2857 1049 2968 1102 sint
3008 1048 3184 1118 angeli
3225 1058 3280 1104 et
3311 1051 3508 1102 animae

1921 1145 1976 1188 et
2005 1151 2128 1204 quae
2153 1136 2354 1190 similia
2387 1147 2537 1198 sunt,
2567 1139 2814 1218 conspici
2849 1150 3028 1193 tamen
3049 1125 3370 1200 secundum
3411 1161 3421 1192 ι
3447 1158 3506 1193 a—

1923 1229 2102 1276 turam
2144 1223 2298 1276 nullo
2333 1224 2501 1278 modo
2533 1237 2787 1294 possunt.
2845 1228 2914 1281 Et
2944 1227 3091 1297 quod
3161 1229 3381 1298 gravius
3422 1240 3507 1284 est
3585 1259 3588 1264 -

1923 1328 2022 1383 per
2053 1329 2112 1368 se
2143 1315 2322 1384 ipsum
2353 1313 2462 1368 non
2490 1332 2610 1370 esse
2637 1317 2824 1371 lumen
2869 1318 3002 1372 illtnl
3043 1319 3244 1388 impius
3278 1321 3364 1374 ille
3395 1337 3506 1374 non

1924 1407 2336 1471 animadvertit,
2371 1409 2504 1462 illud
2549 1410 2728 1479 ipsum
2761 1413 2908 1480 quod
2942 1413 3008 1465 ad
3059 1428 3168 1466 non
3223 1428 3346 1468 esse
3387 1429 3512 1482 spe-

1925 1508 2101 1554 ctaret
2140 1501 2368 1556 minime
2425 1518 2523 1571 per
2579 1518 2637 1556 se
2683 1505 2834 1558 cerni
2895 1519 3078 1573 posse.
3139 1505 3508 1572 Quamobrem

1924 1593 2091 1646 etiam
2146 1609 2270 1646 cum
2335 1607 2530 1662 ιιι-αξιοι*
2579 1605 2834 1649 naturam
2887 1597 3233 1652 admirabilia
3273 1598 3360 1650 illa
3407 1597 3510 1666 ipsi

1925 1685 2280 1750 accidissent,
2309 1687 2668 1741 vehementer
2697 1699 2922 1764 coactus
2955 1689 3154 1744 {tedam
3176 1689 3414 1742 animam
3446 1685 3512 1744 ad

1927 1793 2148 1848 gravem
2176 1778 2322 1832 illam
2348 1790 2512 1849 atque
2546 1781 2815 1834 inﬁnitam
2849 1795 3068 1850 prunam
3103 1782 3310 1846 emisit,
3335 1797 3516 1850 neque

1933 1869 2046 1923 ullo
2095 1871 2301 1924 auxilio
2337 1888 2364 1924 a
2401 1872 2512 1926 Deo
2559 1873 2688 1926 dato
2727 1882 2822 1926 aut
2867 1886 3114 1944 tempore
3171 1875 3516 1944 pwtiitentiat

1926 1963 2270 2024 exercendae.
2302 1973 2360 2018 ut
2395 1965 2474 2018 sic
2505 1981 2613 2018 non
2651 1965 2717 2020 ad
2755 1966 2860 2020 hoc
2892 1982 3066 2034 usque
3099 1974 3335 2035 tempus.
3366 1979 3516 2018 nunc

1928 2061 2082 2106 certe
2127 2053 2550 2108 semimortuam
2585 2065 2640 2109 et
2699 2057 3054 2111 seniisertum
3113 2071 3172 2110 se
3217 2055 3411 2110 videns
3459 2065 3516 2110 et

1927 2145 2136 2214 majore
2189 2146 2438 2214 corporis
2471 2159 2624 2215 parte
2656 2148 3014 2201 vehementer
3049 2161 3106 2202 et
3157 2164 3256 2217 per
3289 2149 3514 2218 longum

1931 2245 2148 2306 tempus
2195 2237 2429 2292 fraetum
2465 2249 2522 2292 et
2579 2221 2737 2309 137
2772 2238 3030 2294 dedecori
3061 2255 3204 2301 esse.
3240 2257 3362 2309 quze
3389 2241 3514 2294 viva

1929 2340 2109 2384 essent
2141 2339 2193 2383 et
2225 2331 2522 2400 impietatis
2552 2347 2670 2384 suae
2701 2331 3060 2401 opprobrium
3097 2332 3354 2388 omnibus
3385 2347 3515 2402 pro-

1931 2421 2110 2488 palam
2142 2409 2352 2474 edittim
2393 2423 2739 2476 miserrimus
2779 2423 2870 2476 ille
2897 2422 3254 2492 intelligeret,
3291 2423 3518 2492 quantis

1929 2511 2229 2566 Ecclesium
2264 2515 2526 2568 :erumnis
2555 2509 2942 2583 implicaverit.
2985 2515 3121 2570 Nam
3152 2531 3218 2569 ex
3250 2516 3517 2584 proximis

1933 2603 2154 2658 indiciis
2181 2615 2234 2658 et
2265 2605 2436 2674 signis
2468 2615 2689 2674 poterat
2712 2605 2947 2674 quisque
2986 2606 3254 2676 consequi
3289 2606 3522 2660 innuen-

1931 2709 2047 2750 sam
2102 2695 2394 2764 utriusque
2446 2697 2827 2764 impietatem,
2867 2707 3033 2765 atque
3095 2698 3238 2766 ignis
3297 2699 3519 2766 utrique

1931 2785 2134 2840 ibidem
2161 2785 2478 2848 cumulatus
2511 2788 2562 2840 in
2589 2785 2836 2840 laturum
2862 2803 3084 2856 quoque
3105 2789 3329 2856 utrique
3359 2789 3518 2842 attri-

1931 2880 2097 2933 butus
2117 2878 2243 2931 erit.
2277 2877 2392 2932 Arii
2435 2880 2584 2934 enim
2615 2894 2773 2948 pmna
2811 2879 3087 2934 mundana
3121 2880 3244 2948 plus
3277 2879 3522 2934 lenitatis

1933 2971 2208 3035 habebat;
2247 2971 2480 3026 Palamae
2519 2957 2702 3025 autem
2753 2985 2915 3040 paena
2960 2986 2990 3024 a
3019 2969 3246 3026 lenitate
3286 2971 3517 3026 multum

253 3080 328 3127 vo;
357 3066 452 3138 τῂν
509 3065 842 3133 Ἐκκλησίαν
873 3066 1256 3135 ἐμπέπληκεν.
1299 3065 1388 3128 Ὠς
1413 3067 1476 3118 ὲκ
1507 3066 1616 3118 τῶν
1643 3068 1830 3118 τελευ-

1936 3061 2134 3117 abfuit.
2177 3061 2258 3114 llli
2305 3061 2454 3115 enim
2491 3061 2885 3115 intestinorum
2925 3061 3162 3129 dejectio
3195 3070 3320 3115 ante
3377 3061 3520 3115 laeta

253 3158 406 3210 ταίων
433 3157 736 3226 ἐμφάσεων
766 3159 862 3210 καὶ
900 3157 1195 3227 συμϐόλων
1225 3157 1374 3227 ἔχειν
1437 3158 1656 3211 ἅπαντὰ
1708 3175 1832 3210 τινα

252 3251 648 3320 τεκμαίρεσθαι
708 3251 806 3323 ἤδη
869 3251 967 3318 τῆς
1037 3267 1095 3302 τε
1154 3250 1414 3316 ἀσεϐείας
1472 3251 1739 3321 ἑκατέρου
1775 3249 1836 3302 τὸ

253 3339 594 3409 ὕπερσάλλον
627 3334 694 3410 ἧς
720 3341 822 3392 ἀνὰ
855 3340 1022 3408 μέρος
1077 3337 1346 3408 ἑκάτερος
1376 3339 1621 3408 ἐκατέρῳ
1651 3355 1836 3391 κενοι-

251 3433 572 3500 νοινήκεσαν
619 3430 890 3492 ἐνταυθοῖ,
931 3431 1025 3484 καὶ
1090 3431 1207 3499 ἅμα
1256 3433 1354 3502 τῆς
1393 3432 1835 3501 τεταμιευμένης

250 3524 486 3596 ἑκατέρῳ
534 3525 600 3598 [1⁵.
637 3526 741 3581 107
771 3525 841 3598 r.]
877 3526 1076 3595 φλογὸς
1127 3527 1184 3586 ἐς
1213 3525 1275 3577 τὸ
1327 3525 1544 3595 μέλλον,
1602 3524 1636 3596 ἢ
1691 3524 1831 3578 κατὰ

247 3619 302 3668 τὸ
322 3618 600 3686 ἀνάλογον
636 3618 922 3687 ἑκατέροις
971 3619 1090 3690 ἐκεῖ
1121 3616 1582 3688 τεθησαύρισται.
1632 3617 1834 3686 Ἀρείῳ

253 3711 480 3780 μὲνγὰρ
540 3711 574 3780 ἡ
608 3709 708 3777 τῆς
757 3709 993 3762 ἐνταῦθα
1043 3709 1320 3772 κολάσεως
1391 3708 1618 3775 ἔνδειξις
1671 3709 1834 3764 πλέον

251 3797 348 3870 εἶχε
405 3803 511 3856 τοῦ
557 3801 884 3865 κολάζοντος
936 3800 998 3853 τὸ
1079 3801 1425 3872 φειδόμενον,
1481 3802 1720 3873 Παλαμᾷ
1775 3802 1832 3854 δὲ

1942 3173 2103 3227 quam
2145 3171 2260 3210 rem
2305 3155 2517 3218 sensit,
2575 3155 2727 3210 leves
2777 3165 2944 3226 atque
2990 3157 3240 3210 inlirmos
3283 3156 3524 3210 reddidit

1939 3251 2164 3304 dolores
2190 3249 2280 3318 qui
2313 3265 2478 3304 sensu
2506 3247 2723 3302 sublato
2743 3264 2942 3318 corpus
2965 3249 3169 3302 frustra
3189 3248 3521 3322 amigebant.

1941 3343 2083 3397 Huic
2117 3359 2249 3396 vero
2271 3341 2548 3396 acerbitas
2577 3341 2827 3395 laborum
2862 3357 2985 3395 cum
3023 3341 3362 3410 turpitudine
3389 3356 3524 3394 ceu-

1937 3433 2129 3504 juncta
2193 3431 2258 3485 ad
2312 3431 2738 3486 similitudinem
2802 3431 3150 3485 miseriarum
3207 3430 3524 3484 Judzeorunt

1938 3535 2142 3578 aeterna
2207 3522 2298 3576 illa
2363 3523 2417 3576 in
2481 3523 2670 3576 futuro
2732 3521 3010 3590 supplicia.
3059 3520 3330 3590 depinxit.
3369 3519 3526 3576 Unde
3595 3567 3602 3572 .

1939 3613 2198 3670 concludi
2239 3623 2440 3684 potest,
2492 3615 2600 3667 imo
2635 3613 2786 3677 sciri,
2828 3613 3003 3666 multo
3032 3618 3339 3672 graviorem
3374 3612 3528 3666 Pala—

1939 3724 2040 3762 ma:
2073 3722 2289 3777 pinnam
2315 3722 2437 3762 esse
2459 3708 2858 3776 praescriptam,
2891 3722 3056 3776 quant
3078 3705 3212 3760 Airo
3239 3706 3318 3762 illi
3357 3707 3528 3774 impio

1938 3801 2008 3854 ab
2042 3798 2253 3852 insania
2283 3797 2354 3851 ita
2381 3797 2686 3854 nominato.

255 3893 402 3946 πλέον
428 3891 540 3946 τοῦ
565 3891 892 3962 φειδομένου
946 3885 1144 3962 μακρῷ
1174 3891 1236 3945 τὸ
1279 3893 1532 3957 κολάζον.
1589 3891 1680 3962 Τῷ
1733 3892 1832 3961 μὲν
1872 3892 1981 3963 γὰρ
2023 3893 2056 3962 ἡ
2103 3891 2212 3944 τῶν
2284 3891 2617 3962 σπλάγχνων
2652 3891 2889 3954 κένωσις
2961 3889 3224 3958 φθάσασα
3273 3891 3371 3958 τὴν
3432 3888 3527 3942 τοῦ

253 3984 530 4058 δράματος
565 3985 826 4056 αἴσθησιν
856 3985 1118 4057 ἄπρακτα
1180 3987 1366 4055 μένειν
1427 3987 1494 4038 τὰ
1533 3986 1634 4050 τῆς
1703 3985 1896 4055 ὀδύνης
1937 3987 2248 4054 ἐπεπράχει
2289 3984 2441 4054 βέλη,
2474 3983 2612 4052 πρὸς
2640 3983 2778 4044 τέως
2803 3981 3177 4052 ἀναισθητοῦν
3209 3983 3529 4052 ἐρειδόμενει

253 4082 402 4152 σῶμα
424 4103 440 4114 ·
476 4081 566 4150 τῷ
605 4080 650 4132 δ’
682 4081 714 4150 ή
747 4080 869 4150 μετ’
888 4079 1154 4149 αἰσχύνης
1177 4077 1450 4149 δριμύτης
1476 4079 1703 4133 ἐκείνων
1725 4079 1833 4131 τῶν
1879 4077 2083 4144 πόνων,
2110 4081 2188 4142 είς
2211 4077 2470 4150 ὁμόνοιαν
2498 4080 2612 4139 τοῖς
2665 4077 2842 4131 Ἰούδα
2899 4078 3150 4148 κιρνῶσα
3179 4079 3529 4148 παθήμασιν,

249 4178 328 4232 ἐπ’
355 4179 486 4246 ῐσης
515 4175 716 4244 ἐκείνῳ
740 4173 831 4227 καὶ
861 4171 960 4244 τὴν
989 4173 1099 4225 τῶν
1168 4171 1471 4242 μελλόντων
1506 4173 1742 4226 αἰωνίων
1802 4171 1992 4225 δεινῶν
2053 4171 2565 4242 προεζωγράφησεν
2599 4170 2818 4225 ἕνωσιν.
2865 4171 2952 4234 Ὠς
3006 4173 3250 4236 εἰκάζειν
3273 4167 3416 4226 εἶναι
3443 4175 3532 4226 έν-

248 4272 457 4337 τεῦθεν,
497 4267 706 4340 μᾶλλον
737 4267 780 4320 δ’
813 4268 914 4320 οὐκ
936 4265 1204 4331 εἰκάζειν,
1235 4263 1352 4318 ἀλλ’
1380 4265 1606 4331 εἰδέναι,
1635 4265 1834 4335 μακρῷ
1873 4283 1982 4319 τινι
2045 4265 2219 4336 μείζω
2261 4262 2662 4364 τεταμιεῦκσθαι
2733 4266 2970 4339 Ιιαλαρᾷ
3037 4267 3134 4338 τὴν
3186 4267 3532 4322 κολάσουσαν

249 4367 455 4420 ἔκτισιν
492 4364 531 4434 ἢ
551 4359 802 4428 κατακτὸν
830 4359 1074 4428 δυσσεϐῆ
1092 4359 1191 4428 τῆς
1225 4359 1426 4427 μανίας
1452 4357 1662 4410 ἐκεῖνον
1687 4356 1979 4429 ἐπώνυμον
2009 4361 2250 4430 Ἀρειον.

311 4462 390 4518 8'.
535 4459 740 4527 λέγεις.
771 4457 936 4526 ’Δρτι
959 4455 1016 4508 δὲ
1039 4453 1137 4518 τὰς
1165 4454 1360 4525 ἠρινὰς
1402 4453 1495 4506 τοῦ
1531 4455 1684 4524 ἡλίου
1713 4471 1840 4526 τρο-
1866 4457 1917 4515 D

247 4556 350 4621 πὲις
405 4551 900 4621 παραλλάττοντος
956 4551 1052 4601 καὶ
1110 4547 1205 4600 τοῦ
1257 4545 1722 4618 Καντακουζηνοῦ
1769 4551 1835 4619 τῇ

259 4645 574 4718 ὀρεστιὰδι
606 4641 1042 4712 ἑνδιατρίῦοντος
1093 4639 1202 4704 ἔτι,
1249 4639 1517 4708 αἰφνίδιον
1544 4640 1572 4691 ὁ
1600 4639 1836 4692 [Ιαλαιοο

249 4739 400 4806 λόγος
430 4727 1152 4806 ὲπιφαίνε’ται,περιπλέων
1183 4731 1284 4784 τὸν
1320 4731 1460 4802 περὶ
1507 4730 1568 4784 τὸ
1635 4731 1842 4786 Βυζαν-

249 4847 356 4884 τιον
380 4829 646 4902 πορθμὸν
681 4825 906 4896 λέμϐοις
928 4823 1063 4892 ὁμοῦ
1091 4825 1188 4876 καὶ
1227 4826 1490 4893 μονήρεσι
1531 4825 1627 4878 καὶ
1659 4822 1841 4893 διήρε-

253 4939 332 4977 σιν
363 4919 757 4978 ὀκτωκαίδεκα
779 4916 880 4971 καὶ
898 4915 1118 4986 τριήρει
1151 4915 1274 4986 μιᾷ·
1313 4914 1341 4967 ὃ
1381 4915 1477 4966 καὶ
1510 4915 1731 4986 μακρὰν
1767 4913 1842 4980 τῷ

251 5011 729 5084 Καντακουζηνοῦ
767 5010 868 5083 τὴν
889 5009 1096 5065 δειλίαν
1131 5007 1418 5076 ἐνεποίησε
1476 5008 1659 5076 μέρει.
1694 5003 1842 5058 ἹῙκε

253 5116 357 5180 γαρ
397 5110 662 5168 ἐλπίσας,
691 5107 766 5167 ὡς
796 5103 952 5174 φασὶ,
989 5102 1180 5173 ῥᾳδίαν
1213 5101 1364 5169 αὐτῷ
1397 5099 1498 5170 τὴν
1529 5101 1608 5162 εἰς
1638 5098 1845 5162 Βυζάν-

253 5223 358 5257 τιον
381 5204 599 5256 εἴσοδον
629 5199 876 5264 ἔσεσθαι,
907 5198 1040 5269 πρός
1073 5211 1234 5249 τινων
1274 5193 1462 5264 κρύφα
1507 5193 1846 5262 διαμηνυσα-

255 5299 436 5370 μένων
459 5295 618 5364 αὐτῷ
645 5295 754 5365 πρὸ
795 5291 1024 5362 βραχέος
1045 5290 1108 5343 τὸ
1129 5289 1225 5343 τοῦ
1257 5287 1610 5357 συνθήματος
1636 5287 1842 5356 δρᾶμα.

263 5391 422 5443 Ἐπεὶ
445 5389 496 5441 δ’
531 5390 564 5455 ἡ
586 5387 796 5454 βασιλὶς
827 5385 1036 5454 Εἰρήνη
1081 5381 1337 5450 διανέστη
1381 5395 1440 5433 τε
1498 5378 1847 5449 παραχρῆμα

251 5487 344 5536 καὶ
375 5481 831 5552 δραστικώτερον
859 5478 892 5548 ἢ
921 5477 1064 5530 κατὰ
1088 5474 1408 5544 γυναικείαν
1437 5471 1600 5541 φύσιν
1630 5472 1848 5542 διανοη-

255 5577 479 5644 σαμένη
547 5573 642 5634 τὰς
683 5569 1030 5641 πανταχόθεν
1086 5565 1546 5634 ὑποπτευομένας
1605 5563 1848 5626 εἰσόδιυς

253 5669 496 5738 τάχιστα
533 5663 873 5734 ἡσφαλίσατό
905 5679 964 5714 τε
992 5660 1086 5714 καὶ
1126 5661 1240 5712 τῶν
1268 5657 1737 5726 ὑποπτευομένων
1771 5655 1847 5708 ἔτι

255 5763 586 5828 προσώπων
631 5759 782 5823 ἐντὸς
836 5755 1132 5822 Βυζαντίου
1186 5753 1287 5818 τὰς
1340 5751 1518 5822 ὁρμὰς
1573 5749 1850 5810 ἀνέστειλε

2025 4455 2118 4509 lX.
2149 4455 2293 4510 Bene
2327 4469 2548 4521 narras;
2584 4455 2822 4523 peractis
2869 4455 3018 4512 enim
3065 4454 3250 4508 vernis
3279 4456 3530 4510 solstitiis

1947 4551 2076 4605 dum
2113 4550 2534 4606 Cantaeuzenus
2561 4547 2850 4603 Orestiade
2903 4557 3304 4610 commoratur,
3348 4548 3532 4601 subito

1947 4643 2288 4714 PalaeolOgus
2343 4642 2492 4696 venit
2545 4642 2614 4693 ad
2649 4641 3006 4709 Bgzantinum
3049 4641 3250 4693 ostium
3299 4642 3534 4696 naribus

1951 4736 2198 4808 appulsis
2231 4734 2574 4790 uniremibus
2629 4744 2682 4786 et
2735 4730 3042 4785 diremibus
3072 4731 3447 4802 duodeviginti
3479 4745 3537 4788 et

1951 4827 2164 4880 triremi
2197 4840 2325 4878 una.
2350 4824 2479 4889 Quae
2516 4836 2601 4875 res
2643 4837 2902 4890 maguum
2934 4821 3304 4878 Cantaeuzeni
3349 4825 3539 4878 militi-

1951 4920 2055 4975 bus
2073 4933 2336 4974 terrorem
2367 4916 2575 4986 injecit.
2603 4915 2657 4969 In
2683 4929 2782 4984 spe
2814 4915 2962 4969 enim
3004 4917 3166 4987 188
3185 4928 3412 4972 venerat
3441 4918 3538 4990 ille

1954 5013 2124 5068 fuisse
2161 5011 2276 5068 iure
2327 5023 2386 5066 ut
2418 5010 2580 5064 fat-ile
2617 5008 2940 5080 Byzantium
2977 5008 3234 5062 introiret
3275 5009 3411 5062 clam
3443 5025 3539 5064 ae-

1953 5107 2130 5176 ceptis
2179 5105 2330 5158 brevi
2396 5103 2464 5156 de
2516 5116 2701 5154 rerum
2752 5100 3064 5155 conditione
3102 5099 3336 5155 nitntiis.
3383 5100 3539 5156 lrene

1955 5207 2138 5251 autem
2186 5195 2376 5264 regina
2433 5209 2558 5248 cum
2625 5193 2808 5246 subito
2837 5207 2895 5246 se
2935 5193 3202 5247 erexisset
3255 5201 3308 5245 et
3355 5193 3540 5245 animo

1955 5291 2168 5345 acriore
2198 5303 2360 5357 quam
2385 5301 2494 5356 quo
2529 5286 2791 5340 mulieres
2819 5285 3020 5351 solent,
3049 5301 3234 5338 rerum
3265 5287 3539 5356 gerenda-

1958 5401 2078 5440 rum
2108 5384 2396 5438 consilium
2432 5381 2698 5452 cepisset,
2731 5377 2961 5433 lubricis
2999 5379 3206 5446 ubique
3239 5378 3343 5434 viis
3373 5396 3541 5449 quam

1957 5475 2252 5531 celerrime
2285 5473 2517 5527 munitis
2565 5481 2621 5526 et
2673 5471 2726 5525 in
2763 5471 3089 5542 periculosis
3123 5469 3374 5542 Byzantii
3419 5487 3543 5538 pro-

1959 5559 2282 5638 pugnaculis
2327 5565 2612 5633 cepiarnm
2644 5563 2998 5618 multitudine
3032 5563 3328 5628 collocata,
3365 5563 3542 5616 tribus

1959 5665 2082 5726 post
2113 5655 2309 5708 diebus
2333 5667 2458 5707 eum
2486 5651 2704 5708 infectis
2736 5653 2900 5706 rebus
2929 5651 3079 5705 abire
3110 5653 3310 5719 coegit.
3346 5651 3541 5704 Decem

1963 5749 2170 5803 interea
2221 5737 2596 5816 pra'terlapsis
2655 5745 2852 5800 diebus
2910 5741 3330 5798 Cantacuzeuus
3383 5739 3547 5798 Ores-
