  <div class='ocr_page' id='page_1' title='image "/cluster/home/n/w/nwhite01/storage/ocr_20150623/149/hvd.32044073498818/085.png"; bbox 0 0 4036 6210; ppageno 0'>
   <div class='ocr_carea' id='block_1_1' title="bbox 500 322 601 387">
    <p class='ocr_par' dir='ltr' id='par_1_1' title="bbox 500 322 601 387">
     <span class='ocr_line' id='line_1_1' title="bbox 500 322 601 387; baseline -0.059 0"><span class='ocrx_word' id='word_1_1' title='bbox 500 322 601 387; x_wconf 64' lang='grc'><strong>16⁸2</strong></span> 
     </span>
    </p>
   </div>
   <div class='ocr_carea' id='block_1_2' title="bbox 1704 274 2556 370">
    <p class='ocr_par' dir='ltr' id='par_1_2' title="bbox 1704 274 2556 370">
     <span class='ocr_line' id='line_1_2' title="bbox 1704 274 2556 370; baseline 0 -2"><span class='ocrx_word' id='word_1_2' title='bbox 1704 309 2123 370; x_wconf 79' lang='lat' dir='ltr'><strong>NICEPHORI</strong></span> <span class='ocrx_word' id='word_1_3' title='bbox 2167 274 2556 368; x_wconf 70' lang='lat' dir='ltr'><strong>Gnaeum</strong></span> 
     </span>
    </p>
   </div>
   <div class='ocr_carea' id='block_1_3' title="bbox 3641 306 3764 378">
    <p class='ocr_par' dir='ltr' id='par_1_3' title="bbox 3641 306 3764 378">
     <span class='ocr_line' id='line_1_3' title="bbox 3641 306 3764 378; baseline 0 -10"><span class='ocrx_word' id='word_1_4' title='bbox 3641 306 3764 378; x_wconf 50' lang='lat' dir='ltr'><strong>ili-Ii,</strong></span> 
     </span>
    </p>
   </div>
   <div class='ocr_carea' id='block_1_4' title="bbox 496 418 2075 500">
    <p class='ocr_par' dir='ltr' id='par_1_4' title="bbox 496 420 2075 500">
     <span class='ocr_line' id='line_1_4' title="bbox 496 420 2075 500; baseline -0.013 -9"><span class='ocrx_word' id='word_1_5' title='bbox 496 435 645 491; x_wconf 88' lang='lat' dir='ltr'><strong>tiade</strong></span> <span class='ocrx_word' id='word_1_6' title='bbox 671 433 859 488; x_wconf 82' lang='lat' dir='ltr'><strong>relicta</strong></span> <span class='ocrx_word' id='word_1_7' title='bbox 894 426 1214 500; x_wconf 72' lang='lat' dir='ltr'><strong>Byzantium</strong></span> <span class='ocrx_word' id='word_1_8' title='bbox 1238 422 1309 478; x_wconf 88' lang='lat' dir='ltr'><strong>ob</strong></span> <span class='ocrx_word' id='word_1_9' title='bbox 1332 436 1450 476; x_wconf 86' lang='lat' dir='ltr'><strong>cam</strong></span> <span class='ocrx_word' id='word_1_10' title='bbox 1477 435 1694 475; x_wconf 88' lang='lat' dir='ltr'><strong>causam</strong></span> <span class='ocrx_word' id='word_1_11' title='bbox 1727 420 1920 473; x_wconf 90' lang='lat' dir='ltr'><strong>itinere</strong></span> <span class='ocrx_word' id='word_1_12' title='bbox 1948 435 2075 472; x_wconf 81' lang='lat' dir='ltr'><strong>eon—</strong></span> 
     </span>
    </p>
   </div>
   <div class='ocr_carea' id='block_1_5' title="bbox 2180 418 3749 500">
    <p class='ocr_par' dir='ltr' id='par_1_5' title="bbox 2180 418 3749 489">
     <span class='ocr_line' id='line_1_5' title="bbox 2180 418 3749 489; baseline -0.001 -17"><span class='ocrx_word' id='word_1_13' title='bbox 2180 423 2320 472; x_wconf 73' lang='lat' dir='ltr'><strong>m’wo</strong></span> <span class='ocrx_word' id='word_1_14' title='bbox 2343 423 2588 488; x_wconf 80' lang='grc' dir='ltr'><strong>ταχείαις</strong></span> <span class='ocrx_word' id='word_1_15' title='bbox 2639 419 2850 489; x_wconf 72' lang='grc' dir='ltr'>χερσὶν,</span> <span class='ocrx_word' id='word_1_16' title='bbox 2901 419 3184 486; x_wconf 77' lang='grc' dir='ltr'>ἄπρακτον</span> <span class='ocrx_word' id='word_1_17' title='bbox 3251 418 3412 470; x_wconf 82' lang='grc' dir='ltr'>αὑτὸν</span> <span class='ocrx_word' id='word_1_18' title='bbox 3460 419 3518 470; x_wconf 74' lang='grc' dir='ltr'><strong>έν</strong></span> <span class='ocrx_word' id='word_1_19' title='bbox 3561 423 3749 485; x_wconf 76' lang='grc' dir='ltr'>τρισὶν</span> 
     </span>
    </p>
   </div>
   <div class='ocr_carea' id='block_1_6' title="bbox 500 511 2076 588">
    <p class='ocr_par' dir='ltr' id='par_1_6' title="bbox 500 511 2076 588">
     <span class='ocr_line' id='line_1_6' title="bbox 500 511 2076 588; baseline -0.013 -4"><span class='ocrx_word' id='word_1_20' title='bbox 500 529 696 584; x_wconf 91' lang='lat' dir='ltr'><strong>tendit.</strong></span> <span class='ocrx_word' id='word_1_21' title='bbox 727 527 793 580; x_wconf 84' lang='lat' dir='ltr'><strong>Et</strong></span> <span class='ocrx_word' id='word_1_22' title='bbox 824 540 948 578; x_wconf 89' lang='lat' dir='ltr'><strong>cum</strong></span> <span class='ocrx_word' id='word_1_23' title='bbox 973 526 1029 574; x_wconf 80' lang='lat' dir='ltr'><strong>in</strong></span> <span class='ocrx_word' id='word_1_24' title='bbox 1081 517 1392 587; x_wconf 83' lang='lat' dir='ltr'><strong>suspicione</strong></span> <span class='ocrx_word' id='word_1_25' title='bbox 1424 513 1804 583; x_wconf 83' lang='lat' dir='ltr'><strong>patriarcham</strong></span> <span class='ocrx_word' id='word_1_26' title='bbox 1849 511 2076 588; x_wconf 76' lang='lat' dir='ltr'><strong>haberet</strong></span> 
     </span>
    </p>
   </div>
   <div class='ocr_carea' id='block_1_7' title="bbox 497 598 2073 674">
    <p class='ocr_par' dir='ltr' id='par_1_7' title="bbox 497 598 2073 674">
     <span class='ocr_line' id='line_1_7' title="bbox 497 598 2073 674; baseline -0.013 -3"><span class='ocrx_word' id='word_1_27' title='bbox 497 635 622 672; x_wconf 90' lang='lat' dir='ltr'><strong>cum</strong></span> <span class='ocrx_word' id='word_1_28' title='bbox 665 619 735 671; x_wconf 88' lang='lat' dir='ltr'><strong>ob</strong></span> <span class='ocrx_word' id='word_1_29' title='bbox 776 616 913 668; x_wconf 81' lang='lat' dir='ltr'><strong>alias</strong></span> <span class='ocrx_word' id='word_1_30' title='bbox 947 625 1138 664; x_wconf 82' lang='lat' dir='ltr'><strong>eausas</strong></span> <span class='ocrx_word' id='word_1_31' title='bbox 1166 622 1275 659; x_wconf 90' lang='lat' dir='ltr'><strong>tum</strong></span> <span class='ocrx_word' id='word_1_32' title='bbox 1313 598 1654 674; x_wconf 87' lang='lat' dir='ltr'><strong>potissimum</strong></span> <span class='ocrx_word' id='word_1_33' title='bbox 1677 603 1746 655; x_wconf 92' lang='lat' dir='ltr'><strong>ob</strong></span> <span class='ocrx_word' id='word_1_34' title='bbox 1781 601 2073 653; x_wconf 86' lang='lat' dir='ltr'><strong>amicitiam</strong></span> 
     </span>
    </p>
   </div>
   <div class='ocr_carea' id='block_1_8' title="bbox 498 692 2075 777">
    <p class='ocr_par' dir='ltr' id='par_1_8' title="bbox 498 692 2075 777">
     <span class='ocr_line' id='line_1_8' title="bbox 498 692 2075 777; baseline -0.013 -15"><span class='ocrx_word' id='word_1_35' title='bbox 498 725 603 777; x_wconf 82' lang='lat' dir='ltr'><strong>qua</strong></span> <span class='ocrx_word' id='word_1_36' title='bbox 647 707 1015 776; x_wconf 86' lang='lat' dir='ltr'><strong>propenderet</strong></span> <span class='ocrx_word' id='word_1_37' title='bbox 1071 700 1122 752; x_wconf 88' lang='lat' dir='ltr'><strong>in</strong></span> <span class='ocrx_word' id='word_1_38' title='bbox 1184 697 1545 764; x_wconf 69' lang='lat' dir='ltr'><strong>Palu-ologum</strong></span> <span class='ocrx_word' id='word_1_39' title='bbox 1579 735 1592 757; x_wconf 87' lang='lat'><strong>,</strong></span> <span class='ocrx_word' id='word_1_40' title='bbox 1649 692 2075 761; x_wconf 77' lang='lat' dir='ltr'><strong>prudentissime</strong></span> 
     </span>
    </p>
   </div>
   <div class='ocr_carea' id='block_1_9' title="bbox 499 784 2077 858">
    <p class='ocr_par' dir='ltr' id='par_1_9' title="bbox 499 784 2077 858">
     <span class='ocr_line' id='line_1_9' title="bbox 499 784 2077 858; baseline -0.012 -4"><span class='ocrx_word' id='word_1_41' title='bbox 499 801 603 854; x_wconf 86' lang='lat' dir='ltr'><strong>sibi</strong></span> <span class='ocrx_word' id='word_1_42' title='bbox 638 800 791 852; x_wconf 89' lang='lat' dir='ltr'><strong>visus</strong></span> <span class='ocrx_word' id='word_1_43' title='bbox 819 807 905 849; x_wconf 88' lang='lat' dir='ltr'><strong>est</strong></span> <span class='ocrx_word' id='word_1_44' title='bbox 953 788 1286 858; x_wconf 54' lang='lat' dir='ltr'><strong>experiendo</strong></span> <span class='ocrx_word' id='word_1_45' title='bbox 1335 803 1454 841; x_wconf 85' lang='lat' dir='ltr'><strong>esse</strong></span> <span class='ocrx_word' id='word_1_46' title='bbox 1483 789 1604 857; x_wconf 84' lang='lat' dir='ltr'><strong>ejus</strong></span> <span class='ocrx_word' id='word_1_47' title='bbox 1644 787 1698 838; x_wconf 91' lang='lat' dir='ltr'><strong>in</strong></span> <span class='ocrx_word' id='word_1_48' title='bbox 1735 800 1792 838; x_wconf 91' lang='lat' dir='ltr'><strong>se</strong></span> <span class='ocrx_word' id='word_1_49' title='bbox 1824 784 2077 837; x_wconf 83' lang='lat' dir='ltr'><strong>volunta—</strong></span> 
     </span>
    </p>
   </div>
   <div class='ocr_carea' id='block_1_10' title="bbox 503 878 2077 950">
    <p class='ocr_par' dir='ltr' id='par_1_10' title="bbox 503 878 2077 950">
     <span class='ocr_line' id='line_1_10' title="bbox 503 878 2077 950; baseline -0.011 -5"><span class='ocrx_word' id='word_1_50' title='bbox 503 903 609 946; x_wconf 83' lang='lat' dir='ltr'><strong>tem</strong></span> <span class='ocrx_word' id='word_1_51' title='bbox 646 889 1050 944; x_wconf 90' lang='lat' dir='ltr'><strong>intellecturus.</strong></span> <span class='ocrx_word' id='word_1_52' title='bbox 1080 882 1224 935; x_wconf 83' lang='lat' dir='ltr'><strong>Misit</strong></span> <span class='ocrx_word' id='word_1_53' title='bbox 1269 880 1436 950; x_wconf 78' lang='lat' dir='ltr'><strong>igitur</strong></span> <span class='ocrx_word' id='word_1_54' title='bbox 1459 878 1552 946; x_wconf 90' lang='lat' dir='ltr'><strong>qui</strong></span> <span class='ocrx_word' id='word_1_55' title='bbox 1579 892 1644 930; x_wconf 79' lang='lat' dir='ltr'><strong>ex</strong></span> <span class='ocrx_word' id='word_1_56' title='bbox 1675 891 1741 930; x_wconf 90' lang='lat' dir='ltr'><strong>eo</strong></span> <span class='ocrx_word' id='word_1_57' title='bbox 1768 883 2077 944; x_wconf 63' lang='lat' dir='ltr'><strong>quaererent</strong></span> 
     </span>
    </p>
   </div>
   <div class='ocr_carea' id='block_1_11' title="bbox 501 969 2078 1036">
    <p class='ocr_par' dir='ltr' id='par_1_11' title="bbox 501 969 2078 1036">
     <span class='ocr_line' id='line_1_11' title="bbox 501 969 2078 1036; baseline -0.011 0"><span class='ocrx_word' id='word_1_58' title='bbox 501 999 631 1036; x_wconf 87' lang='lat' dir='ltr'><strong>num</strong></span> <span class='ocrx_word' id='word_1_59' title='bbox 669 983 904 1034; x_wconf 87' lang='lat' dir='ltr'><strong>militum</strong></span> <span class='ocrx_word' id='word_1_60' title='bbox 934 988 990 1030; x_wconf 85' lang='lat' dir='ltr'><strong>et</strong></span> <span class='ocrx_word' id='word_1_61' title='bbox 1016 987 1332 1030; x_wconf 86' lang='lat' dir='ltr'><strong>senatorum</strong></span> <span class='ocrx_word' id='word_1_62' title='bbox 1366 970 1577 1024; x_wconf 87' lang='lat' dir='ltr'><strong>viribus</strong></span> <span class='ocrx_word' id='word_1_63' title='bbox 1627 969 1827 1022; x_wconf 80' lang='lat' dir='ltr'><strong>cedens</strong></span> <span class='ocrx_word' id='word_1_64' title='bbox 1856 982 2078 1035; x_wconf 83' lang='lat' dir='ltr'><strong>persua-</strong></span> 
     </span>
    </p>
   </div>
   <div class='ocr_carea' id='block_1_12' title="bbox 497 1059 2076 1135">
    <p class='ocr_par' dir='ltr' id='par_1_12' title="bbox 497 1059 2076 1135">
     <span class='ocr_line' id='line_1_12' title="bbox 497 1059 2076 1135; baseline -0.009 -9"><span class='ocrx_word' id='word_1_65' title='bbox 497 1073 689 1135; x_wconf 82' lang='lat' dir='ltr'><strong>deret,</strong></span> <span class='ocrx_word' id='word_1_66' title='bbox 728 1080 786 1123; x_wconf 90' lang='lat' dir='ltr'><strong>ut</strong></span> <span class='ocrx_word' id='word_1_67' title='bbox 830 1067 1110 1122; x_wconf 67' lang='lat' dir='ltr'><strong>Matthazus</strong></span> <span class='ocrx_word' id='word_1_68' title='bbox 1166 1080 1258 1117; x_wconf 82' lang='lat' dir='ltr'><strong>rex</strong></span> <span class='ocrx_word' id='word_1_69' title='bbox 1297 1063 1666 1116; x_wconf 74' lang='lat' dir='ltr'><strong>declat-aretur</strong></span> <span class='ocrx_word' id='word_1_70' title='bbox 1698 1073 1749 1112; x_wconf 90' lang='lat' dir='ltr'><strong>et</strong></span> <span class='ocrx_word' id='word_1_71' title='bbox 1776 1059 2076 1126; x_wconf 65' lang='lat' dir='ltr'><strong>Palaeologo</strong></span> 
     </span>
    </p>
   </div>
   <div class='ocr_carea' id='block_1_13' title="bbox 500 1147 2076 1228">
    <p class='ocr_par' dir='ltr' id='par_1_13' title="bbox 500 1147 2076 1228">
     <span class='ocr_line' id='line_1_13' title="bbox 500 1147 2076 1228; baseline -0.011 -10"><span class='ocrx_word' id='word_1_72' title='bbox 500 1178 696 1218; x_wconf 86' lang='lat' dir='ltr'><strong>socero</strong></span> <span class='ocrx_word' id='word_1_73' title='bbox 747 1162 1148 1228; x_wconf 75' lang='lat' dir='ltr'><strong>ignosceretur.</strong></span> <span class='ocrx_word' id='word_1_74' title='bbox 1201 1151 1332 1218; x_wconf 78' lang='lat' dir='ltr'><strong>Qua:</strong></span> <span class='ocrx_word' id='word_1_75' title='bbox 1370 1150 1458 1202; x_wconf 88' lang='lat' dir='ltr'><strong>ille</strong></span> <span class='ocrx_word' id='word_1_76' title='bbox 1508 1164 1630 1201; x_wconf 74' lang='lat' dir='ltr'><strong>eum</strong></span> <span class='ocrx_word' id='word_1_77' title='bbox 1667 1147 1892 1201; x_wconf 89' lang='lat' dir='ltr'><strong>moleste</strong></span> <span class='ocrx_word' id='word_1_78' title='bbox 1933 1149 2076 1200; x_wconf 78' lang='lat' dir='ltr'><strong>ferre</strong></span> 
     </span>
    </p>
   </div>
   <div class='ocr_carea' id='block_1_14' title="bbox 501 1243 2078 1318">
    <p class='ocr_par' dir='ltr' id='par_1_14' title="bbox 501 1243 2078 1318">
     <span class='ocr_line' id='line_1_14' title="bbox 501 1243 2078 1318; baseline -0.01 -11"><span class='ocrx_word' id='word_1_79' title='bbox 501 1257 788 1307; x_wconf 79' lang='lat' dir='ltr'><strong>videretur</strong></span> <span class='ocrx_word' id='word_1_80' title='bbox 811 1261 868 1305; x_wconf 87' lang='lat' dir='ltr'><strong>et</strong></span> <span class='ocrx_word' id='word_1_81' title='bbox 897 1247 1221 1318; x_wconf 76' lang='lat' dir='ltr'><strong>asperrimis</strong></span> <span class='ocrx_word' id='word_1_82' title='bbox 1244 1244 1430 1297; x_wconf 79' lang='lat' dir='ltr'><strong>verbis</strong></span> <span class='ocrx_word' id='word_1_83' title='bbox 1457 1243 1728 1312; x_wconf 83' lang='lat' dir='ltr'><strong>rejicerct.</strong></span> <span class='ocrx_word' id='word_1_84' title='bbox 1759 1256 1822 1294; x_wconf 78' lang='lat' dir='ltr'><strong>ex</strong></span> <span class='ocrx_word' id='word_1_85' title='bbox 1851 1243 2078 1309; x_wconf 89' lang='lat' dir='ltr'><strong>patriar-</strong></span> 
     </span>
    </p>
   </div>
   <div class='ocr_carea' id='block_1_15' title="bbox 496 1332 2079 1407">
    <p class='ocr_par' dir='ltr' id='par_1_15' title="bbox 496 1332 2079 1407">
     <span class='ocr_line' id='line_1_15' title="bbox 496 1332 2079 1407; baseline -0.009 -9"><span class='ocrx_word' id='word_1_86' title='bbox 496 1346 654 1399; x_wconf 75' lang='lat' dir='ltr'><strong>ehica</strong></span> <span class='ocrx_word' id='word_1_87' title='bbox 693 1344 820 1396; x_wconf 79' lang='lat' dir='ltr'><strong>sede</strong></span> <span class='ocrx_word' id='word_1_88' title='bbox 849 1342 1060 1407; x_wconf 73' lang='lat' dir='ltr'><strong>eiectus</strong></span> <span class='ocrx_word' id='word_1_89' title='bbox 1087 1348 1181 1390; x_wconf 82' lang='lat' dir='ltr'><strong>est</strong></span> <span class='ocrx_word' id='word_1_90' title='bbox 1205 1334 1491 1404; x_wconf 80' lang='lat' dir='ltr'><strong>postridie.</strong></span> <span class='ocrx_word' id='word_1_91' title='bbox 1524 1333 1643 1402; x_wconf 91' lang='lat' dir='ltr'><strong>Ipse</strong></span> <span class='ocrx_word' id='word_1_92' title='bbox 1671 1333 1810 1400; x_wconf 87' lang='lat' dir='ltr'><strong>apud</strong></span> <span class='ocrx_word' id='word_1_93' title='bbox 1847 1332 2079 1384; x_wconf 87' lang='lat' dir='ltr'><strong>Athana-</strong></span> 
     </span>
    </p>
   </div>
   <div class='ocr_carea' id='block_1_16' title="bbox 501 1421 2078 1498">
    <p class='ocr_par' dir='ltr' id='par_1_16' title="bbox 501 1421 2078 1498">
     <span class='ocr_line' id='line_1_16' title="bbox 501 1421 2078 1498; baseline -0.008 -9"><span class='ocrx_word' id='word_1_94' title='bbox 501 1439 642 1491; x_wconf 87' lang='lat' dir='ltr'><strong>sium</strong></span> <span class='ocrx_word' id='word_1_95' title='bbox 678 1434 922 1496; x_wconf 84' lang='lat' dir='ltr'><strong>divertit,</strong></span> <span class='ocrx_word' id='word_1_96' title='bbox 973 1429 1216 1498; x_wconf 83' lang='lat' dir='ltr'><strong>supellex</strong></span> <span class='ocrx_word' id='word_1_97' title='bbox 1253 1434 1434 1478; x_wconf 86' lang='lat' dir='ltr'><strong>autem</strong></span> <span class='ocrx_word' id='word_1_98' title='bbox 1469 1426 1521 1476; x_wconf 91' lang='lat' dir='ltr'><strong>in</strong></span> <span class='ocrx_word' id='word_1_99' title='bbox 1568 1422 1741 1477; x_wconf 86' lang='lat' dir='ltr'><strong>sancti</strong></span> <span class='ocrx_word' id='word_1_100' title='bbox 1789 1421 2078 1476; x_wconf 82' lang='lat' dir='ltr'><strong>Mamantis</strong></span> 
     </span>
    </p>
   </div>
   <div class='ocr_carea' id='block_1_17' title="bbox 439 1521 2078 1591">
    <p class='ocr_par' dir='ltr' id='par_1_17' title="bbox 439 1521 2078 1591">
     <span class='ocr_line' id='line_1_17' title="bbox 439 1521 2078 1591; baseline -0.01 -9"><span class='ocrx_word' id='word_1_101' title='bbox 439 1543 456 1564; x_wconf 63' lang='grc' dir='ltr'><strong>κ</strong></span> <span class='ocrx_word' id='word_1_102' title='bbox 506 1527 844 1582; x_wconf 72' lang='lat' dir='ltr'><strong>mansionem</strong></span> <span class='ocrx_word' id='word_1_103' title='bbox 895 1521 1260 1591; x_wconf 75' lang='lat' dir='ltr'><strong>transportata</strong></span> <span class='ocrx_word' id='word_1_104' title='bbox 1311 1526 1442 1580; x_wconf 85' lang='lat' dir='ltr'><strong>est,</strong></span> <span class='ocrx_word' id='word_1_105' title='bbox 1493 1533 1654 1584; x_wconf 85' lang='lat' dir='ltr'><strong>quam</strong></span> <span class='ocrx_word' id='word_1_106' title='bbox 1695 1524 1819 1568; x_wconf 85' lang='lat' dir='ltr'><strong>ante</strong></span> <span class='ocrx_word' id='word_1_107' title='bbox 1845 1524 2078 1584; x_wconf 87' lang='lat' dir='ltr'><strong>quatuor</strong></span> 
     </span>
    </p>
   </div>
   <div class='ocr_carea' id='block_1_18' title="bbox 505 1608 2074 1677">
    <p class='ocr_par' dir='ltr' id='par_1_18' title="bbox 505 1608 2074 1677">
     <span class='ocr_line' id='line_1_18' title="bbox 505 1608 2074 1677; baseline -0.007 -7"><span class='ocrx_word' id='word_1_108' title='bbox 505 1636 678 1672; x_wconf 88' lang='lat' dir='ltr'><strong>annos</strong></span> <span class='ocrx_word' id='word_1_109' title='bbox 701 1619 802 1672; x_wconf 86' lang='lat' dir='ltr'><strong>sibi</strong></span> <span class='ocrx_word' id='word_1_110' title='bbox 822 1626 1052 1670; x_wconf 79' lang='lat' dir='ltr'><strong>emerat.</strong></span> <span class='ocrx_word' id='word_1_111' title='bbox 1081 1613 1239 1666; x_wconf 84' lang='lat' dir='ltr'><strong>Brevi</strong></span> <span class='ocrx_word' id='word_1_112' title='bbox 1284 1613 1407 1664; x_wconf 89' lang='lat' dir='ltr'><strong>inde</strong></span> <span class='ocrx_word' id='word_1_113' title='bbox 1434 1619 1676 1677; x_wconf 78' lang='lat' dir='ltr'><strong>tempore</strong></span> <span class='ocrx_word' id='word_1_114' title='bbox 1707 1608 2074 1676; x_wconf 61' lang='lat' dir='ltr'><strong>prmtcrlapso,</strong></span> 
     </span>
    </p>
   </div>
   <div class='ocr_carea' id='block_1_19' title="bbox 477 1687 2078 1773">
    <p class='ocr_par' dir='ltr' id='par_1_19' title="bbox 477 1687 2078 1773">
     <span class='ocr_line' id='line_1_19' title="bbox 477 1687 2078 1773; baseline -0.008 -9"><span class='ocrx_word' id='word_1_115' title='bbox 477 1687 788 1766; x_wconf 64' lang='lat' dir='ltr'><strong>~illattha&#39;us</strong></span> <span class='ocrx_word' id='word_1_116' title='bbox 841 1706 1208 1764; x_wconf 81' lang='lat' dir='ltr'><strong>Cantaeuzeni</strong></span> <span class='ocrx_word' id='word_1_117' title='bbox 1270 1703 1432 1773; x_wconf 77' lang='lat'><strong>189</strong></span> <span class='ocrx_word' id='word_1_118' title='bbox 1481 1703 1624 1756; x_wconf 88' lang='lat' dir='ltr'><strong>Iilius</strong></span> <span class='ocrx_word' id='word_1_119' title='bbox 1665 1701 1730 1754; x_wconf 88' lang='lat' dir='ltr'><strong>de</strong></span> <span class='ocrx_word' id='word_1_120' title='bbox 1788 1709 1944 1753; x_wconf 90' lang='lat' dir='ltr'><strong>scuto</strong></span> <span class='ocrx_word' id='word_1_121' title='bbox 1985 1714 2078 1752; x_wconf 81' lang='lat' dir='ltr'><strong>rex</strong></span> 
     </span>
    </p>
   </div>
   <div class='ocr_carea' id='block_1_20' title="bbox 2181 507 3746 580">
    <p class='ocr_par' dir='ltr' id='par_1_20' title="bbox 2181 507 3746 580">
     <span class='ocr_line' id='line_1_20' title="bbox 2181 507 3746 580; baseline 0.001 -21"><span class='ocrx_word' id='word_1_122' title='bbox 2181 513 2422 580; x_wconf 75' lang='grc' dir='ltr'>ἡμέραις</span> <span class='ocrx_word' id='word_1_123' title='bbox 2460 511 2716 562; x_wconf 79' lang='grc' dir='ltr'><strong>ἀπελθεῖν</strong></span> <span class='ocrx_word' id='word_1_124' title='bbox 2741 511 3066 579; x_wconf 70' lang='grc' dir='ltr'>ἐπεπράχει.</span> <span class='ocrx_word' id='word_1_125' title='bbox 3103 509 3244 560; x_wconf 84' lang='grc' dir='ltr'>Δέκα</span> <span class='ocrx_word' id='word_1_126' title='bbox 3281 507 3486 578; x_wconf 71' lang='grc' dir='ltr'>μεταξῦ</span> <span class='ocrx_word' id='word_1_127' title='bbox 3533 510 3746 580; x_wconf 75' lang='grc' dir='ltr'>παρῆλ-</span> 
     </span>
    </p>
   </div>
   <div class='ocr_carea' id='block_1_21' title="bbox 2181 600 3744 672">
    <p class='ocr_par' dir='ltr' id='par_1_21' title="bbox 2181 600 3744 672">
     <span class='ocr_line' id='line_1_21' title="bbox 2181 600 3744 672; baseline 0.002 -20"><span class='ocrx_word' id='word_1_128' title='bbox 2181 604 2270 652; x_wconf 83' lang='grc' dir='ltr'><strong>θον</strong></span> <span class='ocrx_word' id='word_1_129' title='bbox 2307 604 2534 672; x_wconf 83' lang='grc' dir='ltr'>ἡμέραι,</span> <span class='ocrx_word' id='word_1_130' title='bbox 2561 605 2652 654; x_wconf 70' lang='grc' dir='ltr'>καὶ</span> <span class='ocrx_word' id='word_1_131' title='bbox 2677 603 2811 670; x_wconf 61' lang='grc' dir='ltr'>ἄρας</span> <span class='ocrx_word' id='word_1_132' title='bbox 2839 603 2865 652; x_wconf 85' lang='grc' dir='ltr'>ὁ</span> <span class='ocrx_word' id='word_1_133' title='bbox 2887 600 3340 670; x_wconf 76' lang='grc' dir='ltr'>Καντακουζηνὸς</span> <span class='ocrx_word' id='word_1_134' title='bbox 3358 600 3417 665; x_wconf 77' lang='grc' dir='ltr'>ἐξ</span> <span class='ocrx_word' id='word_1_135' title='bbox 3461 601 3744 670; x_wconf 78' lang='grc' dir='ltr'>Ὀρεστιά-</span> 
     </span>
    </p>
   </div>
   <div class='ocr_carea' id='block_1_22' title="bbox 2177 690 3746 762">
    <p class='ocr_par' dir='ltr' id='par_1_22' title="bbox 2177 690 3746 762">
     <span class='ocr_line' id='line_1_22' title="bbox 2177 690 3746 762; baseline 0.001 -16"><span class='ocrx_word' id='word_1_136' title='bbox 2177 695 2263 755; x_wconf 78' lang='grc' dir='ltr'><strong>δος</strong></span> <span class='ocrx_word' id='word_1_137' title='bbox 2305 690 2438 762; x_wconf 74' lang='grc' dir='ltr'>ἧκεν</span> <span class='ocrx_word' id='word_1_138' title='bbox 2465 695 2542 757; x_wconf 84' lang='grc' dir='ltr'><strong>εἰς</strong></span> <span class='ocrx_word' id='word_1_139' title='bbox 2589 695 2884 758; x_wconf 73' lang='grc' dir='ltr'>Βυζάντιον</span> <span class='ocrx_word' id='word_1_140' title='bbox 2941 694 3028 747; x_wconf 73' lang='grc' dir='ltr'><strong>διὰ</strong></span> <span class='ocrx_word' id='word_1_141' title='bbox 3083 693 3275 747; x_wconf 84' lang='grc' dir='ltr'>ταῦτα.</span> <span class='ocrx_word' id='word_1_142' title='bbox 3345 695 3453 746; x_wconf 74' lang='grc' dir='ltr'><strong>Καὶ</strong></span> <span class='ocrx_word' id='word_1_143' title='bbox 3503 696 3746 750; x_wconf 78' lang='grc' dir='ltr'>ὕποπτον</span> 
     </span>
    </p>
   </div>
   <div class='ocr_carea' id='block_1_23' title="bbox 2153 779 3748 858">
    <p class='ocr_par' dir='ltr' id='par_1_23' title="bbox 2153 779 3748 858">
     <span class='ocr_line' id='line_1_23' title="bbox 2153 779 3748 858; baseline -0.001 -18"><span class='ocrx_word' id='word_1_144' title='bbox 2153 779 2319 856; x_wconf 81' lang='grc' dir='ltr'>’ἔχων</span> <span class='ocrx_word' id='word_1_145' title='bbox 2359 791 2423 842; x_wconf 81' lang='grc' dir='ltr'>ἐκ</span> <span class='ocrx_word' id='word_1_146' title='bbox 2453 790 2654 842; x_wconf 78' lang='grc' dir='ltr'>πολλοῦ</span> <span class='ocrx_word' id='word_1_147' title='bbox 2689 791 2780 841; x_wconf 83' lang='grc' dir='ltr'><strong>τὸν</strong></span> <span class='ocrx_word' id='word_1_148' title='bbox 2817 789 3164 858; x_wconf 77' lang='grc' dir='ltr'>πατριάρχην</span> <span class='ocrx_word' id='word_1_149' title='bbox 3217 788 3433 841; x_wconf 80' lang='grc' dir='ltr'>πολλῶν</span> <span class='ocrx_word' id='word_1_150' title='bbox 3483 806 3542 842; x_wconf 87' lang='grc' dir='ltr'><strong>τε</strong></span> <span class='ocrx_word' id='word_1_151' title='bbox 3569 789 3748 843; x_wconf 77' lang='grc' dir='ltr'>ἄλλων</span> 
     </span>
    </p>
   </div>
   <div class='ocr_carea' id='block_1_24' title="bbox 2178 876 3746 945">
    <p class='ocr_par' dir='ltr' id='par_1_24' title="bbox 2178 876 3746 945">
     <span class='ocr_line' id='line_1_24' title="bbox 2178 876 3746 945; baseline -0.001 -17"><span class='ocrx_word' id='word_1_152' title='bbox 2178 876 2346 930; x_wconf 73' lang='grc' dir='ltr'>ἕνεκα</span> <span class='ocrx_word' id='word_1_153' title='bbox 2384 879 2478 928; x_wconf 71' lang='grc' dir='ltr'>καὶ</span> <span class='ocrx_word' id='word_1_154' title='bbox 2508 877 2610 944; x_wconf 77' lang='grc' dir='ltr'>τῆς</span> <span class='ocrx_word' id='word_1_155' title='bbox 2659 877 2794 945; x_wconf 68' lang='grc' dir='ltr'>πρὸς</span> <span class='ocrx_word' id='word_1_156' title='bbox 2846 877 3216 944; x_wconf 85' lang='grc' dir='ltr'>Παλαιολόγον</span> <span class='ocrx_word' id='word_1_157' title='bbox 3275 876 3515 945; x_wconf 83' lang='grc' dir='ltr'>μάλιστα</span> <span class='ocrx_word' id='word_1_158' title='bbox 3564 876 3746 944; x_wconf 81' lang='grc' dir='ltr'>φιλίας</span> 
     </span>
    </p>
   </div>
   <div class='ocr_carea' id='block_1_25' title="bbox 2179 962 3743 1038">
    <p class='ocr_par' dir='ltr' id='par_1_25' title="bbox 2179 962 3743 1038">
     <span class='ocr_line' id='line_1_25' title="bbox 2179 962 3743 1038; baseline -0.001 -16"><span class='ocrx_word' id='word_1_159' title='bbox 2179 972 2274 1022; x_wconf 65' lang='grc' dir='ltr'>καὶ</span> <span class='ocrx_word' id='word_1_160' title='bbox 2307 969 2710 1038; x_wconf 79' lang='grc' dir='ltr'>ὁμοφροσύνης,</span> <span class='ocrx_word' id='word_1_161' title='bbox 2745 968 2906 1036; x_wconf 80' lang='grc' dir='ltr'>σοφὸν</span> <span class='ocrx_word' id='word_1_162' title='bbox 2937 962 3076 1022; x_wconf 73' lang='grc' dir='ltr'>εἷναί</span> <span class='ocrx_word' id='word_1_163' title='bbox 3110 969 3160 1022; x_wconf 83' lang='grc' dir='ltr'>οἱ</span> <span class='ocrx_word' id='word_1_164' title='bbox 3191 969 3505 1038; x_wconf 79' lang='grc' dir='ltr'>νενόμισται</span> <span class='ocrx_word' id='word_1_165' title='bbox 3545 971 3743 1038; x_wconf 79' lang='grc' dir='ltr'>πεῖραν</span> 
     </span>
    </p>
   </div>
   <div class='ocr_carea' id='block_1_26' title="bbox 2179 1056 3747 1128">
    <p class='ocr_par' dir='ltr' id='par_1_26' title="bbox 2179 1056 3747 1128">
     <span class='ocr_line' id='line_1_26' title="bbox 2179 1056 3747 1128; baseline 0 -19"><span class='ocrx_word' id='word_1_166' title='bbox 2179 1058 2274 1109; x_wconf 78' lang='grc' dir='ltr'>καὶ</span> <span class='ocrx_word' id='word_1_167' title='bbox 2311 1056 2404 1109; x_wconf 89' lang='grc' dir='ltr'><strong>νῦν</strong></span> <span class='ocrx_word' id='word_1_168' title='bbox 2435 1058 2725 1124; x_wconf 70' lang='grc' dir='ltr'><strong>εἰληφέναι</strong></span> <span class='ocrx_word' id='word_1_169' title='bbox 2757 1059 2856 1128; x_wconf 79' lang='grc' dir='ltr'>τῆς</span> <span class='ocrx_word' id='word_1_170' title='bbox 2885 1057 3111 1128; x_wconf 75' lang='grc' dir='ltr'>γνώμης</span> <span class='ocrx_word' id='word_1_171' title='bbox 3151 1057 3339 1110; x_wconf 78' lang='grc' dir='ltr'>αὑτοῦ.</span> <span class='ocrx_word' id='word_1_172' title='bbox 3374 1059 3600 1128; x_wconf 81' lang='grc' dir='ltr'><strong>Πέμψας</strong></span> <span class='ocrx_word' id='word_1_173' title='bbox 3649 1058 3747 1112; x_wconf 84' lang='grc' dir='ltr'><strong>οῦν</strong></span> 
     </span>
    </p>
   </div>
   <div class='ocr_carea' id='block_1_27' title="bbox 2180 1151 3746 1222">
    <p class='ocr_par' dir='ltr' id='par_1_27' title="bbox 2180 1151 3746 1222">
     <span class='ocr_line' id='line_1_27' title="bbox 2180 1151 3746 1222; baseline 0.001 -20"><span class='ocrx_word' id='word_1_174' title='bbox 2180 1152 2346 1220; x_wconf 74' lang='grc' dir='ltr'>ἧρετο</span> <span class='ocrx_word' id='word_1_175' title='bbox 2380 1153 2430 1203; x_wconf 87' lang='grc' dir='ltr'><strong>εἰ</strong></span> <span class='ocrx_word' id='word_1_176' title='bbox 2464 1152 2569 1222; x_wconf 80' lang='grc' dir='ltr'>χρὴ</span> <span class='ocrx_word' id='word_1_177' title='bbox 2604 1153 2724 1213; x_wconf 86' lang='grc' dir='ltr'>ταῖς</span> <span class='ocrx_word' id='word_1_178' title='bbox 2753 1151 2862 1204; x_wconf 92' lang='grc' dir='ltr'><strong>τῶν</strong></span> <span class='ocrx_word' id='word_1_179' title='bbox 2891 1153 3248 1219; x_wconf 80' lang='grc' dir='ltr'><strong>στρατιωτῶν</strong></span> <span class='ocrx_word' id='word_1_180' title='bbox 3283 1152 3378 1202; x_wconf 78' lang='grc' dir='ltr'>καὶ</span> <span class='ocrx_word' id='word_1_181' title='bbox 3413 1151 3522 1203; x_wconf 92' lang='grc' dir='ltr'><strong>τῶν</strong></span> <span class='ocrx_word' id='word_1_182' title='bbox 3571 1152 3746 1212; x_wconf 81' lang='grc' dir='ltr'>ἄλλως</span> 
     </span>
    </p>
   </div>
   <div class='ocr_carea' id='block_1_28' title="bbox 2180 1240 3749 1311">
    <p class='ocr_par' dir='ltr' id='par_1_28' title="bbox 2180 1240 3749 1311">
     <span class='ocr_line' id='line_1_28' title="bbox 2180 1240 3749 1311; baseline 0 -17"><span class='ocrx_word' id='word_1_183' title='bbox 2180 1243 2418 1310; x_wconf 77' lang='grc' dir='ltr'>ἐχόντων</span> <span class='ocrx_word' id='word_1_184' title='bbox 2446 1240 2830 1308; x_wconf 76' lang='grc' dir='ltr'><strong>συγκλητικῶν</strong></span> <span class='ocrx_word' id='word_1_185' title='bbox 2879 1241 3101 1306; x_wconf 76' lang='grc' dir='ltr'><strong>εἴξαντα</strong></span> <span class='ocrx_word' id='word_1_186' title='bbox 3137 1242 3282 1311; x_wconf 85' lang='grc' dir='ltr'>βίαις</span> <span class='ocrx_word' id='word_1_187' title='bbox 3308 1241 3410 1310; x_wconf 83' lang='grc' dir='ltr'>τήν</span> <span class='ocrx_word' id='word_1_188' title='bbox 3440 1259 3498 1293; x_wconf 89' lang='grc' dir='ltr'><strong>τε</strong></span> <span class='ocrx_word' id='word_1_189' title='bbox 3550 1242 3749 1308; x_wconf 86' lang='grc' dir='ltr'>ἀναγό-</span> 
     </span>
    </p>
   </div>
   <div class='ocr_carea' id='block_1_29' title="bbox 2183 1332 3747 1402">
    <p class='ocr_par' dir='ltr' id='par_1_29' title="bbox 2183 1332 3747 1402">
     <span class='ocr_line' id='line_1_29' title="bbox 2183 1332 3747 1402; baseline -0.001 -16"><span class='ocrx_word' id='word_1_190' title='bbox 2183 1351 2372 1402; x_wconf 80' lang='grc' dir='ltr'>ρευσιν</span> <span class='ocrx_word' id='word_1_191' title='bbox 2398 1335 2492 1386; x_wconf 89' lang='grc' dir='ltr'><strong>τοῦ</strong></span> <span class='ocrx_word' id='word_1_192' title='bbox 2519 1332 2960 1397; x_wconf 81' lang='grc' dir='ltr'>υἱέωςὲνδοῦναι</span> <span class='ocrx_word' id='word_1_193' title='bbox 3014 1333 3296 1387; x_wconf 88' lang='grc' dir='ltr'>Ματθαίου</span> <span class='ocrx_word' id='word_1_194' title='bbox 3333 1333 3604 1401; x_wconf 83' lang='grc' dir='ltr'>γενέσθαι,</span> <span class='ocrx_word' id='word_1_195' title='bbox 3651 1335 3747 1386; x_wconf 74' lang='grc' dir='ltr'>καὶ</span> 
     </span>
    </p>
   </div>
   <div class='ocr_carea' id='block_1_30' title="bbox 2180 1420 3743 1492">
    <p class='ocr_par' dir='ltr' id='par_1_30' title="bbox 2180 1420 3743 1492">
     <span class='ocr_line' id='line_1_30' title="bbox 2180 1420 3743 1492; baseline 0.001 -18"><span class='ocrx_word' id='word_1_196' title='bbox 2180 1420 2298 1486; x_wconf 71' lang='grc' dir='ltr'>ἅμα</span> <span class='ocrx_word' id='word_1_197' title='bbox 2329 1423 2405 1490; x_wconf 81' lang='grc' dir='ltr'><strong>τῷ</strong></span> <span class='ocrx_word' id='word_1_198' title='bbox 2431 1423 2524 1474; x_wconf 85' lang='grc' dir='ltr'><strong>τοῦ</strong></span> <span class='ocrx_word' id='word_1_199' title='bbox 2560 1440 2628 1489; x_wconf 91' lang='grc' dir='ltr'><strong>γα</strong></span> <span class='ocrx_word' id='word_1_200' title='bbox 2639 1422 2814 1492; x_wconf 73' lang='grc' dir='ltr'>μϐροῦ</span> <span class='ocrx_word' id='word_1_201' title='bbox 2847 1422 3214 1489; x_wconf 87' lang='grc' dir='ltr'>Παλαιολόγου</span> <span class='ocrx_word' id='word_1_202' title='bbox 3241 1423 3654 1491; x_wconf 86' lang='grc' dir='ltr'>ἀμνημοσύνην.</span> <span class='ocrx_word' id='word_1_203' title='bbox 3682 1423 3743 1476; x_wconf 80' lang='lat' dir='ltr'><strong>&#39;G</strong></span> 
     </span>
    </p>
   </div>
   <div class='ocr_carea' id='block_1_31' title="bbox 2179 1513 3744 1584">
    <p class='ocr_par' dir='ltr' id='par_1_31' title="bbox 2179 1513 3744 1584">
     <span class='ocr_line' id='line_1_31' title="bbox 2179 1513 3744 1584; baseline 0 -20"><span class='ocrx_word' id='word_1_204' title='bbox 2179 1513 2226 1564; x_wconf 85' lang='grc' dir='ltr'>δ’</span> <span class='ocrx_word' id='word_1_205' title='bbox 2250 1513 2364 1566; x_wconf 77' lang='grc' dir='ltr'>οὐδ’</span> <span class='ocrx_word' id='word_1_206' title='bbox 2392 1515 2584 1584; x_wconf 78' lang='grc' dir='ltr'>ἄκροις</span> <span class='ocrx_word' id='word_1_207' title='bbox 2617 1516 2878 1583; x_wconf 75' lang='grc' dir='ltr'>ἠνέσχετο</span> <span class='ocrx_word' id='word_1_208' title='bbox 2936 1513 3194 1578; x_wconf 76' lang='grc' dir='ltr'>δέξασθαι</span> <span class='ocrx_word' id='word_1_209' title='bbox 3238 1515 3350 1576; x_wconf 81' lang='grc' dir='ltr'>τοῖς</span> <span class='ocrx_word' id='word_1_210' title='bbox 3385 1513 3540 1576; x_wconf 64' lang='grc' dir='ltr'>ὠσὶν,</span> <span class='ocrx_word' id='word_1_211' title='bbox 3609 1513 3744 1566; x_wconf 68' lang='grc' dir='ltr'>ἀλλὰ</span> 
     </span>
    </p>
   </div>
   <div class='ocr_carea' id='block_1_32' title="bbox 2180 1605 3745 1676">
    <p class='ocr_par' dir='ltr' id='par_1_32' title="bbox 2180 1605 3745 1676">
     <span class='ocr_line' id='line_1_32' title="bbox 2180 1605 3745 1676; baseline 0.002 -21"><span class='ocrx_word' id='word_1_212' title='bbox 2180 1607 2543 1676; x_wconf 83' lang='grc' dir='ltr'>τραχυτέροις</span> <span class='ocrx_word' id='word_1_213' title='bbox 2575 1625 2633 1660; x_wconf 89' lang='grc' dir='ltr'><strong>τε</strong></span> <span class='ocrx_word' id='word_1_214' title='bbox 2663 1605 2949 1660; x_wconf 79' lang='grc' dir='ltr'><strong>ἀπεώσατο</strong></span> <span class='ocrx_word' id='word_1_215' title='bbox 2980 1607 3182 1675; x_wconf 84' lang='grc' dir='ltr'>λόγοις,</span> <span class='ocrx_word' id='word_1_216' title='bbox 3236 1609 3331 1660; x_wconf 82' lang='grc' dir='ltr'>καὶ</span> <span class='ocrx_word' id='word_1_217' title='bbox 3382 1605 3498 1676; x_wconf 76' lang='grc' dir='ltr'>ἅμα</span> <span class='ocrx_word' id='word_1_218' title='bbox 3534 1607 3589 1670; x_wconf 80' lang='grc' dir='ltr'><strong>ές</strong></span> <span class='ocrx_word' id='word_1_219' title='bbox 3643 1611 3745 1674; x_wconf 73' lang='grc' dir='ltr'>τὴν</span> 
     </span>
    </p>
   </div>
   <div class='ocr_carea' id='block_1_33' title="bbox 2183 1697 3742 1771">
    <p class='ocr_par' dir='ltr' id='par_1_33' title="bbox 2183 1697 3742 1771">
     <span class='ocr_line' id='line_1_33' title="bbox 2183 1697 3742 1771; baseline 0 -21"><span class='ocrx_word' id='word_1_220' title='bbox 2183 1698 2477 1766; x_wconf 71' lang='grc' dir='ltr'>ὑστεραίαν</span> <span class='ocrx_word' id='word_1_221' title='bbox 2505 1697 2598 1751; x_wconf 87' lang='grc' dir='ltr'><strong>τοῦ</strong></span> <span class='ocrx_word' id='word_1_222' title='bbox 2646 1699 3041 1771; x_wconf 89' lang='grc' dir='ltr'>πατριαρχείου</span> <span class='ocrx_word' id='word_1_223' title='bbox 3080 1697 3393 1762; x_wconf 73' lang='grc' dir='ltr'>ἐξίσταταιο</span> <span class='ocrx_word' id='word_1_224' title='bbox 3430 1700 3523 1752; x_wconf 77' lang='grc' dir='ltr'>καὶ</span> <span class='ocrx_word' id='word_1_225' title='bbox 3582 1699 3742 1761; x_wconf 72' lang='grc' dir='ltr'>αὐτὸς</span> 
     </span>
    </p>
   </div>
   <div class='ocr_carea' id='block_1_34' title="bbox 497 1777 2075 1863">
    <p class='ocr_par' dir='ltr' id='par_1_34' title="bbox 497 1777 2075 1863">
     <span class='ocr_line' id='line_1_34' title="bbox 497 1777 2075 1863; baseline -0.008 -8"><span class='ocrx_word' id='word_1_226' title='bbox 497 1803 809 1857; x_wconf 78' lang='lat' dir='ltr'><strong>declaratus</strong></span> <span class='ocrx_word' id='word_1_227' title='bbox 838 1809 922 1855; x_wconf 89' lang='lat' dir='ltr'><strong>est</strong></span> <span class='ocrx_word' id='word_1_228' title='bbox 978 1800 1030 1852; x_wconf 93' lang='lat' dir='ltr'><strong>iu</strong></span> <span class='ocrx_word' id='word_1_229' title='bbox 1065 1799 1436 1852; x_wconf 77' lang='lat' dir='ltr'><strong>Romanorum</strong></span> <span class='ocrx_word' id='word_1_230' title='bbox 1471 1792 1692 1863; x_wconf 85' lang='lat' dir='ltr'><strong>palatio.</strong></span> <span class='ocrx_word' id='word_1_231' title='bbox 1733 1790 1797 1845; x_wconf 81' lang='lat' dir='ltr'><strong>Et</strong></span> <span class='ocrx_word' id='word_1_232' title='bbox 1848 1777 2075 1846; x_wconf 71' lang='lat' dir='ltr'><strong>vernum</strong></span> 
     </span>
    </p>
   </div>
   <div class='ocr_carea' id='block_1_35' title="bbox 2180 1777 3744 1863">
    <p class='ocr_par' dir='ltr' id='par_1_35' title="bbox 2184 1789 3744 1861">
     <span class='ocr_line' id='line_1_35' title="bbox 2184 1789 3744 1861; baseline 0.001 -19"><span class='ocrx_word' id='word_1_233' title='bbox 2184 1789 2284 1861; x_wconf 78' lang='grc' dir='ltr'>μὲν</span> <span class='ocrx_word' id='word_1_234' title='bbox 2315 1793 2372 1843; x_wconf 83' lang='grc' dir='ltr'>ὲν</span> <span class='ocrx_word' id='word_1_235' title='bbox 2415 1792 2482 1860; x_wconf 81' lang='grc' dir='ltr'>τῇ</span> <span class='ocrx_word' id='word_1_236' title='bbox 2515 1792 2614 1844; x_wconf 89' lang='grc' dir='ltr'><strong>τοῦ</strong></span> <span class='ocrx_word' id='word_1_237' title='bbox 2647 1789 2973 1844; x_wconf 77' lang='grc' dir='ltr'>’Δθανασίου</span> <span class='ocrx_word' id='word_1_238' title='bbox 3028 1789 3284 1844; x_wconf 82' lang='grc' dir='ltr'><strong>καταλύει</strong></span> <span class='ocrx_word' id='word_1_239' title='bbox 3345 1789 3505 1860; x_wconf 80' lang='grc' dir='ltr'>μονῇ,</span> <span class='ocrx_word' id='word_1_240' title='bbox 3562 1790 3633 1842; x_wconf 78' lang='grc' dir='ltr'>τὰ</span> <span class='ocrx_word' id='word_1_241' title='bbox 3684 1789 3744 1844; x_wconf 65' lang='grc' dir='ltr'>δὲ</span> 
     </span>
    </p>
   </div>
   <div class='ocr_carea' id='block_1_36' title="bbox 501 1891 1553 1962">
    <p class='ocr_par' dir='ltr' id='par_1_36' title="bbox 501 1891 1553 1962">
     <span class='ocr_line' id='line_1_36' title="bbox 501 1891 1553 1962; baseline -0.007 -16"><span class='ocrx_word' id='word_1_242' title='bbox 501 1905 716 1962; x_wconf 87' lang='lat' dir='ltr'><strong>tempus</strong></span> <span class='ocrx_word' id='word_1_243' title='bbox 748 1894 835 1946; x_wconf 87' lang='lat' dir='ltr'><strong>his</strong></span> <span class='ocrx_word' id='word_1_244' title='bbox 867 1892 1032 1944; x_wconf 86' lang='lat' dir='ltr'><strong>rebus</strong></span> <span class='ocrx_word' id='word_1_245' title='bbox 1069 1891 1414 1956; x_wconf 87' lang='lat' dir='ltr'><strong>absumptum</strong></span> <span class='ocrx_word' id='word_1_246' title='bbox 1446 1897 1553 1940; x_wconf 91' lang='lat' dir='ltr'><strong>est.</strong></span> 
     </span>
    </p>
   </div>
   <div class='ocr_carea' id='block_1_37' title="bbox 2181 1880 3737 1953">
    <p class='ocr_par' dir='ltr' id='par_1_37' title="bbox 2181 1880 3737 1953">
     <span class='ocr_line' id='line_1_37' title="bbox 2181 1880 3737 1953; baseline 0.001 -21"><span class='ocrx_word' id='word_1_247' title='bbox 2181 1880 2492 1950; x_wconf 54' lang='grc' dir='ltr'>σκευοφόρα</span> <span class='ocrx_word' id='word_1_248' title='bbox 2533 1882 2588 1943; x_wconf 72' lang='grc' dir='ltr'><strong>ές</strong></span> <span class='ocrx_word' id='word_1_249' title='bbox 2622 1881 2690 1952; x_wconf 73' lang='grc' dir='ltr'><strong>[ί.</strong></span> <span class='ocrx_word' id='word_1_250' title='bbox 2724 1883 2827 1936; x_wconf 73' lang='grc'><strong>107</strong></span> <span class='ocrx_word' id='word_1_251' title='bbox 2859 1880 2938 1952; x_wconf 84' lang='lat' dir='ltr'><strong>v.]</strong></span> <span class='ocrx_word' id='word_1_252' title='bbox 2976 1883 3076 1953; x_wconf 78' lang='grc' dir='ltr'>τὴν</span> <span class='ocrx_word' id='word_1_253' title='bbox 3105 1881 3203 1936; x_wconf 92' lang='grc' dir='ltr'><strong>τοῦ</strong></span> <span class='ocrx_word' id='word_1_254' title='bbox 3234 1882 3390 1950; x_wconf 83' lang='grc' dir='ltr'>ἀγίου</span> <span class='ocrx_word' id='word_1_255' title='bbox 3443 1883 3737 1952; x_wconf 81' lang='grc' dir='ltr'>Μάμαντος</span> 
     </span>
    </p>
   </div>
   <div class='ocr_carea' id='block_1_38' title="bbox 498 1975 3741 2055">
    <p class='ocr_par' dir='ltr' id='par_1_38' title="bbox 498 1975 3741 2055">
     <span class='ocr_line' id='line_1_38' title="bbox 498 1975 3741 2055; baseline -0.004 -17"><span class='ocrx_word' id='word_1_256' title='bbox 498 1987 925 2055; x_wconf 79' lang='grc' dir='ltr'>ἀπεφορτίζοντο</span> <span class='ocrx_word' id='word_1_257' title='bbox 977 1983 1166 2053; x_wconf 76' lang='grc' dir='ltr'>μονὴν,</span> <span class='ocrx_word' id='word_1_258' title='bbox 1235 1981 1305 2050; x_wconf 80' lang='grc' dir='ltr'>ἣν</span> <span class='ocrx_word' id='word_1_259' title='bbox 1358 1979 1464 2050; x_wconf 82' lang='grc' dir='ltr'>πρὸ</span> <span class='ocrx_word' id='word_1_260' title='bbox 1517 1980 1798 2051; x_wconf 78' lang='grc' dir='ltr'>τεττάρων</span> <span class='ocrx_word' id='word_1_261' title='bbox 1835 1977 2100 2032; x_wconf 76' lang='grc' dir='ltr'>ἐνιαυτῶν</span> <span class='ocrx_word' id='word_1_262' title='bbox 2149 1975 2554 2046; x_wconf 71' lang='grc' dir='ltr'>σφετερίζεται.</span> <span class='ocrx_word' id='word_1_263' title='bbox 2629 1978 2845 2048; x_wconf 84' lang='grc' dir='ltr'>Βραχὺς</span> <span class='ocrx_word' id='word_1_264' title='bbox 2899 1977 3108 2032; x_wconf 70' lang='grc' dir='ltr'>ἐκεῖθεν</span> <span class='ocrx_word' id='word_1_265' title='bbox 3145 1977 3316 2049; x_wconf 72' lang='grc' dir='ltr'>ιῤῥύη</span> <span class='ocrx_word' id='word_1_266' title='bbox 3377 1978 3590 2049; x_wconf 82' lang='grc' dir='ltr'>χρόνος,</span> <span class='ocrx_word' id='word_1_267' title='bbox 3651 1985 3741 2032; x_wconf 68' lang='grc' dir='ltr'>καὶ</span> 
     </span>
    </p>
   </div>
   <div class='ocr_carea' id='block_1_39' title="bbox 498 2067 3738 2143">
    <p class='ocr_par' dir='ltr' id='par_1_39' title="bbox 498 2067 3738 2143">
     <span class='ocr_line' id='line_1_39' title="bbox 498 2067 3738 2143; baseline -0.003 -9"><span class='ocrx_word' id='word_1_268' title='bbox 498 2080 777 2140; x_wconf 71' lang='grc' dir='ltr'>Μλτθαῐος</span> <span class='ocrx_word' id='word_1_269' title='bbox 811 2079 839 2130; x_wconf 82' lang='grc' dir='ltr'><strong>ὀ</strong></span> <span class='ocrx_word' id='word_1_270' title='bbox 889 2075 984 2129; x_wconf 87' lang='grc' dir='ltr'><strong>τοῦ</strong></span> <span class='ocrx_word' id='word_1_271' title='bbox 1028 2071 1494 2142; x_wconf 75' lang='grc' dir='ltr'>Καντακουζηνοῦ</span> <span class='ocrx_word' id='word_1_272' title='bbox 1545 2072 1659 2134; x_wconf 77' lang='grc' dir='ltr'>υίὸς</span> <span class='ocrx_word' id='word_1_273' title='bbox 1705 2071 1794 2124; x_wconf 75' lang='grc' dir='ltr'><strong>ἐπ’</strong></span> <span class='ocrx_word' id='word_1_274' title='bbox 1833 2069 2065 2133; x_wconf 76' lang='grc' dir='ltr'>ἀσπίδος</span> <span class='ocrx_word' id='word_1_275' title='bbox 2106 2067 2360 2139; x_wconf 73' lang='grc' dir='ltr'>βασιλεὺς</span> <span class='ocrx_word' id='word_1_276' title='bbox 2400 2070 2458 2122; x_wconf 82' lang='grc' dir='ltr'>ὲν</span> <span class='ocrx_word' id='word_1_277' title='bbox 2514 2069 2766 2142; x_wconf 86' lang='grc' dir='ltr'>παλατίῳ</span> <span class='ocrx_word' id='word_1_278' title='bbox 2793 2073 3090 2142; x_wconf 87' lang='grc' dir='ltr'>Ῥωμαίων</span> <span class='ocrx_word' id='word_1_279' title='bbox 3147 2068 3563 2143; x_wconf 80' lang='grc' dir='ltr'>ἀναγορεύεται.</span> <span class='ocrx_word' id='word_1_280' title='bbox 3627 2075 3738 2128; x_wconf 80' lang='grc' dir='ltr'><strong>Καὶ</strong></span> 
     </span>
    </p>
   </div>
   <div class='ocr_carea' id='block_1_40' title="bbox 496 2165 1318 2240">
    <p class='ocr_par' dir='ltr' id='par_1_40' title="bbox 496 2165 1318 2240">
     <span class='ocr_line' id='line_1_40' title="bbox 496 2165 1318 2240; baseline -0.005 -16"><span class='ocrx_word' id='word_1_281' title='bbox 496 2173 558 2224; x_wconf 68' lang='grc' dir='ltr'>τὸ</span> <span class='ocrx_word' id='word_1_282' title='bbox 596 2170 694 2240; x_wconf 71' lang='grc' dir='ltr'>ἔαρ</span> <span class='ocrx_word' id='word_1_283' title='bbox 719 2172 774 2222; x_wconf 74' lang='grc' dir='ltr'>ἐν</span> <span class='ocrx_word' id='word_1_284' title='bbox 797 2170 1008 2232; x_wconf 75' lang='grc' dir='ltr'>τούτοις</span> <span class='ocrx_word' id='word_1_285' title='bbox 1039 2165 1318 2220; x_wconf 81' lang='grc' dir='ltr'>ἐτελεύτα.</span> 
     </span>
    </p>
   </div>
   <div class='ocr_carea' id='block_1_41' title="bbox 568 2280 2072 2354">
    <p class='ocr_par' dir='ltr' id='par_1_41' title="bbox 568 2280 2072 2354">
     <span class='ocr_line' id='line_1_41' title="bbox 568 2280 2072 2354; baseline -0.007 -12"><span class='ocrx_word' id='word_1_286' title='bbox 568 2288 637 2342; x_wconf 75' lang='grc' dir='ltr'><strong>Χ.</strong></span> <span class='ocrx_word' id='word_1_287' title='bbox 665 2286 875 2342; x_wconf 73' lang='grc' dir='ltr'>Ᾱῐειτιιο</span> <span class='ocrx_word' id='word_1_288' title='bbox 913 2285 1026 2354; x_wconf 90' lang='lat' dir='ltr'><strong>jam</strong></span> <span class='ocrx_word' id='word_1_289' title='bbox 1055 2283 1234 2338; x_wconf 85' lang='lat' dir='ltr'><strong>inedia</strong></span> <span class='ocrx_word' id='word_1_290' title='bbox 1263 2284 1332 2337; x_wconf 88' lang='lat' dir='ltr'><strong>ab</strong></span> <span class='ocrx_word' id='word_1_291' title='bbox 1380 2292 1612 2351; x_wconf 91' lang='lat' dir='ltr'><strong>utraque</strong></span> <span class='ocrx_word' id='word_1_292' title='bbox 1640 2292 1791 2352; x_wconf 88' lang='lat' dir='ltr'><strong>parte</strong></span> <span class='ocrx_word' id='word_1_293' title='bbox 1826 2280 2072 2335; x_wconf 78' lang='lat' dir='ltr'><strong>reconci-</strong></span> 
     </span>
    </p>
   </div>
   <div class='ocr_carea' id='block_1_42' title="bbox 503 2374 2071 2443">
    <p class='ocr_par' dir='ltr' id='par_1_42' title="bbox 503 2374 2071 2443">
     <span class='ocr_line' id='line_1_42' title="bbox 503 2374 2071 2443; baseline -0.006 -9"><span class='ocrx_word' id='word_1_294' title='bbox 503 2382 631 2434; x_wconf 78' lang='lat' dir='ltr'><strong>liata</strong></span> <span class='ocrx_word' id='word_1_295' title='bbox 663 2390 747 2433; x_wconf 84' lang='lat' dir='ltr'><strong>est</strong></span> <span class='ocrx_word' id='word_1_296' title='bbox 778 2374 1098 2432; x_wconf 85' lang='lat' dir='ltr'><strong>Latinorum</strong></span> <span class='ocrx_word' id='word_1_297' title='bbox 1149 2376 1216 2429; x_wconf 89' lang='lat' dir='ltr'><strong>ad</strong></span> <span class='ocrx_word' id='word_1_298' title='bbox 1253 2374 1492 2443; x_wconf 87' lang='lat' dir='ltr'><strong>paranda</strong></span> <span class='ocrx_word' id='word_1_299' title='bbox 1527 2374 1667 2428; x_wconf 88' lang='lat' dir='ltr'><strong>bella</strong></span> <span class='ocrx_word' id='word_1_300' title='bbox 1704 2374 1912 2428; x_wconf 86' lang='lat' dir='ltr'><strong>navalia</strong></span> <span class='ocrx_word' id='word_1_301' title='bbox 1939 2388 2071 2426; x_wconf 89' lang='lat' dir='ltr'><strong>con—</strong></span> 
     </span>
    </p>
   </div>
   <div class='ocr_carea' id='block_1_43' title="bbox 503 2460 2069 2532">
    <p class='ocr_par' dir='ltr' id='par_1_43' title="bbox 503 2460 2069 2532">
     <span class='ocr_line' id='line_1_43' title="bbox 503 2460 2069 2532; baseline -0.003 -12"><span class='ocrx_word' id='word_1_302' title='bbox 503 2469 696 2521; x_wconf 78' lang='lat' dir='ltr'><strong>tentio.</strong></span> <span class='ocrx_word' id='word_1_303' title='bbox 727 2466 970 2520; x_wconf 87' lang='lat' dir='ltr'><strong>Catelani</strong></span> <span class='ocrx_word' id='word_1_304' title='bbox 998 2467 1145 2519; x_wconf 86' lang='lat' dir='ltr'><strong>enim</strong></span> <span class='ocrx_word' id='word_1_305' title='bbox 1181 2480 1245 2515; x_wconf 82' lang='lat' dir='ltr'><strong>ex</strong></span> <span class='ocrx_word' id='word_1_306' title='bbox 1283 2463 1399 2532; x_wconf 87' lang='lat' dir='ltr'><strong>ejus</strong></span> <span class='ocrx_word' id='word_1_307' title='bbox 1424 2462 1622 2531; x_wconf 87' lang='lat' dir='ltr'><strong>opibus</strong></span> <span class='ocrx_word' id='word_1_308' title='bbox 1644 2472 1851 2530; x_wconf 89' lang='lat' dir='ltr'><strong>etquas</strong></span> <span class='ocrx_word' id='word_1_309' title='bbox 1882 2460 2069 2515; x_wconf 88' lang='lat' dir='ltr'><strong>Veneti</strong></span> 
     </span>
    </p>
   </div>
   <div class='ocr_carea' id='block_1_44' title="bbox 504 2551 2070 2629">
    <p class='ocr_par' dir='ltr' id='par_1_44' title="bbox 504 2551 2070 2629">
     <span class='ocr_line' id='line_1_44' title="bbox 504 2551 2070 2629; baseline -0.004 -17"><span class='ocrx_word' id='word_1_310' title='bbox 504 2561 747 2629; x_wconf 84' lang='lat' dir='ltr'><strong>pra-bent</strong></span> <span class='ocrx_word' id='word_1_311' title='bbox 779 2557 1140 2627; x_wconf 78' lang='lat' dir='ltr'><strong>quadraginta</strong></span> <span class='ocrx_word' id='word_1_312' title='bbox 1173 2554 1275 2610; x_wconf 87' lang='lat' dir='ltr'><strong>sibi</strong></span> <span class='ocrx_word' id='word_1_313' title='bbox 1296 2555 1563 2610; x_wconf 86' lang='lat' dir='ltr'><strong>triremes</strong></span> <span class='ocrx_word' id='word_1_314' title='bbox 1597 2555 1897 2608; x_wconf 79' lang='lat' dir='ltr'><strong>instruunt.</strong></span> <span class='ocrx_word' id='word_1_315' title='bbox 1930 2551 2070 2606; x_wconf 89' lang='lat' dir='ltr'><strong>Con-</strong></span> 
     </span>
    </p>
   </div>
   <div class='ocr_carea' id='block_1_45' title="bbox 499 2647 2072 2721">
    <p class='ocr_par' dir='ltr' id='par_1_45' title="bbox 499 2647 2072 2721">
     <span class='ocr_line' id='line_1_45' title="bbox 499 2647 2072 2721; baseline -0.006 -13"><span class='ocrx_word' id='word_1_316' title='bbox 499 2664 798 2708; x_wconf 67' lang='lat' dir='ltr'><strong>sum-erant</strong></span> <span class='ocrx_word' id='word_1_317' title='bbox 836 2653 982 2706; x_wconf 89' lang='lat' dir='ltr'><strong>enim</strong></span> <span class='ocrx_word' id='word_1_318' title='bbox 1034 2650 1226 2705; x_wconf 86' lang='lat' dir='ltr'><strong>Veneti</strong></span> <span class='ocrx_word' id='word_1_319' title='bbox 1279 2647 1602 2721; x_wconf 86' lang='lat' dir='ltr'><strong>jamdudum</strong></span> <span class='ocrx_word' id='word_1_320' title='bbox 1657 2648 1727 2702; x_wconf 92' lang='lat' dir='ltr'><strong>ob</strong></span> <span class='ocrx_word' id='word_1_321' title='bbox 1789 2647 2072 2700; x_wconf 82' lang='lat' dir='ltr'><strong>hominum</strong></span> 
     </span>
    </p>
   </div>
   <div class='ocr_carea' id='block_1_46' title="bbox 503 2738 2074 2814">
    <p class='ocr_par' dir='ltr' id='par_1_46' title="bbox 503 2738 2074 2814">
     <span class='ocr_line' id='line_1_46' title="bbox 503 2738 2074 2814; baseline -0.003 -18"><span class='ocrx_word' id='word_1_322' title='bbox 503 2745 741 2814; x_wconf 87' lang='lat' dir='ltr'><strong>inopiam</strong></span> <span class='ocrx_word' id='word_1_323' title='bbox 774 2758 937 2796; x_wconf 86' lang='lat' dir='ltr'><strong>omne</strong></span> <span class='ocrx_word' id='word_1_324' title='bbox 970 2743 1212 2796; x_wconf 87' lang='lat' dir='ltr'><strong>studium</strong></span> <span class='ocrx_word' id='word_1_325' title='bbox 1257 2742 1310 2796; x_wconf 92' lang='lat' dir='ltr'><strong>in</strong></span> <span class='ocrx_word' id='word_1_326' title='bbox 1363 2738 1687 2809; x_wconf 80' lang='lat' dir='ltr'><strong>colligendis</strong></span> <span class='ocrx_word' id='word_1_327' title='bbox 1739 2739 1937 2807; x_wconf 88' lang='lat' dir='ltr'><strong>opibus</strong></span> <span class='ocrx_word' id='word_1_328' title='bbox 1978 2753 2074 2807; x_wconf 62' lang='grc' dir='ltr'>μου</span> 
     </span>
    </p>
   </div>
   <div class='ocr_carea' id='block_1_47' title="bbox 504 2815 2078 2900">
    <p class='ocr_par' dir='ltr' id='par_1_47' title="bbox 504 2815 2078 2900">
     <span class='ocr_line' id='line_1_47' title="bbox 504 2815 2078 2900; baseline -0.004 -12"><span class='ocrx_word' id='word_1_329' title='bbox 504 2815 664 2888; x_wconf 65' lang='lat' dir='ltr'><strong>nere.</strong></span> <span class='ocrx_word' id='word_1_330' title='bbox 695 2834 1063 2900; x_wconf 87' lang='lat' dir='ltr'><strong>Quamobrem</strong></span> <span class='ocrx_word' id='word_1_331' title='bbox 1091 2821 1266 2886; x_wconf 21' lang='lat' dir='ltr'><strong>etiam.</strong></span> <span class='ocrx_word' id='word_1_332' title='bbox 1303 2831 1503 2884; x_wconf 88' lang='lat' dir='ltr'><strong>multas</strong></span> <span class='ocrx_word' id='word_1_333' title='bbox 1544 2837 1598 2883; x_wconf 92' lang='lat' dir='ltr'><strong>et</strong></span> <span class='ocrx_word' id='word_1_334' title='bbox 1645 2829 1994 2899; x_wconf 79' lang='lat' dir='ltr'><strong>gravissimas</strong></span> <span class='ocrx_word' id='word_1_335' title='bbox 2047 2843 2078 2882; x_wconf 86' lang='lat' dir='ltr'><strong>a</strong></span> 
     </span>
    </p>
   </div>
   <div class='ocr_carea' id='block_1_48' title="bbox 500 2919 2077 2994">
    <p class='ocr_par' dir='ltr' id='par_1_48' title="bbox 500 2919 2077 2994">
     <span class='ocr_line' id='line_1_48' title="bbox 500 2919 2077 2994; baseline -0.003 -16"><span class='ocrx_word' id='word_1_336' title='bbox 500 2927 618 2979; x_wconf 89' lang='lat' dir='ltr'><strong>suis</strong></span> <span class='ocrx_word' id='word_1_337' title='bbox 651 2937 705 2979; x_wconf 86' lang='lat' dir='ltr'><strong>et</strong></span> <span class='ocrx_word' id='word_1_338' title='bbox 759 2923 1066 2994; x_wconf 77' lang='lat' dir='ltr'><strong>peregrinis</strong></span> <span class='ocrx_word' id='word_1_339' title='bbox 1111 2923 1369 2993; x_wconf 77' lang='lat' dir='ltr'><strong>gentibus</strong></span> <span class='ocrx_word' id='word_1_340' title='bbox 1427 2923 1601 2975; x_wconf 82' lang='lat' dir='ltr'><strong>illatas</strong></span> <span class='ocrx_word' id='word_1_341' title='bbox 1645 2919 1877 2990; x_wconf 76' lang='lat' dir='ltr'><strong>injurias</strong></span> <span class='ocrx_word' id='word_1_342' title='bbox 1905 2919 2077 2988; x_wconf 77' lang='lat' dir='ltr'><strong>negli-</strong></span> 
     </span>
    </p>
   </div>
   <div class='ocr_carea' id='block_1_49' title="bbox 499 3010 2076 3090">
    <p class='ocr_par' dir='ltr' id='par_1_49' title="bbox 499 3010 2076 3090">
     <span class='ocr_line' id='line_1_49' title="bbox 499 3010 2076 3090; baseline -0.004 -19"><span class='ocrx_word' id='word_1_343' title='bbox 499 3029 636 3088; x_wconf 74' lang='lat' dir='ltr'><strong>gunt</strong></span> <span class='ocrx_word' id='word_1_344' title='bbox 665 3027 720 3072; x_wconf 88' lang='lat' dir='ltr'><strong>et</strong></span> <span class='ocrx_word' id='word_1_345' title='bbox 742 3017 901 3070; x_wconf 74' lang='lat' dir='ltr'><strong>facile</strong></span> <span class='ocrx_word' id='word_1_346' title='bbox 931 3015 1140 3075; x_wconf 81' lang='lat' dir='ltr'><strong>lerunt.</strong></span> <span class='ocrx_word' id='word_1_347' title='bbox 1164 3029 1234 3067; x_wconf 87' lang='lat' dir='ltr'><strong>ne</strong></span> <span class='ocrx_word' id='word_1_348' title='bbox 1264 3013 1316 3066; x_wconf 92' lang='lat' dir='ltr'><strong>in</strong></span> <span class='ocrx_word' id='word_1_349' title='bbox 1349 3012 1488 3069; x_wconf 85' lang='lat' dir='ltr'><strong>bella</strong></span> <span class='ocrx_word' id='word_1_350' title='bbox 1525 3021 1620 3065; x_wconf 90' lang='lat' dir='ltr'><strong>aut</strong></span> <span class='ocrx_word' id='word_1_351' title='bbox 1645 3010 1961 3090; x_wconf 73' lang='lat' dir='ltr'><strong>damestica</strong></span> <span class='ocrx_word' id='word_1_352' title='bbox 1981 3019 2076 3065; x_wconf 90' lang='lat' dir='ltr'><strong>aut</strong></span> 
     </span>
    </p>
   </div>
   <div class='ocr_carea' id='block_1_50' title="bbox 499 3102 2076 3171">
    <p class='ocr_par' dir='ltr' id='par_1_50' title="bbox 499 3102 2076 3171">
     <span class='ocr_line' id='line_1_50' title="bbox 499 3102 2076 3171; baseline -0.006 -7"><span class='ocrx_word' id='word_1_353' title='bbox 499 3119 728 3164; x_wconf 81' lang='lat' dir='ltr'><strong>externa</strong></span> <span class='ocrx_word' id='word_1_354' title='bbox 787 3106 1144 3159; x_wconf 86' lang='lat' dir='ltr'><strong>traherentur</strong></span> <span class='ocrx_word' id='word_1_355' title='bbox 1203 3118 1383 3171; x_wconf 82' lang='lat' dir='ltr'><strong>neque</strong></span> <span class='ocrx_word' id='word_1_356' title='bbox 1423 3118 1602 3156; x_wconf 75' lang='lat' dir='ltr'><strong>causa:</strong></span> <span class='ocrx_word' id='word_1_357' title='bbox 1658 3102 2076 3171; x_wconf 77' lang='lat' dir='ltr'><strong>implicarentur</strong></span> 
     </span>
    </p>
   </div>
   <div class='ocr_carea' id='block_1_51' title="bbox 2255 2276 3744 2348">
    <p class='ocr_par' dir='ltr' id='par_1_51' title="bbox 2255 2276 3744 2348">
     <span class='ocr_line' id='line_1_51' title="bbox 2255 2276 3744 2348; baseline 0.003 -18"><span class='ocrx_word' id='word_1_358' title='bbox 2255 2278 2310 2332; x_wconf 90' lang='lat' dir='ltr'><strong>l&#39;.</strong></span> <span class='ocrx_word' id='word_1_359' title='bbox 2335 2276 2442 2331; x_wconf 83' lang='grc' dir='ltr'>Τοῦ</span> <span class='ocrx_word' id='word_1_360' title='bbox 2471 2278 2527 2331; x_wconf 81' lang='grc' dir='ltr'>δὲ</span> <span class='ocrx_word' id='word_1_361' title='bbox 2569 2277 2766 2347; x_wconf 84' lang='grc' dir='ltr'>θέρους</span> <span class='ocrx_word' id='word_1_362' title='bbox 2791 2278 2891 2348; x_wconf 73' lang='grc' dir='ltr'>ήδη</span> <span class='ocrx_word' id='word_1_363' title='bbox 2953 2276 3249 2348; x_wconf 79' lang='grc' dir='ltr'>μεσοῦντος</span> <span class='ocrx_word' id='word_1_364' title='bbox 3285 2278 3454 2348; x_wconf 82' lang='grc' dir='ltr'>πολλή</span> <span class='ocrx_word' id='word_1_365' title='bbox 3488 2296 3568 2343; x_wconf 88' lang='grc' dir='ltr'><strong>τις</strong></span> <span class='ocrx_word' id='word_1_366' title='bbox 3613 2282 3744 2335; x_wconf 81' lang='grc' dir='ltr'>ἐκα-</span> 
     </span>
    </p>
   </div>
   <div class='ocr_carea' id='block_1_52' title="bbox 2179 2365 3746 2442">
    <p class='ocr_par' dir='ltr' id='par_1_52' title="bbox 2179 2365 3746 2442">
     <span class='ocr_line' id='line_1_52' title="bbox 2179 2365 3746 2442; baseline 0.002 -19"><span class='ocrx_word' id='word_1_367' title='bbox 2179 2370 2420 2441; x_wconf 85' lang='grc' dir='ltr'>τέρωθεν</span> <span class='ocrx_word' id='word_1_368' title='bbox 2449 2365 2611 2434; x_wconf 81' lang='grc' dir='ltr'>αὖθις</span> <span class='ocrx_word' id='word_1_369' title='bbox 2660 2369 3044 2440; x_wconf 81' lang='grc' dir='ltr'>συνεκροτήθη</span> <span class='ocrx_word' id='word_1_370' title='bbox 3083 2370 3287 2442; x_wconf 80' lang='grc' dir='ltr'>σπουδὴ</span> <span class='ocrx_word' id='word_1_371' title='bbox 3349 2375 3464 2434; x_wconf 89' lang='grc' dir='ltr'>τοῖς</span> <span class='ocrx_word' id='word_1_372' title='bbox 3493 2373 3746 2437; x_wconf 79' lang='grc' dir='ltr'>Λατίνοις</span> 
     </span>
    </p>
   </div>
   <div class='ocr_carea' id='block_1_53' title="bbox 2179 2463 3747 2537">
    <p class='ocr_par' dir='ltr' id='par_1_53' title="bbox 2179 2463 3747 2537">
     <span class='ocr_line' id='line_1_53' title="bbox 2179 2463 3747 2537; baseline 0.003 -20"><span class='ocrx_word' id='word_1_373' title='bbox 2179 2465 2314 2534; x_wconf 82' lang='grc' dir='ltr'>πρὸς</span> <span class='ocrx_word' id='word_1_374' title='bbox 2343 2463 2669 2517; x_wconf 83' lang='grc' dir='ltr'>διαποντίων</span> <span class='ocrx_word' id='word_1_375' title='bbox 2701 2463 2958 2534; x_wconf 83' lang='grc' dir='ltr'>πολέμων</span> <span class='ocrx_word' id='word_1_376' title='bbox 2981 2467 3362 2532; x_wconf 84' lang='grc' dir='ltr'>παρασκευάς.</span> <span class='ocrx_word' id='word_1_377' title='bbox 3405 2467 3467 2519; x_wconf 78' lang='lat' dir='ltr'><strong>Ol</strong></span> <span class='ocrx_word' id='word_1_378' title='bbox 3493 2467 3590 2535; x_wconf 71' lang='grc' dir='ltr'>μὲν</span> <span class='ocrx_word' id='word_1_379' title='bbox 3633 2469 3747 2537; x_wconf 87' lang='grc' dir='ltr'><strong>γάρ</strong></span> 
     </span>
    </p>
   </div>
   <div class='ocr_carea' id='block_1_54' title="bbox 2181 2543 3748 2628">
    <p class='ocr_par' dir='ltr' id='par_1_54' title="bbox 2181 2543 3748 2628">
     <span class='ocr_line' id='line_1_54' title="bbox 2181 2543 3748 2628; baseline 0.001 -17"><span class='ocrx_word' id='word_1_380' title='bbox 2181 2557 2478 2611; x_wconf 83' lang='grc' dir='ltr'>Κατελάνοι</span> <span class='ocrx_word' id='word_1_381' title='bbox 2521 2557 2585 2610; x_wconf 73' lang='grc' dir='ltr'>ἐκ</span> <span class='ocrx_word' id='word_1_382' title='bbox 2636 2573 2693 2610; x_wconf 90' lang='grc' dir='ltr'><strong>τε</strong></span> <span class='ocrx_word' id='word_1_383' title='bbox 2747 2557 2964 2610; x_wconf 73' lang='grc' dir='ltr'>οἰκείων</span> <span class='ocrx_word' id='word_1_384' title='bbox 3009 2558 3309 2627; x_wconf 83' lang='grc' dir='ltr'>χρημάτων</span> <span class='ocrx_word' id='word_1_385' title='bbox 3347 2559 3440 2610; x_wconf 79' lang='grc' dir='ltr'>καὶ</span> <span class='ocrx_word' id='word_1_386' title='bbox 3478 2553 3552 2612; x_wconf 87' lang='grc' dir='ltr'><strong>ῶν</strong></span> <span class='ocrx_word' id='word_1_387' title='bbox 3595 2543 3748 2628; x_wconf 72' lang='grc' dir='ltr'>τηνι-</span> 
     </span>
    </p>
   </div>
   <div class='ocr_carea' id='block_1_55' title="bbox 2181 2647 3747 2720">
    <p class='ocr_par' dir='ltr' id='par_1_55' title="bbox 2181 2647 3747 2720">
     <span class='ocr_line' id='line_1_55' title="bbox 2181 2647 3747 2720; baseline 0.001 -18"><span class='ocrx_word' id='word_1_388' title='bbox 2181 2647 2358 2702; x_wconf 74' lang='grc' dir='ltr'>καῦτα</span> <span class='ocrx_word' id='word_1_389' title='bbox 2417 2649 2697 2702; x_wconf 73' lang='grc' dir='ltr'>Βενετικοὶ</span> <span class='ocrx_word' id='word_1_390' title='bbox 2739 2648 3056 2718; x_wconf 75' lang='grc' dir='ltr'>χαρίζονται</span> <span class='ocrx_word' id='word_1_391' title='bbox 3119 2649 3271 2716; x_wconf 85' lang='grc' dir='ltr'>σφίσι</span> <span class='ocrx_word' id='word_1_392' title='bbox 3339 2649 3747 2720; x_wconf 84' lang='grc' dir='ltr'>τετταράκοντα</span> 
     </span>
    </p>
   </div>
   <div class='ocr_carea' id='block_1_56' title="bbox 2181 2739 3746 2811">
    <p class='ocr_par' dir='ltr' id='par_1_56' title="bbox 2181 2739 3746 2811">
     <span class='ocr_line' id='line_1_56' title="bbox 2181 2739 3746 2811; baseline 0.001 -19"><span class='ocrx_word' id='word_1_393' title='bbox 2181 2741 2430 2810; x_wconf 82' lang='grc' dir='ltr'>τριήρεις</span> <span class='ocrx_word' id='word_1_394' title='bbox 2480 2739 2823 2802; x_wconf 77' lang='grc' dir='ltr'>ὁπλίζουσιν.</span> <span class='ocrx_word' id='word_1_395' title='bbox 2857 2739 3134 2792; x_wconf 82' lang='grc' dir='ltr'>Εἱώθεσαν</span> <span class='ocrx_word' id='word_1_396' title='bbox 3157 2741 3267 2811; x_wconf 78' lang='grc' dir='ltr'>γὰρ</span> <span class='ocrx_word' id='word_1_397' title='bbox 3301 2741 3366 2794; x_wconf 78' lang='grc' dir='ltr'>ὲκ</span> <span class='ocrx_word' id='word_1_398' title='bbox 3421 2740 3617 2793; x_wconf 86' lang='grc' dir='ltr'>πολλοῦ</span> <span class='ocrx_word' id='word_1_399' title='bbox 3644 2743 3746 2794; x_wconf 78' lang='grc' dir='ltr'>Βε-</span> 
     </span>
    </p>
   </div>
   <div class='ocr_carea' id='block_1_57' title="bbox 2179 2830 3747 2901">
    <p class='ocr_par' dir='ltr' id='par_1_57' title="bbox 2179 2830 3747 2901">
     <span class='ocr_line' id='line_1_57' title="bbox 2179 2830 3747 2901; baseline 0.001 -18"><span class='ocrx_word' id='word_1_400' title='bbox 2179 2833 2382 2885; x_wconf 77' lang='grc' dir='ltr'>νετικοὶ</span> <span class='ocrx_word' id='word_1_401' title='bbox 2411 2832 2480 2884; x_wconf 83' lang='grc' dir='ltr'><strong>δι’</strong></span> <span class='ocrx_word' id='word_1_402' title='bbox 2519 2830 2864 2901; x_wconf 81' lang='grc' dir='ltr'>ὀλιγανδρίαν</span> <span class='ocrx_word' id='word_1_403' title='bbox 2910 2831 3037 2899; x_wconf 74' lang='grc' dir='ltr'>περὶ</span> <span class='ocrx_word' id='word_1_404' title='bbox 3063 2832 3360 2900; x_wconf 83' lang='grc' dir='ltr'>χρημάτων</span> <span class='ocrx_word' id='word_1_405' title='bbox 3391 2831 3537 2885; x_wconf 77' lang='grc' dir='ltr'>ἅπαν</span> <span class='ocrx_word' id='word_1_406' title='bbox 3571 2833 3747 2885; x_wconf 72' lang='grc' dir='ltr'>ἐνδείο</span> 
     </span>
    </p>
   </div>
   <div class='ocr_carea' id='block_1_58' title="bbox 2178 2913 3750 2988">
    <p class='ocr_par' dir='ltr' id='par_1_58' title="bbox 2178 2913 3750 2988">
     <span class='ocr_line' id='line_1_58' title="bbox 2178 2913 3750 2988; baseline 0.002 -17"><span class='ocrx_word' id='word_1_407' title='bbox 2178 2921 2409 2972; x_wconf 85' lang='grc' dir='ltr'>κνυσθαι</span> <span class='ocrx_word' id='word_1_408' title='bbox 2451 2917 2778 2987; x_wconf 85' lang='grc' dir='ltr'>σπούδασμα</span> <span class='ocrx_word' id='word_1_409' title='bbox 2812 2917 3100 2988; x_wconf 76' lang='grc' dir='ltr'>συλλογὴν,</span> <span class='ocrx_word' id='word_1_410' title='bbox 3130 2913 3204 2972; x_wconf 85' lang='grc' dir='ltr'><strong>ῶν</strong></span> <span class='ocrx_word' id='word_1_411' title='bbox 3228 2919 3390 2972; x_wconf 76' lang='grc' dir='ltr'>ἕνεκα</span> <span class='ocrx_word' id='word_1_412' title='bbox 3429 2921 3522 2973; x_wconf 79' lang='grc' dir='ltr'>καὶ</span> <span class='ocrx_word' id='word_1_413' title='bbox 3569 2921 3750 2974; x_wconf 81' lang='grc' dir='ltr'>πολλὰ</span> 
     </span>
    </p>
   </div>
   <div class='ocr_carea' id='block_1_59' title="bbox 2176 2995 3749 3084">
    <p class='ocr_par' dir='ltr' id='par_1_59' title="bbox 2176 2995 3749 3084">
     <span class='ocr_line' id='line_1_59' title="bbox 2176 2995 3749 3084; baseline 0.002 -21"><span class='ocrx_word' id='word_1_414' title='bbox 2176 3011 2283 3063; x_wconf 85' lang='grc' dir='ltr'><strong>τῶν</strong></span> <span class='ocrx_word' id='word_1_415' title='bbox 2334 3009 2735 3079; x_wconf 78' lang='grc' dir='ltr'>εὐτελεστέρων</span> <span class='ocrx_word' id='word_1_416' title='bbox 2794 2995 3148 3081; x_wconf 77' lang='grc' dir='ltr'>ἀδικημάτων</span> <span class='ocrx_word' id='word_1_417' title='bbox 3212 3010 3390 3065; x_wconf 77' lang='grc' dir='ltr'>ἑκοντὶ</span> <span class='ocrx_word' id='word_1_418' title='bbox 3467 3015 3749 3084; x_wconf 70' lang='grc' dir='ltr'>παρατρέ-</span> 
     </span>
    </p>
   </div>
   <div class='ocr_carea' id='block_1_60' title="bbox 2176 3101 3748 3175">
    <p class='ocr_par' dir='ltr' id='par_1_60' title="bbox 2176 3101 3748 3175">
     <span class='ocr_line' id='line_1_60' title="bbox 2176 3101 3748 3175; baseline 0.003 -22"><span class='ocrx_word' id='word_1_419' title='bbox 2176 3101 2329 3172; x_wconf 84' lang='grc' dir='ltr'>χουσί</span> <span class='ocrx_word' id='word_1_420' title='bbox 2359 3119 2415 3155; x_wconf 92' lang='grc' dir='ltr'><strong>τε</strong></span> <span class='ocrx_word' id='word_1_421' title='bbox 2453 3103 2546 3154; x_wconf 72' lang='grc' dir='ltr'>καὶ</span> <span class='ocrx_word' id='word_1_422' title='bbox 2569 3102 2827 3172; x_wconf 76' lang='grc' dir='ltr'>φέρουσιν</span> <span class='ocrx_word' id='word_1_423' title='bbox 2871 3102 3237 3172; x_wconf 80' lang='grc' dir='ltr'>ὑπομένοντες</span> <span class='ocrx_word' id='word_1_424' title='bbox 3267 3103 3328 3157; x_wconf 77' lang='grc' dir='ltr'>ἔκ</span> <span class='ocrx_word' id='word_1_425' title='bbox 3361 3123 3419 3157; x_wconf 88' lang='grc' dir='ltr'><strong>τε</strong></span> <span class='ocrx_word' id='word_1_426' title='bbox 3451 3105 3748 3175; x_wconf 78' lang='grc' dir='ltr'>ὁμοφύλων</span> 
     </span>
    </p>
   </div>
   <div class='ocr_carea' id='block_1_61' title="bbox 500 3192 2075 3268">
    <p class='ocr_par' dir='ltr' id='par_1_61' title="bbox 500 3192 2075 3268">
     <span class='ocr_line' id='line_1_61' title="bbox 500 3192 2075 3268; baseline -0.002 -20"><span class='ocrx_word' id='word_1_427' title='bbox 500 3215 624 3268; x_wconf 85' lang='lat' dir='ltr'><strong>quae</strong></span> <span class='ocrx_word' id='word_1_428' title='bbox 659 3197 936 3250; x_wconf 89' lang='lat' dir='ltr'><strong>uberrima</strong></span> <span class='ocrx_word' id='word_1_429' title='bbox 972 3195 1142 3248; x_wconf 89' lang='lat' dir='ltr'><strong>totius</strong></span> <span class='ocrx_word' id='word_1_430' title='bbox 1184 3193 1312 3247; x_wconf 83' lang='lat' dir='ltr'><strong>anni</strong></span> <span class='ocrx_word' id='word_1_431' title='bbox 1345 3192 1551 3246; x_wconf 85' lang='lat' dir='ltr'><strong>tiibuta</strong></span> <span class='ocrx_word' id='word_1_432' title='bbox 1586 3193 1862 3262; x_wconf 88' lang='lat' dir='ltr'><strong>perderet.</strong></span> <span class='ocrx_word' id='word_1_433' title='bbox 1893 3192 2075 3260; x_wconf 82' lang='lat' dir='ltr'><strong>Itaque</strong></span> 
     </span>
    </p>
   </div>
   <div class='ocr_carea' id='block_1_62' title="bbox 2180 3192 3750 3268">
    <p class='ocr_par' dir='ltr' id='par_1_62' title="bbox 2185 3193 3750 3266">
     <span class='ocr_line' id='line_1_62' title="bbox 2185 3193 3750 3266; baseline 0.001 -20"><span class='ocrx_word' id='word_1_434' title='bbox 2185 3196 2280 3248; x_wconf 71' lang='grc' dir='ltr'>καὶ</span> <span class='ocrx_word' id='word_1_435' title='bbox 2320 3195 2630 3263; x_wconf 68' lang='grc' dir='ltr'>ἀλλοφύλων</span> <span class='ocrx_word' id='word_1_436' title='bbox 2685 3193 2858 3262; x_wconf 86' lang='grc' dir='ltr'>γενῶν</span> <span class='ocrx_word' id='word_1_437' title='bbox 2895 3194 3036 3264; x_wconf 80' lang='grc' dir='ltr'>ὑπέρ</span> <span class='ocrx_word' id='word_1_438' title='bbox 3079 3211 3139 3263; x_wconf 89' lang='grc' dir='ltr'><strong>γε</strong></span> <span class='ocrx_word' id='word_1_439' title='bbox 3177 3195 3270 3248; x_wconf 90' lang='grc' dir='ltr'><strong>τοῦ</strong></span> <span class='ocrx_word' id='word_1_440' title='bbox 3303 3195 3381 3266; x_wconf 79' lang='grc' dir='ltr'>μὴ</span> <span class='ocrx_word' id='word_1_441' title='bbox 3414 3199 3548 3265; x_wconf 80' lang='grc' dir='ltr'>πρὸς</span> <span class='ocrx_word' id='word_1_442' title='bbox 3576 3198 3750 3266; x_wconf 84' lang='grc' dir='ltr'>δημο-</span> 
     </span>
    </p>
   </div>
   <div class='ocr_carea' id='block_1_63' title="bbox 507 3282 2072 3354">
    <p class='ocr_par' dir='ltr' id='par_1_63' title="bbox 507 3282 2072 3354">
     <span class='ocr_line' id='line_1_63' title="bbox 507 3282 2072 3354; baseline -0.005 -12"><span class='ocrx_word' id='word_1_443' title='bbox 507 3288 757 3343; x_wconf 82' lang='lat' dir='ltr'><strong>hostibus</strong></span> <span class='ocrx_word' id='word_1_444' title='bbox 803 3288 918 3341; x_wconf 86' lang='lat' dir='ltr'><strong>suis</strong></span> <span class='ocrx_word' id='word_1_445' title='bbox 949 3286 998 3338; x_wconf 90' lang='lat' dir='ltr'><strong>vi</strong></span> <span class='ocrx_word' id='word_1_446' title='bbox 1033 3284 1255 3354; x_wconf 80' lang='lat' dir='ltr'><strong>quidem</strong></span> <span class='ocrx_word' id='word_1_447' title='bbox 1310 3284 1637 3341; x_wconf 79' lang='lat' dir='ltr'><strong>inferiores.</strong></span> <span class='ocrx_word' id='word_1_448' title='bbox 1681 3282 1857 3336; x_wconf 82' lang='lat' dir='ltr'><strong>fructu</strong></span> <span class='ocrx_word' id='word_1_449' title='bbox 1891 3291 2072 3334; x_wconf 83' lang='lat' dir='ltr'><strong>autent</strong></span> 
     </span>
    </p>
   </div>
   <div class='ocr_carea' id='block_1_64' title="bbox 501 3374 2073 3446">
    <p class='ocr_par' dir='ltr' id='par_1_64' title="bbox 501 3374 2073 3446">
     <span class='ocr_line' id='line_1_64' title="bbox 501 3374 2073 3446; baseline -0.003 -15"><span class='ocrx_word' id='word_1_450' title='bbox 501 3377 815 3446; x_wconf 81' lang='lat' dir='ltr'><strong>superiores</strong></span> <span class='ocrx_word' id='word_1_451' title='bbox 859 3385 1237 3444; x_wconf 85' lang='lat' dir='ltr'><strong>suut;&#39;neque</strong></span> <span class='ocrx_word' id='word_1_452' title='bbox 1271 3375 1377 3428; x_wconf 90' lang='lat' dir='ltr'><strong>ulla</strong></span> <span class='ocrx_word' id='word_1_453' title='bbox 1431 3384 1516 3429; x_wconf 90' lang='lat' dir='ltr'><strong>est</strong></span> <span class='ocrx_word' id='word_1_454' title='bbox 1563 3374 1881 3429; x_wconf 87' lang='lat' dir='ltr'><strong>Latinorum</strong></span> <span class='ocrx_word' id='word_1_455' title='bbox 1919 3389 2073 3443; x_wconf 72' lang='lat' dir='ltr'><strong>gens,</strong></span> 
     </span>
    </p>
   </div>
   <div class='ocr_carea' id='block_1_65' title="bbox 501 3464 2073 3537">
    <p class='ocr_par' dir='ltr' id='par_1_65' title="bbox 501 3464 2073 3537">
     <span class='ocr_line' id='line_1_65' title="bbox 501 3464 2073 3537; baseline -0.002 -16"><span class='ocrx_word' id='word_1_456' title='bbox 501 3471 588 3522; x_wconf 75' lang='lat' dir='ltr'><strong>cui</strong></span> <span class='ocrx_word' id='word_1_457' title='bbox 623 3478 771 3522; x_wconf 89' lang='lat' dir='ltr'><strong>tanta</strong></span> <span class='ocrx_word' id='word_1_458' title='bbox 820 3469 890 3522; x_wconf 82' lang='lat' dir='ltr'><strong>sit</strong></span> <span class='ocrx_word' id='word_1_459' title='bbox 948 3466 1302 3537; x_wconf 87' lang='lat' dir='ltr'><strong>pecuniarum</strong></span> <span class='ocrx_word' id='word_1_460' title='bbox 1365 3467 1677 3521; x_wconf 89' lang='lat' dir='ltr'><strong>multitudo.</strong></span> <span class='ocrx_word' id='word_1_461' title='bbox 1713 3465 1810 3520; x_wconf 88' lang='lat' dir='ltr'><strong>Sin</strong></span> <span class='ocrx_word' id='word_1_462' title='bbox 1861 3481 1992 3519; x_wconf 86' lang='lat' dir='ltr'><strong>vero</strong></span> <span class='ocrx_word' id='word_1_463' title='bbox 2021 3464 2073 3518; x_wconf 84' lang='lat' dir='ltr'><strong>vi</strong></span> 
     </span>
    </p>
   </div>
   <div class='ocr_carea' id='block_1_66' title="bbox 499 3556 2076 3629">
    <p class='ocr_par' dir='ltr' id='par_1_66' title="bbox 499 3556 2076 3629">
     <span class='ocr_line' id='line_1_66' title="bbox 499 3556 2076 3629; baseline -0.003 -17"><span class='ocrx_word' id='word_1_464' title='bbox 499 3560 736 3629; x_wconf 84' lang='lat' dir='ltr'><strong>quadam</strong></span> <span class='ocrx_word' id='word_1_465' title='bbox 767 3559 922 3628; x_wconf 89' lang='lat' dir='ltr'><strong>plane</strong></span> <span class='ocrx_word' id='word_1_466' title='bbox 943 3566 1217 3628; x_wconf 75' lang='lat' dir='ltr'><strong>coguntur</strong></span> <span class='ocrx_word' id='word_1_467' title='bbox 1250 3560 1417 3612; x_wconf 88' lang='lat' dir='ltr'><strong>armis</strong></span> <span class='ocrx_word' id='word_1_468' title='bbox 1443 3556 1797 3621; x_wconf 88' lang='lat' dir='ltr'><strong>contendere,</strong></span> <span class='ocrx_word' id='word_1_469' title='bbox 1819 3557 2076 3612; x_wconf 89' lang='lat' dir='ltr'><strong>celeriter</strong></span> 
     </span>
    </p>
   </div>
   <div class='ocr_carea' id='block_1_67' title="bbox 503 3647 2074 3720">
    <p class='ocr_par' dir='ltr' id='par_1_67' title="bbox 503 3647 2074 3720">
     <span class='ocr_line' id='line_1_67' title="bbox 503 3647 2074 3720; baseline -0.001 -17"><span class='ocrx_word' id='word_1_470' title='bbox 503 3651 652 3719; x_wconf 78' lang='lat' dir='ltr'><strong>larga</strong></span> <span class='ocrx_word' id='word_1_471' title='bbox 677 3651 1034 3720; x_wconf 79' lang='lat' dir='ltr'><strong>pecuniarum</strong></span> <span class='ocrx_word' id='word_1_472' title='bbox 1057 3649 1212 3719; x_wconf 87' lang='lat' dir='ltr'><strong>copia</strong></span> <span class='ocrx_word' id='word_1_473' title='bbox 1247 3650 1461 3705; x_wconf 85' lang='lat' dir='ltr'><strong>animos</strong></span> <span class='ocrx_word' id='word_1_474' title='bbox 1495 3664 1685 3703; x_wconf 90' lang='lat' dir='ltr'><strong>eorum</strong></span> <span class='ocrx_word' id='word_1_475' title='bbox 1717 3647 1809 3716; x_wconf 90' lang='lat' dir='ltr'><strong>qui</strong></span> <span class='ocrx_word' id='word_1_476' title='bbox 1845 3647 2074 3716; x_wconf 73' lang='lat' dir='ltr'><strong>proximi</strong></span> 
     </span>
    </p>
   </div>
   <div class='ocr_carea' id='block_1_68' title="bbox 502 3737 2076 3812">
    <p class='ocr_par' dir='ltr' id='par_1_68' title="bbox 502 3737 2076 3812">
     <span class='ocr_line' id='line_1_68' title="bbox 502 3737 2076 3812; baseline -0.004 -16"><span class='ocrx_word' id='word_1_477' title='bbox 502 3742 755 3796; x_wconf 75' lang='lat' dir='ltr'><strong>hostibus</strong></span> <span class='ocrx_word' id='word_1_478' title='bbox 800 3751 857 3795; x_wconf 89' lang='lat' dir='ltr'><strong>et</strong></span> <span class='ocrx_word' id='word_1_479' title='bbox 888 3741 1207 3812; x_wconf 84' lang='lat' dir='ltr'><strong>quicunque</strong></span> <span class='ocrx_word' id='word_1_480' title='bbox 1252 3742 1396 3794; x_wconf 89' lang='lat' dir='ltr'><strong>circa</strong></span> <span class='ocrx_word' id='word_1_481' title='bbox 1431 3755 1526 3794; x_wconf 88' lang='lat' dir='ltr'><strong>eos</strong></span> <span class='ocrx_word' id='word_1_482' title='bbox 1554 3739 1765 3804; x_wconf 89' lang='lat' dir='ltr'><strong>colunt,</strong></span> <span class='ocrx_word' id='word_1_483' title='bbox 1804 3737 1908 3791; x_wconf 88' lang='lat' dir='ltr'><strong>sibi</strong></span> <span class='ocrx_word' id='word_1_484' title='bbox 1943 3752 2076 3791; x_wconf 91' lang='lat' dir='ltr'><strong>con-</strong></span> 
     </span>
    </p>
   </div>
   <div class='ocr_carea' id='block_1_69' title="bbox 499 3831 2076 3900">
    <p class='ocr_par' dir='ltr' id='par_1_69' title="bbox 499 3831 2076 3900">
     <span class='ocr_line' id='line_1_69' title="bbox 499 3831 2076 3900; baseline -0.004 -13"><span class='ocrx_word' id='word_1_485' title='bbox 499 3833 715 3887; x_wconf 85' lang='lat' dir='ltr'><strong>ciliant.</strong></span> <span class='ocrx_word' id='word_1_486' title='bbox 737 3831 856 3900; x_wconf 86' lang='lat' dir='ltr'><strong>Qno</strong></span> <span class='ocrx_word' id='word_1_487' title='bbox 881 3847 1075 3886; x_wconf 88' lang='lat' dir='ltr'><strong>omnes</strong></span> <span class='ocrx_word' id='word_1_488' title='bbox 1092 3831 1176 3885; x_wconf 39' lang='lat' dir='ltr'><strong>[ad</strong></span> <span class='ocrx_word' id='word_1_489' title='bbox 1202 3833 1521 3885; x_wconf 84' lang='lat' dir='ltr'><strong>societatem</strong></span> <span class='ocrx_word' id='word_1_490' title='bbox 1542 3842 1694 3883; x_wconf 88' lang='lat' dir='ltr'><strong>suam</strong></span> <span class='ocrx_word' id='word_1_491' title='bbox 1724 3837 2076 3896; x_wconf 87' lang='lat' dir='ltr'><strong>quotcunque</strong></span> 
     </span>
    </p>
   </div>
   <div class='ocr_carea' id='block_1_70' title="bbox 499 3917 2076 3992">
    <p class='ocr_par' dir='ltr' id='par_1_70' title="bbox 499 3917 2076 3992">
     <span class='ocr_line' id='line_1_70' title="bbox 499 3917 2076 3992; baseline -0.004 -15"><span class='ocrx_word' id='word_1_492' title='bbox 499 3931 560 3977; x_wconf 92' lang='lat' dir='ltr'><strong>et</strong></span> <span class='ocrx_word' id='word_1_493' title='bbox 589 3937 949 3992; x_wconf 89' lang='lat' dir='ltr'><strong>quoscunque</strong></span> <span class='ocrx_word' id='word_1_494' title='bbox 975 3924 1171 3976; x_wconf 88' lang='lat' dir='ltr'><strong>volunt</strong></span> <span class='ocrx_word' id='word_1_495' title='bbox 1210 3920 1370 3975; x_wconf 81' lang='lat' dir='ltr'><strong>facile</strong></span> <span class='ocrx_word' id='word_1_496' title='bbox 1397 3922 1642 3974; x_wconf 87' lang='lat' dir='ltr'><strong>trahunt.</strong></span> <span class='ocrx_word' id='word_1_497' title='bbox 1692 3917 1879 3987; x_wconf 88' lang='lat' dir='ltr'><strong>Itaque</strong></span> <span class='ocrx_word' id='word_1_498' title='bbox 1909 3918 2076 3971; x_wconf 66' lang='lat' dir='ltr'><strong>maxi-</strong></span> 
     </span>
    </p>
   </div>
   <div class='ocr_carea' id='block_1_71' title="bbox 501 4009 2075 4089">
    <p class='ocr_par' dir='ltr' id='par_1_71' title="bbox 501 4009 2075 4089">
     <span class='ocr_line' id='line_1_71' title="bbox 501 4009 2075 4089; baseline -0.003 -22"><span class='ocrx_word' id='word_1_499' title='bbox 501 4015 608 4068; x_wconf 86' lang='lat' dir='ltr'><strong>mis</strong></span> <span class='ocrx_word' id='word_1_500' title='bbox 628 4024 826 4089; x_wconf 59' lang='lat' dir='ltr'><strong>piater</strong></span> <span class='ocrx_word' id='word_1_501' title='bbox 849 4024 1080 4070; x_wconf 81' lang='lat' dir='ltr'><strong>caeteros</strong></span> <span class='ocrx_word' id='word_1_502' title='bbox 1120 4029 1311 4069; x_wconf 88' lang='lat' dir='ltr'><strong>omnes</strong></span> <span class='ocrx_word' id='word_1_503' title='bbox 1337 4013 1567 4082; x_wconf 75' lang='lat' dir='ltr'><strong>pepulos</strong></span> <span class='ocrx_word' id='word_1_504' title='bbox 1601 4011 1777 4080; x_wconf 89' lang='lat' dir='ltr'><strong>copiis</strong></span> <span class='ocrx_word' id='word_1_505' title='bbox 1823 4009 2075 4065; x_wconf 86' lang='lat' dir='ltr'><strong>instructi</strong></span> 
     </span>
    </p>
   </div>
   <div class='ocr_carea' id='block_1_72' title="bbox 502 4089 2077 4175">
    <p class='ocr_par' dir='ltr' id='par_1_72' title="bbox 502 4089 2077 4175">
     <span class='ocr_line' id='line_1_72' title="bbox 502 4089 2077 4175; baseline -0.003 -15"><span class='ocrx_word' id='word_1_506' title='bbox 502 4110 558 4160; x_wconf 80' lang='lat' dir='ltr'><strong>in</strong></span> <span class='ocrx_word' id='word_1_507' title='bbox 594 4110 774 4175; x_wconf 64' lang='lat' dir='ltr'><strong>fugam</strong></span> <span class='ocrx_word' id='word_1_508' title='bbox 810 4110 993 4161; x_wconf 89' lang='lat' dir='ltr'><strong>hostes</strong></span> <span class='ocrx_word' id='word_1_509' title='bbox 1021 4115 1374 4162; x_wconf 79' lang='lat' dir='ltr'><strong>convertunt.</strong></span> <span class='ocrx_word' id='word_1_510' title='bbox 1413 4105 1528 4160; x_wconf 70' lang='lat' dir='ltr'><strong>&#39;l‘ali</strong></span> <span class='ocrx_word' id='word_1_511' title='bbox 1558 4089 1723 4174; x_wconf 28' lang='lat'><strong>.190</strong></span> <span class='ocrx_word' id='word_1_512' title='bbox 1745 4104 1908 4158; x_wconf 88' lang='lat' dir='ltr'><strong>modo</strong></span> <span class='ocrx_word' id='word_1_513' title='bbox 1933 4119 2077 4156; x_wconf 90' lang='lat' dir='ltr'><strong>nunc</strong></span> 
     </span>
    </p>
   </div>
   <div class='ocr_carea' id='block_1_73' title="bbox 437 4191 2076 4266">
    <p class='ocr_par' dir='ltr' id='par_1_73' title="bbox 437 4191 2076 4266">
     <span class='ocr_line' id='line_1_73' title="bbox 437 4191 2076 4266; baseline 0.001 -20"><span class='ocrx_word' id='word_1_514' title='bbox 437 4191 441 4196; x_wconf 83' lang='grc'><em>’</em></span> <span class='ocrx_word' id='word_1_515' title='bbox 500 4212 724 4265; x_wconf 81' lang='lat' dir='ltr'><strong>quoque</strong></span> <span class='ocrx_word' id='word_1_516' title='bbox 759 4200 810 4249; x_wconf 89' lang='lat' dir='ltr'><strong>in</strong></span> <span class='ocrx_word' id='word_1_517' title='bbox 848 4213 977 4250; x_wconf 91' lang='lat' dir='ltr'><strong>suas</strong></span> <span class='ocrx_word' id='word_1_518' title='bbox 1010 4209 1193 4266; x_wconf 87' lang='lat' dir='ltr'><strong>partes</strong></span> <span class='ocrx_word' id='word_1_519' title='bbox 1219 4207 1499 4250; x_wconf 70' lang='lat' dir='ltr'><strong>traxerant</strong></span> <span class='ocrx_word' id='word_1_520' title='bbox 1534 4197 1944 4264; x_wconf 78' lang='lat' dir='ltr'><strong>Romanos.an</strong></span> <span class='ocrx_word' id='word_1_521' title='bbox 1975 4195 2076 4264; x_wconf 85' lang='lat' dir='ltr'><strong>ipsi</strong></span> 
     </span>
    </p>
   </div>
   <div class='ocr_carea' id='block_1_74' title="bbox 505 4284 2076 4349">
    <p class='ocr_par' dir='ltr' id='par_1_74' title="bbox 505 4284 2076 4349">
     <span class='ocr_line' id='line_1_74' title="bbox 505 4284 2076 4349; baseline 0 -13"><span class='ocrx_word' id='word_1_522' title='bbox 505 4299 636 4336; x_wconf 78' lang='lat' dir='ltr'><strong>suas</strong></span> <span class='ocrx_word' id='word_1_523' title='bbox 689 4284 814 4336; x_wconf 89' lang='lat' dir='ltr'><strong>belli</strong></span> <span class='ocrx_word' id='word_1_524' title='bbox 881 4297 1072 4337; x_wconf 67' lang='lat' dir='ltr'><strong>contra</strong></span> <span class='ocrx_word' id='word_1_525' title='bbox 1130 4284 1450 4338; x_wconf 85' lang='lat' dir='ltr'><strong>chuenses</strong></span> <span class='ocrx_word' id='word_1_526' title='bbox 1511 4299 1706 4337; x_wconf 80' lang='lat' dir='ltr'><strong>causas</strong></span> <span class='ocrx_word' id='word_1_527' title='bbox 1755 4284 2076 4349; x_wconf 86' lang='lat' dir='ltr'><strong>habebant,</strong></span> 
     </span>
    </p>
   </div>
   <div class='ocr_carea' id='block_1_75' title="bbox 499 4375 2074 4445">
    <p class='ocr_par' dir='ltr' id='par_1_75' title="bbox 499 4375 2074 4445">
     <span class='ocr_line' id='line_1_75' title="bbox 499 4375 2074 4445; baseline 0 -17"><span class='ocrx_word' id='word_1_528' title='bbox 499 4377 652 4445; x_wconf 79' lang='lat' dir='ltr'><strong>quod</strong></span> <span class='ocrx_word' id='word_1_529' title='bbox 695 4378 745 4428; x_wconf 88' lang='lat' dir='ltr'><strong>in</strong></span> <span class='ocrx_word' id='word_1_530' title='bbox 776 4376 1157 4445; x_wconf 86' lang='lat' dir='ltr'><strong>superioribus</strong></span> <span class='ocrx_word' id='word_1_531' title='bbox 1202 4377 1358 4428; x_wconf 80' lang='lat' dir='ltr'><strong>libris</strong></span> <span class='ocrx_word' id='word_1_532' title='bbox 1412 4390 1790 4444; x_wconf 79' lang='lat' dir='ltr'><strong>szepenumero</strong></span> <span class='ocrx_word' id='word_1_533' title='bbox 1835 4375 2074 4439; x_wconf 73' lang='lat' dir='ltr'><strong>laudari,</strong></span> 
     </span>
    </p>
   </div>
   <div class='ocr_carea' id='block_1_76' title="bbox 499 4469 2073 4537">
    <p class='ocr_par' dir='ltr' id='par_1_76' title="bbox 499 4469 2073 4537">
     <span class='ocr_line' id='line_1_76' title="bbox 499 4469 2073 4537; baseline 0.001 -17"><span class='ocrx_word' id='word_1_534' title='bbox 499 4479 559 4520; x_wconf 85' lang='lat' dir='ltr'><strong>et</strong></span> <span class='ocrx_word' id='word_1_535' title='bbox 586 4469 881 4523; x_wconf 72' lang='lat' dir='ltr'><strong>Catelaunos</strong></span> <span class='ocrx_word' id='word_1_536' title='bbox 914 4469 1005 4537; x_wconf 85' lang='lat' dir='ltr'><strong>qui</strong></span> <span class='ocrx_word' id='word_1_537' title='bbox 1055 4469 1158 4537; x_wconf 89' lang='lat' dir='ltr'><strong>ipsi</strong></span> <span class='ocrx_word' id='word_1_538' title='bbox 1191 4483 1412 4537; x_wconf 82' lang='lat' dir='ltr'><strong>quoque</strong></span> <span class='ocrx_word' id='word_1_539' title='bbox 1455 4484 1580 4522; x_wconf 90' lang='lat' dir='ltr'><strong>suas</strong></span> <span class='ocrx_word' id='word_1_540' title='bbox 1609 4483 1802 4522; x_wconf 92' lang='lat' dir='ltr'><strong>causas</strong></span> <span class='ocrx_word' id='word_1_541' title='bbox 1861 4469 1987 4524; x_wconf 87' lang='lat' dir='ltr'><strong>belli</strong></span> <span class='ocrx_word' id='word_1_542' title='bbox 2021 4470 2073 4522; x_wconf 90' lang='lat' dir='ltr'><strong>in</strong></span> 
     </span>
    </p>
   </div>
   <div class='ocr_carea' id='block_1_77' title="bbox 497 4560 1721 4629">
    <p class='ocr_par' dir='ltr' id='par_1_77' title="bbox 497 4560 1721 4629">
     <span class='ocr_line' id='line_1_77' title="bbox 497 4560 1721 4629; baseline 0.002 -17"><span class='ocrx_word' id='word_1_543' title='bbox 497 4561 825 4615; x_wconf 69' lang='lat' dir='ltr'><strong>Genuenscs</strong></span> <span class='ocrx_word' id='word_1_544' title='bbox 861 4561 1156 4626; x_wconf 82' lang='lat' dir='ltr'><strong>habebant,</strong></span> <span class='ocrx_word' id='word_1_545' title='bbox 1189 4571 1246 4614; x_wconf 93' lang='lat' dir='ltr'><strong>ut</strong></span> <span class='ocrx_word' id='word_1_546' title='bbox 1275 4572 1460 4629; x_wconf 89' lang='lat' dir='ltr'><strong>postea</strong></span> <span class='ocrx_word' id='word_1_547' title='bbox 1496 4560 1721 4615; x_wconf 88' lang='lat' dir='ltr'><strong>dicitur.</strong></span> 
     </span>
    </p>
   </div>
   <div class='ocr_carea' id='block_1_78' title="bbox 2185 3287 3753 3359">
    <p class='ocr_par' dir='ltr' id='par_1_78' title="bbox 2185 3287 3753 3359">
     <span class='ocr_line' id='line_1_78' title="bbox 2185 3287 3753 3359; baseline 0 -20"><span class='ocrx_word' id='word_1_548' title='bbox 2185 3289 2306 3348; x_wconf 88' lang='grc' dir='ltr'>σίας</span> <span class='ocrx_word' id='word_1_549' title='bbox 2341 3290 2434 3341; x_wconf 57' lang='grc' dir='ltr'><strong>καί⁵</strong></span> <span class='ocrx_word' id='word_1_550' title='bbox 2468 3287 2792 3358; x_wconf 80' lang='grc' dir='ltr'>ὑπαιθρίους</span> <span class='ocrx_word' id='word_1_551' title='bbox 2822 3287 3016 3359; x_wconf 79' lang='grc' dir='ltr'>ῥυῆναι</span> <span class='ocrx_word' id='word_1_552' title='bbox 3053 3292 3251 3359; x_wconf 80' lang='grc' dir='ltr'><strong>μάχας,</strong></span> <span class='ocrx_word' id='word_1_553' title='bbox 3299 3289 3436 3359; x_wconf 80' lang='grc' dir='ltr'>μηδὲ</span> <span class='ocrx_word' id='word_1_554' title='bbox 3473 3291 3753 3358; x_wconf 76' lang='grc' dir='ltr'>πρόφασιν</span> 
     </span>
    </p>
   </div>
   <div class='ocr_carea' id='block_1_79' title="bbox 2185 3363 3756 3450">
    <p class='ocr_par' dir='ltr' id='par_1_79' title="bbox 2185 3378 3756 3450">
     <span class='ocr_line' id='line_1_79' title="bbox 2185 3378 3756 3450; baseline 0.004 -22"><span class='ocrx_word' id='word_1_555' title='bbox 2185 3378 2545 3448; x_wconf 77' lang='grc' dir='ltr'>παρεισδῦναι</span> <span class='ocrx_word' id='word_1_556' title='bbox 2602 3394 2723 3432; x_wconf 90' lang='grc' dir='ltr'>τινα</span> <span class='ocrx_word' id='word_1_557' title='bbox 2773 3380 3263 3450; x_wconf 75' lang='grc' dir='ltr'>συγκεχωρηκέναι</span> <span class='ocrx_word' id='word_1_558' title='bbox 3301 3381 3508 3449; x_wconf 81' lang='grc' dir='ltr'>μεταξὺ</span> <span class='ocrx_word' id='word_1_559' title='bbox 3569 3381 3756 3434; x_wconf 85' lang='grc' dir='ltr'>διακό-</span> 
     </span>
    </p>
   </div>
   <div class='ocr_carea' id='block_1_80' title="bbox 2186 3466 3752 3544">
    <p class='ocr_par' dir='ltr' id='par_1_80' title="bbox 2186 3466 3752 3544">
     <span class='ocr_line' id='line_1_80' title="bbox 2186 3466 3752 3544; baseline 0.003 -22"><span class='ocrx_word' id='word_1_560' title='bbox 2186 3487 2427 3524; x_wconf 88' lang='grc' dir='ltr'>πτουσαν</span> <span class='ocrx_word' id='word_1_561' title='bbox 2453 3471 2551 3540; x_wconf 84' lang='grc' dir='ltr'>τὴν</span> <span class='ocrx_word' id='word_1_562' title='bbox 2582 3469 2691 3524; x_wconf 90' lang='grc' dir='ltr'><strong>τῶν</strong></span> <span class='ocrx_word' id='word_1_563' title='bbox 2735 3466 2794 3534; x_wconf 73' lang='grc' dir='ltr'>ἐξ</span> <span class='ocrx_word' id='word_1_564' title='bbox 2822 3473 3088 3544; x_wconf 73' lang='grc' dir='ltr'>ἐμπορίας</span> <span class='ocrx_word' id='word_1_565' title='bbox 3125 3473 3476 3542; x_wconf 73' lang='grc' dir='ltr'>παντοδαπῆς</span> <span class='ocrx_word' id='word_1_566' title='bbox 3513 3473 3752 3542; x_wconf 72' lang='grc' dir='ltr'>ἐτησίων</span> 
     </span>
    </p>
   </div>
   <div class='ocr_carea' id='block_1_81' title="bbox 2183 3561 3752 3635">
    <p class='ocr_par' dir='ltr' id='par_1_81' title="bbox 2183 3561 3752 3635">
     <span class='ocr_line' id='line_1_81' title="bbox 2183 3561 3752 3635; baseline 0.003 -20"><span class='ocrx_word' id='word_1_567' title='bbox 2183 3561 2393 3630; x_wconf 85' lang='grc' dir='ltr'>κερδῶν</span> <span class='ocrx_word' id='word_1_568' title='bbox 2415 3563 2700 3631; x_wconf 81' lang='grc' dir='ltr'>συλλογήν.</span> <span class='ocrx_word' id='word_1_569' title='bbox 2728 3564 2838 3616; x_wconf 77' lang='grc' dir='ltr'><strong>Καὶ</strong></span> <span class='ocrx_word' id='word_1_570' title='bbox 2881 3563 3055 3628; x_wconf 84' lang='grc' dir='ltr'>οὑτως</span> <span class='ocrx_word' id='word_1_571' title='bbox 3077 3565 3162 3617; x_wconf 79' lang='grc' dir='ltr'>ἀεὶ</span> <span class='ocrx_word' id='word_1_572' title='bbox 3193 3564 3486 3618; x_wconf 79' lang='grc' dir='ltr'>τοὺλαττον</span> <span class='ocrx_word' id='word_1_573' title='bbox 3532 3583 3752 3635; x_wconf 85' lang='grc' dir='ltr'>συγχω-</span> 
     </span>
    </p>
   </div>
   <div class='ocr_carea' id='block_1_82' title="bbox 2187 3652 3745 3727">
    <p class='ocr_par' dir='ltr' id='par_1_82' title="bbox 2187 3652 3745 3727">
     <span class='ocr_line' id='line_1_82' title="bbox 2187 3652 3745 3727; baseline 0.003 -22"><span class='ocrx_word' id='word_1_574' title='bbox 2187 3652 2408 3723; x_wconf 84' lang='grc' dir='ltr'>ροῦντες</span> <span class='ocrx_word' id='word_1_575' title='bbox 2442 3655 2777 3727; x_wconf 85' lang='grc' dir='ltr'>καρποῦνται</span> <span class='ocrx_word' id='word_1_576' title='bbox 2805 3655 2866 3709; x_wconf 81' lang='grc' dir='ltr'>τὸ</span> <span class='ocrx_word' id='word_1_577' title='bbox 2896 3657 3102 3726; x_wconf 78' lang='grc' dir='ltr'>μεῖζον,</span> <span class='ocrx_word' id='word_1_578' title='bbox 3129 3657 3204 3720; x_wconf 84' lang='grc' dir='ltr'><strong>ὡς</strong></span> <span class='ocrx_word' id='word_1_579' title='bbox 3229 3658 3386 3724; x_wconf 87' lang='grc' dir='ltr'>γένος</span> <span class='ocrx_word' id='word_1_580' title='bbox 3413 3652 3553 3711; x_wconf 72' lang='grc' dir='ltr'>εἶναι</span> <span class='ocrx_word' id='word_1_581' title='bbox 3579 3660 3745 3712; x_wconf 83' lang='grc' dir='ltr'>Λατί-</span> 
     </span>
    </p>
   </div>
   <div class='ocr_carea' id='block_1_83' title="bbox 2185 3745 3746 3820">
    <p class='ocr_par' dir='ltr' id='par_1_83' title="bbox 2185 3745 3746 3820">
     <span class='ocr_line' id='line_1_83' title="bbox 2185 3745 3746 3820; baseline 0.003 -22"><span class='ocrx_word' id='word_1_582' title='bbox 2185 3761 2290 3798; x_wconf 87' lang='grc' dir='ltr'><strong>νων</strong></span> <span class='ocrx_word' id='word_1_583' title='bbox 2331 3745 2516 3814; x_wconf 82' lang='grc' dir='ltr'>σχεδδν</span> <span class='ocrx_word' id='word_1_584' title='bbox 2549 3745 2703 3800; x_wconf 77' lang='grc' dir='ltr'>οὐδὲν</span> <span class='ocrx_word' id='word_1_585' title='bbox 2733 3746 2761 3800; x_wconf 81' lang='grc' dir='ltr'><strong>ὃ</strong></span> <span class='ocrx_word' id='word_1_586' title='bbox 2812 3747 3082 3819; x_wconf 86' lang='grc' dir='ltr'>τοσαύτην</span> <span class='ocrx_word' id='word_1_587' title='bbox 3133 3748 3250 3820; x_wconf 76' lang='grc' dir='ltr'>ἔχει</span> <span class='ocrx_word' id='word_1_588' title='bbox 3310 3749 3611 3820; x_wconf 84' lang='grc' dir='ltr'>χρημάτων</span> <span class='ocrx_word' id='word_1_589' title='bbox 3660 3752 3746 3802; x_wconf 72' lang='grc' dir='ltr'><strong>ὲν-</strong></span> 
     </span>
    </p>
   </div>
   <div class='ocr_carea' id='block_1_84' title="bbox 2185 3834 3750 3912">
    <p class='ocr_par' dir='ltr' id='par_1_84' title="bbox 2185 3834 3750 3912">
     <span class='ocr_line' id='line_1_84' title="bbox 2185 3834 3750 3912; baseline 0.003 -25"><span class='ocrx_word' id='word_1_590' title='bbox 2185 3834 2374 3889; x_wconf 83' lang='grc' dir='ltr'>τεῦθεν</span> <span class='ocrx_word' id='word_1_591' title='bbox 2400 3837 2704 3906; x_wconf 78' lang='grc' dir='ltr'>δαψίλειαν.</span> <span class='ocrx_word' id='word_1_592' title='bbox 2741 3839 2913 3893; x_wconf 86' lang='grc' dir='ltr'>Ὅταν</span> <span class='ocrx_word' id='word_1_593' title='bbox 2950 3841 2995 3894; x_wconf 84' lang='grc' dir='ltr'>δ’</span> <span class='ocrx_word' id='word_1_594' title='bbox 3040 3841 3119 3904; x_wconf 85' lang='grc' dir='ltr'><strong>είς</strong></span> <span class='ocrx_word' id='word_1_595' title='bbox 3168 3841 3383 3912; x_wconf 66' lang='grc' dir='ltr'>ἐμφανῆ</span> <span class='ocrx_word' id='word_1_596' title='bbox 3437 3841 3750 3912; x_wconf 77' lang='grc' dir='ltr'>βιασθέντες</span> 
     </span>
    </p>
   </div>
   <div class='ocr_carea' id='block_1_85' title="bbox 2185 3925 3752 4002">
    <p class='ocr_par' dir='ltr' id='par_1_85' title="bbox 2185 3925 3752 4002">
     <span class='ocr_line' id='line_1_85' title="bbox 2185 3925 3752 4002; baseline 0.003 -23"><span class='ocrx_word' id='word_1_597' title='bbox 2185 3925 2402 3981; x_wconf 72' lang='grc' dir='ltr'>ὁθενοῦν</span> <span class='ocrx_word' id='word_1_598' title='bbox 2441 3929 2762 3983; x_wconf 80' lang='grc' dir='ltr'>καταστῶσι</span> <span class='ocrx_word' id='word_1_599' title='bbox 2814 3929 2914 4002; x_wconf 81' lang='grc' dir='ltr'>τὴν</span> <span class='ocrx_word' id='word_1_600' title='bbox 2981 3929 3189 4001; x_wconf 82' lang='grc' dir='ltr'>μάχην,</span> <span class='ocrx_word' id='word_1_601' title='bbox 3243 3931 3406 3995; x_wconf 80' lang='grc' dir='ltr'>εὐθὺς</span> <span class='ocrx_word' id='word_1_602' title='bbox 3453 3930 3752 4002; x_wconf 80' lang='grc' dir='ltr'>ἀφειδούσῃ</span> 
     </span>
    </p>
   </div>
   <div class='ocr_carea' id='block_1_86' title="bbox 2188 4018 3750 4090">
    <p class='ocr_par' dir='ltr' id='par_1_86' title="bbox 2188 4018 3750 4090">
     <span class='ocr_line' id='line_1_86' title="bbox 2188 4018 3750 4090; baseline 0.004 -22"><span class='ocrx_word' id='word_1_603' title='bbox 2188 4018 2334 4088; x_wconf 75' lang='grc' dir='ltr'>χειρὶ</span> <span class='ocrx_word' id='word_1_604' title='bbox 2405 4019 2706 4089; x_wconf 81' lang='grc' dir='ltr'>χρημάτων</span> <span class='ocrx_word' id='word_1_605' title='bbox 2768 4021 3107 4090; x_wconf 85' lang='grc' dir='ltr'>παμπόλλων</span> <span class='ocrx_word' id='word_1_606' title='bbox 3158 4021 3425 4076; x_wconf 80' lang='grc' dir='ltr'>ὠνοῦνται</span> <span class='ocrx_word' id='word_1_607' title='bbox 3475 4023 3572 4085; x_wconf 77' lang='grc' dir='ltr'><strong>τὰς</strong></span> <span class='ocrx_word' id='word_1_608' title='bbox 3637 4023 3750 4075; x_wconf 91' lang='grc' dir='ltr'><strong>τῶν</strong></span> 
     </span>
    </p>
   </div>
   <div class='ocr_carea' id='block_1_87' title="bbox 2188 4111 3753 4187">
    <p class='ocr_par' dir='ltr' id='par_1_87' title="bbox 2188 4111 3753 4187">
     <span class='ocr_line' id='line_1_87' title="bbox 2188 4111 3753 4187; baseline 0.005 -25"><span class='ocrx_word' id='word_1_609' title='bbox 2188 4111 2588 4178; x_wconf 84' lang='grc' dir='ltr'>ἀστυγειτόνων</span> <span class='ocrx_word' id='word_1_610' title='bbox 2651 4116 2762 4176; x_wconf 84' lang='grc' dir='ltr'>τοῖς</span> <span class='ocrx_word' id='word_1_611' title='bbox 2814 4114 3136 4178; x_wconf 81' lang='grc' dir='ltr'>ἀντιπάλοις</span> <span class='ocrx_word' id='word_1_612' title='bbox 3185 4116 3412 4187; x_wconf 82' lang='grc' dir='ltr'>γνώμας</span> <span class='ocrx_word' id='word_1_613' title='bbox 3479 4118 3574 4170; x_wconf 73' lang='lat' dir='ltr'><strong>xui.</strong></span> <span class='ocrx_word' id='word_1_614' title='bbox 3633 4118 3753 4172; x_wconf 79' lang='grc' dir='ltr'>ὅσοι</span> 
     </span>
    </p>
   </div>
   <div class='ocr_carea' id='block_1_88' title="bbox 2188 4195 3765 4281">
    <p class='ocr_par' dir='ltr' id='par_1_88' title="bbox 2188 4195 3765 4281">
     <span class='ocr_line' id='line_1_88' title="bbox 2188 4195 3765 4281; baseline 0.006 -28"><span class='ocrx_word' id='word_1_615' title='bbox 2188 4204 2486 4268; x_wconf 79' lang='grc' dir='ltr'>περίοικοι,</span> <span class='ocrx_word' id='word_1_616' title='bbox 2521 4205 2617 4258; x_wconf 78' lang='grc' dir='ltr'>καὶ</span> <span class='ocrx_word' id='word_1_617' title='bbox 2647 4205 2800 4276; x_wconf 78' lang='grc' dir='ltr'>ῥᾷσθ’</span> <span class='ocrx_word' id='word_1_618' title='bbox 2840 4209 3042 4260; x_wconf 82' lang='grc' dir='ltr'>οὑτωσὶ</span> <span class='ocrx_word' id='word_1_619' title='bbox 3067 4208 3205 4274; x_wconf 77' lang='grc' dir='ltr'>πρὸς</span> <span class='ocrx_word' id='word_1_620' title='bbox 3243 4212 3563 4281; x_wconf 82' lang='grc' dir='ltr'>συμμαχίαν</span> <span class='ocrx_word' id='word_1_621' title='bbox 3620 4195 3765 4281; x_wconf 56' lang='grc' dir='ltr'>μεθέ</span> 
     </span>
    </p>
   </div>
   <div class='ocr_carea' id='block_1_89' title="bbox 2187 4295 3750 4364">
    <p class='ocr_par' dir='ltr' id='par_1_89' title="bbox 2187 4295 3750 4364">
     <span class='ocr_line' id='line_1_89' title="bbox 2187 4295 3750 4364; baseline 0.008 -20"><span class='ocrx_word' id='word_1_622' title='bbox 2187 4295 2433 4346; x_wconf 84' lang='grc' dir='ltr'>έλκουσιν</span> <span class='ocrx_word' id='word_1_623' title='bbox 2466 4295 2677 4348; x_wconf 79' lang='grc' dir='ltr'>ἑαυτῶν</span> <span class='ocrx_word' id='word_1_624' title='bbox 2703 4297 2931 4361; x_wconf 54' lang='grc' dir='ltr'>ὁπόσους</span> <span class='ocrx_word' id='word_1_625' title='bbox 2964 4316 3023 4352; x_wconf 83' lang='grc' dir='ltr'><strong>τε</strong></span> <span class='ocrx_word' id='word_1_626' title='bbox 3049 4301 3145 4353; x_wconf 75' lang='grc' dir='ltr'>καὶ</span> <span class='ocrx_word' id='word_1_627' title='bbox 3193 4301 3340 4364; x_wconf 82' lang='grc' dir='ltr'>οἴους</span> <span class='ocrx_word' id='word_1_628' title='bbox 3387 4302 3453 4354; x_wconf 85' lang='grc' dir='ltr'>ἂν</span> <span class='ocrx_word' id='word_1_629' title='bbox 3490 4302 3750 4356; x_wconf 70' lang='grc' dir='ltr'>ἐθέλοιεν.</span> 
     </span>
    </p>
   </div>
   <div class='ocr_carea' id='block_1_90' title="bbox 2187 4387 3829 4459">
    <p class='ocr_par' dir='ltr' id='par_1_90' title="bbox 2187 4387 3829 4459">
     <span class='ocr_line' id='line_1_90' title="bbox 2187 4387 3829 4459; baseline 0.006 -22"><span class='ocrx_word' id='word_1_630' title='bbox 2187 4387 2294 4438; x_wconf 69' lang='grc' dir='ltr'><strong>Καὶ</strong></span> <span class='ocrx_word' id='word_1_631' title='bbox 2313 4387 2456 4438; x_wconf 74' lang='grc' dir='ltr'>οὑτω</span> <span class='ocrx_word' id='word_1_632' title='bbox 2490 4389 2776 4456; x_wconf 86' lang='grc' dir='ltr'>μεγίσταις</span> <span class='ocrx_word' id='word_1_633' title='bbox 2812 4390 2844 4459; x_wconf 78' lang='grc' dir='ltr'>ἢ</span> <span class='ocrx_word' id='word_1_634' title='bbox 2889 4391 3027 4444; x_wconf 82' lang='grc' dir='ltr'>κατὰ</span> <span class='ocrx_word' id='word_1_635' title='bbox 3049 4393 3259 4454; x_wconf 80' lang='grc' dir='ltr'>πάντας</span> <span class='ocrx_word' id='word_1_636' title='bbox 3291 4393 3482 4456; x_wconf 80' lang='grc' dir='ltr'>ἄλλους</span> <span class='ocrx_word' id='word_1_637' title='bbox 3515 4395 3620 4446; x_wconf 86' lang='grc' dir='ltr'><strong>τῶν</strong></span> <span class='ocrx_word' id='word_1_638' title='bbox 3657 4397 3754 4447; x_wconf 89' lang='grc' dir='ltr'><strong>νῦν</strong></span> <span class='ocrx_word' id='word_1_639' title='bbox 3823 4423 3829 4427; x_wconf 86' lang='grc'><strong>-</strong></span> 
     </span>
    </p>
   </div>
   <div class='ocr_carea' id='block_1_91' title="bbox 2185 4476 3769 4556">
    <p class='ocr_par' dir='ltr' id='par_1_91' title="bbox 2185 4476 3769 4556">
     <span class='ocr_line' id='line_1_91' title="bbox 2185 4476 3769 4556; baseline 0.008 -30"><span class='ocrx_word' id='word_1_640' title='bbox 2185 4476 2482 4546; x_wconf 79' lang='grc' dir='ltr'>δυνάμεσιν</span> <span class='ocrx_word' id='word_1_641' title='bbox 2567 4482 2987 4546; x_wconf 86' lang='grc' dir='ltr'>ναυστολοῦντες</span> <span class='ocrx_word' id='word_1_642' title='bbox 3077 4485 3546 4556; x_wconf 79' lang='grc' dir='ltr'>κατατροποῦνται</span> <span class='ocrx_word' id='word_1_643' title='bbox 3593 4489 3769 4551; x_wconf 21' lang='grc' dir='ltr'><strong>¹τοὺς,</strong></span> 
     </span>
    </p>
   </div>
   <div class='ocr_carea' id='block_1_92' title="bbox 2107 4546 3752 4646">
    <p class='ocr_par' dir='ltr' id='par_1_92' title="bbox 2107 4546 3752 4646">
     <span class='ocr_line' id='line_1_92' title="bbox 2107 4546 3752 4646; baseline 0.009 -33"><span class='ocrx_word' id='word_1_644' title='bbox 2107 4546 2153 4601; x_wconf 77' lang='grc' dir='ltr'><strong>θ</strong></span> <span class='ocrx_word' id='word_1_645' title='bbox 2181 4566 2477 4628; x_wconf 81' lang='grc' dir='ltr'>ἐναντίους.</span> <span class='ocrx_word' id='word_1_646' title='bbox 2513 4567 2618 4620; x_wconf 80' lang='grc' dir='ltr'>Τδν</span> <span class='ocrx_word' id='word_1_647' title='bbox 2648 4568 2711 4638; x_wconf 71' lang='grc' dir='ltr'>δὴ</span> <span class='ocrx_word' id='word_1_648' title='bbox 2751 4569 2996 4624; x_wconf 85' lang='grc' dir='ltr'>τοιοῦτον</span> <span class='ocrx_word' id='word_1_649' title='bbox 3039 4575 3136 4624; x_wconf 74' lang='grc' dir='ltr'>καὶ</span> <span class='ocrx_word' id='word_1_650' title='bbox 3177 4573 3272 4627; x_wconf 90' lang='grc' dir='ltr'><strong>νῦν</strong></span> <span class='ocrx_word' id='word_1_651' title='bbox 3308 4577 3512 4646; x_wconf 82' lang='grc' dir='ltr'>τρόπον</span> <span class='ocrx_word' id='word_1_652' title='bbox 3543 4577 3752 4646; x_wconf 72' lang='grc' dir='ltr'>ᾠκειω-</span> 
     </span>
    </p>
   </div>
   <div class='ocr_carea' id='block_1_93' title="bbox 507 4656 3752 4738">
    <p class='ocr_par' dir='ltr' id='par_1_93' title="bbox 507 4656 3752 4738">
     <span class='ocr_line' id='line_1_93' title="bbox 507 4656 3752 4738; baseline 0.002 -29"><span class='ocrx_word' id='word_1_653' title='bbox 507 4675 669 4710; x_wconf 84' lang='grc' dir='ltr'>σαντο</span> <span class='ocrx_word' id='word_1_654' title='bbox 733 4657 832 4725; x_wconf 76' lang='grc' dir='ltr'>μὲν</span> <span class='ocrx_word' id='word_1_655' title='bbox 878 4656 1181 4727; x_wconf 81' lang='grc' dir='ltr'>Ῥωμαίους</span> <span class='ocrx_word' id='word_1_656' title='bbox 1233 4659 1456 4725; x_wconf 76' lang='grc' dir='ltr'>ἔχοντας</span> <span class='ocrx_word' id='word_1_657' title='bbox 1519 4660 1613 4710; x_wconf 75' lang='grc' dir='ltr'>καὶ</span> <span class='ocrx_word' id='word_1_658' title='bbox 1679 4658 1875 4719; x_wconf 80' lang='grc' dir='ltr'>αὑτοὺς</span> <span class='ocrx_word' id='word_1_659' title='bbox 1943 4657 2078 4719; x_wconf 74' lang='grc' dir='ltr'>ἰδίας</span> <span class='ocrx_word' id='word_1_660' title='bbox 2119 4663 2418 4726; x_wconf 71' lang='grc' dir='ltr'>προφάσεις</span> <span class='ocrx_word' id='word_1_661' title='bbox 2484 4662 2580 4731; x_wconf 76' lang='grc' dir='ltr'>τῆς</span> <span class='ocrx_word' id='word_1_662' title='bbox 2617 4666 2797 4735; x_wconf 78' lang='grc' dir='ltr'>μάχης</span> <span class='ocrx_word' id='word_1_663' title='bbox 2865 4667 3006 4721; x_wconf 72' lang='grc' dir='ltr'>κατὰ</span> <span class='ocrx_word' id='word_1_664' title='bbox 3059 4659 3406 4735; x_wconf 41' lang='lat' dir='ltr'><strong>rem-.173”,</strong></span> <span class='ocrx_word' id='word_1_665' title='bbox 3443 4674 3516 4736; x_wconf 66' lang='grc' dir='ltr'><strong>ὡς</strong></span> <span class='ocrx_word' id='word_1_666' title='bbox 3549 4677 3605 4725; x_wconf 74' lang='grc' dir='ltr'><strong>ὲν</strong></span> <span class='ocrx_word' id='word_1_667' title='bbox 3631 4677 3752 4738; x_wconf 68' lang='grc' dir='ltr'><strong>ταῖς</strong></span> 
     </span>
    </p>
   </div>
   <div class='ocr_carea' id='block_1_94' title="bbox 505 4744 3774 4835">
    <p class='ocr_par' dir='ltr' id='par_1_94' title="bbox 505 4744 3774 4835">
     <span class='ocr_line' id='line_1_94' title="bbox 505 4744 3774 4835; baseline 0.005 -33"><span class='ocrx_word' id='word_1_668' title='bbox 505 4753 764 4820; x_wconf 59' lang='grc' dir='ltr'>ἀνωτέρω</span> <span class='ocrx_word' id='word_1_669' title='bbox 793 4750 997 4819; x_wconf 68' lang='grc' dir='ltr'>βίϐλοις</span> <span class='ocrx_word' id='word_1_670' title='bbox 1037 4744 1168 4819; x_wconf 72' lang='grc' dir='ltr'>ἡμῖν</span> <span class='ocrx_word' id='word_1_671' title='bbox 1196 4752 1458 4814; x_wconf 60' lang='grc' dir='ltr'>πνλλάκις</span> <span class='ocrx_word' id='word_1_672' title='bbox 1490 4767 1550 4802; x_wconf 84' lang='grc' dir='ltr'><strong>τε</strong></span> <span class='ocrx_word' id='word_1_673' title='bbox 1603 4751 1698 4804; x_wconf 70' lang='grc' dir='ltr'>καὶ</span> <span class='ocrx_word' id='word_1_674' title='bbox 1741 4753 2097 4818; x_wconf 78' lang='grc' dir='ltr'>πολυτρόπως</span> <span class='ocrx_word' id='word_1_675' title='bbox 2138 4754 2375 4821; x_wconf 77' lang='grc' dir='ltr'>εἴρηται,</span> <span class='ocrx_word' id='word_1_676' title='bbox 2415 4756 2762 4825; x_wconf 77' lang='grc' dir='ltr'>ᾠκειώσαντο</span> <span class='ocrx_word' id='word_1_677' title='bbox 2791 4761 2845 4812; x_wconf 86' lang='grc' dir='ltr'>δὲ</span> <span class='ocrx_word' id='word_1_678' title='bbox 2889 4765 3231 4828; x_wconf 85' lang='grc' dir='ltr'>Κατελάνους</span> <span class='ocrx_word' id='word_1_679' title='bbox 3267 4766 3486 4835; x_wconf 79' lang='grc' dir='ltr'>ἔχοντας</span> <span class='ocrx_word' id='word_1_680' title='bbox 3519 4771 3610 4819; x_wconf 70' lang='grc' dir='ltr'>καὶ</span> <span class='ocrx_word' id='word_1_681' title='bbox 3652 4769 3774 4823; x_wconf 83' lang='grc' dir='ltr'>αὑ-,</span> 
     </span>
    </p>
   </div>
   <div class='ocr_carea' id='block_1_95' title="bbox 499 4840 3762 4921">
    <p class='ocr_par' dir='ltr' id='par_1_95' title="bbox 499 4840 3762 4921">
     <span class='ocr_line' id='line_1_95' title="bbox 499 4840 3762 4921; baseline 0.001 -26"><span class='ocrx_word' id='word_1_682' title='bbox 499 4844 630 4904; x_wconf 76' lang='grc' dir='ltr'>τοὺς</span> <span class='ocrx_word' id='word_1_683' title='bbox 670 4845 805 4908; x_wconf 78' lang='grc' dir='ltr'>ἰδίας</span> <span class='ocrx_word' id='word_1_684' title='bbox 842 4845 1044 4914; x_wconf 85' lang='grc' dir='ltr'>ὁμοίως</span> <span class='ocrx_word' id='word_1_685' title='bbox 1079 4847 1176 4914; x_wconf 82' lang='grc' dir='ltr'>τῆς</span> <span class='ocrx_word' id='word_1_686' title='bbox 1211 4847 1390 4915; x_wconf 76' lang='grc' dir='ltr'>μάχης</span> <span class='ocrx_word' id='word_1_687' title='bbox 1429 4847 1737 4916; x_wconf 71' lang='grc' dir='ltr'>προφάσεις</span> <span class='ocrx_word' id='word_1_688' title='bbox 1763 4843 1904 4897; x_wconf 85' lang='grc' dir='ltr'><strong>κατά</strong></span> <span class='ocrx_word' id='word_1_689' title='bbox 1942 4845 2295 4905; x_wconf 84' lang='grc' dir='ltr'>Γεννουῖτῶν.</span> <span class='ocrx_word' id='word_1_690' title='bbox 2326 4849 2402 4910; x_wconf 87' lang='grc' dir='ltr'><strong>ῶς</strong></span> <span class='ocrx_word' id='word_1_691' title='bbox 2423 4852 2728 4921; x_wconf 79' lang='grc' dir='ltr'>εἰρήσεται,</span> 
     </span>
    </p>
   </div>
   <div class='ocr_carea' id='block_1_96' title="bbox 579 4961 2074 5031">
    <p class='ocr_par' dir='ltr' id='par_1_96' title="bbox 579 4961 2074 5031">
     <span class='ocr_line' id='line_1_96' title="bbox 579 4961 2074 5031; baseline 0.001 -18"><span class='ocrx_word' id='word_1_692' title='bbox 579 4961 672 5014; x_wconf 74' lang='lat' dir='ltr'><strong>XI.</strong></span> <span class='ocrx_word' id='word_1_693' title='bbox 710 4961 803 5015; x_wconf 76' lang='lat' dir='ltr'><strong>Est</strong></span> <span class='ocrx_word' id='word_1_694' title='bbox 858 4964 1004 5016; x_wconf 88' lang='lat' dir='ltr'><strong>enim</strong></span> <span class='ocrx_word' id='word_1_695' title='bbox 1049 4963 1227 5016; x_wconf 88' lang='lat' dir='ltr'><strong>insula</strong></span> <span class='ocrx_word' id='word_1_696' title='bbox 1291 4979 1497 5031; x_wconf 56' lang='lat' dir='ltr'><strong>magna</strong></span> <span class='ocrx_word' id='word_1_697' title='bbox 1528 4975 1692 5030; x_wconf 86' lang='lat' dir='ltr'><strong>atque</strong></span> <span class='ocrx_word' id='word_1_698' title='bbox 1743 4963 1936 5016; x_wconf 83' lang='lat' dir='ltr'><strong>incolis</strong></span> <span class='ocrx_word' id='word_1_699' title='bbox 1968 4961 2074 5014; x_wconf 77' lang='lat' dir='ltr'><strong>fre-</strong></span> 
     </span>
    </p>
   </div>
   <div class='ocr_carea' id='block_1_97' title="bbox 511 5051 2073 5122">
    <p class='ocr_par' dir='ltr' id='par_1_97' title="bbox 511 5051 2073 5122">
     <span class='ocr_line' id='line_1_97' title="bbox 511 5051 2073 5122; baseline -0.001 -19"><span class='ocrx_word' id='word_1_700' title='bbox 511 5069 682 5120; x_wconf 78' lang='lat' dir='ltr'><strong>quens</strong></span> <span class='ocrx_word' id='word_1_701' title='bbox 733 5071 853 5122; x_wconf 75' lang='lat' dir='ltr'><strong>qua:</strong></span> <span class='ocrx_word' id='word_1_702' title='bbox 904 5054 1156 5108; x_wconf 79' lang='lat' dir='ltr'><strong>Sardinia</strong></span> <span class='ocrx_word' id='word_1_703' title='bbox 1217 5053 1522 5121; x_wconf 86' lang='lat' dir='ltr'><strong>appellatur</strong></span> <span class='ocrx_word' id='word_1_704' title='bbox 1557 5053 1622 5106; x_wconf 90' lang='lat' dir='ltr'><strong>ad</strong></span> <span class='ocrx_word' id='word_1_705' title='bbox 1658 5067 1806 5106; x_wconf 89' lang='lat' dir='ltr'><strong>mare</strong></span> <span class='ocrx_word' id='word_1_706' title='bbox 1834 5051 2073 5120; x_wconf 55' lang='lat' dir='ltr'><strong>Tyrrhc.</strong></span> 
     </span>
    </p>
   </div>
   <div class='ocr_carea' id='block_1_98' title="bbox 500 5141 2075 5210">
    <p class='ocr_par' dir='ltr' id='par_1_98' title="bbox 500 5141 2075 5210">
     <span class='ocr_line' id='line_1_98' title="bbox 500 5141 2075 5210; baseline -0.001 -12"><span class='ocrx_word' id='word_1_707' title='bbox 500 5148 657 5200; x_wconf 79' lang='lat' dir='ltr'><strong>nium</strong></span> <span class='ocrx_word' id='word_1_708' title='bbox 695 5149 819 5200; x_wconf 88' lang='lat' dir='ltr'><strong>sita.</strong></span> <span class='ocrx_word' id='word_1_709' title='bbox 847 5147 1103 5200; x_wconf 84' lang='lat' dir='ltr'><strong>Abundat</strong></span> <span class='ocrx_word' id='word_1_710' title='bbox 1138 5145 1417 5200; x_wconf 81' lang='lat' dir='ltr'><strong>montibus</strong></span> <span class='ocrx_word' id='word_1_711' title='bbox 1450 5145 1574 5199; x_wconf 82' lang='lat' dir='ltr'><strong>altis</strong></span> <span class='ocrx_word' id='word_1_712' title='bbox 1603 5157 1657 5198; x_wconf 84' lang='lat' dir='ltr'><strong>et</strong></span> <span class='ocrx_word' id='word_1_713' title='bbox 1686 5144 1848 5210; x_wconf 82' lang='lat' dir='ltr'><strong>variis</strong></span> <span class='ocrx_word' id='word_1_714' title='bbox 1897 5141 2075 5196; x_wconf 78' lang='lat' dir='ltr'><strong>[inviis</strong></span> 
     </span>
    </p>
   </div>
   <div class='ocr_carea' id='block_1_99' title="bbox 505 5237 2071 5308">
    <p class='ocr_par' dir='ltr' id='par_1_99' title="bbox 505 5237 2071 5308">
     <span class='ocr_line' id='line_1_99' title="bbox 505 5237 2071 5308; baseline -0.001 -18"><span class='ocrx_word' id='word_1_715' title='bbox 505 5240 767 5303; x_wconf 87' lang='lat' dir='ltr'><strong>alluitur;</strong></span> <span class='ocrx_word' id='word_1_716' title='bbox 809 5241 926 5308; x_wconf 74' lang='lat' dir='ltr'><strong>pagi</strong></span> <span class='ocrx_word' id='word_1_717' title='bbox 983 5248 1034 5291; x_wconf 92' lang='lat' dir='ltr'><strong>et</strong></span> <span class='ocrx_word' id='word_1_718' title='bbox 1074 5238 1269 5305; x_wconf 80' lang='lat' dir='ltr'><strong>oppida</strong></span> <span class='ocrx_word' id='word_1_719' title='bbox 1305 5252 1644 5305; x_wconf 69' lang='lat' dir='ltr'><strong>quaecunque</strong></span> <span class='ocrx_word' id='word_1_720' title='bbox 1699 5237 1872 5290; x_wconf 82' lang='lat' dir='ltr'><strong>media</strong></span> <span class='ocrx_word' id='word_1_721' title='bbox 1927 5247 2071 5289; x_wconf 86' lang='lat' dir='ltr'><strong>terra</strong></span> 
     </span>
    </p>
   </div>
   <div class='ocr_carea' id='block_1_100' title="bbox 499 5329 2078 5394">
    <p class='ocr_par' dir='ltr' id='par_1_100' title="bbox 499 5329 2078 5394">
     <span class='ocr_line' id='line_1_100' title="bbox 499 5329 2078 5394; baseline 0.001 -14"><span class='ocrx_word' id='word_1_722' title='bbox 499 5338 602 5380; x_wconf 79' lang='lat' dir='ltr'><strong>aut</strong></span> <span class='ocrx_word' id='word_1_723' title='bbox 635 5330 699 5380; x_wconf 88' lang='lat' dir='ltr'><strong>ad</strong></span> <span class='ocrx_word' id='word_1_724' title='bbox 738 5345 886 5381; x_wconf 84' lang='lat' dir='ltr'><strong>mare</strong></span> <span class='ocrx_word' id='word_1_725' title='bbox 915 5329 1015 5380; x_wconf 82' lang='lat' dir='ltr'><strong>sita</strong></span> <span class='ocrx_word' id='word_1_726' title='bbox 1049 5338 1168 5379; x_wconf 87' lang='lat' dir='ltr'><strong>sunt</strong></span> <span class='ocrx_word' id='word_1_727' title='bbox 1205 5329 1408 5394; x_wconf 85' lang='lat' dir='ltr'><strong>optime</strong></span> <span class='ocrx_word' id='word_1_728' title='bbox 1448 5339 1577 5379; x_wconf 89' lang='lat' dir='ltr'><strong>sunt</strong></span> <span class='ocrx_word' id='word_1_729' title='bbox 1608 5330 1938 5390; x_wconf 87' lang='lat' dir='ltr'><strong>constituta;</strong></span> <span class='ocrx_word' id='word_1_730' title='bbox 1970 5343 2078 5382; x_wconf 80' lang='lat' dir='ltr'><strong>orae</strong></span> 
     </span>
    </p>
   </div>
   <div class='ocr_carea' id='block_1_101' title="bbox 499 5421 2081 5490">
    <p class='ocr_par' dir='ltr' id='par_1_101' title="bbox 499 5421 2081 5490">
     <span class='ocr_line' id='line_1_101' title="bbox 499 5421 2081 5490; baseline -0.002 -15"><span class='ocrx_word' id='word_1_731' title='bbox 499 5434 563 5475; x_wconf 68' lang='lat' dir='ltr'><strong>et</strong></span> <span class='ocrx_word' id='word_1_732' title='bbox 595 5423 745 5473; x_wconf 74' lang='lat' dir='ltr'><strong>lacus</strong></span> <span class='ocrx_word' id='word_1_733' title='bbox 790 5431 845 5473; x_wconf 91' lang='lat' dir='ltr'><strong>et</strong></span> <span class='ocrx_word' id='word_1_734' title='bbox 875 5431 1064 5488; x_wconf 82' lang='lat' dir='ltr'><strong>portus</strong></span> <span class='ocrx_word' id='word_1_735' title='bbox 1111 5422 1520 5488; x_wconf 74' lang='lat' dir='ltr'><strong>cireumjacent.</strong></span> <span class='ocrx_word' id='word_1_736' title='bbox 1566 5421 1680 5488; x_wconf 80' lang='lat' dir='ltr'><strong>Ipsa</strong></span> <span class='ocrx_word' id='word_1_737' title='bbox 1717 5437 1813 5488; x_wconf 87' lang='lat' dir='ltr'><strong>per</strong></span> <span class='ocrx_word' id='word_1_738' title='bbox 1860 5423 2081 5490; x_wconf 79' lang='lat' dir='ltr'><strong>longum</strong></span> 
     </span>
    </p>
   </div>
   <div class='ocr_carea' id='block_1_102' title="bbox 3075 4893 3765 4948">
    <p class='ocr_par' dir='ltr' id='par_1_102' title="bbox 3075 4893 3765 4948">
     <span class='ocr_line' id='line_1_102' title="bbox 3075 4893 3765 4948; baseline 0 -26"><span class='ocrx_word' id='word_1_739' title='bbox 3075 4925 3115 4948; x_wconf 54' lang='grc'><strong>⁸,</strong></span> <span class='ocrx_word' id='word_1_740' title='bbox 3757 4893 3765 4922; x_wconf 75' lang='grc' dir='ltr'><strong>ί</strong></span> 
     </span>
    </p>
   </div>
   <div class='ocr_carea' id='block_1_103' title="bbox 2255 4964 3754 5053">
    <p class='ocr_par' dir='ltr' id='par_1_103' title="bbox 2255 4964 3754 5053">
     <span class='ocr_line' id='line_1_103' title="bbox 2255 4964 3754 5053; baseline 0.012 -34"><span class='ocrx_word' id='word_1_741' title='bbox 2255 4964 2358 5022; x_wconf 80' lang='grc' dir='ltr'><strong>ΙΔ’.</strong></span> <span class='ocrx_word' id='word_1_742' title='bbox 2391 4970 2568 5039; x_wconf 74' lang='grc' dir='ltr'>Νῆσος</span> <span class='ocrx_word' id='word_1_743' title='bbox 2624 4975 2732 5041; x_wconf 87' lang='grc' dir='ltr'>γάρ</span> <span class='ocrx_word' id='word_1_744' title='bbox 2769 4977 2887 5030; x_wconf 79' lang='grc' dir='ltr'>ἐστι</span> <span class='ocrx_word' id='word_1_745' title='bbox 2927 4978 3143 5048; x_wconf 82' lang='grc' dir='ltr'>μεγάλη</span> <span class='ocrx_word' id='word_1_746' title='bbox 3190 4981 3283 5032; x_wconf 70' lang='grc' dir='ltr'>καὶ</span> <span class='ocrx_word' id='word_1_747' title='bbox 3320 4983 3754 5053; x_wconf 79' lang='grc' dir='ltr'>πολυάνθρωπος</span> 
     </span>
    </p>
   </div>
   <div class='ocr_carea' id='block_1_104' title="bbox 2184 5063 3752 5144">
    <p class='ocr_par' dir='ltr' id='par_1_104' title="bbox 2184 5063 3752 5144">
     <span class='ocr_line' id='line_1_104' title="bbox 2184 5063 3752 5144; baseline 0.009 -30"><span class='ocrx_word' id='word_1_748' title='bbox 2184 5063 2496 5134; x_wconf 84' lang='grc' dir='ltr'>καλουμένη</span> <span class='ocrx_word' id='word_1_749' title='bbox 2535 5068 2741 5133; x_wconf 82' lang='grc' dir='ltr'>Σαρδὼ,</span> <span class='ocrx_word' id='word_1_750' title='bbox 2774 5071 2927 5140; x_wconf 86' lang='grc' dir='ltr'><strong>παρά</strong></span> <span class='ocrx_word' id='word_1_751' title='bbox 2969 5073 3030 5124; x_wconf 84' lang='grc' dir='ltr'>τὸ</span> <span class='ocrx_word' id='word_1_752' title='bbox 3088 5073 3429 5143; x_wconf 74' lang='grc' dir='ltr'>Τυρρηνικὸν</span> <span class='ocrx_word' id='word_1_753' title='bbox 3489 5077 3752 5144; x_wconf 73' lang='grc' dir='ltr'>ἀνειμένη</span> 
     </span>
    </p>
   </div>
   <div class='ocr_carea' id='block_1_105' title="bbox 2184 5157 3758 5237">
    <p class='ocr_par' dir='ltr' id='par_1_105' title="bbox 2184 5157 3758 5237">
     <span class='ocr_line' id='line_1_105' title="bbox 2184 5157 3758 5237; baseline 0.01 -31"><span class='ocrx_word' id='word_1_754' title='bbox 2184 5157 2440 5224; x_wconf 65' lang='grc' dir='ltr'>πέλαγος,</span> <span class='ocrx_word' id='word_1_755' title='bbox 2471 5158 2569 5237; x_wconf 78' lang='grc' dir='ltr'>ὅρη</span> <span class='ocrx_word' id='word_1_756' title='bbox 2608 5159 2708 5226; x_wconf 82' lang='grc' dir='ltr'>μὲν</span> <span class='ocrx_word' id='word_1_757' title='bbox 2743 5159 3043 5215; x_wconf 83' lang='grc' dir='ltr'>πλουτοῦσα</span> <span class='ocrx_word' id='word_1_758' title='bbox 3097 5169 3284 5234; x_wconf 69' lang='grc' dir='ltr'>μακρὰ</span> <span class='ocrx_word' id='word_1_759' title='bbox 3311 5171 3403 5219; x_wconf 69' lang='grc' dir='ltr'><strong>καὶ⁸</strong></span> <span class='ocrx_word' id='word_1_760' title='bbox 3442 5170 3557 5235; x_wconf 77' lang='grc' dir='ltr'>ἅμα</span> <span class='ocrx_word' id='word_1_761' title='bbox 3587 5185 3758 5221; x_wconf 86' lang='grc' dir='ltr'>πυτα-</span> 
     </span>
    </p>
   </div>
   <div class='ocr_carea' id='block_1_106' title="bbox 2189 5249 3754 5328">
    <p class='ocr_par' dir='ltr' id='par_1_106' title="bbox 2189 5249 3754 5328">
     <span class='ocr_line' id='line_1_106' title="bbox 2189 5249 3754 5328; baseline 0.008 -27"><span class='ocrx_word' id='word_1_762' title='bbox 2189 5251 2308 5316; x_wconf 80' lang='grc' dir='ltr'>μοῐς</span> <span class='ocrx_word' id='word_1_763' title='bbox 2336 5249 2608 5319; x_wconf 74' lang='grc' dir='ltr'>ἀρδομένη</span> <span class='ocrx_word' id='word_1_764' title='bbox 2656 5255 2956 5315; x_wconf 83' lang='grc' dir='ltr'>παντοίοις,</span> <span class='ocrx_word' id='word_1_765' title='bbox 2988 5257 3178 5310; x_wconf 75' lang='grc' dir='ltr'>πόλεσι</span> <span class='ocrx_word' id='word_1_766' title='bbox 3205 5260 3259 5311; x_wconf 81' lang='grc' dir='ltr'>δὲ</span> <span class='ocrx_word' id='word_1_767' title='bbox 3285 5259 3380 5312; x_wconf 75' lang='grc' dir='ltr'>καὶ</span> <span class='ocrx_word' id='word_1_768' title='bbox 3418 5261 3631 5328; x_wconf 82' lang='grc' dir='ltr'>κώμαις</span> <span class='ocrx_word' id='word_1_769' title='bbox 3660 5264 3754 5312; x_wconf 88' lang='grc' dir='ltr'>εὑ-</span> 
     </span>
    </p>
   </div>
   <div class='ocr_carea' id='block_1_107' title="bbox 2181 5337 3752 5414">
    <p class='ocr_par' dir='ltr' id='par_1_107' title="bbox 2181 5337 3752 5414">
     <span class='ocr_line' id='line_1_107' title="bbox 2181 5337 3752 5414; baseline 0.012 -29"><span class='ocrx_word' id='word_1_770' title='bbox 2181 5337 2493 5404; x_wconf 79' lang='grc' dir='ltr'>θηνουμένη</span> <span class='ocrx_word' id='word_1_771' title='bbox 2527 5337 2770 5399; x_wconf 82' lang='grc' dir='ltr'>πολλαῖς,</span> <span class='ocrx_word' id='word_1_772' title='bbox 2806 5342 2997 5394; x_wconf 72' lang='grc' dir='ltr'>ὁπόσαι</span> <span class='ocrx_word' id='word_1_773' title='bbox 3024 5360 3079 5394; x_wconf 87' lang='grc' dir='ltr'><strong>τε</strong></span> <span class='ocrx_word' id='word_1_774' title='bbox 3111 5363 3176 5414; x_wconf 84' lang='grc' dir='ltr'><strong>με</strong></span> <span class='ocrx_word' id='word_1_775' title='bbox 3190 5354 3392 5414; x_wconf 67' lang='grc' dir='ltr'>σογειοι</span> <span class='ocrx_word' id='word_1_776' title='bbox 3439 5350 3528 5401; x_wconf 75' lang='grc' dir='ltr'>καὶ</span> <span class='ocrx_word' id='word_1_777' title='bbox 3551 5351 3752 5404; x_wconf 77' lang='grc' dir='ltr'>ὁπόσαι</span> 
     </span>
    </p>
   </div>
   <div class='ocr_carea' id='block_1_108' title="bbox 2185 5429 3755 5510">
    <p class='ocr_par' dir='ltr' id='par_1_108' title="bbox 2185 5429 3755 5510">
     <span class='ocr_line' id='line_1_108' title="bbox 2185 5429 3755 5510; baseline 0.01 -30"><span class='ocrx_word' id='word_1_778' title='bbox 2185 5429 2465 5498; x_wconf 68' lang='grc' dir='ltr'>παράλιοι·</span> <span class='ocrx_word' id='word_1_779' title='bbox 2498 5430 2661 5482; x_wconf 79' lang='grc' dir='ltr'>ἀκταί</span> <span class='ocrx_word' id='word_1_780' title='bbox 2697 5447 2754 5482; x_wconf 90' lang='grc' dir='ltr'><strong>τε</strong></span> <span class='ocrx_word' id='word_1_781' title='bbox 2786 5432 2954 5502; x_wconf 80' lang='grc' dir='ltr'>αὑτὴν</span> <span class='ocrx_word' id='word_1_782' title='bbox 3004 5438 3098 5488; x_wconf 81' lang='grc' dir='ltr'>καὶ</span> <span class='ocrx_word' id='word_1_783' title='bbox 3155 5437 3370 5506; x_wconf 78' lang='grc' dir='ltr'>λιμένες</span> <span class='ocrx_word' id='word_1_784' title='bbox 3429 5443 3755 5510; x_wconf 54' lang='lat' dir='ltr'><strong>n59.19956-</strong></span> 
     </span>
    </p>
   </div>
   <div class='ocr_carea' id='block_1_109' title="bbox 504 5499 2075 5602">
    <p class='ocr_par' dir='ltr' id='par_1_109' title="bbox 504 5499 2075 5580">
     <span class='ocr_line' id='line_1_109' title="bbox 504 5499 2075 5580; baseline -0.001 -14"><span class='ocrx_word' id='word_1_785' title='bbox 504 5525 727 5580; x_wconf 70' lang='lat' dir='ltr'><strong>tewpus</strong></span> <span class='ocrx_word' id='word_1_786' title='bbox 763 5527 790 5563; x_wconf 89' lang='lat' dir='ltr'><strong>a</strong></span> <span class='ocrx_word' id='word_1_787' title='bbox 819 5499 1092 5565; x_wconf 48' lang='lat' dir='ltr'><strong>Catela&#39;n&#39;s</strong></span> <span class='ocrx_word' id='word_1_788' title='bbox 1131 5511 1420 5563; x_wconf 86' lang='lat' dir='ltr'><strong>tenebatur</strong></span> <span class='ocrx_word' id='word_1_789' title='bbox 1447 5521 1500 5562; x_wconf 86' lang='lat' dir='ltr'><strong>et</strong></span> <span class='ocrx_word' id='word_1_790' title='bbox 1545 5527 1686 5564; x_wconf 87' lang='lat' dir='ltr'><strong>nunc</strong></span> <span class='ocrx_word' id='word_1_791' title='bbox 1727 5527 1943 5579; x_wconf 85' lang='lat' dir='ltr'><strong>quoque</strong></span> <span class='ocrx_word' id='word_1_792' title='bbox 1974 5528 2075 5564; x_wconf 88' lang='lat' dir='ltr'><strong>ma-</strong></span> 
     </span>
    </p>
   </div>
   <div class='ocr_carea' id='block_1_110' title="bbox 2180 5499 3754 5602">
    <p class='ocr_par' dir='ltr' id='par_1_110' title="bbox 2180 5522 3754 5602">
     <span class='ocr_line' id='line_1_110' title="bbox 2180 5522 3754 5602; baseline 0.01 -30"><span class='ocrx_word' id='word_1_793' title='bbox 2180 5538 2298 5573; x_wconf 87' lang='grc' dir='ltr'>ουσι</span> <span class='ocrx_word' id='word_1_794' title='bbox 2324 5523 2418 5572; x_wconf 74' lang='grc' dir='ltr'>καὶ</span> <span class='ocrx_word' id='word_1_795' title='bbox 2446 5522 2635 5573; x_wconf 86' lang='grc' dir='ltr'>κόλποι</span> <span class='ocrx_word' id='word_1_796' title='bbox 2677 5523 2999 5588; x_wconf 77' lang='grc' dir='ltr'>πολυειδεῖς.</span> <span class='ocrx_word' id='word_1_797' title='bbox 3026 5527 3175 5598; x_wconf 76' lang='grc' dir='ltr'>Αὕτη</span> <span class='ocrx_word' id='word_1_798' title='bbox 3239 5532 3408 5583; x_wconf 87' lang='grc' dir='ltr'>πολύν</span> <span class='ocrx_word' id='word_1_799' title='bbox 3459 5549 3581 5584; x_wconf 87' lang='grc' dir='ltr'>τινα</span> <span class='ocrx_word' id='word_1_800' title='bbox 3623 5539 3754 5602; x_wconf 70' lang='grc' dir='ltr'>χρόο</span> 
     </span>
    </p>
   </div>
   <div class='ocr_carea' id='block_1_111' title="bbox 502 5603 2080 5674">
    <p class='ocr_par' dir='ltr' id='par_1_111' title="bbox 502 5603 2080 5674">
     <span class='ocr_line' id='line_1_111' title="bbox 502 5603 2080 5674; baseline 0.001 -21"><span class='ocrx_word' id='word_1_801' title='bbox 502 5607 680 5674; x_wconf 69' lang='lat' dir='ltr'><strong>jorcm</strong></span> <span class='ocrx_word' id='word_1_802' title='bbox 712 5613 918 5672; x_wconf 86' lang='lat' dir='ltr'><strong>partem</strong></span> <span class='ocrx_word' id='word_1_803' title='bbox 978 5613 1214 5655; x_wconf 86' lang='lat' dir='ltr'><strong>tenetur.</strong></span> <span class='ocrx_word' id='word_1_804' title='bbox 1240 5603 1414 5656; x_wconf 77' lang='lat' dir='ltr'><strong>Pauo</strong></span> <span class='ocrx_word' id='word_1_805' title='bbox 1463 5613 1622 5666; x_wconf 84' lang='lat' dir='ltr'><strong>antea</strong></span> <span class='ocrx_word' id='word_1_806' title='bbox 1659 5603 1948 5657; x_wconf 79' lang='lat' dir='ltr'><strong>fraudibus</strong></span> <span class='ocrx_word' id='word_1_807' title='bbox 1987 5618 2080 5655; x_wconf 82' lang='lat' dir='ltr'><strong>0c—</strong></span> 
     </span>
    </p>
   </div>
   <div class='ocr_carea' id='block_1_112' title="bbox 503 5694 2078 5762">
    <p class='ocr_par' dir='ltr' id='par_1_112' title="bbox 503 5694 2078 5762">
     <span class='ocr_line' id='line_1_112' title="bbox 503 5694 2078 5762; baseline -0.001 -12"><span class='ocrx_word' id='word_1_808' title='bbox 503 5698 674 5751; x_wconf 61' lang='lat' dir='ltr'><strong>eultis</strong></span> <span class='ocrx_word' id='word_1_809' title='bbox 704 5697 814 5750; x_wconf 76' lang='lat' dir='ltr'><strong>(luo</strong></span> <span class='ocrx_word' id='word_1_810' title='bbox 861 5695 937 5749; x_wconf 84' lang='lat' dir='ltr'><strong>ibi</strong></span> <span class='ocrx_word' id='word_1_811' title='bbox 980 5695 1200 5749; x_wconf 75' lang='lat' dir='ltr'><strong>castella</strong></span> <span class='ocrx_word' id='word_1_812' title='bbox 1249 5706 1511 5762; x_wconf 79' lang='lat' dir='ltr'><strong>ceperant</strong></span> <span class='ocrx_word' id='word_1_813' title='bbox 1549 5694 1885 5748; x_wconf 80' lang='lat' dir='ltr'><strong>Cettucnscs.</strong></span> <span class='ocrx_word' id='word_1_814' title='bbox 1923 5705 2078 5748; x_wconf 84' lang='lat' dir='ltr'><strong>ante-</strong></span> 
     </span>
    </p>
   </div>
   <div class='ocr_carea' id='block_1_113' title="bbox 2182 5612 3750 5691">
    <p class='ocr_par' dir='ltr' id='par_1_113' title="bbox 2182 5612 3750 5691">
     <span class='ocr_line' id='line_1_113' title="bbox 2182 5612 3750 5691; baseline 0.01 -28"><span class='ocrx_word' id='word_1_815' title='bbox 2182 5628 2270 5663; x_wconf 90' lang='grc' dir='ltr'><strong>νον</strong></span> <span class='ocrx_word' id='word_1_816' title='bbox 2301 5612 2404 5662; x_wconf 73' lang='grc' dir='ltr'><strong>ὑπὸ</strong></span> <span class='ocrx_word' id='word_1_817' title='bbox 2443 5612 2772 5676; x_wconf 72' lang='grc' dir='ltr'>Κατελάνοις</span> <span class='ocrx_word' id='word_1_818' title='bbox 2833 5617 3046 5670; x_wconf 78' lang='grc' dir='ltr'>ὲτέλεσέ</span> <span class='ocrx_word' id='word_1_819' title='bbox 3079 5637 3137 5672; x_wconf 81' lang='grc' dir='ltr'><strong>τε</strong></span> <span class='ocrx_word' id='word_1_820' title='bbox 3195 5623 3285 5672; x_wconf 78' lang='grc' dir='ltr'>καὶ</span> <span class='ocrx_word' id='word_1_821' title='bbox 3313 5624 3411 5690; x_wconf 61' lang='grc' dir='ltr'>ἤδη</span> <span class='ocrx_word' id='word_1_822' title='bbox 3452 5625 3750 5691; x_wconf 62' lang='grc' dir='ltr'>τῇπλείοιι</span> 
     </span>
    </p>
   </div>
   <div class='ocr_carea' id='block_1_114' title="bbox 2183 5699 3752 5784">
    <p class='ocr_par' dir='ltr' id='par_1_114' title="bbox 2183 5699 3752 5784">
     <span class='ocr_line' id='line_1_114' title="bbox 2183 5699 3752 5784; baseline 0.01 -32"><span class='ocrx_word' id='word_1_823' title='bbox 2183 5703 2340 5772; x_wconf 73' lang='grc' dir='ltr'>μέρει</span> <span class='ocrx_word' id='word_1_824' title='bbox 2370 5702 2534 5756; x_wconf 85' lang='grc' dir='ltr'>τελεῖ.</span> <span class='ocrx_word' id='word_1_825' title='bbox 2571 5704 2680 5757; x_wconf 79' lang='grc' dir='ltr'>Νῦν</span> <span class='ocrx_word' id='word_1_826' title='bbox 2713 5707 2756 5756; x_wconf 80' lang='grc' dir='ltr'>δ’</span> <span class='ocrx_word' id='word_1_827' title='bbox 2784 5708 2952 5777; x_wconf 58' lang='grc' dir='ltr'>ὀλίγῳ</span> <span class='ocrx_word' id='word_1_828' title='bbox 2978 5712 3251 5781; x_wconf 66' lang='grc' dir='ltr'>,πρότερον</span> <span class='ocrx_word' id='word_1_829' title='bbox 3274 5699 3445 5776; x_wconf 70' lang='grc' dir='ltr'>δόλοις</span> <span class='ocrx_word' id='word_1_830' title='bbox 3463 5716 3752 5784; x_wconf 74' lang='grc' dir='ltr'>λαθραίοις</span> 
     </span>
    </p>
   </div>
  </div>
