4036 6210
279 277 383 344 165

1197 283 1650 348 BYZANTlNzE
1693 285 2090 348 HISTORIA;
2127 285 2280 350 LIB.
2317 290 2597 354 XXVllI.

3327 257 3334 264 ’
3428 305 3528 369 166

275 389 510 460 φρούρια
541 387 640 444 δύο
665 391 932 462 κατέσχον
962 397 1014 448 οἱ
1073 395 1393 454 Γεννουῗται
1439 399 1652 466 αὐτόθι,
1710 403 1825 472 πριι

1947 414 2110 468 quam
2143 401 2338 454 incolae
2391 403 2922 462 animadverterunt.
2968 409 3100 477 Quae
3141 428 3229 468 res
3253 413 3531 476 Catetanis

272 479 556 533 αίσθέσθαι
624 482 755 542 τοὺς
843 484 1168 556 ἐγχωρίους,
1259 487 1432 540 Τοῦτο

267 677 389 712 σται
431 661 594 729 βαρύ.
620 661 710 714 Διὸ
745 664 839 714 καὶ
871 663 1018 716 οὕτω
1059 667 1345 733 δυσμενῶς
1403 670 1544 736 πρὸς
1586 671 1836 732 ἐκείνους

1511 491 1846 554 Κατελάνοις

269 567 335 639 μ’.
363 567 457 623 108
475 567 550 638 ι·.]
577 569 820 636 γνωσθὲν
845 569 970 624 οὔτε
1004 573 1242 641 φορητὸν
1272 576 1368 627 καὶ
1393 577 1592 648 κομιδῇ
1622 580 1843 648 νενόμι-

1949 494 2170 563 cOgnita
2201 489 2382 563 g‘ravis
2413 507 2582 552 certe.
2611 513 2712 553 nec
2746 501 2971 556 ferenda
3007 507 3233 560 omnino
3261 509 3378 563 visa
3422 523 3526 566 esu

1949 583 2220 650 Quocirca
2253 601 2378 640 cum
2425 589 2640 644 infestis
2662 605 2790 662 erga
2827 593 2946 649 illos
2985 598 3181 652 animis
3219 613 3436 665 essent,
3473 606 3526 658 in

1949 679 2276 732 societatem
2309 679 2498 734 Veneti
2537 699 2952 753 peropportune
2983 689 3348 748 obvenerunt.

264 758 650 826 διακειμένοις,
681 759 818 830 πρὸς
849 761 952 830 τὴν
983 763 1478 832 ἐαυτῶψ-ἐτοίμοις
1513 767 1838 838 συμμαχίαν
1877 770 2132 844 ἐνέτυχον
2164 777 2348 844 σφίσιν
2371 777 2419 830 οἱ
2470 779 2748 833 Βενετικοῖ
2775 783 2919 836 κατὰ
2958 785 3017 838 τὸ
3086 787 3232 856 μάλα
3283 808 3335 842 τι
3408 795 3529 847 καί·

267 865 403 918 ριον.

275 943 286 1001 i
335 943 434 996 lB'.
491 943 741 1010 Κάπειδή
801 961 932 1016 περ,
984 946 1061 1010 ὡς
1117 946 1350 1017 ἔφημεν,
1429 953 1837 1021 τετταράκοντα

263 1039 512 1106 τριήρεις
545 1040 660 1099 τοῖς
677 1039 1012 1102 Κατελάνοις
1038 1040 1322 1110 δυνάμεως
1340 1043 1565 1114 ἀπάσης
1627 1048 1835 1102 ὁπλιτι-

266 1128 360 1197 κῆς
385 1129 802 1198 πεπλήρωνται,
826 1131 934 1184 τῶν
965 1132 1260 1200 βελτίστων
1289 1135 1433 1202 ἔδοξε
1453 1137 1675 1191 διαϐᾶσι
1701 1139 1836 1208 πρό-

261 1237 413 1290 τερον
437 1222 626 1273 ἐκεῖνα
657 1223 844 1290 σφίσιν
869 1225 1058 1287 αὐτοῖς
1079 1225 1137 1291 ἐξ
1157 1227 1349 1296 ἐφόδου
1367 1229 1436 1281 τὰ
1455 1231 1698 1300 φρούρια
1737 1249 1835 1284 πε-

261 1313 671 1381 ριποιήσασθαι,
701 1315 849 1385 ἅπερ
897 1316 956 1370 ἐν
1006 1317 1204 1386 Σαρδοῖ
1266 1322 1332 1390 τῇ
1363 1323 1515 1392 νήσῳ
1545 1323 1682 1392 πρὸς
1721 1325 1832 1377 τῶν

256 1404 605 1466 Γεννουῖτῶν,
643 1405 719 1469 ὡς
742 1409 1084 1476 εἰρήκειμεν,
1135 1409 1506 1480 ἐζημίωνται.
1535 1415 1757 1469 Τούτων
1783 1415 1830 1470 δ’

258 1496 712 1567 οὕτωγινομένων
741 1502 876 1554 καὶὸ
905 1501 1282 1566 Γεννουῖτικδς
1307 1507 1516 1571 στόλος,
1537 1508 1709 1562 ..πέντε
1737 1510 1830 1563 καὶ

260 1593 520 1660 ἐξήκοντα
569 1593 828 1664 τριήρεσι
853 1595 911 1647 τὸ
937 1596 1141 1649 οΞκεῖον
1169 1597 1396 1668 πληρῶν
1425 1601 1687 1666 ἐπίνειον,
1735 1603 1828 1656 τὸν

2015 953 2134 1010 Xli.
2167 953 2481 1028 Postquam,
2525 971 2583 1014 ιιι
2615 963 2726 1032 jam
2780 963 2916 1032 dixi,
2951 969 3312 1040 quadraginta
3360 978 3522 1031 trire-

1945 1049 2116 1102 mium
2147 1055 2302 1119 c0pia
2337 1051 2584 1107 confecta
2610 1065 2714 1119 est,
2747 1057 3016 1126 optimum
3054 1062 3162 1119 illis
3202 1067 3378 1122 visunt
3410 1079 3519 1138 est,

1943 1141 2116 1209 cepiis
2163 1157 2230 1195 eo
2266 1145 2508 1213 trajectis
2561 1149 2746 1202 statim
2789 1165 2986 1222 capere
3037 1158 3256 1212 castella
3300 1177 3421 1230 quae
3456 1167 3510 1218 ιη

1941 1231 2194 1286 Sardinia
2231 1235 2406 1288 insula
2445 1251 2472 1289 a
2519 1237 2933 1326 Genuensibus,
2967 1254 3026 1297 ttt
3053 1247 3314 1318 diximus,
3349 1255 3522 1308 viola-

1942 1325 2169 1380 bantur.
2222 1327 2354 1393 Qua:
2387 1345 2508 1384 cum
2566 1331 2798 1396 fierent,
2835 1325 3080 1408 quinque
3125 1351 3186 1426 ,ει
3238 1349 3516 1415 sexaginta

1941 1417 2267 1472 triremibus
2299 1419 2350 1473 in
2410 1431 2569 1490 portu
2608 1423 2915 1480 domestico
2963 1417 3178 1498 positis,
3217 1433 3368 1504 191
3415 1437 3518 1492 Ge-

1941 1510 2234 1564 nuensium
2285 1513 2482 1567 classis
2537 1515 2776 1572 hostium
2845 1519 3073 1574 classem
3139 1528 3514 1594 exspectabat.

1939 1601 2078 1656 Cum
2107 1620 2237 1670 vero
2261 1605 2512 1660 auditum
2568 1617 2716 1663 esset
2755 1610 2879 1665 illos
2909 1612 2974 1664 ad
3013 1613 3318 1670 Sardiniam
3352 1623 3518 1687 proti-

257 1683 518 1737 ἐπίπλουν
541 1685 866 1753 ἐκαραδόκει
893 1688 1002 1740 τῶν
1019 1691 1146 1742 πολε
1156 1689 1320 1759 μίων.
1339 1693 1495 1746 Ἐπεὶ
1527 1694 1573 1746 δ’
1599 1695 1825 1766 ἠκηκόει

1937 1695 2065 1748 cisci
2100 1695 2350 1772 navibus,
2385 1701 2662 1754 triremem
2697 1718 2860 1756 unam
2893 1705 3183 1772 miserunt,
3209 1725 3329 1778 qua:
3348 1727 3512 1767 cursu

257 1774 477 1835 τούτους
503 1777 557 1837 ἐς
585 1777 685 1845 τὴν
718 1779 910 1848 Σαρδὼ
947 1783 1482 1850 καταπεπλευκέναι,
1516 1789 1832 1857 πέμπουσιν

259 1867 310 1926 ἐς
348 1867 720 1937 κατασκοπὴν
775 1871 1222 1937 ταχυναυτοῦσαν
1259 1875 1389 1946 μίαν
1437 1880 1676 1950 τριήρη·
1729 1881 1830 1934 κά-

259 1957 408 2026 πειδή
441 1961 681 2028 τάχιστα
711 1960 959 2032 ἐπανῆκε
989 1968 1412 2038 τεσσαράκοντα
1441 1973 1611 2040 μόνας
1653 1973 1832 2042 ἀπαγ-

261 2049 522 2118 γέλλουσα
547 2052 648 2116 τὰς
677 2054 786 2108 τῶν
816 2055 1077 2111 ἐναντίων
1107 2053 1250 2116 εἷναι
1279 2065 1530 2134 τριήρεις
1559 2065 1678 2136 (τὰς
1723 2067 1832 2137 γὰρ

259 2143 355 2194 τῶν
386 2143 698 2198 Βενετικῶν
725 2147 1026 2216 τριάκοντα
1049 2149 1204 2204 οὔπω
1237 2153 1520 2220 τεθέαται,
1557 2157 1692 2226 πρός
1723 2175 1830 2210 τινι

257 2235 428 2308 κόλπῳ
459 2239 561 2309 τὴν
583 2239 866 2312 ἐφεδρείαν
899 2245 1066 2314 ἐγγύς
1091 2263 1196 2299 που
1225 2247 1486 2313 τελούσας
1526 2251 1722 2322 ἑτέρῳ,
1753 2245 1829 2306 ὧν

259 2327 586 2393 ὸΝικόλαος
624 2327 766 2403 ἦρχε
813 2335 1124 2408 Πισσαῖος),
1169 2339 1404 2409 ἄραντες
1453 2343 1591 2410 μετὰ
1625 2343 1828 2412 πολλῆς

259 2417 344 2488 τῆς
369 2419 579 2489 ὀφρύος
605 2423 701 2475 καὶ
726 2426 1100 2496 σεσοϐημένου
1127 2429 1221 2482 τοῦ
1253 2432 1418 2502 ἤθους
1453 2435 1544 2486 καὶ
1569 2434 1660 2488 τοῦ
1696 2419 1830 2506 (ppo-

261 2511 512 2582 νήματος,
547 2514 679 2568 εύθὺ
712 2517 824 2570 τῶν
873 2519 1150 2590 πολεμίων
1183 2523 1424 2594 ἐχώρουν
1454 2527 1638 2580 πολλοὶ
1689 2530 1824 2600 πρὸς

261 2603 486 2670 ὀλίγους.
525 2605 690 2660 una
713 2612 846 2680 πρὶν
875 2611 1196 2679 ἀφικέσθαι,
1225 2613 1404 2668 λαθὼν
1439 2617 1646 2682 ἐκεῖνος
1667 2623 1693 2673 ὀ
1731 2621 1826 2674 τοῦ

265 2695 538 2752 Βενετικοῦ
573 2700 761 2754 στόλου
796 2703 1068 2773 ναύαρχος
1121 2703 1258 2776 ἔφθη
1315 2709 1414 2777 μιᾷ
1475 2709 1826 2784 προειληφὼς

261 2787 430 2855 ἡμέρᾳ
477 2786 568 2838 τον
601 2787 977 2843 Γεννουῖτικὸν
1008 2791 1214 2858 στόλον,
1263 2795 1540 2863 καταίρων
1577 2816 1635 2852 τε
1680 2801 1736 2863 ἐς
1765 2801 1826 2854 τὸ

267 2875 503 2946 Σαρδῴον
535 2878 630 2930 καὶ
664 2879 829 2943 αὐτὸς
861 2881 1097 2936 ἐπίνειον
1143 2885 1340 2950 ἐκεῖνο,
1389 2889 1482 2940 καὶ
1515 2887 1826 2960 ξυμμιγνὺς

263 2971 359 3032 τοῖς
385 2972 723 3036 Κατελάνοις
756 2974 855 3026 σὺν
883 2969 970 3037 αῖς
995 2976 1317 3049 εἰρήκειμεν
1346 2983 1641 3050 τριάκοντα
1669 2985 1824 3054 τριήε-

266 3076 368 3128 ρεσι
405 3063 680 3144 μεγάλαις
735 3082 794 3118 τε
839 3069 934 3120 καὶ
969 3069 1116 3138 μάλα
1153 3087 1216 3138 γε
1253 3071 1525 3144 λαμπροῖς
1557 3075 1647 3128 καὶ
1697 3077 1826 3128 πολ-
1852 3057 1895 3114 c

265 3153 360 3215 λοίς
398 3158 522 3219 τοῖς
561 3143 749 3220 ὅπλοις
797 3159 1136 3228 βριθούσαις.
1191 3143 1553 3236 Κάπειδήπερ
1603 3169 1682 3230 εἰς
1727 3169 1827 3240 τὴν

259 3243 540 3316 ὑστεραίαν
565 3250 812 3314 ἐπιόντες
840 3253 888 3306 οἱ
921 3253 1238 3310 Γεννουῗται
1269 3258 1646 3328 ὲόδομήκοντα
1675 3263 1825 3330 παρὰ

261 3339 422 3392 πᾶσαν
497 3341 798 3396 ἐθεάσαντο
850 3345 1182 3414 προσδοκίαν
1248 3350 1347 3414 τὰς
1394 3351 1507 3404 τῶν
1563 3353 1825 3406 ἐναντίων

257 3431 515 3502 τριήρεις,
547 3435 604 3496 ἐς
641 3435 842 3508 πολλὴν
867 3439 1156 3494 ἐνέπιπτον
1181 3441 1284 3512 ήδη
1308 3441 1530 3496 δειλίαν.
1558 3446 1666 3498 Καὶ
1691 3447 1824 3517 πόρ-

259 3525 412 3590 ρωθεν
443 3528 513 3579 ἐν
555 3531 706 3600 μέσῳ
737 3531 968 3601 πελάγει
1017 3531 1193 3606 βραχύ
1234 3555 1286 3590 τι
1317 3538 1822 3610 ἀνακωχεύσαντες,

255 3617 386 3680 ὅπως
433 3617 510 3672 ἂν
538 3619 806 3676 διάθοιντο
834 3624 932 3696 τὴν
981 3629 1296 3698 ναυμαχίαν
1325 3631 1660 3686 ἐσκοποῦντο
1693 3634 1822 3688 καθ’

256 3707 488 3776 ἑαυτούς.
547 3713 660 3768 Καὶ
689 3715 861 3787 ἐδρων
903 3719 972 3773 τὰ
999 3719 1298 3791 δεδογμένα
1331 3723 1514 3788 εὐθύς.
1547 3727 1822 3796 Δεσμοῦσι

261 3801 340 3866 μὲν
364 3805 476 3876 γὰρ
499 3807 692 3873 σειρᾶς
717 3807 876 3880 δίκην
905 3809 1169 3882 ἀλλήλαις
1198 3814 1434 3886 ἀλλήλας
1465 3818 1564 3881 τάς
1595 3817 1822 3884 πλείους

257 3890 444 3948 ἐιυτῶν
498 3899 750 3970 τριήρεις
796 3903 936 3973 ὑπὲρ
984 3905 1078 3960 τοῦ
1111 3908 1190 3978 μὴ
1235 3910 1303 3980 τῇ
1350 3909 1560 3980 διεχείᾳ
1603 3911 1698 3964 καὶ
1737 3910 1818 3984 τῷ

1936 1787 2212 1842 concitato
2243 1789 2696 1861 circumspiceret
2729 1794 2938 1851 hostes.
2975 1799 3099 1854 "acc
3142 1801 3398 1858 celeriter
3427 1821 3516 1858 re-

1934 1894 2092 1934 versa
2125 1881 2488 1952 quadraginta
2523 1893 2734 1940 tantum
2772 1886 3028 1946 triremes
3059 1907 3179 1946 esse
3213 1895 3510 1951 nuntiavit.

1933 1961 2272 2018 Venetorum
2305 1965 2454 2018 enim
2513 1966 2740 2036 triginta
2780 1969 3095 2028 triremibus
3125 1973 3324 2044 quibus
3352 1977 3515 2032 Nico-

1931 2053 2052 2108 laus
2083 2053 2317 2110 Pisanus
2366 2068 2605 2127 praeerat
2643 2061 2886 2114 nondum
2947 2060 3000 2116 in
3029 2063 3202 2120 aciem
3256 2069 3510 2135 eductis,

1932 2143 2029 2199 sed
2061 2146 2127 2199 ad
2164 2146 2343 2200 sinum
2378 2151 2670 2217 quemdam
2707 2165 2738 2204 e
2773 2153 3088 2224 propinquo
3122 2157 3404 2214 collocatis
3453 2171 3514 2216 ut

1933 2236 2162 2294 insidias
2195 2249 2509 2307 struerent,
2539 2241 2639 2313 ipsi
2671 2244 2928 2301 insolenti
2966 2258 3024 2302 et
3053 2251 3290 2319 supetbo
3323 2251 3510 2307 animo

1933 2333 2192 2388 hostibus
2251 2334 2443 2404 paucis
2477 2337 2637 2390 multi
2683 2349 2992 2394 cesserunt.
3039 2339 3144 2396 Sed
3176 2343 3508 2400 Venetorum

1930 2427 2124 2482 classis
2177 2427 2288 2482 dux
2353 2444 2463 2482 uno
2515 2429 2604 2483 die
2652 2429 2801 2499 cepit
2854 2429 3228 2487 Genuensiutn
3278 2436 3508 2491 classem

1929 2529 2226 2588 antequam
2265 2519 2352 2573 ille
2387 2520 2630 2578 advenit.
2677 2521 2884 2576 Deinde
2927 2523 3041 2592 ipse
3088 2523 3141 2577 in
3192 2525 3508 2582 Sardiniutn

1931 2609 2106 2665 tendit
2143 2620 2362 2680 portum
2399 2621 2454 2665 et
2485 2627 2543 2666 se
2571 2614 2856 2682 conjunxit
2893 2630 3016 2668 cum
3061 2615 3338 2674 Catelanis
3369 2638 3510 2691 quu-

1929 2716 2078 2766 rum,
2136 2710 2194 2753 ιιι
2229 2701 2490 2766 diximus,
2547 2703 2766 2771 triginta
2801 2705 3056 2759 triremes
3101 2724 3308 2778 magna:
3350 2717 3511 2768 erant

1927 2803 2093 2863 atque
2125 2795 2317 2863 ampla:
2340 2804 2396 2849 et
2423 2811 2702 2849 armorum
2761 2797 3114 2852 multitudine
3165 2799 3400 2860 refertae.
3430 2807 3508 2860 Ac

1926 2909 2251 2965 Geuueuses
2301 2925 2426 2965 cum
2471 2913 2740 2982 postridie
2774 2914 3010 2984 ingressi
3053 2918 3294 2974 hostium
3339 2923 3508 2978 trire-

1931 3017 2048 3056 mes
2075 3007 2420 3074 septuaginta
2453 3015 2652 3075 prtnter
2684 3013 2900 3062 euntem
2932 3011 3254 3079 opinioneni
3277 3031 3508 3085 conspe—

1930 3092 2161 3161 xissent,
2197 3111 2428 3165 magnus
2459 3107 2630 3152 terror
2661 3099 2882 3164 invasit,
2917 3112 2972 3158 et
2999 3107 3188 3173 procul
3221 3107 3332 3162 alto
3365 3111 3503 3164 mari

1917 3185 2301 3242 consistentes
2333 3188 2618 3256 paululum
2651 3191 3197 3264 circumspiciebant.
3229 3204 3506 3266 quomodo

1925 3291 2164 3346 pugnam
2217 3279 2462 3334 navalem
2506 3280 2870 3351 disponerent
2920 3298 2976 3342 et
3001 3304 3124 3357 quae
3174 3291 3508 3347 videbantur

1925 3368 2108 3423 statim
2157 3368 2460 3426 faciebant.
2527 3371 2994 3444 Constringebaut
3044 3377 3190 3432 enim
3243 3390 3504 3450 tanquam

1923 3457 2149 3514 vinculo
2183 3459 2330 3514 inter
2361 3475 2420 3515 se
2482 3461 2773 3530 plerasque
2813 3461 3068 3520 triremes
3111 3479 3238 3520 suas
3263 3505 3280 3530 ,
3316 3481 3384 3520 ne
3418 3471 3504 3520 di-

1926 3549 2142 3604 stantia:
2164 3564 2356 3606 earum
2389 3550 2547 3622 192
2567 3561 2736 3622 atque
2765 3551 3052 3610 intervalla
3078 3554 3220 3609 viam
3251 3555 3506 3610 hostibus

1924 3641 2258 3710 praeberent,
2305 3657 2408 3699 nec
2443 3645 2712 3698 haberent
2737 3644 2822 3698 sui
2877 3645 3022 3700 unde
3071 3645 3231 3701 facile
3265 3663 3504 3717 pugnant

1924 3731 2256 3802 eﬂ‘ugerent.
2291 3733 2464 3788 Porro
2499 3750 2566 3789 ex
2595 3733 2792 3789 mediis
2825 3734 2995 3790 remis
3025 3737 3184 3790 sedes
3214 3736 3502 3790 nonnullas

1923 3823 2208 3890 auferunt,
2240 3834 2300 3879 ut
2321 3833 2582 3895 tanquam
2628 3826 2684 3881 in
2717 3835 2862 3882 terra
2927 3827 3174 3896 praelium
3205 3835 3502 3881 conserant

1923 3923 1980 3968 et
2003 3915 2162 3970 facile
2191 3915 2342 3969 exire
2367 3926 2425 3971 et
2445 3915 2603 3971 adire
2647 3925 2704 3970 et
2733 3917 3016 3986 praeterire
3055 3917 3288 3986 possint.

256 3989 536 4064 σκεδασμῷ
561 3995 762 4049 διδόναι
806 3997 1040 4069 πάροδον
1097 4003 1220 4066 ταῖς
1274 4005 1568 4074 πολεμίαις
1617 4007 1802 4074 ναυσὶ,
1841 4007 1968 4078 μηδ’
1999 4007 2146 4078 ἔχειν
2175 4008 2239 4060 ἐκ
2299 4009 2392 4060 τοῦ
2424 4009 2627 4080 ῥᾴστου
2691 4011 3039 4078 φυγομαχείν
3069 4010 3192 4068 τοὺς
3221 4010 3502 4074 οἰκείους-

253 4081 516 4156 ἐξαιροῦσι
565 4087 613 4142 δ’
647 4085 716 4144 αὖ
759 4091 870 4144 τῶν
893 4092 1162 4164 ἐρετικῶν
1209 4096 1274 4149 ἐκ
1315 4099 1497 4170 μέσων
1533 4099 1682 4165 ἐνίας
1721 4100 2014 4171 καθέδρας,
2041 4101 2142 4154 εἶν’
2169 4099 2246 4163 ὡς
2289 4102 2348 4154 ἐν
2397 4101 2642 4173 ἐπιπέδῳ
2705 4100 2803 4171 τὴν
2869 4103 3053 4171 μάχην
3110 4102 3371 4156 ποιῶνται
3405 4105 3502 4160 καὶ

249 4177 552 4244 ἀκωλύτους
583 4183 680 4246 τάς
727 4201 786 4237 τε
818 4184 1096 4252 ἐξελάσεις
1127 4189 1223 4242 καὶ
1267 4191 1554 4256 ἐπελάσεις
1586 4197 1680 4247 καὶ
1715 4195 1810 4257 τὰς
1851 4195 2124 4267 παρόδους
2150 4196 2374 4266 ἔχωσιν.

317 4278 412 4336 ll".
459 4284 554 4336 Ἐν
583 4285 790 4346 τούτοις
828 4282 873 4335 δ’
912 4283 1332 4354 ἀσχολουμένων
1361 4289 1541 4344 αὐτῶν
1587 4290 1820 4361 θόρυϐος

1997 4291 2135 4347 Xlll.
2193 4291 2290 4348 liis
2347 4292 2513 4346 rebus
2569 4307 2697 4347 cum
2755 4293 3004 4362 occupati
3067 4303 3274 4360 essent,
3319 4301 3508 4348 motus

249 4375 298 4442 ἐξ
321 4377 599 4446 ἀπογείων
629 4377 960 4446 πνευμάτων
982 4366 1246 4450 ἐξαίφνης
1269 4379 1331 4452 [ί.
1375 4383 1477 4438 108
1503 4381 1578 4455 v.]
1611 4386 1821 4454 ἐγείρει

248 4479 344 4530 ται,
377 4471 496 4529 τοῖς
547 4468 648 4538 μὲν
693 4469 1028 4536 Κατελάνοις
1059 4473 1176 4539 ἅμα
1223 4475 1320 4526 καὶ
1372 4473 1678 4537 Βενετικοίς
1711 4475 1820 4526 ἀπὸ

250 4559 516 4628 πρύμνης,
547 4561 660 4624 τοῖς
701 4561 758 4614 δὲ
807 4563 844 4614 Γ
849 4565 1150 4630 εννουῖταις
1182 4561 1303 4618 οὖσι
1353 4565 1636 4632 πελαγίοις
1667 4565 1818 4618 ἀντί-

249 4663 474 4719 πρωρος.
517 4652 626 4704 Καὶ
657 4655 758 4722 μὲν
785 4655 850 4724 δὴ
879 4655 1069 4710 λοιπὸν
1087 4659 1154 4710 τὰ
1183 4659 1290 4710 τῶν
1315 4661 1488 4710 ἐκεῖσε
1511 4657 1818 4728 τηνικαῦτα

247 4755 369 4793 κατα
373 4745 613 4810 χθεισῶν
633 4745 958 4816 ὁθενδήποτε
989 4747 1240 4818 μεγάλων
1268 4751 1546 4818 τεττάρων
1571 4749 1813 4802 ὁλκάδων

247 4831 376 4887 ἱστία
409 4839 750 4902 πετάσαντες
780 4841 836 4892 οῖ
863 4859 918 4894 τε
946 4843 1248 4895 Κατελάνοι
1276 4845 1366 4894 καὶ
1400 4843 1676 4894 Βενετικοὶ
1704 4846 1814 4906 τοῖς

247 4923 516 4990 πολεμίοις
555 4927 798 4996 ἐχώρουν
829 4931 1016 4998 ὁμόσε,
1071 4931 1128 4994 ἐξ
1158 4931 1347 4997 οὐρίας
1393 4931 1682 4996 ποιοῦντες
1721 4933 1812 4984 τὸν

245 5015 430 5069 πλοῦν
469 5019 658 5072 εἵπετο
687 5021 731 5072 δ’
759 5019 895 5090 ὁμοῦ
920 5023 1013 5074 καὶ
1048 5025 1074 5074 ό
1103 5023 1286 5090 στόλος
1315 5021 1479 5088 ἄπας,
1507 5027 1620 5084 τοῖς
1655 5025 1814 5074 πολε-

247 5114 414 5176 μικοῖς
445 5113 698 5182 ὀργάνοις
725 5114 1050 5183 τερπόμενοι
1093 5115 1187 5168 καὶ
1217 5089 1318 5178 ἶτὰς
1351 5115 1457 5166 τῶν
1486 5117 1812 5194 ὁπλομάχων

243 5195 406 5266 ψυχὰς
439 5203 576 5270 πρὸς
607 5201 668 5253 τὸ
716 5202 1084 5274 ἀκμαιότερον
1125 5202 1484 5272 ἐρεθίζοντες.
1518 5203 1682 5258 Ὅθεν
1715 5209 1813 5268 τὰς

245 5291 330 5356 μὲν
370 5291 534 5354 εὐθὺς
561 5297 616 5356 ἐς
653 5291 816 5363 βυθὸν
850 5295 1154 5347 κατέδυσαν
1180 5295 1370 5366 ῶσηερ
1401 5298 1812 5370 καταπατηθεί-

245 5399 334 5444 σας
365 5385 470 5437 ὑπὸ
503 5387 608 5438 τῶν
639 5387 903 5450 ὁλκάδων,
937 5389 1034 5450 τὰς
1057 5389 1099 5441 δ’
1126 5387 1472 5459 ἐζώγρησαν.
1501 5391 1612 5444 Καὶ
1635 5389 1808 5451 οὕτως

241 5475 292 5524 ὲν
323 5475 518 5546 βραχεῖ
541 5480 804 5546 τρόπαιον
836 5479 1022 5549 σχεδον
1053 5481 1392 5550 ἀναίμακτον
1432 5481 1611 5552 ἔσχον,
1638 5481 1807 5551 ὑπὲρ·

239 5580 382 5632 τεροι
413 5572 724 5624 παντάπασι
759 5573 853 5625 τοῦ
883 5573 1258 5628 Γεννουϊτικοῦ
1291 5574 1576 5643 γενόμενοι
1613 5575 1805 5630 στόλου

1927 4385 2270 4440 terrestrium
2303 4393 2595 4438 ventorum
2627 4395 2854 4456 repente
2891 4395 3118 4440 exortus
3147 4395 3253 4450 est,
3285 4385 3377 4454 qui
3402 4385 3502 4440 Ca-~

1926 4478 2120 4530 telanis
2161 4476 2386 4546 quidem
2431 4487 2488 4532 et
2516 4477 2744 4532 Venetis
2795 4478 2860 4530 ad
2910 4479 3134 4548 puppim
3166 4485 3360 4536 erant.
3397 4476 3502 4528 (ie-

1921 4569 2231 4624 nuensibus
2271 4581 2454 4623 autem
2511 4567 2608 4636 qui
2656 4569 2708 4620 in
2753 4569 2870 4622 alto
2903 4575 3062 4622 erant
3101 4567 3338 4620 adversi.
3375 4564 3504 4620 Jam.

1921 4677 2051 4716 VCI'O
2094 4676 2218 4716 cum
2268 4671 2506 4729 quatuor
2535 4675 2704 4714 naves
2727 4674 2934 4727 magnae
2957 4667 3142 4716 essent
3165 4667 3330 4728 atque
3361 4673 3498 4712 onu-

1921 4759 2020 4806 stae
2061 4751 2200 4805 velis
2231 4749 2375 4805 datis
2419 4749 2666 4826 Catelauni
2699 4759 2754 4802 et
2791 4748 2982 4824 Veneti
3019 4749 3272 4826 hostibus
3318 4764 3500 4804 cesse-

1919 4852 2050 4896 runt
2106 4851 2270 4896 vento
2318 4842 2562 4896 secundo
2623 4840 2980 4910 navigantes;
3027 4849 3214 4896 secuta
3249 4851 3336 4894 est
3387 4851 3500 4894 tota

1921 4935 2114 4990 classis
2147 4934 2317 4988 rebus
2365 4933 2576 4987 bellicis
2611 4933 2880 4987 instrueta
2923 4943 3260 4988 armatorum
3298 4933 3500 4986 animis

1919 5025 2278 5080 vehementer
2317 5025 2593 5078 excitatis.
2647 5023 2720 5077 Ex
2771 5023 2856 5078 his
2895 5025 3022 5078 alia:
3073 5024 3125 5077 in
3164 5023 3496 5094 profundum

1923 5133 2072 5171 mare
2103 5119 2370 5170 demersae
2423 5125 2551 5170 sunt
2620 5117 2852 5194 navibus
2901 5117 3168 5172 ductoriis
3199 5133 3494 5186 oppressae.

1919 5211 2037 5262 alia:
2067 5219 2260 5277 capue.
2293 5207 2482 5277 itaque
2517 5209 2670 5264 brevi
2717 5217 2964 5278 tempore
3007 5209 3154 5262 nulla
3203 5209 3316 5263 fere
3347 5213 3504 5266 caute.

1919 5304 2059 5358 facta
2093 5303 2380 5356 victoriam
2415 5300 2800 5372 deportarunt,
2835 5313 3090 5372 superata
3119 5301 3498 5356 Genuensmut

1917 5397 2090 5446 classe
2125 5393 2283 5460 plane
2313 5402 2426 5446 tota
2459 5393 2704 5463 exceptis
2743 5393 3104 5462 quadraginta
3133 5393 3454 5446 triremibus
3477 5431 3498 5452 ,

1915 5502 2035 5556 quae
2066 5485 2231 5540 celeri
2264 5487 2387 5556 fuga
2419 5485 2639 5556 dilapsae
2682 5495 2866 5541 erant.
2897 5485 3019 5540 llaec
3045 5501 3169 5539 eum
3197 5488 3358 5538 tinem
3397 5483 3498 5534 lm-

1913 5577 2116 5632 bebaut
2133 5619 2150 5644 ,
2175 5587 2230 5631 et
2251 5587 2412 5632 testas
2439 5578 2528 5632 his
2549 5579 2712 5634 rebus
2739 5577 2892 5634 ﬁnita
2923 5589 3026 5634 est.

241 5663 454 5724 παντὸς,
491 5664 627 5735 πλὴν
672 5667 794 5720 ὅσαι
836 5669 1075 5736 φυγάδες
1107 5670 1352 5741 ἔφθησαν
1398 5673 1683 5740 γεγονυῖαι
1757 5674 2197 5742 ταχυναυτοῦσαι
2265 5673 2510 5743 τριήρεις
2555 5673 2950 5726 ὀκτωκαίδεκα.
3007 5671 3114 5724 Καὶ
3175 5669 3346 5724 ταῦτα
3387 5668 3494 5738 μὲν

239 5751 446 5806 τοῦτον·
477 5755 601 5824 ἔσχε
662 5759 754 5812 τὸν
798 5765 1021 5832 τρόπον,
1054 5767 1148 5819 καὶ
1190 5765 1246 5818 τὸ
1287 5765 1442 5836 θέρος
1486 5769 1541 5819 ἐν
1591 5767 1800 5831 τούτοις
1842 5767 2118 5836 ἐτελεύτα.
