4036 6210
468 265 566 332 18'!

1686 255 2109 319 NICEPHORI
2150 252 2535 316 GREGOll.E

3595 250 3697 314 133
3750 328 3761 332 _

539 373 674 429 XIV.
708 371 825 429 Jam
872 385 1002 425 vero
1042 367 1414 425 Gcnuensium
1467 381 1557 420 res
1598 379 1722 421 cum
1771 364 1840 420 ad
1891 365 2031 419 hanc

2204 366 2298 417 ΙΝ.
2338 366 2443 418 Καὶ
2492 366 2591 434 μὲν
2631 363 2697 436 δὴ
2751 365 2807 426 ὲς
2842 362 3000 416 τοῦτο
3047 362 3482 434 κατενεχθέντων
3526 363 3696 433 τύχης

470 465 705 521 fortuna:
735 462 1108 520 conditionem
1150 460 1372 530 deiecta:
1402 466 1582 513 essent
1605 499 1620 521 ,
1650 472 1752 513 nec
1796 457 2031 526 amplius

466 556 619 611 cives
649 568 760 610 rem
799 552 1093 617 militarem
1124 565 1320 605 ornare
1351 556 1599 618 possent,
1631 548 1792 618 plane
1815 546 2032 601 omissis

470 645 584 700 fere
614 644 867 699 omnibus
897 642 1088 704 armis,
1125 639 1411 705 militibus,
1438 641 1607 701 victu,
1631 637 2033 692 metuebantne

468 732 711 788 hostium
770 731 926 801 193
976 730 1135 785 facile
1192 727 1394 798 captivi
1434 727 1657 782 -redditi
1714 724 1772 780 in
1836 726 2033 780 nefan~

468 822 695 880 dam‘ae
731 832 947 892 turpem
979 820 1281 892 perniciem
1319 820 1645 876 inciderent.
1696 820 1874 887 Atque
1927 832 2035 873 una

468 928 592 967 cum
615 912 941 968 mulieribus
969 920 1024 966 et
1057 911 1248 966 liberis
1290 919 1346 965 et
1396 920 1509 965 tota
1539 909 1759 964 civitate
1805 907 2034 961 seditio-

471 1020 597 1058 ncm
653 988 931 1057 faciebant
987 1013 1175 1074 utpote
1231 1002 1438 1056 exortis
1482 1001 1708 1056 diversis
1762 1010 1816 1055 ct
1872 999 2036 1054 variis

468 1095 709 1149 consiliis
739 1103 794 1150 et
841 1093 988 1149 inter
1020 1109 1079 1148 se
1118 1094 1275 1149 valde
1306 1092 1776 1163 discrepantibus.
1808 1102 2036 1149 cuncta-

467 1184 921 1256 que.reipublic:e
958 1186 1263 1254 antiquitus
1316 1184 1562 1238 instituta
1593 1183 1747 1237 brevi
1792 1190 2036 1251 tempore

467 1276 832 1332 sustulerunt.
870 1275 929 1330 In
977 1276 1338 1330 finitimorum
1374 1289 1508 1329 vero
1537 1288 1660 1329 sese
1709 1282 2036 1343 potestatem

388 1424 389 1427 η
468 1365 741 1420 tradendo
794 1382 825 1419 e
864 1365 1021 1419 malis
1058 1364 1346 1419 minimum
1393 1364 1700 1433 elegerunt.
1748 1361 2038 1416 Finitimos

466 1455 614 1510 enim
654 1456 748 1524 qui
808 1455 1103 1510 altissimos
1153 1454 1371 1524 Alpium
1429 1463 1643 1508 montes
1695 1453 1949 1507 incolunt
1982 1461 2039 1506 et

471 1559 741 1603 terrenam
772 1558 991 1616 semper
1014 1549 1180 1601 vitam
1228 1555 1435 1617 agunt,
1489 1546 1620 1599 olim
1670 1561 1768 1615 per
1817 1545 2038 1615 longum

472 1651 686 1710 tempus
718 1640 970 1693 hostilem
1023 1639 1077 1692 in
1111 1638 1332 1691 modum
1386 1652 1484 1693 eos
1511 1638 1784 1692 vexabant
1816 1646 1872 1691 et
1902 1652 2039 1705 prte-

2138 457 2247 509 τῶν
2274 460 2417 509 κατὰ
2451 458 2714 511 Γέννουαν
2745 457 3106 527 πραγμάτων,
3142 458 3239 511 καὶ
3266 457 3435 526 μηδὲν
3479 457 3561 510 ἔτι
3589 461 3701 510 τῶν

2138 549 2345 619 ταύτην
2391 549 2688 602 οἰκούντων
2736 548 2958 601 ἔνοπλον
2989 549 3151 617 ἔργον
3196 547 3330 618 δρᾷν
3363 548 3698 618 δυναμένων,

2139 635 2308 706 ἄρδην
2337 637 2589 689 ἁπάντων
2622 636 2827 704 σχεδὸν,
2848 635 2923 698 ὡς
2947 636 3184 704 εἴρηται,
3212 635 3575 704 ἐφθαρμένων
3597 636 3703 707 ήδη

2139 729 2235 781 καὶ
2260 726 2442 782 ὅπλων
2474 729 2567 779 καὶ
2595 709 2805 797 ἀνδρῶν
2835 726 3164 796 ὁπλομάχων
3191 729 3287 780 καὶ
3303 726 3403 779 ὅσα
3436 727 3545 784 τῶν
3576 726 3704 780 ἑδω-

2139 819 2333 890 δίμων,
2375 819 2470 873 καὶ
2504 819 2782 881 δείσαντες
2820 819 2895 889 μὴ
2929 820 3038 881 τοῖς
3068 816 3344 889 πολεμίοις
3374 819 3438 872 ὲκ
3475 818 3571 872 τοῦ
3605 820 3707 891 ῥᾴ-

2143 925 2269 961 στου
2309 909 2680 970 καταστάντες
2716 908 2982 976 άλώσιμοι
3032 907 3124 961 τὸν
3175 907 3447 977 ἐπάρατόν
3501 926 3560 964 τε
3611 910 3709 962 καὶ

2142 1000 2427 1069 αἴσχιστον
2466 1000 2514 1052 οἱ
2550 998 2999 1070 περιλειφθέντες
3028 999 3337 1068 ὀφλήσωσιν
3361 1001 3582 1069 ὄλεθρον
3613 1001 3712 1054 αύ-

2142 1093 2264 1153 ταῖς
2293 1090 2509 1157 γυναιξὶ
2542 1091 2639 1144 καὶ
2687 1091 2846 1144 παισὶ
2885 1092 2980 1143 καὶ
3029 1091 3180 1143 πόλει
3234 1094 3302 1161 τῇ
3351 1093 3521 1164 πάσῃ,
3586 1091 3707 1145 κατ’

2143 1183 2392 1253 ἀλλήλων
2425 1199 2483 1234 τε
2508 1182 2858 1247 ἐστασίασαν,
2886 1181 3162 1254 διαφόρων
3205 1184 3298 1234 καὶ
3328 1182 3588 1236 ποικίλων
3615 1186 3710 1236 ad.

2142 1275 2255 1336 τοῖς
2284 1273 2672 1343 βουλευμάτων
2707 1275 3061 1341 ἁναφυέντων
3088 1273 3183 1326 καὶ
3208 1273 3416 1342 σφόδρα
3444 1273 3710 1342 ἀσυμφώ-

2143 1382 2251 1419 νων
2283 1366 2556 1437 ἀλλήλοις,
2589 1365 2685 1418 καὶ
2717 1364 2835 1434 ἅμα
2869 1366 3048 1420 πάντα
3093 1363 3400 1436 ἀνέτρεψαν
3432 1365 3490 1416 ὲν
3518 1364 3712 1435 βραχεί

2144 1453 2212 1507 τά
2246 1452 2412 1508 πάλαι
2442 1453 2542 1523 τῆς
2589 1452 2867 1514 πολιτείας
2892 1451 3102 1505 ἑαυτῶν
3133 1453 3366 1522 νόμιμα,
3396 1454 3512 1515 τοῖς
3544 1455 3711 1505 ἀστυ-

2146 1545 2384 1611 γείτοσιν
2431 1543 2661 1606 ἑαυτοὺς
2721 1543 2905 1596 ἑκοντὶ
2954 1543 3292 1614 παραδόντες
3343 1544 3707 1614 ὑποχειρίους,

2145 1634 2237 1687 τοῦ
2273 1632 2519 1703 μείζονος
2557 1635 2732 1686 κακοῦ
2764 1636 2824 1686 τὸ
2860 1634 3191 1702 κουφότερον
3222 1632 3590 1703 ἀνθελόμενοι.
3629 1635 3714 1687 ‘A-

468 1731 742 1785 dabantur
782 1745 1114 1799 quocunque
1160 1731 1415 1784 volebant
1460 1729 1589 1783 anni
1622 1738 1889 1799 tempore.
1927 1729 2043 1783 Mc-

2156 1726 2495 1792 στυγείτονας
2535 1724 2590 1777 δέ
2630 1741 2774 1794 φημι
2802 1722 2853 1777 οἳ
2897 1726 2999 1787 τάς
3049 1723 3187 1795 ὑπὲρ
3238 1725 3487 1795 κεφαλῆς
3534 1725 3714 1779 αὐτῶν

469 1822 805 1877 diolanensis
835 1831 919 1876 est
947 1822 1091 1892 regis
1122 1822 1337 1877 colonia
1360 1864 1373 1884 ,
1422 1822 1554 1876 urbs
1587 1831 1765 1886 vetus,
1803 1821 2040 1875 dillicilis

471 1913 721 1967 hostibus
766 1912 834 1968 ad
865 1914 1318 1984 oppugnandum.
1366 1913 1455 1978 Et,
1486 1914 1631 1982 quod
1686 1916 1918 1969 maxime
1974 1915 2043 1968 ti-

473 2006 729 2060 mendam
754 2006 893 2059 hanc
920 2014 1136 2077 gentem
1170 2007 1389 2077 p0pulis
1416 2007 1508 2076 qui
1529 2006 1680 2059 circa
1707 2007 1894 2061 colunt
1916 2004 2043 2060 red-

470 2097 575 2162 dit,
609 2110 788 2165 regem
823 2096 945 2166 ejus
992 2095 1328 2149 horrendum
1362 2106 1525 2164 atque
1555 2096 1845 2157 invictum,
1888 2095 2045 2150 locus

472 2190 755 2243 montibus
785 2189 902 2242 fere
930 2187 1176 2257 undique
1207 2187 1336 2241 altis
1377 2197 1540 2256 atque
1592 2186 1756 2242 inviis
1790 2202 1818 2240 a
1850 2187 2046 2242 natura

472 2280 720 2335 munitus
748 2281 1078 2349 plerumque
1101 2293 1222 2331 sese
1258 2278 1374 2346 ipse
1403 2278 1470 2331 ab
1498 2278 1750 2332 hostibus
1776 2278 2042 2335 defendit.

471 2373 607 2428 Nam
639 2371 765 2426 aliis
801 2369 1058 2441 gentibus
1091 2374 1176 2424 vis
1222 2370 1468 2438 equitum
1513 2369 1931 2424 innumerabilis
1991 2377 2046 2424 et

472 2464 742 2519 maximus
785 2464 1063 2516 exercitus
1106 2461 1197 2516 vix
1227 2460 1455 2516 abarcet
1502 2460 1766 2522 hostium.
1802 2460 1892 2537 his
1918 2474 2050 2516 vero

473 2570 643 2628 parva
674 2553 832 2608 facile
859 2554 1015 2624 copia
1040 2592 1056 2617 ,
1100 2568 1224 2608 cum
1275 2560 1495 2607 montes
1526 2551 1672 2607 circa
1711 2552 1799 2606 siti
1829 2561 2052 2606 natura-

469 2643 578 2699 lem
605 2644 897 2713 quamdam
924 2642 994 2697 ad
1040 2640 1446 2698 defendendum
1475 2640 1800 2697 societatem
1825 2639 1971 2694 inter
1990 2653 2049 2694 se

471 2734 736 2790 habeant.

2147 1812 2528 1877 κατοικοῦντες
2558 1811 2757 1882 ὕψιστα
2792 1812 2892 1883 ὅρη
2923 1814 3032 1868 τῶν
3072 1814 3325 1868 Ἀλπεων
3353 1817 3446 1868 καὶ
3475 1815 3715 1886 ἠπειρω-
3744 1868 3756 1876 ί

2147 1906 2299 1959 nm
2346 1907 2433 1960 ἀεὶ
2454 1904 2730 1972 διάγοντες
2766 1904 2901 1975 βίον,
2945 1905 3116 1959 πάλαι
3145 1905 3314 1959 πολύν
3349 1923 3469 1977 τινα
3525 1908 3719 1976 χρόνον

2126 1988 2406 2066 ⁸μαχίμως
2457 1998 2606 2064 σφίσι
2654 1997 2920 2050 διέκειντο
2971 1998 3066 2050 καὶ
3098 1996 3403 2067 ἐπολέμουν
3445 2000 3539 2052 καλ¹
3571 1998 3719 2068 ὲληῖ-

2150 2086 2305 2152 ξοντο
2358 2086 2481 2140 καθ’
2508 2088 2576 2152 άς
2627 2087 2911 2143 ἐϐούλοντο
2942 2089 3091 2160 ὥρας
3138 2090 3335 2152 αὐτοὺς
3382 2091 3556 2146 αὐτοί.
3606 2091 3721 2142 Με-

2150 2177 2373 2231 διόλανα
2403 2179 2449 2232 δ’
2483 2179 2671 2244 αὐτοῖς
2703 2182 2736 2251 ἡ
2767 2181 2862 2233 τοῦ
2898 2183 3067 2251 ῥητός
3095 2181 3214 2233 ἐστι
3260 2182 3536 2242 κατοικία.
3564 2180 3722 2244 πόλις

2154 2271 2359 2340 ἀρχαία
2385 2290 2442 2325 τε
2474 2274 2571 2324 καὶ
2613 2272 2923 2337 δυσάλωτος
2959 2273 3258 2342 πολεμίοις.
3293 2274 3360 2327 Ὀ
3395 2274 3451 2328 δὲ
3483 2274 3722 2344 μάλιστα

2154 2365 2374 2417 πάντων
2399 2364 2630 2433 φοϐερὸν
2654 2368 2766 2427 τοῖς
2795 2365 2959 2435 πέριξ
2984 2365 3046 2418 τὸ
3075 2365 3227 2429 ἔθνος
3248 2364 3403 2419 τοῦτο
3426 2368 3591 2432 ποιεῖ,
3625 2367 3726 2420 καὶ

2151 2455 2243 2508 τὸν
2271 2456 2462 2508 τούτου
2497 2454 2642 2528 ρῆγα
2675 2457 2820 2523 μάλα
2856 2473 2909 2510 τι
2943 2456 3401 2512 δυσαντίϐλεπτον
3444 2458 3539 2511 καὶ⁵
3555 2461 3726 2512 ἀκατ-

2150 2548 2474 2616 αγώνιστον,
2529 2551 2612 2604 ὅτι
2659 2551 2687 2603 ὁ
2737 2550 2901 2611 τόπος
2948 2548 3100 2619 ὄρεσι
3146 2540 3341 2621 σχεδὸν
3385 2550 3726 2620 πανταχωεν

2152 2641 2385 2713 ὑψηλοῖς
2408 2644 2503 2697 καὶ
2523 2630 2809 2705 δυσϐάτοις
2836 2657 2958 2694 τετε
2968 2643 3243 2713 ιχισμένος
3259 2643 3480 2714 ὑπὸτῆς
3509 2643 3726 2712 φύσεως

2154 2732 2361 2787 ἄϐατον
2391 2732 2468 2797 ὡς
2501 2732 2569 2787 τὰ
2602 2734 2774 2787 πολλὰ
2808 2735 3094 2802 πολεμίοις
3120 2735 3213 2789 τὸν
3243 2737 3494 2789 πλεῖστον
3532 2736 3728 2806 χρόνον

394 2824 404 2841 ⁸
470 2827 778 2895 τετήρηκεν
835 2827 1056 2893 ἑαυτὸν,
1123 2827 1334 2896 ὀλίγαις
1389 2825 1655 2894 δυνάμεσι
1734 2824 2041 2895 χρώμενος.
2087 2823 2150 2896 [f.
2196 2824 2301 2881 109
2325 2824 2400 2898 ι’.]
2446 2828 2513 2880 Ὅ
2546 2827 2653 2896 γὰρ
2691 2830 2805 2894 τοῖς
2868 2829 3046 2892 ἄλλοις
3098 2829 3263 2892 ἵππος
3294 2844 3353 2881 τε
3403 2805 3572 2900 μυρία
3633 2805 3733 2881 καἱ

477 2923 707 2993 στρατὸς
766 2924 1106 2995 παμπληθὴς
1170 2925 1328 2994 μόλις
1367 2925 1530 2993 ἀρκεῖ
1578 2922 1716 2990 πρὸς
1771 2921 2085 2975 ἀντιπάλων
2120 2922 2502 2996 άνασοϐήσεις,
2550 2924 2759 2990 τούτοις
2806 2927 3003 3002 ῥᾳδίως
3047 2926 3207 3000 ὀλίγη
3271 2929 3502 3000 δύναμις
3553 2931 3737 3000 ’ἀρκιῖ

472 3013 563 3069 διὰ
603 3016 702 3087 τὴν
727 3017 837 3068 τῶν
867 3016 1028 3087 πέριξ
1061 3017 1203 3085 ὀρῶν
1236 3016 1472 3085 φυσικὴν
1504 3015 1845 3085 συμμαχίαν.

545 3160 660 3216 λγ.
695 3159 822 3214 llaec
875 3158 1042 3220 igitur
1074 3174 1208 3229 gens
1255 3158 1632 3214 Gcnuensium
1685 3161 2046 3216 finitimorum
2077 3177 2118 3230 ο

474 3271 603 3309 cum
646 3255 1018 3321 suspicaretur
1050 3252 1213 3323 194,
1244 3253 1561 3322 superbiam
1603 3269 1669 3308 ac
1712 3269 1950 3308 mentem
1987 3254 2055 3308 ad

476 3344 782 3415 perﬁdiam,
804 3357 966 3411 atque
988 3341 1212 3397 insidias
1232 3342 1382 3398 valde
1404 3344 1714 3398 inclinatam
1730 3356 2058 3414 magnopere

476 3452 672 3492 eorum
708 3437 925 3490 animos
956 3436 1291 3491 labefactare
1314 3435 1596 3491 studebat.
1624 3434 1739 3490 llac
1766 3438 2058 3490 occasione

476 3538 713 3597 acet-pta
746 3527 964 3583 dedi;os
988 3527 1144 3583 facile
1176 3528 1228 3581 in
1257 3528 1578 3583 societatem
1610 3538 1930 3599 coegerunt.
1957 3530 2057 3582 At-

476 3636 586 3690 que
616 3619 864 3675 Genuam
903 3619 1099 3674 urbem
1132 3634 1258 3673 cum
1305 3619 1535 3689 ingressi
1581 3628 1768 3674 essent
1803 3630 1860 3674 et
1907 3621 2058 3674 nullo

479 3712 772 3767 resistente
805 3703 990 3765 rerum
1022 3711 1199 3780 potiti,
1234 3712 1428 3766 multas
1460 3726 1745 3766 murorum
1770 3721 1826 3766 et
1854 3727 2061 3781 propu-

476 3804 832 3875 piaculorum
850 3814 1046 3886 partes
1077 3813 1367 3873 ceperunt,
1389 3819 1458 3858 ne
1488 3805 1717 3860 forsitan
1743 3816 2059 3876 opportuno

476 3896 533 3952 in
566 3907 849 3968 posterum
870 3904 1115 3964 tempore
1146 3905 1391 3964 arrepto,
1418 3908 1477 3951 ut
1500 3911 1718 3967 semper
1743 3913 1892 3953 nunc
1921 3913 2061 3969 quo-

477 4003 608 4059 que,
642 3988 813 4044 rebus
850 3987 1011 4043 novis
1034 3988 1344 4043 studerent.

550 4204 692 4261 XVI.
728 4204 822 4259 llis
848 4206 921 4259 ita
944 4205 1103 4260 factis
1133 4206 1503 4262 Gcnuensium
1532 4207 1873 4264 intolerabile
1908 4208 2056 4263 inso-

479 4298 665 4354 lentiae
701 4313 840 4352 onus
867 4298 1029 4366 plane
1061 4299 1336 4369 abjectum
1364 4308 1469 4354 est.
1523 4299 1588 4353 Et
1629 4299 1879 4368 profecto
1910 4300 2060 4355 Deus

482 4391 594 4447 illis
626 4390 892 4460 irrogavit
939 4404 1131 4459 [)(Btlas
1164 4391 1513 4459 iniuriarum,
1544 4392 1746 4462 quibus
1781 4394 2059 4450 Romanus

481 4484 790 4539 afﬂixerant
812 4498 1045 4554 qumque
1070 4484 1138 4537 ab
1164 4484 1285 4537 aliis
1310 4485 1564 4539 similiter
1594 4487 1851 4541 omnibus
1876 4490 2055 4557 genti-

483 4579 586 4634 bus
608 4578 1026 4648 exspectabant.
1070 4577 1344 4648 Neglectis
1376 4580 1524 4634 enim
1568 4581 1824 4635 omnibus
1854 4581 2058 4636 divinis

481 4671 719 4742 iugibus,
748 4686 851 4727 nec
888 4671 1130 4726 divinam
1171 4671 1432 4728 ultionem
1478 4665 1728 4743 speetant
1774 4690 1874 4728 nec
1906 4689 2060 4727 verc-

482 4761 744 4818 cundiam’
772 4762 828 4815 in
860 4763 1130 4818 homines.
1162 4763 1295 4819 Nam
1330 4780 1454 4820 cum
1493 4766 1661 4819 totius
1695 4767 1861 4818 maris
1884 4765 2061 4817 domi-

484 4865 674 4909 natum
712 4856 840 4910 inde
875 4872 903 4909 ιι
931 4855 1172 4911 Tanaide
1209 4868 1265 4912 et
1302 4849 1551 4911 Mamtide
1590 4871 1762 4924 usque
1790 4857 1857 4910 ad
1889 4856 2067 4912 Gades

484 4956 542 5003 et
579 4947 832 5002 Herculis
864 4948 1152 5004 columnas
1201 4961 1456 5018 tanquam
1497 4947 1552 5000 in
1602 4949 1832 5003 somniis
1880 4949 2065 5005 videre

485 5041 590 5095 sibi
626 5041 966 5107 viderentur,
1002 5058 1068 5098 ex
1097 5044 1213 5111 ipsa
1255 5042 1429 5112 patria
1454 5041 1614 5111 ojecti
1646 5043 1797 5096 brevi
1833 5053 1982 5108 sunt,
2011 5053 2066 5098 et

482 5145 611 5184 cum
642 5133 1034 5200 rempublicam
1084 5132 1282 5201 injuria
1334 5146 1486 5185 suam
1537 5132 1802 5212 facerent,
1837 5149 2063 5202 rempu-

487 5221 685 5275 blicam
720 5238 821 5277 nec
850 5223 1049 5294 injuria
1085 5224 1372 5277 celerrime
1398 5226 1720 5278 amiserunt.
1746 5224 1859 5281 Hoc
1883 5238 1965 5281 cst
2000 5228 2065 5282 il-

484 5312 595 5367 lius
627 5317 903 5383 proverbii
938 5324 1363 5385 argumentum:
1407 5336 1425 5367 ι
1452 5314 1707 5372 Camelus
1736 5319 1829 5387 qui
1857 5320 2064 5374 cornua

486 5404 626 5469 vult,
657 5421 820 5462 aures
848 5422 1069 5478 quoque
1096 5407 1358 5462 amittit.»
1399 5408 1709 5465 Misericors
1740 5413 1887 5465 enim
1925 5410 2070 5465 Deus

482 5497 694 5558 ασκεω
719 5498 885 5551 etiam
915 5500 1097 5566 justus
1127 5509 1185 5552 et
1208 5505 1426 5570 tempus
1450 5499 1791 5566 paenitentia:
1818 5501 1913 5555 dat
1943 5516 2071 5571 pee-

485 5588 767 5643 catoribus
794 5588 952 5659 195
986 5602 1103 5659 pro;
1125 5600 1211 5644 ter
1235 5590 1505 5660 justitiam
1529 5608 1545 5658 ;
1573 5592 1658 5646 sin
1690 5606 1823 5648 vero
1853 5603 2073 5667 tempus

492 5679 838 5746 pauitantia:
874 5683 1138 5752 itnpictati
1174 5680 1295 5738 dari
1325 5682 1547 5750 viderit,
1581 5684 1818 5740 cultrum
1856 5682 2072 5744 vulneri

2227 3163 2306 3215 lE'
2367 3165 2440 3217 Τὸ
2474 3162 2537 3232 δὴ
2577 3164 2817 3216 τοιίιῦτον
2850 3164 2999 3227 ἔθνος
3035 3165 3133 3234 τὴν
3167 3165 3278 3218 τῶν
3309 3167 3565 3235 γειτόνων
3603 3169 3739 3224 Γεν-

2166 3256 2392 3309 νουῐτῶν
2423 3255 2775 3326 ὑφορώμενον
2803 3255 2976 3326 ὀφρὺν
3008 3259 3099 3310 καὶ
3132 3259 3473 3329 κακότροπον
3502 3262 3581 3325 είς
3614 3261 3741 3317 ἐπι-

2165 3345 2361 3408 ϐουλάς
2400 3348 2682 3415 περίνοιαν
2716 3346 2822 3398 καὶ,
2847 3346 2983 3417 πρὸς
3023 3350 3493 3421 παρασπονδήσεις
3529 3354 3739 3424 σφόδρα

2165 3435 2482 3506 ἐπιρρεπὲς,
2520 3438 2682 3507 ἔργον
2715 3437 2973 3508 ἐπιμελὲς
3006 3432 3241 3492 ἐποιεῖτο
3272 3442 3410 3510 σφᾶς
3444 3444 3740 3499 ταπεινοῦν

2162 3525 2255 3578 τὸν
2286 3528 2474 3580 ἐνόντα
2504 3529 2705 3597 τρόπον
2731 3530 2840 3582 ἀεί.
2866 3529 2981 3583 Νῦν
3005 3530 3059 3583 δὲ
3092 3531 3182 3584 καὶ
3213 3535 3409 3603 καιροῦ
3437 3534 3739 3603 λαϐόμειον

2166 3617 2487 3681 ἐνσπόνδους
2516 3620 2864 3690 ὑποχειρίους
2880 3624 3121 3675 ποιεῖται
3155 3624 3376 3694 ῥᾳδίως.
3408 3626 3516 3680 Καὶ
3548 3628 3647 3697 μὲν
3673 3629 3739 3694 δὴ

2165 3710 2259 3762 καὶ
2288 3711 2346 3774 ἐς
2375 3710 2474 3781 τὴν
2504 3712 2656 3764 πόλιν
2687 3712 2950 3767 Γέννουαν
2978 3713 3163 3767 είσιὼν
3190 3718 3286 3770 καὶ
3314 3720 3738 3791 ἀναμφισϐήτη-

2163 3818 2252 3864 τος
2288 3805 2472 3873 ἅρχων
2502 3805 2672 3873 αὐτῆς
2707 3806 3119 3874 ἀναγορευθεὶς,
3155 3807 3222 3860 τὰ
3256 3809 3428 3862 πλείω
3463 3811 3602 3881 μέρη
3636 3829 3741 3863 κα-

2165 3893 2309 3946 Θείλε
2337 3895 2444 3947 τῶν
2471 3894 2656 3966 κύκλῳ
2680 3896 2876 3965 τειχῶν
2903 3900 2996 3949 καὶ
3026 3897 3272 3968 πύργων,
3304 3899 3378 3970 μὴ
3408 3900 3741 3970 καιροφυλα-

2166 3988 2437 4055 κήσαντες
2468 3978 2597 4049 ἴσως
2625 3987 2756 4056 ὀψὲ,
2786 3985 2879 4041 τὸν
2907 3988 3141 4043 είῶθότα
3169 3990 3371 4058 τρόπον
3403 3992 3581 4058 σφίσιν
3614 3992 3740 4058 ἀεὶ,

2165 4078 2443 4133 κάνταῦθα
2473 4080 2872 4151 νεωτερίσωσιν
2898 4082 2947 4134 οἱ
2972 4082 3178 4154 ταύτης
3206 4083 3512 4154 οίκήτυρες.

2236 4211 2361 4280 ἶς’.
2400 4213 2513 4267 Καὶ
2537 4212 2709 4268 ταῦτα
2740 4214 2841 4284 μὶν
2862 4216 2988 4287 τῇδέ
3014 4233 3089 4289 πῃ
3116 4217 3265 4288 ἔσχε,
3296 4219 3391 4272 καὶ
3419 4219 3474 4282 ἐς
3500 4219 3747 4274 τοιοῦτον

2166 4303 2321 4374 ἔληξε
2350 4307 2524 4377 πέρας
2543 4308 2571 4360 ὁ
2590 4307 2689 4377 τῆς
2713 4308 3087 4377 Γεννουῖτικῆς
3109 4310 3311 4380 ὀφρύος
3332 4312 3530 4374 ἄτοπος
3557 4312 3746 4379 ὄγκος,

2168 4403 2263 4450 καὶ
2294 4399 2328 4468 ἡ
2357 4399 2541 4452 θεόθεν
2571 4398 2939 4469 ἠκολούθησεν
2964 4403 3167 4471 ἀμοιϐὴ
3195 4404 3303 4454 τῶν
3332 4402 3533 4456 ἀδίκων
3566 4403 3751 4473 ἔργων

2168 4493 2395 4544 ἐκείνων
2427 4486 2501 4544 ὧν
2536 4510 2593 4544 τε
2644 4493 2784 4546 κατὰ
2820 4490 3110 4564 Ῥωμαίων
3142 4491 3314 4565 ἦρξαν
3348 4512 3407 4548 τε
3443 4496 3541 4548 καὶ
3584 4514 3753 4549 κατε-

2165 4581 2441 4650 πράξαντο
2468 4584 2561 4635 καὶ
2583 4577 2662 4647 οἷς
2687 4585 2897 4655 ἑτέροις
2922 4586 3366 4658 προσεδέχθησαν
3385 4587 3585 4656 ὁμοίως
3609 4588 3756 4640 ᾶπα-

2168 4681 2288 4737 σιν,
2323 4676 2519 4744 ὅρκους
2556 4672 2803 4739 ἃπαντας
2838 4676 3016 4739 θείους
3052 4678 3284 4731 κατόπιν
3320 4678 3615 4748 ῥίψαντες,
3654 4685 3756 4734 καὶ

2172 4767 2308 4836 μήτε
2344 4766 2493 4818 θείαν
2526 4767 2747 4836 νέμεσιν
2779 4767 3000 4838 Θέμενοι
3032 4764 3137 4839 πρὸ
3166 4769 3463 4840 ὀφθαλμῶν
3496 4772 3624 4842 μήτ’
3654 4775 3754 4826 ἀν-

2168 4861 2400 4930 θρώπων
2447 4863 2603 4916 αἰδῶ.
2642 4865 3189 4936 Ὀνειροπολήσαντες
3235 4868 3343 4938 γάρ
3388 4852 3608 4939 ἁπάσης
3657 4870 3758 4924 θα·-

2166 4951 2370 5021 λάστης
2424 4952 2726 5021 συλλήϐδην
2778 4955 3075 5026 ἠγεμονίαν
3122 4958 3332 5009 ἄνωθεν
3377 4960 3441 5011 ὲκ
3490 4959 3754 5024 Τανάϊδος

2169 5044 2264 5095 καὶ
2299 5043 2606 5106 Μαιώτιδος
2642 5045 2773 5115 ἄχρι
2814 5046 3083 5116 Γαδείρων
3117 5048 3212 5100 καὶ
3247 5047 3584 5118 Ἡρακλείων
3620 5067 3754 5120 στη-

2171 5133 2301 5197 λῶν,
2327 5134 2422 5186 καὶ
2444 5134 2616 5204 αὐτῆς
2644 5135 3103 5199 ἐξεπεπτώκεσαν
3129 5140 3188 5193 ὲν
3216 5139 3411 5210 βραχεῖ
3432 5142 3529 5212 τῆς
3553 5122 3758 5211 πατρί-

2171 5227 2261 5290 δος
2286 5243 2300 5258 ·
2330 5230 2421 5281 καὶ
2445 5230 2507 5280 τὸ
2535 5231 2710 5280 κοινὸν
2736 5230 2933 5294 ἀδίκως
2963 5231 3407 5302 ἰδιοποιούμενοι,
3435 5234 3627 5287 ἔλαθον
3659 5238 3760 5288 καὶ

2171 5321 2231 5373 τὸ
2268 5320 2398 5372 ἴδιον
2432 5319 2659 5382 ἐνδίκως
2697 5321 2795 5391 τὴν
2829 5324 3097 5394 ταχίστην
3132 5323 3561 5404 ἀπολωλεκότες.
3594 5327 3757 5379 Τοῦτ’

2164 5413 2341 5464 ἐκεῖνο
2365 5412 2427 5463 τὸ
2452 5413 2551 5482 τῆς,
2580 5414 2879 5485 παροιμίας
2908 5414 3193 5486 ἄντικρυς,
3210 5418 3271 5470 'll
3291 5418 3536 5488 κάμηλος
3563 5419 3762 5472 ἐπιθυ-

2169 5504 2395 5574 μήσασα
2428 5505 2679 5576 κεράτων
2714 5510 2809 5561 καὶ
2837 5508 2905 5564 τὰ
2932 5503 3049 5563 ὦτα
3079 5508 3500 5580 προσαπώλεσε.
3531 5511 3763 5581 Μακρό-

2170 5594 2341 5666 θυμος
2381 5598 2482 5666 μὲν
2510 5600 2618 5670 γάρ
2647 5602 2676 5653 ό
2703 5600 2860 5667 Θεὸς,
2887 5601 3024 5656 ἀλλὰ
3056 5603 3149 5656 καὶ
3176 5602 3403 5666 δίκαιος.
3432 5604 3542 5656 Καὶ
3571 5602 3759 5655 δίδωσι

2174 5689 2273 5759 μὲν
2301 5691 2493 5761 καιρὸν
2522 5695 2816 5763 μετανοίας
2841 5698 2955 5760 τοῖς
2981 5698 3390 5769 ἁμαρτάνουσιν
3419 5699 3475 5759 ἐς
3502 5695 3627 5759 τοὺς
3654 5698 3761 5767 τῆς
