4036 6210
275 325 364 391 169

1189 305 1638 370 ΒΥΖΑΝΤΙΝᾹΞ
1677 301 2072 364 HISTORI/E
2108 301 2261 360 LIB.
2301 297 2580 360 XXVIII.

3395 285 3496 351 1'70

273 438 414 504 δίκης
443 429 668 499 θρόνους
690 441 708 457 ⁸
739 424 806 480 ἂν
835 422 892 476 δὲ
926 421 1020 475 καὶ
1053 419 1144 472 τδν
1179 419 1280 488 τῆς
1319 417 1608 486 μετανοίας
1637 414 1830 486 χρόνον

1951 421 2062 467 inte
2090 410 2396 472 adhibebit,
2427 421 2591 478 quam
2631 417 2730 476 per
2771 409 2944 458 totum
2977 407 3356 458 creaturarum
3389 403 3504 470 ple-

276 525 452 598 καιρδν
471 519 672 582 κακίας
695 517 956 585 ϐεάσηται
981 513 1362 580 ποιουμένους,
1383 510 1582 580 χρῆται
1605 506 1684 577 τῷ
1709 506 1826 560 στύ-

1931 520 2086 562 roma
2116 503 2248 558 illud
2279 497 2514 557 elfusum
2546 511 2650 552 est.

275 583 448 690 φονίιι,
475 615 606 684 πρὶν
633 611 738 664 ὑπο
779 583 873 662 τού
901 609 1095 669 ἒλκους
1161 602 1507 672 ἀναλωθῆναι
1572 601 1702 664 τοὺς
1765 597 2181 668 ταλαιπώρους,
2223 593 2372 648 ἅπαν
2411 593 2472 645 τὸ
2513 591 2789 661 πλήρωμα
2827 590 2928 660 τῆς
2971 585 3158 650 οὐσίας
3202 583 3509 656 ὁλοσχερῶς

275 715 406 768 titus
414 709 698 780 μηθέντος.

335 805 428 858 IZ'.
463 799 626 854 Ἀλλά
655 802 764 868 γὰρ
791 795 1014 848 ἐκείνων
1037 793 1241 847 οὑτωσὶ
1270 790 1588 861 φερομένων
1615 789 1830 842 Καντα-

277 891 520 964 κουζηνὺς
561 893 590 945 ὁ
634 889 885 960 βασιλεὺς
932 885 1103 940 πολύν
1137 900 1260 938 τινα
1303 883 1494 960 χρόνον
1532 883 1591 934 ὲν
1630 882 1697 950 τῇ
1739 878 1832 964 τοῦ

287 955 596 1041 Ἀθανασίου
635 955 775 1053 μονῇ
815 979 1038 1051 θεωρῶν
1077 957 1466 1045 άπρακτοῦντα
1505 973 1598 1027 τὸν
1637 955 1836 1026 Κάλλῗ-

284 1099 416 1144 στον,
437 1079 466 1132 ὅ
487 1096 540 1131 τι
569 1074 818 1148 βούλεταί
845 1076 894 1128 ei
919 1071 1143 1142 πέμψας
1171 1068 1360 1140 ἠρώτα
1383 1065 1482 1136 τῆς
1511 1081 1836 1135 πατριαρχι-

279 1175 368 1242 κῆς
401 1151 614 1238 διαίτης
653 1170 688 1238 ἠ
733 1165 926 1238 χρονία
964 1165 1268 1224 διάστασις.
1309 1155 1464 1214 Εἶναι
1505 1157 1567 1230 [il
1613 1157 1715 1213 109
1755 1155 1832 1228 ιι]

277 1265 376 1332 γάρ
405 1277 538 1332 φησι
571 1258 730 1324 δῆλον
764 1258 873 1318 τοῖς
910 1256 1115 1310 ἅπασιν
1147 1253 1222 1316 ὡς
1253 1252 1322 1305 τά
1351 1268 1414 1304 τε
1451 1250 1706 1304 πολιτικά
1742 1249 1834 1302 καὶ

275 1354 498 1424 δημόσια
518 1349 628 1402 τῶν
647 1346 988 1418 πραγμάτων
1006 1343 1322 1411 ἀνθρώπινα
1341 1341 1469 1395 ὄντα
1491 1339 1589 1394 ἀνθ
1599 1339 1834 1410 ρώπους,

279 1447 410 1518 μετά
436 1462 502 1512 γε
532 1441 666 1496 Θεὸν
685 1481 706 1506 ,
733 1440 830 1492 καὶ
859 1438 982 1500 τοὺς
1018 1437 1261 1497 ὲπόπτας
1295 1432 1480 1504 ἔχουσι
1513 1433 1610 1485 καλ⁴
1635 1431 1839 1500 διοικη-

270 1539 388 1602 τάς,
413 1537 512 1591 ατε
543 1533 796 1602 σύνθημα
823 1530 982 1592 ϐντας
1005 1527 1185 1599 ψυχῆς
1210 1525 1409 1596 ὁμοίως
1438 1525 1534 1578 καὶ⁹
1561 1523 1832 1595 σώματος.

272 1630 386 1684 Τῶν
435 1627 536 1696 μὲν
579 1625 676 1678 οὖν
723 1619 1050 1693 σωματικῶν
1094 1620 1194 1687 τὴν
1236 1617 1506 1686 διοίκησιν
1547 1614 1834 1692 ,βασιλεῦσι

2007 781 2168 838 XVII.
2209 781 2340 847 Quae
2369 795 2494 835 cum
2539 780 2612 833 ita
2656 793 2714 832 se
2760 777 3050 838 haberent,
3090 776 3506 830 Cantacuzenns

1935 879 2070 945 imp.
2089 889 2210 930 cum
2232 873 2464 926 multum
2493 869 2755 939 temporis
2780 869 2836 924 in
2863 867 3143 923 Athana-ii
3169 870 3504 922 monaster'o

1935 967 2174 1022 otiusum
2202 964 2486 1020 Callistum
2526 961 2754 1026 videret,
2787 961 2938 1014 misit
2967 959 3060 1029 qui
3103 975 3169 1014 ex
3197 975 3264 1014 eo
3299 971 3508 1028 qua‘re-

1937 1066 2042 1122 ret,
2061 1056 2206 1128 quid
2237 1057 2396 1128 longa
2421 1053 2748 1124 patriarchae
2772 1052 3016 1106 absentia
3051 1051 3156 1105 sibi
3189 1052 3372 1105 vellet.
3397 1051 3508 1106 No-

1943 1158 2060 1203 tum
2099 1149 2246 1203 enim
2285 1127 2542 1201 om’nibus
2569 1151 2729 1208 esse,
2763 1158 2884 1213 quae
2933 1157 3110 1196 rerum
3159 1142 3506 1211 publicarum

1943 1241 2157 1311 negotia
2185 1239 2253 1292 ad
2285 1238 2534 1294 homines
2559 1243 2871 1306 spectarent
2911 1243 3110 1304 praeter
3137 1233 3308 1288 Deum
3342 1235 3508 1288 etiam

1943 1333 2260 1388 hominibus
2289 1347 2407 1388 esse
2429 1330 2682 1386 obeunda
2725 1341 2888 1399 atque
2922 1328 3146 1383 tuenda.
3199 1327 3347 1382 lianc
3394 1343 3517 1382 esse

1945 1426 2316 1482 conditionem
2369 1425 2622 1495 corporis
2649 1431 2706 1478 et
2737 1422 2932 1476 anima:
2957 1439 2972 1476 :
2998 1437 3119 1492 qua:
3166 1421 3248 1476 ad
3287 1436 3516 1490 corpora

1945 1519 2312 1590 pertinerent,
2365 1533 2392 1571 a
2426 1517 2651 1588 regibus
2683 1531 2897 1571 summa
2945 1521 3216 1584 potestate
3271 1513 3519 1584 praeditis

1945 1609 2059 1680 regi
2101 1625 2163 1664 ac
2191 1607 2482 1680 gubernari
2513 1606 2814 1662 secundum
2861 1605 3178 1676 reipublicte
3223 1603 3370 1674 leges
3397 1601 3521 1656 lon-

272 1693 556 1791 ῥυθμίζειν
589 1716 684 1769 καὶ
720 1714 946 1768 διοικεῖν
981 1713 1062 1775 εἰς
1094 1709 1156 1762 τδ
1201 1708 1410 1779 βέλτιον
1431 1747 1448 1774 ,
1481 1709 1592 1766 τοῖς
1631 1705 1838 1759 ἄνωθεν

1951 1719 2068 1774 gum
2099 1701 2361 1772 temporis
2387 1700 2626 1771 spatium
2657 1699 2933 1764 docuisse;
2967 1713 3092 1768 qua:
3133 1710 3263 1751 vero
3295 1694 3362 1748 ad
3403 1693 3523 1748 ani-

271 1809 634 1882 κεκρατηκόσι
653 1806 960 1866 ,πολιτικοῖς
993 1805 1296 1874 ἑπομένους
1322 1801 1536 1870 νόμοις,
1563 1801 1591 1852 ὁ
1625 1798 1832 1868 μακρὸς

269 1906 572 1976 παρέσχετο
620 1901 829 1972 χρόνος,
877 1898 988 1950 τῶν
1032 1895 1078 1948 δ’
1107 1891 1173 1949 αὖ
1223 1893 1476 1970 ψυχικῶν
1523 1893 1834 1962 ἱερωτέροις

271 1999 496 2068 ἀνδράσι
515 2036 530 2058 ,
558 1997 673 2056 τοίς
703 1991 914 2048 ἄνωθεν
945 1988 1318 2060 κεκρατηκόσι
1352 1989 1448 2042 καὶ
1477 1985 1674 2048 αὐτοὺς
1707 1985 1836 2037 ἐπο-

273 2087 466 2156 μένους
505 2083 832 2138 κανόσι’καὶ
865 2080 1122 2150 δόγμασι.
1160 2079 1276 2134 κατ
1308 2078 1479 2142 οὕτως
1516 2079 1550 2148 ἠ
1592 2077 1840 2132 πολιτεία

271 2177 606 2247 διοικουμένη
645 2176 796 2228 πᾶσα
831 2173 968 2243 πρὸς
1000 2173 1254 2236 ὁμόνοιαν
1287 2169 1712 2240 οίανδηποτοῦν,
1747 2171 1842 2224 νιαλ⁵

277 2271 458 2339 ὥσπερ
499 2269 738 2338 ἔμψυχον
773 2267 831 2320 ἓν
863 2266 1127 2336 γινομένη
1167 2251 1356 2334 σῶμα,
1379 2264 1472 2318 τδν
1505 2266 1683 2319 πάντα
1701 2264 1840 2332 διέξ-

285 2379 380 2415 εισι
420 2361 644 2433 χρόνον,
679 2359 870 2428 ἐφόδια
921 2345 1235 2427 κεκτημένη
1277 2356 1416 2427 πρός
1466 2373 1526 2409 τε
1559 2357 1621 2411 τὸ
1662 2359 1844 2428 χεῖρον

297 2453 376 2504 ισίι
403 2451 622 2521 βέλτιον,
653 2449 778 2502 καθ’
801 2449 1060 2517 ὁπότερον
1089 2448 1124 2518 ἡ
1152 2447 1260 2500 τῶν
1287 2447 1634 2517 κρατούντων
1659 2465 1716 2500 τε
1751 2455 1846 2500 καὶ

301 2539 808 2612 οἱακοστροφούντων
839 2538 1070 2608 δύναμις
1111 2538 1226 2608 ἔχει
1269 2538 1494 2608 γνώμης
1531 2538 1632 2592 καὶ
1669 2539 1849 2592 διαθέ-

309 2647 446 2696 σεως.
479 2631 538 2684 El
569 2631 678 2701 γάρ
713 2628 1126 2697 παρεξάγεσθαι
1159 2629 1389 2697 θάτερον
1421 2627 1717 2697 ὲρεθίζοιτο
1753 2629 1848 2701 με.

313 2736 388 2790 Ροῖ
412 2720 590 2788 ῥοθίοις
616 2699 905 2774 ὁπωσποτὲ
929 2720 1027 2773 καὶ
1049 2717 1344 2787 ὀτεδήποτε
1370 2719 1562 2787 βιαίοις
1587 2699 1851 2789 ἐντυγχά-

313 2827 410 2874 νον,
422 2811 500 2864 τὸν
511 2809 810 2876 ἀϐούλητον
825 2809 1148 2875 ὁθενδήποτε
1165 2805 1367 2876 τρόπον
1384 2806 1572 2876 ἀντιφε
1582 2825 1642 2878 ρο
1649 2809 1850 2878 μένοις,

1942 1810 2058 1848 mas
2083 1801 2416 1863 spectarent,
2447 1792 2674 1868 a‘sacris
2699 1805 2926 1845 summae
2953 1789 3240 1860 potestatis
3281 1787 3522 1842 homini-

1939 1888 2039 1942 bus
2068 1887 2133 1940 ad
2171 1887 2862 1958 dogmatum‘etcanonum
2895 1884 3131 1954 regulas.
3174 1883 3380 1950 Itaque
3405 1893 3523 1934 res-

1939 1980 2164 2052 publica.
2203 1979 2432 2035 omnino
2482 1977 2771 2048 aequaliter
2812 1975 3191 2030 administrata
3260 1966 3524 2041 tanquam

1941 2074 2126 2128 vivum
2165 2087 2368 2143 corpus
2393 2087 2492 2142 per
2531 2086 2695 2126 onme
2725 2080 2942 2140 tempus
2989 2067 3205 2124 stabilis
3231 2080 3522 2136 permane-

1941 2167 2044 2224 bit.
2103 2165 2284 2220 llabet
2339 2174 2523 2220 autem
2573 2172 2629 2219 et
2676 2163 2741 2218 ad
2773 2163 3026 2234 peiorem
3056 2171 3112 2216 et
3141 2161 3207 2215 ad
3235 2160 3522 2216 meliorem

1944 2271 2146 2317 statum
2190 2258 2548 2331 perveniendi
2577 2259 2712 2320 vias,
2749 2267 3021 2328 quatenus
3055 2241 3297 2326 potestas
3329 2269 3522 2308 eorum

1945 2355 2038 2426 qui
2065 2363 2273 2424 regunt
2313 2362 2369 2408 et
2395 2351 2702 2424 gubernant
2724 2390 2740 2413 ,
2773 2365 2897 2405 eum
2927 2347 3220 2418 prudentia
3249 2356 3302 2401 et
3337 2349 3524 2402 consi-

1945 2449 2020 2504 lio
2051 2447 2473 2516 coujttnctaest.
2503 2445 2558 2499 Si
2583 2443 2732 2499 enim
2757 2443 2927 2496 altera
2953 2433 3080 2512 pars
3113 2441 3326 2511 magnis
3351 2441 3525 2496 invite

1947 2523 2207 2594 fluctibus
2255 2535 2415 2607 196
2452 2535 2712 2606 iactatur,
2752 2533 2820 2588 ab
2866 2534 3039 2588 altera
3087 2533 3316 2588 forsitan
3351 2547 3526 2588 reme-

1949 2630 2100 2684 dium
2133 2627 2378 2697 reripiat.
2409 2625 2614 2694 quippe
2644 2639 2765 2694 quae
2815 2639 2945 2678 sana
2990 2624 3062 2678 sit
3103 2633 3158 2678 et
3202 2625 3524 2679 melioribus

1951 2720 2202 2776 consiliis
2231 2719 2552 2774 constituta.
2585 2717 2822 2772 Necesse
2859 2716 3026 2786 igitur
3064 2731 3186 2772 esse
3211 2731 3278 2770 ex
3307 2716 3526 2773 duobus

1951 2812 2338 2866 alterumzaut
2363 2809 2428 2863 ad
2467 2807 2886 2879 patriarchicatu
2913 2807 3078 2860 vitam
3118 2807 3295 2862 redire
3319 2815 3374 2862 et
3399 2825 3520 2876 qua:

314 2903 404 2955 ὑπὸ
428 2905 638 2974 θατέρου
667 2901 1043 2972 σωφρονίζοιτ²
1067 2899 1132 2955 ἂν
1156 2899 1288 2963 ίσως
1312 2897 1649 2968 ὑγιαίνοντός
1674 2915 1732 2951 τε
1759 2898 1847 2952 καὶ

1953 2902 2198 2972 ejusdem
2233 2904 2522 2970 potestatis
2551 2909 2737 2955 essent
2765 2899 2968 2961 facere,
3002 2908 3096 2954 aut
3125 2901 3376 2970 deposito
3401 2915 3522 2954 mu-

310 2994 404 3056 τοῐς
428 2993 648 3063 βελτίοσι
671 2995 956 3062 λογισμοῖς
979 2993 1077 3055 τὰς
1097 2992 1194 3045 τοῦ
1215 2988 1384 3046 καλοῦ
1413 2989 1683 3062 κρηπῖδας
1707 2989 1847 3060 ἔχον-

1959 3006 2088 3046 nere
2129 2991 2185 3046 in
2223 2991 2326 3046 hoc
2361 2992 2484 3048 loco
2521 2992 2758 3046 alterum
2785 2991 3058 3046 collocari
3085 2992 3226 3060 pati;
3275 3000 3370 3046 aut
3410 3001 3524 3045 ter-

311 3101 384 3148 τος
423 3086 773 3157 ἡδρασμένας.
811 3085 1052 3154 Ἀνάγκη
1094 3081 1274 3136 τοίνυν
1317 3083 1464 3136 δυοῖν
1510 3080 1766 3150 θάτερον,
1811 3079 1846 3151 ἢ

1953 3081 2090 3137 tium
2125 3081 2258 3138 illud
2281 3125 2296 3148 ,
2331 3082 2596 3138 absentiae
2655 3081 2870 3138 ratione
2921 3083 3155 3147 reddita,
3181 3083 3526 3142 difficultatis

311 3176 426 3244 πρὸς
447 3176 538 3248 τὴν
563 3175 968 3248 πατριαρχικὴν
996 3173 1432 3244 ἐπανεληλυθότα
1461 3189 1520 3225 σε
1545 3172 1752 3226 δίαιταν
1777 3172 1846 3224 τὰ

1951 3174 2274 3244 scrupulum
2305 3175 2518 3232 tollere.

305 3267 371 3336 τῷ
395 3268 556 3337 om?
585 3269 856 3336 ἀνήκοντα
883 3268 1070 3348 δρᾷνη
1111 3265 1144 3335 ἦ
1213 3263 1694 3334 παραιτησάμενον
1759 3264 1819 3315 τὸ
1882 3264 2291 3336 λειτούργημα,
2335 3266 2520 3336 χώραν
2559 3265 2748 3337 ἕτερον
2789 3265 3202 3348 ἀντεισαγαγεῐν
3242 3266 3524 3336 παρέχειν.

306 3353 366 3414 Ἦ
388 3361 444 3413 τό
469 3377 528 3426 γε
555 3359 761 3429 τρίτον,
787 3358 883 3412 τοῦ
911 3343 1188 3428 δράματος
1217 3356 1372 3424 λόγον
1401 3355 1630 3419 διδόντα,
1658 3353 1719 3407 τὸ
1745 3355 1846 3424 τῆς
1883 3355 2117 3428 ἀπορίας
2145 3356 2296 3410 λύειν
2325 3358 2644 3427 ἀμφίδοξον.
2687 3423 2690 3426 4
3141 3343 3152 3358 ’

366 3450 462 3508 IH'.
501 3453 644 3522 Πρὸς
676 3450 848 3504 ταῦτα
877 3449 1012 3504 τόνδ’
1039 3449 1200 3511 εὐθὺς
1233 3447 1521 3518 ὑποτρέχει
1555 3446 1718 3514 νέφος
1755 3447 1847 3500 θυ-

2035 3448 2217 3504 XVIII.
2265 3449 2362 3504 llis
2393 3449 2556 3504 dictis
2583 3449 2878 3506 ira~atatim
2909 3448 3235 3518 patriarchte
3281 3451 3526 3504 animam

303 3543 412 3611 μοῦ,
455 3545 546 3596 καὶ
587 3541 827 3604 ἀναστάς
867 3540 1176 3612 άφορισμδν
1221 3540 1318 3610 μὲν
1359 3541 1596 3606 ὲκφωνεί
1635 3537 1847 3608 πρῶτον

1960 3544 2129 3610 cepit.
2173 3543 2240 3596 Et
2271 3557 2396 3598 cum
2443 3545 2774 3598 surrexisset
2827 3544 3064 3612 primum
3099 3543 3315 3598 loeutut
3348 3553 3432 3598 ιιι.
3461 3545 3528 3600 de

299 3631 420 3686 Θεοῦ
445 3637 580 3689 κατὰ
603 3633 804 3696 παντὸς
827 3625 871 3700 ᾧ
895 3633 1030 3702 πρὸς
1057 3631 1364 3700 βουλήσεως
1391 3629 1456 3683 ἄν
1481 3645 1612 3682 ποτε
1637 3627 1847 3696 γένοιτο

1959 3633 2054 3688 Dei
2081 3637 2330 3696 consilio.
2365 3637 2522 3707 cujus
2553 3635 2618 3690 ad
2647 3637 2979 3690 voluntatem
3012 3635 3054 3689 si
3086 3653 3173 3690 res
3207 3653 3270 3691 ea
3300 3637 3532 3693 inclina-

301 3721 440 3788 αὖθις
475 3727 570 3796 τὴν
602 3727 662 3789 ἐς
697 3726 788 3778 τὸν
826 3723 1225 3794 πατριαρχικδν
1263 3721 1454 3793 Θρόνον
1489 3721 1748 3775 ἐπάνοδον
1787 3723 1847 3774 τὸ

1953 3736 2064 3788 ret,
2099 3725 2218 3782 fore
2251 3736 2310 3782 ut
2339 3727 2391 3781 in
2427 3727 2842 3796 patriarchicam
2866 3725 3052 3781 sedem
3083 3742 3141 3782 se
3167 3727 3344 3783 redire
3370 3729 3532 3794 jube-

303 3817 538 3884 παράπαν
569 3815 722 3887 αὑτῷ
766 3815 1140 3870 ὑποτίθεσθαι.
1178 3811 1308 3867 Εἶτα
1353 3812 1572 3884 μακράν
1603 3829 1723 3866 τινα
1754 3811 1847 3865 τοῦ

1951 3819 2280 3875 τοι.ιῡθίιιᾶο
2301 3820 2356 3874 in
2387 3821 2768 3890 imperatorem
2787 3821 3140 3877 vehementer
3160 3821 3409 3876 invectus
3424 3833 3527 3885 est,

307 3903 546 3972 βασιλέως
580 3910 816 3961 ποιεῖται
847 3905 1200 3977 καταδρομὴν
1220 3947 1234 3972 ,
1266 3905 1348 3958 ὅτι
1380 3904 1440 3956 τὸ
1477 3903 1576 3972 μὲν
1607 3903 1718 3956 τῶν
1747 3903 1847 3956 ὑπο

1951 3911 2094 3983 quod
2107 3911 2546 3968 Christianorum
2561 3923 2778 3982 gentem
2794 3913 3022 3982 imperio
3035 3927 3134 3967 suo
3148 3913 3384 3969 deditam
3405 3925 3492 3970 tan
3506 3946 3529 3956 -

305 3999 442 4066 χεῖρα
480 3999 820 4070 Χριστιανῶν
863 3999 1018 4060 γένος
1061 3997 1236 4065 μισῶν
1277 3995 1352 4060 ὡς
1394 3995 1654 4066 ἐχθροὺς,
1694 3995 1756 4047 τὸ
1794 3993 1847 4046 δὲ

1953 4019 2120 4074 quam
2151 4004 2337 4059 hostes
2370 4003 2424 4058 in
2452 4004 2582 4059 odio
2605 4005 2858 4072 haberet,
2901 3993 3164 4060 Barhar‘bs
3191 4016 3372 4060 autem
3413 4017 3532 4062 tan-

309 4085 556 4160 βάρϐαρον
597 4089 971 4158 οἰκειούμενος
1011 4088 1086 4151 ὡς
1129 4087 1438 4158 φιλτάτους,
1483 4087 1736 4182 Ὑρκανῷ
1775 4085 1847 4156 τῷ

1955 4109 2120 4164 quam
2140 4095 2348 4150 amicos
2361 4095 2462 4150 sibi
2484 4095 2844 4162 conciliaret;
2876 4097 3020 4166 quod
3055 4097 3304 4166 llyrrano
3325 4109 3529 4168 genere

307 4183 520 4252 γαμϐρῷ
567 4183 664 4236 καὶ
705 4185 819 4246 τοῖς
864 4181 954 4234 ὑπ’
985 4181 1181 4251 ἐκείνῳ
1227 4180 1532 4251 βαρϐάροις
1567 4180 1847 4251 προδίδωσι

1956 4197 2014 4246 et
2048 4187 2304 4245 Barbaris
2333 4189 2426 4258 qui
2459 4189 2563 4245 sub
2593 4203 2664 4244 eo
2703 4199 2890 4245 essent
2919 4191 3012 4244 diu
3039 4199 3312 4261 noctuque
3349 4192 3531 4246 trade-

307 4276 486 4341 προίκα
519 4275 740 4343 νύκτωρ
775 4273 867 4326 καὶ
905 4272 1022 4342 μεθ’
1054 4271 1302 4342 ἡμέραν,
1339 4271 1591 4342 καθάπερ
1625 4270 1847 4339 άγελάρ-

1957 4294 2044 4340 ret
2071 4284 2292 4340 illorum
2315 4285 2456 4338 bona
2480 4303 2492 4348 ;
2523 4299 2626 4339 nec
2647 4297 2866 4338 causam
2892 4299 2997 4338 non
3023 4284 3124 4337 nisi
3155 4283 3297 4353 apud
3329 4285 3532 4338 Palat-.0-

307 4379 398 4431 χης
424 4365 706 4435 προϐάτων
730 4365 912 4431 δορὰς,
942 4363 1038 4425 τὰς
1063 4363 1268 4416 τούτων
1293 4362 1502 4424 οὐσίαςι
1531 4362 1640 4416 Καὶ
1663 4363 1730 4415 τά
1756 4361 1847 4429 τῆς

1958 4374 2142 4446 logum
2173 4375 2406 4430 inveniri
2446 4389 2629 4430 revera
2659 4389 2840 4444 posse,
2865 4374 3012 4443 quod
3043 4389 3162 4443 quae
3197 4391 3228 4428 e
3258 4375 3536 4428 Romano-

309 4451 498 4507 ἐκεῖθεν
529 4455 764 4523 ἀμοιϐῆς
805 4455 888 4510 ὅτι
931 4453 1106 4524 συχνὰ
1148 4455 1374 4524 συχνοὺς
1406 4454 1512 4506 τῶν
1545 4453 1636 4506 ὑπ’
1665 4453 1847 4522 ἐκείνῳ

1967 4481 2088 4520 rum
2121 4464 2311 4538 quliis
2344 4471 2692 4532 superessent
2719 4473 3047 4532 caperentur
3067 4479 3190 4516 cum
3218 4457 3534 4517 hominibus

313 4539 576 4614 βαρϐάρων
619 4547 707 4596 ἀεὶ
757 4547 1210 4614 μεταπέμπεται,
1255 4545 1526 4616 πρόφασιν
1575 4543 1674 4611 μὲν
1717 4543 1847 4598 κατᾶ

1963 4556 2238 4611 αᾱιὶιιειαι·
2267 4555 2564 4610 bestiarum
2591 4554 2656 4609 ad
2687 4553 3090 4608 dilacerandum
3127 4553 3363 4608 traditis.
3391 4553 3528 4609 Cum

317 4635 458 4700 μόνον
481 4636 568 4689 τοῦ
595 4635 863 4707 βασιλέως
889 4637 1256 4704 Παλαιολόγου
1273 4675 1288 4702 ,
1315 4637 1376 4688 τὸ
1399 4636 1444 4689 δ’
1467 4635 1662 4705 ἀληθὲς
1689 4653 1847 4708 προσ·

1967 4649 2152 4704 hostes
2204 4647 2446 4702 caedibus
2489 4646 2670 4701 satiati
2721 4653 3050 4700 averseutur
3086 4644 3380 4699 immanem
3413 4647 3530 4718 ejus

313 4723 498 4780 τιθέναι
535 4730 627 4782 καὶ
659 4730 729 4782 τά
770 4727 1074 4796 λειπόμενα
1109 4730 1206 4798 τῆς
1241 4728 1350 4780 τῶν
1387 4727 1675 4796 Ῥωμαίων
1711 4727 1847 4789 λείας

1967 4738 2348 4794 crudelitatem
2379 4739 2511 4792 etin
2547 4737 2800 4791 homines
2825 4721 3063 4806 ejusdem
3119 4739 3294 4806 gentis
3327 4738 3530 4807 iniqui-

317 4813 582 4886 αὔτανδρον
614 4821 897 4892 προνομὴν
925 4822 1176 4886 ἐκείνοις,
1205 4819 1277 4882 ὼς
1309 4821 1388 4883 εἱς
1417 4819 1658 4891 θηριώδη
1692 4836 1847 4886 κρεω

1959 4838 2128 4882 tatem
2157 4827 2313 4898 197
2339 4834 2615 4896 respuant,
2641 4826 2760 4894 ipse
2783 4839 2883 4879 nec
2915 4823 3146 4882 satiatur
3179 4841 3281 4881 nec
3311 4837 3534 4882 veretur

318 4913 496 4978 φατίαν
535 4913 738 4983 σφάγια
781 4915 965 4976 αὐτοῖς
1009 4911 1226 4980 σώμασι
1267 4915 1361 4964 καὶ
1409 4911 1599 4976 αὐταῖς
1639 4911 1847 4980 ψυχαῖς

1951 4913 2222 4970 .inimicos
2252 4924 2346 4968 aut
2373 4915 2578 4968 amicos
2611 4922 2706 4968 aut
2737 4915 2906 4984 ipsam
2937 4930 3117 4969 rerum
3158 4917 3406 4971 omnium
3436 4935 3538 4973 nu-

321 4998 418 5050 Kal.
439 5001 536 5054 τῶν
561 5004 776 5072 ἐχθρῶν
807 5017 1035 5072 κορεννυ
1045 5001 1222 5069 μένων
1248 4998 1348 5069 τῆς
1378 4999 1581 5067 Θοίνης,
1610 4999 1704 5052 καὶ
1733 5001 1865 5050 ἁπο-

321 5091 588 5158 σειομένων
611 5093 714 5162 ⁴ἤδη
739 5092 798 5144 τὸ
821 5091 918 5158 τῆς
943 5089 1224 5159 ὠμότητος
1249 5087 1343 5140 τοῦ
1369 5087 1562 5158 ἀνδρὸς
1588 5088 1866 5157 ὑπερϐάλ-

317 5183 412 5244 λον,
443 5183 532 5235 καὶ
561 5183 660 5254 τὴν
697 5183 831 5252 πρὸς
863 5181 924 5233 τὸ
961 5180 1229 5252 ὁμόφυλον
1263 5179 1636 5250 χλευαζόντων
1692 5180 1869 5246 ἀγνω-

315 5273 568 5343 μοτίωην,
613 5275 778 5337 αὐτὸς
820 5273 943 5327 οὔτε
987 5273 1063 5346 [ί.
1111 5273 1214 5328 110
1258 5271 1350 5344 1.]
1396 5273 1714 5342 κορέννυται
1757 5269 1869 5324 οὔτ’

309 5359 522 5415 αἰδεῖται
573 5363 697 5416 οὔτε
748 5362 979 5432 ἐχθροὺς
1028 5359 1153 5416 οὔτε
1203 5360 1393 5430 φίλους
1441 5360 1564 5412 οὔτε
1616 5361 1723 5428 μὴν
1769 5359 1868 5429 τὴν

305 5455 476 5507 πάντα
515 5453 818 5526 βόσκουσαν
855 5454 1005 5524 ἡλίου
1051 5455 1246 5522 φλόγα.
1283 5451 1425 5522 Πρὸς
1458 5451 1794 5521 τάνὰλγητον
1825 5451 1869 5502 δ’

297 5543 490 5598 ἑαυτὸν
535 5545 598 5599 τὸ
645 5547 908 5615 παράπαν
957 5545 1235 5616 χαλκεύων
1283 5547 1390 5606 ἀεὶ,
1439 5544 1533 5596 καὶ
1579 5539 1648 5595 τὰ
1702 5543 1871 5608 μείζω

297 5639 624 5709 προστίθησι
653 5641 762 5692 τῶν
790 5637 995 5703 κακῶν,
1020 5639 1112 5690 καὶ
1142 5638 1474 5706 αὐτουργοὺς
1503 5637 1628 5700 τοὺς
1655 5636 1870 5700 ἀθλίους

289 5733 396 5786 τῶν
427 5732 648 5784 οἰκείων
680 5729 928 5798 γίνεσθαι
968 5731 1263 5799 συμφορῶν
1295 5729 1626 5797 ἀναγκάζει,
1662 5729 1866 5798 βιαίους

539 5827 832 5886 PATROL.‘
857 5825 971 5885 Gtt.
1011 5822 1280 5886 CXLIX.

1969 5004 2160 5058 tricem
2199 5003 2346 5058 illam
2377 5005 2510 5060 solis
2537 5005 2737 5059 lucem.
2765 5005 2926 5062 Omni
2957 5007 3296 5064 humanitate
3329 5011 3538 5082 abjet‘ta

1969 5103 2078 5148 tant
2104 5093 2278 5148 durus
2319 5105 2373 5149 et
2421 5095 2634 5150 ferreus
2661 5096 2836 5156 factus
2865 5109 2969 5160 est,
3004 5107 3064 5152 ut
3103 5100 3268 5153 etiam
3303 5103 3539 5172 majores

1967 5182 2306 5238 calamitates
2327 5184 2575 5240 adderet.
2610 5187 2832 5240 Miseros
2859 5187 3004 5241 enim
3024 5187 3145 5244 illos
3165 5203 3536 5244 aerumnarum

1969 5288 2192 5328 suarum
2224 5285 2478 5331 auctores
2511 5279 2627 5333 fieri
2673 5281 3028 5334 vehementer
3077 5282 3248 5348 cogit,
3299 5282 3392 5350 qui
3433 5281 3538 5350 ipsi

1969 5367 2084 5420 suis
2117 5367 2399 5422 navibuse
2425 5369 2597 5437 patria
2629 5369 2682 5423 in
2716 5372 3056 5440 peregrinam
3091 5381 3290 5428 terram
3323 5374 3538 5438 fratres,

1971 5459 2198 5520 amicus,
2225 5457 2578 5526 domesticos,
2603 5459 2902 5516 familiares
2927 5473 3114 5532 captos
3145 5473 3539 5532 transportem.

1973 5547 2258 5602 Mulierum
2281 5549 2692 5622 liberorumque
2715 5553 2920 5614 luctus.
2947 5555 3048 5609 viri
3077 5555 3332 5608 manibus
3367 5553 3537 5622 ligati.

1973 5641 2150 5708 praeda
2183 5650 2406 5694 cruenta
2435 5652 2491 5696 et
2516 5644 2751 5700 clamore
2774 5656 2828 5700 et
2852 5647 3059 5700 ululatu
3089 5646 3354 5701 continuo
3381 5645 3544 5698 mista

1975 5747 2192 5786 omnem
2231 5735 2449 5789 tundunt
2483 5739 2714 5793 excedit.
2743 5740 2964 5795 Lcnitas
2997 5757 3124 5796 vero
3158 5739 3336 5793 «nanis
3365 5747 3420 5790 et
3444 5737 3548 5791 mi-

3173 5837 3210 5895 6
