4036 6210
498 324 613 385 ίῗὸ

1710 305 2123 368 NICEPIIORI
2166 302 2548 367 GBEGORE

3643 290 3747 354 176

506 436 810 494 secundum
863 432 1129 504 cujusque
1180 428 1257 484 rei
1308 424 1621 481 domesticm
1668 434 1722 479 et
1774 422 2080 479 nobilitatis

2201 441 2207 468 ι
2237 416 2689 486 Καντακουζηνᾰ
2716 410 3026 484 αίσχυνθεὶς
3078 407 3272 479 ἔρανον
3323 403 3458 475 πρὸς
3486 402 3593 457 τῶν
3638 403 3749 456 Βυ-

511 531 801 584 rationein.
862 528 938 582 Ita
996 526 1170 581 tribus
1226 519 1503 575 mensibus
1559 516 1831 587 reliquum
1890 514 2077 584 templi

512 632 714 678 tectum
757 630 1116 674 restauratqu
1147 622 1260 669 est.

579 899 748 954 XXII.
785 898 1043 964 Quanam
1115 907 1321 961 autem,
1389 894 1777 968 Agathangele,
1835 894 1908 947 ob
1940 893 2085 946 cala-

511 995 717 1050 mitatis
743 991 1195 1063 magnitudinem,
1222 992 1427 1047 veritus
1452 1007 1519 1046 ne
1554 991 1807 1045 homines
1835 990 2083 1060 legerent

512 1097 565 1142 et
603 1084 880 1149 audirent,
916 1082 973 1137 in
1009 1083 1259 1138 oratione
1295 1091 1385 1137 tua
1420 1081 1676 1138 omisisti.
1705 1081 1894 1151 Neque
1936 1080 2083 1136 enim

515 1179 745 1249 majora.
781 1187 841 1230 ut
873 1175 1005 1231 mihi
1036 1175 1457 1246 videtur,quam
1478 1190 1601 1245 qua:
1621 1189 1652 1230 a
1673 1184 1725 1230 te
1758 1174 1904 1230 dicta
1932 1182 2081 1239 sunt,

515 1284 694 1338 neque
734 1267 1093 1323 iusolentiora
1141 1274 1373 1337 possunt
1414 1266 1542 1322 dici.
1578 1266 1784 1322 Tamen
1817 1268 2087 1337 parsimo—

516 1363 604 1415 nia
656 1360 891 1429 quadam
945 1358 1214 1414 orationis
1248 1374 1416 1413 unum
1451 1358 1537 1415 vel
1584 1357 1697 1413 duo
1729 1372 1923 1413 eorum
1965 1374 2087 1428 qua:

517 1454 654 1508 levia
702 1463 831 1508 sunt
866 1452 1027 1507 velim
1071 1452 1207 1519 mihi
1244 1465 1490 1517 enarres,
1541 1464 1610 1505 ne
1656 1450 1819 1519 longo
1866 1450 2087 1506 silentio

515 1545 758 1598 animum
812 1544 864 1597 in
920 1543 1294 1612 suspicionem
1354 1532 1584 1598 ihducas
1627 1554 1804 1613 neque
1839 1543 2089 1613 longiore

517 1636 766 1713 oratione
810 1651 976 1691 aures
1006 1635 1284 1692 audientis
1314 1634 1608 1691 obtundas’.

586 1838 775 1893 XXIII.
797 1826 1037 1893 Primum
1065 1836 1250 1907 igitur,
1284 1837 1469 1892 divine
1500 1838 1602 1902 vir,
1626 1834 1818 1892 au‘dias
1839 1855 1924 1894 me
1961 1857 2087 1895 nar-

519 1945 727 1986 rantem
754 1918 826 1985 de
850 1929 1101 1984 Barbarie
1133 1929 1242 1983 illis
1265 1929 1381 1998 qui.
1406 1928 1846 1997 quandocunque
1877 1932 2089 1996 volunt,

516 2042 640 2081 cum
673 2039 886 2078 summa
919 2023 1196 2077 hilaritate
1241 2022 1671 2091 progrediuntur
1711 2023 1763 2076 iu
1804 2022 2003 2092 regias,
2032 2033 2094 2078 ut

523 2119 800 2191 mysteriis
826 2114 1237 2187 superstitionis
1266 2114 1448 2184 impia
1488 2114 1733 2183 praesint,
1766 2124 1821 2169 et
1852 2115 2091 2170 dissolu-

517 2224 628 2268 tam
660 2211 1109 2279 inconditamque
1139 2208 1312 2263 vitam
1339 2217 1506 2276 agunt
1539 2207 1879 2272 indulgendo
1912 2208 2092 2263 ventri

518 2316 574 2360 et
602 2302 914 2358 vinolentiae
945 2309 1003 2356 et
1030 2283 1305 2369 quidquid
1327 2298 1631 2367 cupiditate
1658 2300 1887 2353 excitari
1928 2300 2092 2357 solet.

524 2397 590 2451 Ili
628 2394 797 2465 igitur
827 2408 953 2447 cum
1007 2392 1061 2445 in
1098 2391 1305 2459 templo
1345 2390 1492 2460 quod
1541 2390 1596 2444 in
1647 2390 1873 2445 zedibus‘
1926 2392 2095 2461 regiis

520 2495 610 2541 est
682 2498 837 2538 sacra
893 2481 1151 2552 mysteria
1202 2478 1400 2533 faetnri
1462 2480 1592 2543 sint,
1650 2479 1703 2532 in
1748 2478 1907 2534 atriis
1950 2479 2095 2534 nuda

516 2592 645 2633 eum
710 2574 1004 2630 saltatione
1080 2571 1363 2626 incondita
1440 2571 1685 2623 carmina
1752 2578 1810 2624 et
1866 2570 2096 2641 hymnos

520 2670 814 2727 Mahometi
862 2676 1089 2724 canunt.
1137 2665 1351 2731 Quibus
1381 2663 1541 2733 203
1575 2663 1742 2718 rebus
1808 2664 1983 2732 magis
2028 2663 2097 2718 ad

521 2776 642 2818 sese
693 2775 854 2830 quam
908 2756 975 2811 ad
1029 2754 1323 2830 Evangelia
1382 2752 1657 2807 audienda
1719 2754 1948 2808 trahunt
2001 2764 2099 2807 aut

519 2826 726 2910 omnes
762 2858 859 2906 aut
905 2847 1204 2904 nonnullos
1256 2826 1447 2900 eorum
1501 2846 1598 2915 qui
1657 2845 1728 2901 ibi
1781 2845 2098 2916 congregati

522 2954 676 3002 sunt.
704 2944 908 2999 Eodem
954 2939 1119 2995 modo
1148 2938 1214 2993 ad
1254 2938 1458 3007 regiam
1501 2953 1744 2993 mensam
1776 2938 2101 3010 plerumque

520 3036 766 3110 cymbala
788 3032 1053 3089 adhibere
1074 3039 1131 3087 et
1151 3030 1364 3085 ludicra
1387 3030 1752 3086 instrumenta
1776 3040 1830 3086 et
1854 3032 2098 3089 carmina

525 3128 692 3196 impia
726 3126 932 3180 solent.

2184 512 2421 576 ζαντίων
2452 508 2670 564 κελεύει
2728 502 3122 576 συμφορηθῆπ
3138 520 3156 552 ι
3180 499 3301 553 κατ’
3323 498 3479 560 ἀξίαν
3504 496 3752 549 ἑκάστων

2182 608 2292 660 τῶν
2302 621 2365 657 τε
2386 604 2527 674 μάλα
2543 602 2813 656 πλουσίων
2828 600 2921 654 καὶ
2947 599 3046 667 μὴ,
3059 598 3153 649 καί⁵
3176 593 3285 648 τῶν
3305 591 3507 663 μᾶλλον
3522 588 3750 653 ἐνδόξων

2184 698 2280 752 καὶ
2310 698 2409 767 μὴ,
2435 696 2531 750 καὶ
2562 693 2735 756 οὕτως
2752 694 2835 746 ἐν
2865 690 3015 759 τρισὶ
3047 688 3178 758 μησὶ
3205 686 3299 739 καὶ
3321 684 3382 738 τδ
3417 682 3517 752 τῆς
3543 679 3751 752 ὀροφῆς

2184 788 2277 844 τοῦ
2316 786 2422 840 νεὼ
2447 785 2764 855 λειπόμενον
2791 778 3189 834 ἐκτετέλεσται.

2260 902 2388 955 ΚΒ’.
2424 901 2559 954 Τίνα
2596 900 2641 953 δ’
2680 894 2770 969 ἦν,
2806 889 2852 951 ὢ
2885 893 3016 949 καλὲ
3065 854 3464 960 ’Δγαθάγγελᾷ
3516 884 3668 939 ταῦθ’
3718 884 3762 936 ἅ

2178 994 2276 1065 ιδιά
2325 989 2523 1053 κακίας
2583 988 2834 1059 μέγεθος,
2891 983 3067 1053 φειδοῖ
3121 982 3231 1037 τῶν
3259 978 3472 1050 ἀνδρῶν
3508 974 3759 1038 ἐκείνων,

2186 1086 2295 1141 τῶν
2314 1101 2374 1137 τε
2406 1084 2676 1152 λεγόντων
2702 1080 2844 1151 φημὶ
2870 1080 2961 1132 καὶ
2987 1077 3097 1129 τῶν
3128 1072 3461 1136 ἀκουόντων,
3496 1066 3765 1137 σιωπώσῃ

2190 1178 2560 1249 παρέπεμψας
2578 1174 2797 1244 γλώττῃ
2822 1189 2838 1239 ;
2875 1170 3008 1242 μηδὲ
3038 1170 3147 1239 γὰρ
3176 1162 3319 1220 είναι
3353 1164 3503 1219 δοκεῖ
3534 1177 3627 1233 μοι
3648 1160 3765 1213 τῶν

2193 1273 2361 1344 μήπω
2404 1269 2470 1338 γέ
2524 1284 2608 1320 σοι
2663 1264 2966 1336 λεχθέντων
3001 1262 3071 1315 τά
3118 1259 3382 1329 λεχθέντα
3418 1258 3555 1327 μήτε
3589 1252 3767 1324 μείζω

2193 1366 2331 1437 μήτε
2368 1363 2474 1434 μὴν
2508 1358 2855 1429 ἀτοπώτερα.
2891 1357 3093 1425 Ὅμως
3130 1352 3360 1420 ἐκλογὴν
3395 1347 3766 1417 ποιησάμενος

2196 1458 2261 1512 σύ
2293 1474 2358 1527 γε
2386 1453 2641 1510 κάκεῖθεν
2674 1450 2931 1522 μετρίαν,
2960 1449 3019 1502 ἓν
3050 1447 3083 1516 ἢ
3133 1443 3229 1500 δύο
3257 1444 3370 1497 τῶν
3414 1437 3770 1509 κουφοτέρων

2192 1546 2527 1617 ἀπαγγεῖλαί
2593 1562 2685 1616 μοι
2742 1540 3149 1613 προθυμήθητι.
3181 1537 3259 1601 ὡς
3309 1537 3386 1606 μὴ
3441 1528 3771 1587 ἀποκναίειν

2196 1646 2335 1711 μήτε
2379 1639 2567 1711 μακρᾷ
2597 1639 2724 1707 σιγῇ
2760 1639 2858 1698 τὰς
2909 1633 3066 1704 ἡμῶν
3097 1628 3353 1693 ὑπονοίας
3381 1627 3518 1698 μήτε
3558 1638 3772 1695 μακρο-

2198 1735 2377 1805 τέροις
2406 1731 2586 1800 λόγοις
2618 1730 2719 1791 τὰς
2747 1725 2903 1797 ἡμῶν
2932 1723 3124 1787 ἀκοάς.

2265 1848 2392 1900 Kl".
2426 1846 2537 1899 Kal.
2579 1844 2678 1913 μὲν
2706 1841 2772 1913 δὴ
2813 1855 3030 1909 πρῶτον
3061 1837 3205 1892 ἔστω
3254 1854 3360 1900 σοι,
3402 1834 3521 1888 θεία
3559 1848 3648 1901 μοι
3674 1846 3772 1883 κει

2195 1938 2362 2008 φαλὴ,
2400 1936 2538 2006 πρὸς
2583 1934 2849 2005 ἀκρόασιν
2892 1930 2954 1984 τὸ
2990 1931 3121 2001 περὶ
3159 1929 3269 1982 τῶν
3296 1925 3588 1998 βαρόἀρων
3627 1921 3773 1975 ὲκεί-

2193 2046 2324 2089 νων,
2382 2027 2432 2080 οἳ
2471 2026 2739 2096 διηνεκῶς
2778 2022 2874 2079 καὶ
2926 2023 3015 2076 ὅτε
3051 2019 3327 2091 βούλοιντο
3378 2014 3516 2086 μετά
3564 2012 3770 2079 πολλῆς

2192 2120 2517 2190 κωμάζουσι
2549 2117 2652 2186 τῆς
2710 2114 2997 2187 ῥᾳστώνης
3037 2114 3116 2177 είς
3155 2112 3224 2164 τά
3255 2108 3526 2179 βασίλεια,
3558 2120 3772 2177 μυστα-

2193 2209 2367 2282 γωγοὶ
2404 2208 2500 2261 καὶ
2547 2206 2803 2277 πρόεδροι
2851 2204 2950 2275 τῆς
2986 2200 3216 2265 ἀσεϐοῦς
3247 2197 3545 2271 θρησκείας
3592 2195 3775 2256 ὄντες,

2195 2296 2291 2350 καὶ
2346 2293 2462 2365 βίον
2496 2294 2618 2364 μὲν,
2646 2294 2723 2356 ὡς
2753 2293 2941 2361 φασιν,
2969 2291 3201 2344 ἀσκευόν
3233 2306 3291 2343 τε
3328 2288 3422 2341 καὶ
3461 2287 3637 2352 ἄζυγα
3671 2284 3768 2353 βό-

2196 2404 2441 2453 σκοντες,
2470 2388 2671 2456 γαστρὶ
2689 2387 2745 2439 δὲ
2773 2385 2995 2439 πάντων
3027 2384 3272 2453 ’μάλιστα
3298 2380 3643 2440 δουλεύοντες
3674 2377 3778 2428 καὶ

2196 2478 2602 2551 ἀκρατοποσίας
2632 2475 2962 2548 ἡττώμενοι,
2994 2476 3090 2527 καὶ
3117 2476 3217 2527 ὅσα
3250 2476 3310 2526 τὸ
3348 2465 3777 2540 τῆς-ἐπιθυμίας

2198 2575 2498 2630 ἀκόλαστον
2534 2572 2857 2640 ἀναφλέγει.
2908 2567 3071 2624 οὗτοι
3110 2569 3291 2622 τοίνυν
3341 2563 3643 2635 μελλούσης
3667 2560 3774 2626 τῆς

2201 2670 2351 2740 ίερᾶς
2378 2667 2657 2737 τελεῖσθαι
2694 2664 3087 2736 μυσταγωγίας
3118 2664 3177 2715 ἑν
3227 2660 3307 2730 τῷ
3342 2658 3453 2712 τῶν
3487 2654 3776 2727 βασιλείων

2199 2761 2356 2825 ἐκτὸς
2402 2760 2534 2832 ίερῷ
2564 2760 2808 2829 τεμένει,
2840 2757 3037 2827 χοροὺς
3089 2754 3349 2813 ίστῶντες
3379 2751 3580 2803 έκεῖνοι
3621 2746 3777 2814 παρὰ

2198 2851 2297 2913 τάς
2329 2848 2637 2920 βασιλείους
2668 2845 2839 2910 αὒλάς
2900 2842 3190 2914 ἀντᾴδουσί
3237 2856 3298 2893 τε
3344 2839 3446 2909 τὴν
3496 2838 3775 2906 γυμνικὴν

2198 2942 2418 3013 ὲκείνην
2450 2940 2774 3011 ὀρχούμενοι
2818 2938 3067 3007 ὄρχησιν,
3105 2934 3200 2987 καὶ
3237 2932 3472 3001 ἀσήμοις
3506 2928 3776 2995 κλαγγαῖς

2200 3036 2301 3098 τὰς
2329 3031 2427 3085 τοῦ
2462 3031 2712 3099 Μωάμεθ
2742 3028 3056 3082 ἀναϐοῶσιν
3079 3026 3222 3097 ᾠδὰς
3253 3024 3351 3077 καὶ
3379 3022 3507 3084 τοὺς
3545 3019 3776 3090 ὕμνους,

2124 3115 2174 3179 C
2205 3121 2373 3213 Bt’ibv
2405 3126 2500 3181 καὶ
2540 3125 2898 3179 ἀνθέλκουσιν
2930 3120 3067 3190 πρὸς
3090 3119 3191 3190 τὴν
3222 3117 3433 3171 ἑαυτῶν
3470 3114 3670 3184 μᾶλλον
3718 3118 3786 3164 ἀ·-

524 3222 753 3292 κρόασιν
780 3221 813 3291 ἢ
845 3221 942 3291 τὴν
966 3219 1075 3274 τῶν
1099 3219 1259 3274 θείων
1291 3220 1639 3289 Εὑαγγελίων
1668 3221 1799 3275 ποτε
1864 3222 1963 3291 μὲν
2022 3223 2228 3289 πάντας
2258 3212 2467 3287 ἁπλῶς,
2516 3223 2648 3275 ποτὲ
2696 3221 2741 3274 δ’
2810 3219 2987 3281 ένίους
3032 3217 3142 3270 τῶν
3188 3213 3567 3285 ἡθροισμένων
3632 3212 3774 3264 ἐκεῖ.

526 3315 600 3370 Τὸ
630 3315 676 3368 δ’
714 3315 847 3367 αὐτὸ
873 3315 968 3367 καὶ
997 3315 1126 3383 περὶ
1164 3314 1264 3384 τὴν
1292 3312 1567 3384 βασίλειον
1598 3316 1885 3386 τράπεζαν
1910 3317 2111 3387 δρῶσιν
2151 3319 2229 3382 ὡς
2265 3318 2335 3371 τά
2389 3316 2563 3370 πολλά
2605 3317 2745 3387 μετά
2791 3330 2856 3381 γε
2897 3310 2961 3385 [1⁸.
3000 3310 3106 3393 ¹112
3139 3307 3211 3381 1.]
3252 3306 3317 3378 δὴ
3346 3304 3651 3376 κυμϐάλων
3677 3309 3780 3361 καὶ

526 3404 842 3477 θυμελικῶν
873 3402 1126 3474 ὀργάνων
1170 3403 1265 3456 καὶ
1295 3402 1585 3473 ᾀσμάτων,
1619 3405 1795 3457 ὁπόσα
1835 3407 1947 3468 τοῖς
1974 3406 2236 3461 ἀσεϐέσιν
2275 3406 2533 3461 εἴθισται.
3330 3406 3335 3411 ’

596 3519 789 3576 XXIV.
828 3517 946 3574 Hoc
989 3533 1159 3573 unum
1185 3534 1214 3573 a
1249 3533 1334 3573 me
1361 3520 1543 3574 obiter
1570 3519 1779 3575 dictum
1815 3521 1910 3576 sit.
1956 3520 2107 3576 Reli-

433 3615 451 3633 ⁸
529 3629 699 3685 quum
731 3619 816 3667 est
849 3610 921 3665 ob
949 3623 1225 3665 aerumnas
1255 3625 1318 3664 ac
1350 3611 1571 3666 labores
1607 3611 1970 3666 barbarorum
2008 3628 2107 3666 co-

530 3706 652 3777 pias
694 3719 760 3758 ει
802 3703 1053 3773 Bithynia
1105 3702 1159 3756 in
1193 3702 1467 3772 Europam
1521 3702 1796 3773 proﬁcisci
1841 3706 2106 3771 noluisse,

428 3798 435 3803 ’
529 3813 633 3853 nec
669 3797 1055 3877 Cantacuzeno
1092 3796 1203 3865 regi
1235 3810 1359 3849 cum
1390 3794 1458 3849 ad
1496 3809 1554 3852 se
1584 3805 1808 3851 vocaret
1843 3811 1902 3852 se
1928 3797 2109 3866 appli-

526 3897 770 3943 catur-as.
825 3884 944 3951 Qua
1016 3899 1076 3940 re
1143 3885 1233 3939 ille
1284 3894 1533 3950 coactus,
1584 3893 1796 3942 turmas
1857 3887 2109 3941 mercede

534 3977 847 4032 conductas
888 3990 1014 4030 cum
1052 3976 1377 4031 mulieribus
1422 3987 1479 4032 et
1513 3977 1707 4034 liberis
1744 3980 1797 4033 in
1831 3979 2107 4050 Europam

418 4079 429 4087 ·
524 4068 950 4138 transportavit,
976 4082 1099 4138 quae
1133 4069 1179 4122 ei
1212 4068 1343 4123 visa:
1365 4080 1494 4124 sunt
1525 4084 1646 4125 esse
1683 4073 2029 4126 munimento
2054 4081 2111 4126 et

491 4210 499 4218 .
536 4159 795 4214 terriculo
816 4160 1117 4229 Palaeologo
1135 4175 1337 4228 genero
1355 4160 1612 4231 tanquam
1631 4161 1900 4233 Gorgonis
1920 4163 2108 4219 facies.

532 4247 808 4303 Triballos
851 4248 1141 4319 Mysusque
1170 4251 1225 4303 in
1255 4252 1548 4306 nonnullas
1579 4250 1912 4309 Chersonesi
1945 4255 2111 4310 urbes

528 4343 955 4415 transportavit,
994 4344 1039 4398 si
1088 4342 1230 4399 forte
1264 4360 1330 4398 ex
1383 4345 1451 4399 iis
1498 4354 1685 4400 essent
1724 4349 1815 4417 qui
1853 4348 1987 4402 socii
2023 4347 2108 4402 sui

534 4437 589 4491 in
627 4435 773 4491 bello
804 4449 925 4490 esse
957 4433 1165 4489 vellent
1196 4441 1256 4488 ut
1294 4434 1574 4491 Romanos
1610 4436 1735 4491 illos
1776 4438 2009 4493 miseros
2055 4438 2109 4493 in

528 4526 802 4582 servitute
857 4528 1163 4581 retinerent
1217 4527 1477 4581 mandato
1529 4527 1676 4598 regis
1720 4543 1784 4584 ac
1832 4529 2113 4585 voluntate

523 4618 729 4691 atljuti.
774 4618 931 4675 Unde
964 4628 1223 4687 tanquam
1254 4633 1321 4673 ex
1359 4618 1730 4675 munitissimo
1762 4620 2112 4690 receptaculo

534 4712 742 4784 egressi
783 4712 1089 4781 proximam
1125 4710 1377 4766 Thraciae
1412 4720 1625 4780 partem
1660 4712 1953 4765 vastabant
1984 4712 2113 4767 sub-

2284 3524 2407 3581 KA'.
2450 3526 2546 3578 "Ev
2601 3520 2794 3593 μὲνδὴ
2846 3517 3009 3573 τοῦτο
3065 3517 3311 3579 σκιωδῶς
3366 3514 3607 3586 είρήσθω
3651 3528 3781 3582 μοι·

2208 3618 2462 3689 δεύτερον
2496 3618 2542 3672 δ’
2566 3618 2650 3671 ὅτι
2701 3618 2798 3669 καὶ
2823 3614 2912 3667 διὰ
2941 3613 3001 3666 τὸ
3034 3610 3374 3680 πολύμοχθόν
3407 3625 3466 3661 τε
3492 3610 3589 3661 καὶ
3620 3607 3786 3660 πολυ·

2210 3708 2438 3778 ἀσχολον
2466 3708 2536 3760 τὰ
2567 3707 2675 3759 τῶν
2722 3704 3015 3777 βαρόἀρων
3050 3700 3391 3773 στρατόπεδα
3429 3698 3784 3768 διαπεραιοῦ-

2213 3801 2341 3854 σθαι
2374 3799 2705 3870 συχνότερον
2734 3798 2870 3869 πρὸς
2901 3794 3175 3867 Εὐρώπην
3200 3795 3265 3869 ἐκ
3294 3791 3550 3873 Βιθυνίας
3573 3792 3784 3859 ἀπηγο-

2215 3893 2477 3964 ρεὺκασιν
2512 3891 2634 3961 ἠδη,
2664 3890 2757 3944 καὶ
2794 3888 2984 3942 οὐκέτι
3018 3884 3275 3940 καλοῦντι
3303 3883 3380 3953 τῷ
3407 3882 3623 3953 βασιλεῖ
3641 3881 3788 3934 Καν-

2211 3984 2537 4055 τακῡυζηνῷ
2564 3982 2858 4053 προσέχειν
2889 3980 3102 4049 ἔφασαν
3133 3974 3291 4040 αὖθις
3328 3977 3420 4031 τὸν
3470 3973 3591 4028 νοῦν
3613 3989 3628 4003 ο
3659 3975 3788 4026 ὅθεν

2213 4072 2632 4142 ἀναγκασθέντα
2658 4071 2849 4139 τοῦτον
2875 4068 3110 4135 λογάδας
3162 4067 3375 4119 ἐκεῖθεν
3408 4063 3792 4133 μισθώσασθαι

2211 4184 2273 4219 τε
2315 4166 2409 4219 καὶ
2444 4164 2561 4234 ἅμα
2588 4165 2805 4231 γυναιξί
2828 4181 2885 4217 τε
2916 4165 3013 4218 καὶ
3037 4164 3250 4224 τέκνοις
3276 4160 3358 4221 είς
3390 4157 3665 4227 Εὐρώπην
3683 4166 3788 4223 μεε-

2211 4259 2514 4325 τενεγκεῖν,
2551 4258 2785 4322 ὁπόσους
2832 4258 3174 4328 ἀποχρήσειν
3217 4254 3396 4320 ἔδοξεν
3445 4253 3528 4315 είς
3580 4250 3797 4304 ἐπιτεί-

2215 4353 2513 4423 χισμα¹καὶ
2546 4351 2821 4422 φόϐητρον
2875 4350 2995 4405 ἀντὶ
3020 4347 3285 4419 Γοργόνος
3313 4346 3481 4415 ἀλλης
3518 4343 3614 4398 τοῦ
3639 4360 3799 4413 γαμ-

2215 4444 2347 4514 ὄροῦ
2391 4443 2783 4511 Παλαιολόγου,
2827 4443 2921 4496 καὶ
2949 4444 3005 4496 εἴ
3031 4458 3117 4505 τις
3144 4440 3340 4511 ἐκείνῳ
3370 4438 3615 4510 βούλοιτο
3651 4454 3799 4510 συμ-

2219 4537 2414 4605 μαχεῖν
2458 4537 2523 4605 ἐκ
2554 4533 2874 4601 Τριϐαλλῶν
2907 4533 3003 4588 καὶ
3034 4531 3257 4586 Μυσῶν.
3304 4531 3416 4584 Καὶ
3454 4525 3657 4589 αὐτοὺς
3684 4529 3796 4581 τῶν

2217 4603 2277 4679 έν
2317 4603 2651 4700 Χερρονήσῳ
2678 4623 2885 4681 πόλεων
2917 4623 3179 4687 ὲνοικίζει
3212 4624 3374 4687 τισὶν,
3423 4621 3499 4685 ὡς
3547 4621 3644 4673 καὶ
3672 4620 3798 4673 δού-

2216 4720 2331 4783 λοις
2353 4719 2662 4790 διηνεκέσιν
2695 4718 2796 4789 ἥδη
2847 4715 3153 4788 κεχρῆσθαι
3184 4714 3498 4768 παντάπασι
3527 4708 3641 4777 τοῖς
3675 4714 3797 4765 ἐκεῖ

531 4804 928 4876 jiciebantque.
993 4803 1112 4857 Jam
1175 4818 1309 4857 vero
1363 4802 1598 4873 Hyrcani
1667 4801 1812 4857 Illius
1861 4802 1953 4871 qui
2013 4819 2100 4872 pet

2218 4785 2593 4879 ταλαιπώροις
2628 4785 3087 4878 Ῥωμαίοιςξτῆς
3119 4806 3361 4875 ἐφέσεως
3396 4803 3797 4871 συνειληφότας

524 4905 951 4975 'Ilellespontum
976 4893 1265 4972 prolectus
1292 4909 1411 4954 erat
1456 4909 1713 4969 tanquam
1748 4899 1800 4953 in
1836 4898 2108 4955 coloniam

536 5006 591 5051 et
624 4996 853 5065 patriam
885 5002 1086 5048 terram
1124 4991 1374 5046 habitare
1427 4990 1502 5045 ibi
1551 4988 1677 5046 cum
1731 4991 1986 5046 Barbaris
2015 4992 2108 5063 qui

521 5088 703 5159 ,paulo
765 5095 894 5141 ante
954 5085 1060 5138 huc
1089 5092 1354 5137 venerant
1403 5099 1460 5137 se
1493 5098 1652 5153 posse
1705 5082 1953 5153 putabat.
1983 5084 2115 5151 Quae

538 5191 674 5230 vero
708 5183 1014 5243 sequuntur
1046 5182 1108 5226 ut
1153 5172 1410 5242 prudenti
1441 5174 1643 5242 cuique
1678 5174 1973 5228 admodum
2019 5191 2114 5229 co-

528 5266 713 5336 gnita,
745 5266 791 5319 si
847 5264 1109 5329 volueris,
1146 5264 1360 5319 tacebo.
1419 5265 1583 5337 205
1637 5266 1772 5321 Nam
1834 5276 1893 5321 ut
1944 5268 2113 5322 certis

525 5357 850 5411 rationibus
898 5357 1162 5429 conjicias
1193 5373 1256 5412 ea
1302 5373 1424 5437 quae
1472 5360 1694 5413 silentio
1746 5362 2111 5429 praetermissa

538 5455 669 5500 sum
690 5444 874 5515 qualia
907 5447 1017 5500 sint
1052 5446 1211 5502 facile
1245 5456 1296 5502 te
1316 5458 1698 5503 assecuturum
1731 5459 1884 5519 puto,
1908 5451 1952 5504 si
1988 5467 2112 5520 qua:

536 5536 683 5591 uicta
718 5546 842 5589 sunt
877 5536 1048 5607 probe
1086 5536 1352 5601 audieris,
1379 5538 1481 5592 etsi
1510 5538 1813 5607 asperrima
1842 5550 1969 5593 sunt
2001 5540 2113 5594 l'or-

537 5612 681 5682 sitan
738 5642 860 5697 qua:
920 5627 1178 5682 Callistus
1241 5627 1297 5683 in
1351 5628 1799 5685 Cantacuzenum
1860 5629 2113 5688 invectus

532 5720 891 5777 acerbissime
922 5722 1188 5778 evomuit.
1863 5725 1872 5734 ’

2219 4904 2514 4975 ἐπίκουρον
2548 4902 2647 4974 ἤδη
2680 4900 2776 4956 καὶ⁸
2804 4901 2864 4955 τὸ
2901 4899 2996 4954 τοῦ
3049 4898 3315 4969 βασιλέως
3348 4897 3650 4967 ἐνδόσιμον,
3690 4896 3799 4961 ἀρ’

2221 4988 2296 5050 ὧν
2325 4996 2400 5056 ὡς
2426 4994 2484 5060 ἐξ
2511 4994 2856 5065 όρμητηρίου
2886 4992 3073 5044 λοιπὸν
3116 4989 3396 5060 ἀσφαλοῦς
3434 4989 3671 5057 ἐξιόντες
3702 4989 3799 5040 καὶ

2222 5086 2321 5156 τὴν
2345 5076 2472 5156 ἑξῆς
2493 5087 2580 5139 ἀεὶ
2610 5084 2887 5155 ληῖζονταί
2918 5099 2977 5134 τε
3008 5083 3104 5136 καὶ
3127 5081 3515 5136 ὑπο-ποιοῦνται
3545 5081 3796 5151 Θρᾴκην.

2226 5177 2369 5245 Ἤδη
2398 5179 2455 5231 δὲ
2502 5181 2595 5231 καὶ
2629 5177 2657 5229 ὁ
2696 5175 2814 5228 τοῦ*
2836 5175 3108 5246 Ὑρκανοῦ
3145 5176 3269 5237 παῖς
3315 5173 3391 5237 ὡς
3438 5175 3517 5235 είς
3568 5172 3703 5225 ίδίαν
3734 5174 3802 5224 ἁ-

2222 5269 2446 5322 ποικίαν
2468 5270 2561 5320 καὶ
2602 5267 2838 5336 πατρίαν
2871 5268 2976 5335 γῆν
3012 5266 3205 5329 διαϐὰς
3241 5266 3332 5317 τὸν
3372 5264 3795 5333 Ἑλλήσποντον,

2223 5360 2500 5412 συνοικεῖν
2562 5360 2680 5410 ἐκεῖ
2743 5360 2856 5421 τοῖς
2917 5357 3083 5426 ὀλίγῳ
3144 5358 3409 5426 πρότερον
3482 5354 3804 5425 ἐληλυθόσιν

2214 5451 2405 5518 ,ἔκρινε
2430 5450 2542 5503 δεῖν
2572 5449 2807 5512 ἐκείνοις
2832 5449 3152 5520 βαρϐάροις.
3172 5448 3252 5501 Τά
3280 5446 3326 5502 δ’
3354 5448 3479 5518 ἑξῆς
3508 5446 3586 5510 ὡς
3613 5445 3802 5518 ἡκιστ*

2219 5541 2394 5609 ἄδηλα
2424 5539 2533 5595 τῶν
2566 5540 2804 5594 συνετῶν
2833 5541 3066 5608 οὐδέσιν,
3100 5542 3149 5595 εί
3191 5540 3403 5612 βούλοιο
3448 5540 3535 5607 σὺ,
3581 5540 3803 5609 σιωπή-

2173 5642 2186 5668 ’
2222 5648 2385 5702 σομαι
2408 5648 2424 5663 ο
2452 5634 2765 5705 ἀποχρῆναι
2798 5622 2904 5707 γᾶρ
2946 5632 3102 5707 οἶμαι
3150 5638 3245 5693 καὶ
3292 5635 3392 5707 τὴν
3432 5636 3543 5689 τῶν
3576 5652 3805 5688 σιωπω-

2225 5722 2400 5791 μένων
2434 5724 2766 5795 συμϐάλλειν
2799 5727 3049 5783 ἐντεῦθεν
3098 5727 3361 5798 ποιότητα
3402 5725 3807 5797 λογικωτέριις
