3994 6204
498 359 617 430 τιτο

1697 360 2114 429 NlCEPHORI
2153 358 2533 420 GREGORIE

3641 349 3742 414 l80

509 498 657 545 rum,
691 479 785 535 sed
827 479 1082 536 Nemesin
1120 479 1420 551 suspiciam
1466 487 1524 536 et
1555 469 1859 535 venerabor
1909 493 2078 534 teme-

2192 483 2273 533 καὶ
2319 479 2416 550 τὴν
2451 478 2606 550 ἡμῶν
2659 475 2720 542 ἐξ
2762 473 3004 546 ἀφανοῦς
3050 470 3351 527 ἐπιτίθεται
3401 467 3738 538 τυραννοῦσα

508 577 670 630 ritate
703 583 760 629 ut
791 589 890 645 par
918 583 1002 629 est
1031 575 1262 646 abiecta.
1294 573 1468 630 Velim
1496 582 1700 638 tamen,
1730 574 1816 627 vir
1841 574 2070 642 optime,

512 683 625 732 me,
658 668 816 736 plane
869 667 1062 722 doceat
1115 664 1406 736 prudentia
1461 675 1591 730 tua;
1625 665 1829 719 etenim
1877 665 1920 718 si
1975 663 2074 718 hos

511 767 766 825 praestare
795 744 929 810 mihi
961 755 1320 826 persuaseris,
1343 772 1428 810 me
1455 772 1563 810 non
1588 757 1912 826 prmveneris
1935 755 2076 809 hanc

511 849 642 902 mihi
697 863 948 917 magnam
999 847 1331 915 voluptatem
1383 847 1696 916 prazbendo,
1748 861 1872 901 cum
1923 845 2077 900 brevi

515 953 759 1010 tempore
786 955 1009 1011 magnas
1032 939 1402 993 dubitationes
1429 955 1495 992 ex
1530 939 1712 992 animo
1740 953 1862 992 meo
1893 940 2079 992 detur-

516 1033 662 1086 baris
690 1041 746 1086 et
780 1031 1079 1100 depuleris.
1115 1030 1244 1097 Quae
1277 1029 1498 1100 quidem
1533 1029 1625 1085 diu
1657 1045 1744 1084 me
1782 1029 2077 1083 vehemen-

515 1134 707 1190 terque
734 1121 1137 1192 deprintcbant,
1160 1123 1268 1192 jam
1301 1122 1690 1192 cogitationum
1720 1129 1773 1176 et
1803 1121 2075 1174 rationum

517 1215 922 1269 multitudinem
944 1216 997 1268 in
1017 1217 1342 1270 immensum
1365 1222 1563 1285 augent
1581 1223 1635 1268 et
1655 1211 2078 1281 compositiones

516 1317 570 1361 et
596 1306 974 1375 Oppositiones
1015 1315 1070 1360 et
1115 1305 1507 1375 dispositiones
1538 1320 1722 1359 earum
1757 1303 1890 1357 alias
1921 1303 2078 1356 aliter

519 1398 829 1463 intrudunt,
867 1397 982 1468 jam
1029 1411 1159 1450 vero
1194 1398 1245 1449 in
1298 1398 1623 1450 immensum
1671 1395 1973 1448 dilacerant
2017 1393 2104 1446 ac~

518 1491 841 1560 dirumpunt
893 1488 1127 1542 tristitia:
1180 1488 1338 1556 207
1400 1486 1862 1557 magnitudinem,
1916 1499 2078 1553 quam

523 1585 641 1652 ipse
675 1583 813 1638 mihi
847 1582 970 1637 dedi
1007 1597 1074 1636 eo
1107 1581 1252 1650 quod
1285 1579 1587 1634 nesciebam
1616 1578 1890 1646 quomodo
1917 1587 1970 1630 et
1998 1591 2083 1629 me

521 1683 573 1727 et
609 1673 755 1726 hunc
797 1671 1112 1741 reipublij
1140 1680 1337 1724 statum
1373 1671 1596 1732 ferrem,
1631 1680 1744 1722 tum
1781 1668 1955 1738 patris
1991 1684 2085 1721 vo-

521 1765 713 1818 luutati
746 1773 940 1834 sponte
971 1763 1288 1828 obsecutus,
1318 1771 1430 1817 tum
1469 1778 1574 1817 non
1609 1763 1791 1831 potius
1819 1761 1890 1815 ob
1927 1773 2084 1830 nego-

523 1859 720 1912 tiormn
758 1859 966 1918 turbas,
1004 1871 1125 1926 qum
1163 1870 1246 1909 me
1295 1854 1740 1909 circumfundunt
1783 1853 2084 1907 circumve-

525 1949 698 2001 huntu
710 1963 865 2018 rque.
885 1948 1171 2002 Nonnullae
1191 1947 1362 2007 enim,
1385 1947 1492 2000 imo
1511 1960 1698 2000 omnes
1720 1943 2082 1998 Romanorum

523 2037 697 2092 tribus
733 2037 834 2104 ipsi
870 2038 1012 2107 patri
1061 2046 1196 2090 meo‘
1216 2050 1373 2090 casus
1433 2035 1782 2090 calamitosos
1818 2035 2089 2089 Romano-

521 2146 642 2184 rum
677 2129 1015 2194 attribuunt,
1044 2139 1098 2183 et
1122 2144 1245 2197 qua:
1279 2128 1507 2197 patriam
1550 2127 1912 2180 vehementer
1943 2143 2088 2183 nunc

527 2223 814 2276 invadunt.
847 2222 963 2276 Jam
989 2221 1152 2274 etiam
1197 2221 1250 2274 in
1292 2221 1477 2290 populi
1510 2229 1859 2288 conspectum
1900 2219 2089 2287 opinio

528 2314 618 2366 illa
652 2313 1013 2381 permanat-it.
1059 2321 1113 2364 et
1157 2326 1348 2364 omnes
1391 2320 1582 2379 gentes
1627 2309 1989 2362 Barbarorum
2035 2323 2089 2365 et

527 2404 780 2458 nationes
828 2403 945 2456 vias
998 2410 1054 2456 et
1099 2402 1214 2456 fora
1267 2411 1322 2454 et
1374 2402 1578 2470 plateas
1645 2401 1782 2454 fama
1841 2401 2088 2469 implent,

527 2510 760 2564 (‘alllque
807 2494 1080 2563 adaugent
1132 2493 1427 2563 ignominia
1479 2492 1670 2562 quavis
1722 2492 1926 2546 addita.
1970 2492 2090 2547 Non

529 2594 757 2653 possunt
789 2585 856 2640 de
885 2586 1033 2655 justo
1061 2595 1155 2638 aut
1189 2585 1394 2655 iujusto
1423 2584 1630 2654 aliquid
1671 2584 1943 2656 judicare,
1992 2600 2092 2640 nec

529 2679 711 2732 animo
745 2685 998 2748 reputant
1047 2677 1214 2731 licere
1261 2677 1401 2746 patri
1443 2691 1565 2730 meo
1609 2676 1679 2730 ob
1717 2691 1910 2732 causas
1954 2693 2092 2747 quas

529 2770 709 2824 sciunt
737 2783 926 2825 omnes
956 2768 1144 2822 tollere
1172 2767 1529 2837 Palaologum
1559 2767 1719 2822 simul
1744 2784 1866 2822 cum
1899 2777 2090 2834 matre,

531 2862 626 2932 qui
680 2877 927 2917 socerum
978 2870 1178 2930 praeter
1227 2875 1470 2915 sororem
1519 2875 1694 2914 meam
1755 2860 1982 2916 abduxit
2036 2871 2092 2915 et

531 2953 694 3009 nobis
720 2951 1038 3022 anteposuit
1073 2951 1222 3006 ﬁliis.
1256 2951 1374 3006 Jam
1408 2967 1540 3006 vero
1582 2952 1894 3021 intelligunt
1938 2953 2089 3007 illum

533 3047 764 3101 insidias
817 3053 984 3113 atque
1036 3041 1266 3096 artificia
1311 3043 1472 3098 nobis
1519 3053 1736 3098 struere
1775 3054 1828 3098 ct
1860 3045 1912 3098 in
1961 3045 2090 3100 odio

2180 572 2417 640 θέλησιν,
2473 571 2566 623 καὶ
2615 569 2840 630 ἄκοντες
2891 566 3108 636 δρῶμεν
3164 562 3258 616 καὶ
3313 561 3596 630 πάσχομεν
3643 561 3737 612 ὑπ’

2177 663 2419 730 ἀνάγκης
2450 661 2620 714 ὁπόσα
2640 660 2747 712 τῶν
2774 659 2984 726 ἐκείνης
3012 653 3205 725 ῥοθίων
3229 655 3256 706 δ
3289 651 3495 704 κλύδων
3519 652 3734 715 ἐπάγει,

2179 756 2262 806 σοὶ
2301 753 2398 823 μὲν
2439 753 2541 806 οὐκ
2598 751 2846 821 ἐγκαλεῖν
2901 748 3052 802 οὐδὲν
3079 748 3160 799 ἑτι
3212 744 3322 798 οὐδ’
3381 743 3540 812 ὄρους
3571 745 3740 792 κινεῖν

2179 844 2414 911 ύπεζευγ
2428 845 2617 912 μένους
2643 841 2908 909 ἀνάγκαις
2940 837 3274 910 βουλήσομαι
3305 835 3366 907 [Γ.
3407 835 3507 887 H3
3539 832 3610 904 r.]
3643 831 3741 883 τοῦ

2178 937 2389 999 λοιποῦ,
2439 935 2554 988 ἀλλ’
2603 934 2881 1002 ὑπόψομαι
2914 932 3006 986 καὶ
3058 928 3364 998 φυλάξομαι
3413 926 3512 995 τὴν
3547 924 3742 992 ’Λδρά-

2182 1046 2384 1093 στειαν,
2409 1025 2727 1081 τούντεῦθεν
2753 1025 2826 1087 ὡς
2858 1023 3004 1084 είκδς
3039 1019 3430 1089 ἀφοσιούμενος
3463 1017 3542 1069 τό)
3559 1034 3736 1085 μημει.

2183 1115 2456 1171 Πυθέσθαι
2481 1115 2526 1169 δ’
2549 1111 2642 1168 οὖν
2665 1115 2817 1181 ὅμως
2843 1113 3104 1182 βούλομαι
3123 1111 3256 1178 πρὸς
3283 1109 3379 1177 τῆς
3405 1108 3502 1175 σῆς
3530 1110 3735 1174 σοφίης,

2181 1203 2224 1262 ὦ
2261 1207 2520 1277 βέλτιστε,
2551 1203 2840 1273 τάκριϐές·
2877 1203 2925 1255 εί
2970 1205 3075 1270 γὰρ
3102 1199 3256 1252 τοῦτο
3288 1199 3507 1268 κρατεῖν
3535 1214 3601 1264 με
3621 1197 3744 1248 πεί-

2185 1317 2357 1361 σειας,
2391 1297 2491 1350 οὐκ
2541 1297 2606 1349 ἀν
2639 1295 2863 1364 φθάνοις
2910 1292 3131 1360 βαθεῖάν
3171 1307 3260 1360 μοι
3297 1288 3650 1359 χαριζόμενος
3683 1290 3747 1352 ἡ-

2181 1391 2358 1459 δονὴν,
2410 1388 2626 1459 μακρὰς
2677 1389 2734 1440 ἐν
2773 1385 2967 1455 βραχεί
3000 1384 3097 1452 τῆς
3151 1383 3289 1451 ἐμῆς
3332 1377 3746 1448 ἀποσφενδονῶν

2183 1483 2278 1536 καὶ
2315 1462 2708 1551 ἀπορῤαπίζων
2737 1478 2912 1548 ψυχῆς
2943 1475 3194 1543 ἀπορίας,
3227 1472 3284 1525 αἳ
3323 1470 3386 1542 δὴ
3412 1472 3500 1524 διά
3533 1471 3746 1539 μακροῦ

2183 1580 2282 1650 τὴν
2315 1581 2414 1650 τῆς
2448 1576 2590 1648 ἐμῆς
2627 1577 2864 1638 διανοίας
2899 1575 3086 1628 ἐστίαν
3141 1570 3390 1642 σφοδρῶς
3437 1568 3748 1638 κατασχοῦ-

2185 1687 2297 1735 σαι,
2338 1670 2434 1724 νῦν
2484 1669 2582 1739 μὲν
2626 1668 2715 1721 ἐπ’
2766 1668 2994 1736 ἄπειρον
3033 1663 3256 1730 αὔξουσι
3297 1662 3422 1724 τοὺς
3452 1660 3561 1712 τῶν
3596 1660 3749 1728 ἐμῶν

2139 1819 2158 1867 ζ
2187 1763 2484 1834 φροντίδων
2514 1779 2570 1814 τε
2601 1761 2693 1814 καὶ
2716 1757 2993 1828 λογισμῶν
3022 1754 3429 1867 ἀναριθμήτους
3457 1752 3746 1822 ἀριθμοὺς,

2192 1857 2284 1910 καὶ
2312 1856 2410 1916 τάς
2448 1871 2506 1918 γε
2551 1853 2615 1923 δὴ
2675 1851 2950 1910 συνθέσεις
2998 1864 3058 1900 τε
3108 1847 3200 1901 xl
3249 1844 3550 1907 ἀντιθέσεις
3596 1845 3749 1911 σφῶν

2187 1949 2281 2001 καὶ
2309 1946 2572 2008 διαθέσεις
2603 1941 2782 1998 ἄλλοτ’
2808 1940 2984 2002 ἄλλως
3013 1935 3535 2007 παρεισκυκλοῦσαι,
3562 1933 3660 1985 νῦν
3702 1929 3752 1982 δ’

2194 2041 2284 2094 ἐπ’
2318 2040 2549 2108 ἄπειρον
2589 2035 2844 2105 τέμνουσι
2895 2051 2984 2104 μοι
3014 2034 3108 2085 καὶ
3131 2030 3404 2102 διαιροῦσι
3429 2027 3491 2080 τὸ
3519 2025 3748 2096 μέγεθος

2187 2134 2290 2203 τῆς
2306 2132 2628 2202 αὑθαιρέτου
2645 2128 2846 2198 λύπης,
2865 2130 2930 2199 ἣν
2947 2127 3106 2188 αὐτὸς
3130 2125 3348 2195 ἐμαυτῷ
3366 2121 3750 2190 κατηγγύησα,

2188 2223 2364 2277 λαθὼν
2381 2223 2480 2275 οὐκ
2493 2216 2586 2274 οἶδ’
2613 2223 2760 2284 ὅπως
2777 2221 2799 2270 ἐ
2808 2218 3010 2286 μαυτδν
3027 2218 3120 2270 καὶ
3134 2215 3283 2269 τουτὶ
3294 2215 3353 2267 τδ
3367 2215 3460 2284 τῆς
3477 2212 3753 2283 βασιλεῐας

2192 2315 2590 2384 ὑποδεξάμενος
2616 2315 2820 2382 σχῆμα,
2861 2314 2977 2373 πῶς
3027 2313 3127 2378 μὲν
3171 2309 3312 2362 ἑκὼν
3345 2309 3458 2370 τοῖς
3499 2304 3756 2375 πατρίοις

2193 2411 2624 2478 ὑποταττόμενος
2657 2409 2866 2468 πόθοις,
2896 2403 3012 2466 πῶς
3052 2405 3096 2456 δ’
3133 2402 3192 2456 οὐ
3237 2401 3380 2471 μάλα
3409 2398 3550 2452 ἐκὼν
3570 2399 3657 2452 διά
3691 2414 3756 2463 γε

2190 2503 2318 2561 τοὺς
2367 2498 2763 2570 περιρῤέοντάς
2812 2512 2871 2548 τε
2925 2494 3020 2548 καὶ⁵
3067 2492 3570 2563 περιστοιχίζοντας
3615 2489 3757 2549 τέως

2192 2595 2343 2663 ἡμᾶς
2397 2591 2596 2663 κομιδῆ
2650 2591 2930 2651 κυκεῶνας
2986 2585 3344 2654 πραγμάτων,
3400 2583 3476 2644 ὡς
3515 2582 3758 2650 εἴρηται.

2193 2687 2316 2740 Εἰσὶ
2347 2685 2479 2754 γὰρ,
2528 2682 2666 2736 εἰσὶν
2701 2681 2854 2741 ἔνιοι,
2897 2679 3095 2747 μᾶλλον
3145 2675 3189 2727 δ’
3230 2675 3332 2727 οὐκ
3361 2673 3517 2734 ἔνιοι,
3548 2673 3630 2724 ὃτι
3681 2669 3759 2739 μὴ

2193 2779 2334 2847 πλὴν
2364 2775 2522 2829 ἐνίων
2553 2774 2790 2834 ἅπαντες
2829 2769 3115 2839 Ῥωμαῖων
3143 2766 3330 2833 δῆμοι,
3373 2763 3422 2816 οἳ
3459 2766 3547 2816 καὶ
3569 2760 3759 2830 τούμῷ

2192 2869 2291 2931 τάς
2315 2859 2493 2928 αἰτίας
2518 2863 2625 2919 τῶν
2655 2860 2980 2931 Ῥωμαϊκῶν
3005 2859 3305 2928 συμφορῶν
3341 2859 3440 2911 ἀνα
3452 2856 3618 2926 ρτῶσι
3653 2871 3759 2906 πα-

2191 2960 2302 3030 τρὶ,
2330 2960 2453 3012 ὅσαι
2490 2954 2740 3026 χαλεπῶς
2791 2950 3174 3023 ἀνερῤὡγεσαν
3221 2951 3334 3004 νῦν.
3379 2949 3513 3018 Ἤδη
3555 2947 3611 2998 δέ
3657 2947 3755 2997 καὶ

2195 3052 2273 3116 είς
2310 3049 2570 3119 δημόσιον
2591 3045 2763 3117 ἐρρύη
2793 3045 3021 3114 θέατρον
3063 3043 3095 3111 ἡ
3143 3041 3468 3111 κατηγορία,
3495 3039 3586 3092 καὶ
3627 3039 3755 3105 ἔθνη

531 3141 844 3208 {equitatem
875 3135 1113 3200 habere;
1147 3146 1276 3190 sunt
1303 3143 1484 3190 autem
1516 3137 1592 3189 illi
1619 3136 1788 3190 dediti
1819 3153 1943 3192 cum
1979 3145 2090 3191 toto

2192 3144 2375 3196 πάντα
2423 3139 2717 3211 βαρϐάρων
2771 3137 2864 3189 καὶ
2923 3135 3051 3205 γένη
3104 3136 3336 3186 παντοῖα
3400 3129 3603 3202 μεστὰς
3655 3129 3757 3197 μὲν

535 3229 719 3281 animo
748 3241 810 3279 ac
832 3226 1128 3280 voluntate.
1155 3224 1370 3278 Patrem
1397 3240 1576 3278 meum
1610 3233 1810 3279 temere
1835 3226 2090 3291 oderunt,

535 3317 679 3388 quod
713 3315 1036 3369 necessitate
1075 3322 1300 3371 coactus
1324 3312 1391 3366 ad
1421 3314 1682 3369 auxilium
1713 3314 1928 3369 vocavit
1962 3313 2090 3368 Bar-

538 3408 722 3475 baros,
767 3422 868 3478 per
896 3421 1159 3476 generum
1194 3403 1552 3476 alienigenam
1595 3415 1650 3462 et
1703 3407 1992 3461 honestum
2036 3422 2094 3462 se

537 3500 862 3555 defensurus
891 3498 958 3553 ab
993 3513 1194 3570 genero
1231 3497 1480 3568 indigena
1512 3507 1676 3568 atque
1705 3500 2016 3560 inhonesto,
2041 3508 2096 3553 et

539 3592 681 3658 quod
709 3589 779 3642 ob
809 3588 1107 3658 nequitiam
1152 3596 1205 3642 et
1238 3591 1432 3642 malam
1466 3590 1802 3644 voluntatem
1839 3591 1985 3644 cives
2017 3590 2098 3642 in-

537 3681 695 3734 vasit.
740 3680 906 3752 208
940 3679 1054 3736 Hoc
1086 3694 1212 3734 vero
1243 3680 1405 3733 modo
1432 3679 1670 3734 divinam
1707 3695 1766 3736 se
1804 3681 2097 3734 Providen-

539 3773 665 3825 tiam
698 3771 890 3826 tollere
929 3771 1197 3826 nesciunt.
1226 3769 1417 3825 Omnia
1447 3771 1590 3824 enim
1619 3786 1650 3824 a
1693 3771 1802 3825 Deo
1833 3771 2093 3840 pendent,

535 3863 624 3917 cui
654 3863 834 3918 onmis
864 3863 998 3919 fides
1031 3862 1280 3919 habenda
1306 3872 1413 3929 est,
1430 3877 1606 3932 neque
1637 3863 1746 3917 ullo
1774 3866 1934 3916 modo
1959 3861 2098 3916 divi—

536 3970 605 4009 na
635 3954 978 4024 providentia
1009 3962 1184 4024 potest
1208 3953 1341 4008 falli.
1371 3954 1690 4010 Necessario
1717 3956 2095 4023 consequitur,

534 4046 803 4118 quidquid
830 4046 1020 4101 divina
1045 4044 1398 4100 Providentia
1423 4045 1812 4116 pracognitum
1835 4055 1938 4101 est.
1963 4045 2097 4110 Qui-

537 4140 639 4194 bus
658 4156 763 4193 non
793 4148 937 4193 tanta
956 4138 1125 4208 gloria
1143 4137 1394 4208 contigit,
1413 4153 1506 4192 eos
1525 4139 1680 4193 facile
1704 4153 1894 4192 omnes
1921 4137 1974 4191 in
2001 4139 2098 4192 de-

539 4231 629 4282 bili
651 4239 706 4283 et
731 4245 867 4298 vaga
889 4229 1060 4298 gloria
1083 4244 1283 4298 ponere
1301 4230 1499 4282 divina:
1521 4230 1884 4284 Providentia:
1906 4230 2100 4284 funda-

539 4329 720 4373 ma-uta
752 4335 858 4374 non
889 4329 1019 4388 puto
1051 4319 1105 4372 in
1141 4320 1208 4374 iis
1234 4319 1398 4374 rebus
1423 4335 1543 4388 quae
1574 4336 1669 4388 per
1697 4335 1856 4374 omne
1887 4332 2099 4388 tempus

539 4413 871 4482 proveniunt
931 4411 1366 4482 provenientque
1416 4412 1631 4465 sublato
1687 4411 1843 4465 firmo
1899 4412 2092 4467 fulcro.

2195 3235 2414 3304 ἀγυιὰς,
2459 3233 2664 3303 μεστὰς
2692 3231 2736 3282 δ’
2769 3229 2972 3299 ἀγορὰς
3015 3230 3109 3280 καὶ
3143 3229 3401 3287 πλατείας
3427 3225 3525 3288 τῆς
3567 3224 3758 3293 φήμης

2196 3325 2464 3390 ποιοῦσιν,
2510 3321 2947 3395 ἐπιρῤωννύντες
2981 3320 3150 3391 αὐτὴν
3177 3321 3264 3375 ἀεὶ
3293 3319 3388 3373 καὶ
3412 3319 3587 3398 πᾶκσαν
3618 3317 3760 3370 ἐπά-

2195 3439 2385 3493 γοντες
2439 3419 2728 3487 λοιδορίαν,
2775 3417 2985 3470 δικαίου
3035 3417 3163 3485 πέρι
3228 3416 3319 3467 κςῙί
3355 3414 3540 3467 ἀδίκου
3595 3413 3763 3478 μηδὲν

2196 3507 2473 3573 ἐξετάζειν
2501 3507 2726 3571 εἰδότες,
2761 3504 2883 3574 μηδ’
2914 3507 2994 3568 είς
3032 3505 3158 3558 νοῦν
3187 3504 3508 3573 βαλλόμενοι
3543 3502 3617 3564 ὡς
3641 3501 3763 3564 ἐξὸν

2197 3601 2275 3672 τῷ
2317 3601 2485 3670 πατρί
2536 3616 2661 3668 μου,
2695 3596 2762 3651 δι’
2809 3597 2872 3660 ἀς
2916 3596 3154 3658 ἅπαντες
3187 3596 3366 3647 ἴσασιν
3408 3594 3607 3654 αἰτίας,
3654 3595 3763 3645 lla.-

2197 3692 2474 3757 λαιολόγον
2518 3689 2682 3742 αὐτὸν
2721 3688 2932 3742 ἀνελεῖν
2975 3687 3113 3757 ὁμοῦ
3145 3691 3208 3757 τῇ
3260 3688 3453 3756 μητρὶ,
3503 3687 3544 3738 δ’
3576 3685 3631 3738 δέ
3667 3687 3761 3736 καὶ

2198 3783 2444 3854 γαμϐρὸν
2475 3780 2568 3835 ἐπὶ
2595 3785 2658 3852 τῇ
2691 3783 2797 3851 ἐμῇ
2830 3780 3198 3852 προσείληψεν
3229 3779 3430 3848 ἀδελφῇ
3469 3779 3564 3831 καὶ
3603 3777 3758 3846 ἡμῶν

2199 3875 2573 3947 προτετίμηκε
2595 3875 2706 3928 τῶν
2733 3875 2916 3928 υίέων.
2957 3873 3073 3926 Νῦν
3101 3874 3144 3925 δ’
3195 3870 3609 3924 ἐπιϐουλεύοντα
3644 3869 3766 3938 βλέ-

2200 3986 2393 4033 ποντες
2431 3971 2639 4022 ἐκεῖνον
2687 3967 2782 4021 καὶ
2821 3968 3005 4021 πᾶσαν
3049 3967 3297 4036 μηχανὴν
3350 3964 3598 4018 κινοῦντα
3635 3963 3764 4014 καθ’

2201 4063 2378 4131 ἡμῶν,
2415 4061 2508 4113 καὶ⁵
2546 4061 2664 4112 δέον
2705 4060 2902 4128 μισεῖν,
2936 4058 2984 4110 oi
3025 4057 3070 4110 δ’
3098 4058 3292 4126 ἐκείνῳ
3329 4058 3428 4126 μὲν
3453 4055 3768 4126 προστίθεν·

2199 4170 2290 4206 ται
2345 4153 2495 4224 πάσῃ
2532 4150 2754 4221 γλώσσῃ
2802 4166 2864 4202 τε
2896 4150 2990 4203 καὶ
3028 4148 3244 4219 γνώμῃ,
3273 4149 3362 4200 τὸν
3389 4148 3430 4199 δ’
3457 4146 3583 4214 ἐμδν
3609 4148 3772 4215 ἀκρί-

2198 4261 2304 4307 τως
2325 4242 2540 4312 μισοῦσι
2559 4241 2790 4310 πατέρι,
2817 4241 2893 4294 ὅτ’
2924 4239 3364 4309 ἀναγκαζόμενος
3391 4241 3470 4302 εἰς
3500 4237 3762 4307 βοήθειαν

2211 4331 2602 4402 προσκαλεῖται
2628 4331 2954 4401 βαρϐάρους,
2985 4329 3324 4399 ἀμυνόμενος
3377 4329 3465 4380 διὰ
3511 4327 3767 4395 γαμϐροῦ

2201 4443 2272 4494 γα
2279 4424 2450 4494 μϐρδν
2467 4423 2764 4490 ἀλλοφύλου
2781 4423 2876 4490 μὲν
2892 4420 3359 4490 ὁμόφυλον,εύγνώ
3368 4436 3523 4488 μονος
3535 4418 3577 4471 δ’
3595 4418 3770 4485 ἀγνῶ-

537 4505 722 4574 Neque
760 4503 905 4558 enim
939 4519 1060 4572 quae
1108 4517 1215 4557 non
1267 4513 1493 4572 possunt
1535 4504 1844 4558 necessario
1877 4506 2090 4560 evenire

2208 4535 2365 4586 μονα,
2399 4517 2492 4570 καὶ
2523 4517 2639 4584 ἅμα
2668 4513 2903 4579 ἐπεξιὼν
2931 4514 3220 4574 κακονοίας
3245 4517 3334 4566 καὶ
3369 4512 3628 4574 ἀϐουλίας
3656 4515 3769 4572 τοῖς

535 4597 695 4663 plane
737 4595 918 4665 qualia
953 4604 1139 4664 postea
1173 4603 1356 4660 erunt,
1404 4595 1521 4650 ha‘c
1564 4610 1686 4650 cum
1735 4596 1946 4650 infinita
1991 4598 2099 4649 sint

533 4686 909 4742 verisimiliter
938 4687 1103 4742 etiam
1138 4697 1263 4742 ante
1297 4689 1554 4757 cognosci
1579 4705 1814 4757 unquam
1850 4697 2094 4756 possunt.

536 4778 613 4831 lta
661 4779 844 4832 omnia
892 4794 1175 4833 sacrorum
1210 4779 1600 4847 prophetarum
1629 4779 1772 4832 dicta
1804 4794 1939 4836 vana
1970 4788 2100 4833 sunt

531 4879 627 4923 aut
677 4871 721 4925 si
776 4871 867 4941 qui
920 4869 1159 4925 Dodona:
1211 4879 1308 4924 aut
1344 4870 1412 4924 ad
1464 4871 1782 4938 Delphicum
1827 4870 2095 4939 tripodem

530 4962 811 5030 erantqui
849 4961 1267 5014 consulentibus
1311 4960 1493 5015 futura
1536 4961 1928 5030 praedicabant,
1972 4977 2095 5016 cum
2138 4989 2140 4992 ν

533 5051 779 5106 infinitas
811 5052 1055 5110 scientia:
1091 5051 1292 5106 ﬁnibus
1339 5053 1713 5107 circumscribi
1759 5068 1867 5106 non
1903 5055 2093 5122 possit.

533 5145 719 5211 Itaque
749 5144 800 5196 in
847 5143 965 5212 ipsa
1017 5145 1372 5199 obtrectanda
1403 5145 1586 5198 divina
1625 5143 1966 5199 Providentia
1997 5146 2093 5198 de-

533 5237 972 5296 prehenduntur.
1003 5236 1070 5291 Et
1112 5237 1360 5304 ineptum
1411 5246 1677 5305 quantum
1723 5246 1778 5291 et
1829 5237 1988 5306 quale
2026 5237 2097 5291 sit

534 5328 674 5378 naut
730 5327 959 5382 multum
1016 5327 1190 5393 abest,
1245 5327 1375 5396 quin
1431 5327 1716 5398 imperitus
1761 5328 1994 5397 quisque
2043 5337 2094 5380 et

533 5418 687 5469 rudis
731 5427 893 5488 atque
941 5418 1173 5488 agrestis
1202 5419 1363 5487 plane
1403 5418 1686 5490 intelligat.
1725 5418 1828 5485 Qui
1863 5433 1986 5472 cum
2022 5419 2095 5471 ita

531 5508 596 5562 nd
627 5511 917 5564 inusitatos
945 5511 1082 5566 fines
1105 5527 1374 5580 rupesque
1398 5523 1544 5568 esset
1567 5512 1830 5581 depulsus
1856 5511 2093 5582 perfacili

529 5616 660 5654 sane
719 5601 902 5657 animo
957 5602 1149 5659 fuisset
1197 5603 1240 5658 si
1301 5619 1409 5659 non
1473 5604 1819 5674 infragilibus
1878 5612 2096 5672 putaret

530 5695 956 5752 necessitatibus
986 5697 1201 5753 vinctos
1226 5713 1408 5754 rerum
1445 5697 1845 5768 praeteritarum
1886 5695 2094 5750 futura-

534 5803 761 5857 rumque
791 5802 1021 5848 eventus
1056 5791 1372 5858 procedere,
1407 5801 1461 5847 ct
1493 5790 1692 5860 cuique
1731 5788 1936 5843 homini
1971 5788 2094 5842 infi-

2204 4608 2492 4678 ὑπηκόοις.
2533 4608 2645 4660 Καὶ
2683 4606 2818 4674 τῶδε
2846 4605 2925 4676 τῷ
2955 4606 3142 4674 τρόπῳ
3165 4605 3266 4674 τὴν
3298 4604 3450 4657 θείαν
3485 4603 3774 4671 ἀναιροῦν-

2200 4713 2290 4759 τες
2310 4696 2410 4748 οὖκ
2439 4694 2587 4747 ἴσασι
2617 4695 2898 4762 πρόνοιαν,
2931 4694 3022 4746 καὶ
3043 4692 3144 4762 τὴν
3168 4691 3635 4762 ἐπιπορευομένην
3657 4693 3769 4752 τοῖς

2201 4785 2522 4854 πράγμασιν
2549 4781 2866 4844 ἀθετοῦντες
2901 4781 3150 4850 ἀνάγκην
3174 4781 3288 4850 ,τῆς
3317 4780 3505 4848 τύχης.
3541 4779 3771 4831 Πάντων

2201 4881 2310 4947 γάρ
2339 4877 2414 4941 ὼς
2445 4876 2589 4938 εἰκὸς
2620 4874 3097 4945 προεγνωσμένων
3129 4872 3267 4941 Θεῷ,
3301 4874 3395 4925 καὶ
3435 4872 3569 4923 πᾶσι
3601 4886 3770 4921 πεπι-

2203 4969 2500 5036 στευμένου
2555 4967 2722 5037 μήπω
2764 4964 2826 5036 μ’.
2869 4965 2969 5018 H3
2995 4962 3070 5034 val
3105 4964 3291 5033 μηδενί
3326 4979 3401 5032 τῳ
3452 4961 3640 5031 τρόπῳ
3671 4962 3770 5028 τὴν

2201 5055 2352 5109 θείαν
2398 5055 2600 5122 ἐξεῖναι
2652 5053 3047 5122 διαψευσθῆναι
3101 5053 3378 5118 πρόνοιαν,
3430 5048 3769 5116 ἐξάνάγκης

2201 5147 2492 5201 ἀκολουθεῖ
2523 5147 2616 5198 καὶ
2647 5147 2754 5200 πᾶν
2784 5145 2847 5198 τὸ
2881 5147 2944 5214 τῇ
2986 5144 3108 5214 θείᾳ
3155 5142 3598 5214 προεγνωσμὲνυν
3638 5158 3772 5208 προ-

2201 5241 2320 5310 νοίᾳ.
2355 5238 2731 5307 πεπράξεσθαι
2767 5237 2905 5290 καθα
2928 5238 3022 5289 καὶ
3053 5239 3454 5306 προέγνωσται.
3486 5229 3580 5297 Οἷς
3601 5234 3644 5287 δ’
3669 5237 3772 5305 οὐχ

2199 5328 2340 5382 οὕτω
2373 5328 2530 5397 δόξης
2563 5328 2708 5398 ἔχειν
2745 5319 3056 5396 συμϐαίνει,
3088 5327 3186 5379 οὐκ
3215 5327 3280 5380 ἂν
3331 5325 3583 5396 φθάνοιεν
3617 5321 3770 5379 οὗτοι

2201 5421 2400 5483 πάντες
2425 5423 2513 5474 ἐπ’
2556 5420 2814 5473 ἀϐεϐαίου
2851 5421 2944 5472 καὶ
2976 5420 3338 5487 πλανωμένης
3374 5417 3650 5486 τιθέμενοι
3680 5417 3771 5469 δό-

2199 5514 2320 5582 ξης,
2345 5513 2421 5577 ὡς
2447 5513 2619 5581 ἔγωγε
2645 5509 2820 5584 οἶμαι,
2847 5515 2974 5576 τοὺς
3005 5513 3103 5582 τῆς
3132 5512 3282 5571 θείας
3315 5511 3595 5580 θεμελίους
3631 5526 3771 5578 προο

2199 5606 2368 5670 νοίας,
2402 5605 2486 5675 ἐφ’
2531 5608 2630 5659 ὃσα
2661 5609 2752 5659 τὸν
2791 5606 2968 5659 πάντα
3021 5605 3210 5674 χρόνον
3256 5604 3533 5674 προϐαίνει
3576 5621 3633 5653 τε
3672 5602 3769 5654 καὶ

2200 5697 2538 5768 προϐήσεται
2567 5699 2662 5751 τυῦ
2689 5698 3078 5768 βεϐαιώσοντος
3105 5697 3203 5748 οὐκ
3229 5696 3380 5756 δντος
3412 5695 3763 5764 ἐρείσματος.

2199 5785 2295 5853 Οἷς
2321 5791 2426 5862 γὰρ
2481 5791 2579 5846 οὐκ
2618 5793 2764 5846 ἐστιν
2820 5789 2876 5856 ἐξ
2907 5789 3151 5860 ἀνάγκης
3198 5787 3422 5858 βεϐαίαν
3455 5787 3762 5856 κεκτῇσθαι
