3994 6204
470 264 573 322 183

1624 272 1798 332 NICE
1808 273 2037 334 PHORI
2073 275 2460 338 GREGORrE

3595 272 3706 335 1θί

464 373 626 429 uibus
656 373 1077 432 circumscribit.
1129 379 1358 434 Perinde
1406 394 1469 434 ac
1502 377 1546 434 si
1577 381 1703 449 quis
1753 380 2034 437 ambulare

2152 382 2443 452 ἱπλότητος
2491 383 2772 455 ίσταμένῳ
2826 383 3005 454 μένων
3034 383 3127 437 τόν
3159 382 3336 436 πάντα
3384 378 3574 440 ατῶνα,
3599 380 3703 430 κᾶν

463 461 700 534 aliquem
716 465 906 522 videns
921 466 1336 532 referat,verum
1355 468 1536 524 dicere
1552 485 1676 524 eum
1693 485 1914 526 necesse
1929 481 2036 526 est.

469 553 577 608 Nec
603 557 1187 628 tamen,,quod.verum
1209 560 1298 615 ille
1329 569 1535 626 narrat,
1576 561 1647 615 ob
1669 576 1788 616 eam
1819 576 2040 617 causam

468 647 555 700 hic
593 647 862 712 ambulat,
903 649 996 704 sed
1031 652 1177 720 quod
1214 651 1306 720 qui
1333 651 1596 715 ambulat,
1619 651 1898 707 ambulare
1925 653 2041 722 ipse

465 739 600 802 vult,
624 742 936 814 necessario
951 741 1011 795 fit
1029 750 1086 796 ut
1107 758 1294 798 verum
1317 743 1406 798 ille
1429 753 1630 798 narret.
1653 743 1828 815 thui
1848 743 2043 797 ambu-

466 832 542 884 lat
560 847 780 886 causam
798 833 890 886 dat
908 848 1008 887 cur
1037 834 1129 889 ille
1143 851 1333 890 verum
1352 835 1519 900 dicat,
1543 835 1613 890 ita
1634 845 1830 905 utpost
1850 850 2040 889 causa-

465 932 578 976 tum
595 929 831 977 narratio
848 925 1028 980 locum
1047 926 1399 982 obtineat.0b
1417 929 1730 983 societatem
1749 927 2039 998 quamdam

464 1009 708 1069 narratio
725 1017 943 1071 videtur
973 1033 1096 1086 qua:
1126 1030 1384 1090 tanquam
1419 1019 1597 1088 imago
1628 1019 1880 1089 sequitur
1899 1019 2041 1072 veri-

467 1107 594 1159 t:.tis
612 1109 838 1163 omnino
865 1110 1250 1164 necessitatem
1277 1111 1498 1165 habere.
1522 1110 1626 1166 Sed
1645 1126 1732 1166 res
1749 1126 1856 1165 non
1879 1111 1950 1163 ita
1983 1125 2042 1165 se

465 1193 647 1249 habet.
662 1196 872 1252 Etenim
888 1213 987 1254 nec
1001 1183 1270 1254 narrantis
1282 1199 1524 1254 narratio
1541 1214 1638 1254 nec
1655 1199 1890 1254 videntis
1905 1199 2043 1253 visio

466 1288 633 1344 ullam
656 1292 1042 1346 necessitatem
1063 1292 1297 1361 imponit
1319 1291 1656 1347 ambulantis
1689 1291 1955 1345 voluntati
1985 1300 2043 1346 ct

467 1381 739 1437 libertati.
768 1383 948 1454 Atque
966 1383 1011 1438 si
1043 1383 1342 1450 videbitur,
1370 1384 1640 1438 rationem
1669 1384 1812 1439 hanc
1831 1399 1930 1454 per
1958 1385 2039 1438 al-

471 1483 650 1528 terum
690 1475 1002 1546 exemplum
1026 1474 1302 1545 quoddam
1336 1474 1769 1544 probabiliorem
1791 1474 2040 1532 reddam.

473 1565 746 1622 Ponamus
777 1567 943 1637 igitur
971 1567 1206 1636 aliquem
1239 1568 1446 1636 lignum
1479 1567 1656 1622 tribus
1687 1567 1895 1622 cubitis
1918 1567 2038 1620 lon-

470 1663 598 1725 gum
631 1656 698 1710 ad
739 1657 916 1711 baculi
949 1674 1104 1713 usum
1142 1669 1338 1728 sponte
1365 1658 1512 1713 domi
1546 1669 1850 1726 secantem,
1892 1659 2044 1724 nullo

472 1743 604 1797 toris
629 1743 854 1814 jubente
884 1759 950 1800 ex
978 1745 1234 1818 omnibus
1261 1746 1352 1814 qui
1387 1745 1612 1800 domum
1649 1755 2048 1815 praetereuntes

470 1823 872 1890 eum'cernuul.
929 1836 1040 1891 Nec
1087 1850 1218 1890 vero
1253 1837 1388 1906 ipse,
1417 1847 1476 1891 ut
1511 1837 1728 1906 opinor,
1768 1835 2048 1892 dubitabis

472 1926 604 1988 quin
630 1928 700 1981 ob
732 1927 1014 1982 hominum
1045 1927 1409 1998 frequentiam
1443 1938 1840 1999 praetereuntes
1861 1928 2046 1984 statim

472 2023 700 2080 cerna‘nt
725 2027 776 2073 et
811 2019 1124 2090 intelligant
1153 2035 1260 2090 qua
1300 2020 1371 2074 sit
1393 2020 1739 2090 longitudine
1771 2030 1827 2075 et
1854 2022 2046 2075 latitu-

469 2108 600 2164 dine
628 2109 920 2176 baculum;
949 2110 1151 2164 nullam
1187 2119 1371 2165 autem
1399 2111 1536 2164 visio
1568 2111 1719 2180 Operi
1753 2111 2050 2165 necessita-

475 2213 585 2258 tem
617 2203 801 2257 infert.
851 2203 906 2257 Si
955 2203 1120 2272 igitur
1147 2203 1292 2257 Deus
1332 2203 1477 2256 sicut
1529 2202 1819 2270 praesentia
1870 2203 2049 2257 cernit

475 2303 530 2350 et
568 2309 688 2364 qua:
717 2302 847 2349 sunt
863 2303 919 2347 et
953 2309 1074 2369 quze
1107 2294 1268 2362 212
1297 2293 1477 2346 futura
1513 2307 1642 2347 sunt
1671 2293 1874 2354 omnia.
1914 2308 2049 2364 quo.

477 2387 642 2442 modo
671 2387 820 2441 dii-at
852 2385 1144 2455 quisquam
1176 2386 1268 2439 Dei
1301 2386 1567 2440 visionem
1597 2395 1653 2440 et
1674 2387 2046 2454 cognitionem

477 2481 639 2534 ullam
667 2479 866 2534 afferre
893 2480 1279 2533 necessitatem
1307 2478 1374 2533 iis
1409 2494 1532 2548 qua:
1581 2489 1706 2533 nata
1738 2479 1915 2534 libero
1948 2493 2050 2533 nec

475 2572 586 2626 ullo
627 2571 910 2625 dominatu
957 2570 1224 2624 obstricto
1275 2569 1469 2624 ordine
1541 2571 1932 2640 perficiuntur?
1979 2571 2050 2627 Ut

473 2664 621 2719 cnim
671 2663 956 2720 hominum
987 2663 1230 2717 omnium
1257 2663 1403 2717 nulla
1429 2663 1568 2718 visio
1598 2662 1664 2718 iis
1686 2678 1806 2733 quae
1835 2663 1888 2717 in
1914 2678 2050 2733 prte-

477 2760 619 2814 senti
650 2757 766 2812 tieri
801 2767 1129 2822 cernuntur,
1157 2758 1230 2812 ita
1266 2769 1367 2812 nec
1400 2757 1492 2811 Dei
1518 2756 1880 2827 praecognitio
1929 2757 2048 2811 sive

477 2849 720 2922 cognitio
751 2849 817 2904 iis
843 2864 964 2916 quae
994 2847 1133 2903 fiunt
1159 2849 1324 2904 ullam
1358 2863 1598 2918 unquam
1629 2848 1738 2901 vim
1770 2847 1926 2902 affert
1948 2863 2050 2902 ncc

476 2939 792 3000 necessitati
827 2943 1138 2997 libertatem
1169 2940 1338 2994 semel
1369 2940 1554 2995 datam
1587 2939 1832 3009 subiicit.
1873 2937 2045 2994 Simi-

476 3037 606 3091 liter
631 3036 780 3090 enim
813 3034 954 3088 Deus
989 3048 1051 3087 ea
1085 3047 1206 3107 quae
1233 3031 1371 3087 fiunt
1422 3042 1477 3087 et
1508 3046 1628 3100 qua:
1689 3031 1870 3085 futura
1919 3038 2049 3092 sunt
2075 3058 2121 3121 ο

479 3127 680 3198 cernit,
717 3127 869 3180 nullo
902 3125 1226 3180 discrimine
1253 3123 1606 3194 interposito,
1630 3124 1833 3194 quippe
1863 3123 1954 3193 qui
1996 3124 2050 3177 in

478 3217 834 3288 simplicitate
885 3217 1190 3288 praesentia!
1245 3231 1358 3272 suae
1399 3217 1664 3272 continuo
1714 3226 2052 3287 permaneat.

481 3311 740 3366 llactiam
772 3309 1080 3364 libertatem
1117 3309 1319 3380 cuique
1365 3309 1550 3364 datam
1610 3323 1893 3377 nunquam
1942 3325 2054 3364 non

482 3403 756 3458 concedit.
786 3403 1016 3464 Idcirco,
1049 3411 1105 3456 ut
1131 3402 1264 3468 dixi,
1295 3415 1395 3459 nec
1423 3400 1710 3469 providere
1743 3409 1799 3456 et
1829 3415 2056 3470 procog-

2141 479 2218 548 τῷ
2248 481 2474 550 μηδαμῆ
2519 460 2651 534 ποτε
2691 481 3125 551 παραλλάττοντι
3180 477 3437 532 ἐνεστῶτι
3481 476 3705 543 ἱστάμε-

2143 587 2253 635 νος.
2285 572 2396 625 Kai.
2441 570 2584 642 δρῶν
2615 573 2676 627 οὐ
2705 571 2796 645 βίᾳ
2831 571 3269 644 μεταρῤυθμίζει
3298 566 3402 622 τινὶ
3432 567 3462 620 δ
3487 566 3584 634 τὴν
3607 566 3704 630 cip-

2143 663 2244 733 χὴν
2272 666 2387 726 τοῖς
2432 664 2797 734 ἀνθρωπίνοις
2854 664 3160 734 θελήμασιν
3193 661 3393 715 ἔδωκεν
3451 656 3706 718 αὐτεξού-

2145 772 2280 811 σιον.
2302 756 2531 826 Ὅμοιον
2562 757 2671 830 γὰρ
2700 757 2766 812 ἂν
2798 759 2884 827 εἰη
2911 757 3102 825 ὥσπερ
3131 756 3199 809 ἂν
3241 755 3294 806 εί
3314 771 3396 815 τις
3419 748 3708 822 ’βαδίζοντά

2141 863 2264 900 τινα
2314 846 2527 917 βλέπων
2561 848 2882 917 ἐξαγγέλλοι
2922 850 2990 918 τῇ
3038 845 3275 917 γλώττῃ.
3322 843 3426 896 Τὸν
3478 841 3575 911 μέν
3619 840 3708 889 λέ-

2143 954 2311 1006 γοντα
2377 939 2666 1010 ἀληθεύειν
2704 940 2940 1011 ἀνάγκη,
2993 940 3054 993 ού
3116 939 3299 1008 μέντοι
3335 952 3398 1004 γε
3458 933 3604 1004 παρὰ
3644 932 3710 982 τδ

2145 1028 2432 1096 ἀληθεύειν
2480 1032 2574 1084 τὸν
2632 1031 2862 1099 λέγοντα
2920 1033 2950 1085 6
2993 1029 3224 1099 βαδίζων
3273 1027 3502 1095 βαδίζει.
3551 1025 3710 1078 Ἀλλά

2144 1117 2452 1187 τοῦμπαλιν
2478 1119 2612 1174 διότι
2638 1122 2666 1173 ὁ
2697 1120 2930 1191 βαδίζων
2954 1120 3192 1189 βαδῗζειν
3220 1116 3560 1188 βεϐούληται,
3580 1116 3713 1183 ὀλη-

2146 1209 2324 1263 θεύειν
2352 1210 2412 1272 ἐξ
2433 1212 2679 1282 ἀνάγκης
2703 1210 2761 1284 [ί.
2797 1212 2899 1266 IN
2923 1211 3002 1284 0.]
3027 1210 3315 1281 συμϐαίνει
3345 1208 3434 1261 τόν
3463 1207 3711 1272 λέγοντα.

2146 1299 2259 1353 Καὶ
2287 1301 2471 1352 δίδωσι
2511 1300 2611 1368 μέν
2634 1301 2734 1371 τὴν
2766 1303 2951 1355 αἰτίαν
2983 1301 3010 1354 6
3043 1300 3273 1370 βαδίζων
3291 1297 3384 1352 τοῦ
3414 1313 3477 1364 γε
3504 1296 3593 1348 τὸν
3623 1295 3713 1346 λέ-

2144 1409 2308 1460 γοντα
2338 1391 2653 1463 ἀληθεύειν,
2678 1392 2778 1465 τὴν
2821 1393 2878 1446 δὲ
2905 1391 3001 1447 τοῦ
3031 1391 3276 1472 αίτιατρῦ
3319 1389 3502 1460 χώραν
3530 1385 3718 1439 δεύτε-

2147 1499 2241 1552 ρος
2271 1481 2442 1536 ἐπιὼν
2474 1486 2503 1538 6
2529 1483 2687 1552 λόγος
2727 1485 3016 1554 λαμεάνει.
3079 1482 3189 1536 Καὶ
3234 1481 3383 1534 δοκεῖ
3442 1479 3540 1549 μὲν
3573 1475 3719 1530 κατά

2149 1577 2444 1644 μετουσίαν
2476 1575 2600 1629 τινὰ
2653 1577 2748 1630 καὶ
2798 1577 2826 1630 6
2859 1575 3016 1644 λόγος
3051 1574 3126 1638 ὡς
3178 1573 3446 1641 ἑπόμενον
3485 1568 3720 1637 ίιιδαλμα

2145 1667 2244 1735 τὴν
2269 1667 2364 1720 τοῦ
2416 1667 2706 1738 ἀληθεύειν
2761 1667 2908 1740 ἔχειν
2957 1668 3104 1741 ὅπως
3137 1665 3260 1720 ποτ’
3308 1665 3574 1733 ἀνάγκην,
3616 1662 3720 1714 οὐκ

2080 1733 2118 1787 Β
2148 1733 2262 1826 Eiet
2295 1758 2340 1811 δ’
2375 1755 2470 1812 οὖν
2490 1733 2657 1812 ’τούδέ
2693 1733 3093 1829 γὰρὀύδεμίαν
3125 1758 3368 1825 ἀνάγκην
3400 1752 3514 1806 οὗθ’
3549 1755 3576 1806 6
3620 1751 3720 1804 τοῦ

2149 1849 2372 1917 λέγοντο
2385 1869 2401 1912 ;
2429 1851 2588 1918 λόγος
2617 1849 2733 1905 οὗθ’
2782 1853 2813 1904 6
2847 1849 2945 1903 τοῦ
3001 1849 3288 1920 βλέποντος
3335 1844 3614 1916 ὀφθαλμὸς
3651 1843 3720 1910 τῇ

2149 1937 2244 1990 τοῦ
2306 1938 2617 2007 βαδίζοντος
2643 1938 2952 2007 ἐπήνεγκεν
2998 1933 3284 2006 ἐλευθερίᾳ
3318 1934 3458 1986 κατὰ
3487 1933 3588 2001 τὴν
3622 1929 3721 1982 τοῦ

2152 2028 2390 2099 βαδίζειν
2411 2029 2708 2084 ἀδέσποτον
2731 2029 2970 2098 θέλησιν.
3000 2029 3110 2081 Καὶ
3139 2026 3346 2080 είδοκεϊ
3374 2021 3723 2092 γυμναστέον

2149 2117 2308 2182 αὖθις
2342 2121 2434 2174 τὸν
2481 2121 2642 2189 λόγον
2674 2119 2760 2190 ἐφ’
2791 2121 2983 2191 ἐτέρου
3008 2120 3154 2181 τινὸς
3198 2118 3602 2192 ὑποδείγματος
3632 2131 3724 2164 τε-

2149 2209 2437 2278 λεώτερον·
2475 2209 2678 2263 κείσθω
2703 2210 2814 2278 γάρ
2837 2227 2958 2263 τινα
3003 2211 3247 2279 τήμερον
3285 2209 3527 2278 τρίπηχυ
3563 2203 3723 2267 ξύλον

2151 2303 2280 2371 φέρε
2319 2303 2493 2356 εἰπεῖν
2517 2304 2598 2365 είς
2631 2301 2830 2372 ῥάϐδου
2857 2303 3049 2373 χρείαν
3081 2301 3139 2367 ἐξ
3185 2297 3532 2368 αὐτοσχεδίου
3561 2295 3725 2362 θελήο-

2152 2413 2288 2456 σεως
2335 2394 2549 2448 οἴκοθεν
2579 2395 2839 2459 ἀποξέειν
2875 2392 3297 2464 μεταποιοῦντα,
3332 2389 3555 2459 μηδενὸς
3609 2387 3725 2439 τῶν

2152 2487 2406 2542 ἁπάντων
2447 2487 2614 2556 μηδὲν
2644 2488 3025 2549 ἐπιτάττοντος
3052 2481 3255 2550 ἔξωθεν
3288 2485 3403 2537 ὅσοι
3431 2480 3724 2551 παριόντες

2151 2580 2372 2652 ὁρῶσιν.
2405 2581 2520 2633 Οὐκ
2551 2581 2619 2634 ἂν
2669 2575 2763 2632 οὖν
2796 2579 2910 2632 οὐδ’
2940 2579 3121 2640 αὐτὸς,
3151 2571 3329 2646 οἶμαι,
3369 2572 3724 2644 ἀμφισϐητή-

2154 2688 2308 2734 σειας
2337 2671 2412 2743 μὴ
2437 2673 2555 2724 κατ’
2591 2671 2794 2743 ἀθρόαν
2825 2671 2956 2734 τοὺς
2998 2671 3299 2739 παριόντας
3342 2663 3637 2734 περίληψιν
3666 2665 3725 2715 6-

2153 2763 2254 2834 ρᾷν
2291 2763 2390 2833 μὲν
2432 2763 2527 2817 καὶ
2556 2763 2852 2830 γινώσκειν
2883 2761 3047 2824 εὐθὺς
3091 2760 3265 2829 ὁπόση
3299 2759 3394 2812 καὶ
3423 2757 3512 2812 οἶα
3547 2754 3724 2824 μῆκος

2153 2850 2268 2920 ἅμα
2301 2851 2395 2904 καὶ
2427 2849 2631 2913 πλάτος
2676 2851 2707 2920 ἡ
2744 2850 2961 2920 ῥάϐδος,
2998 2848 3272 2918 μηδεμίαν
3299 2845 3345 2899 δ’
3394 2843 3619 2912 ἐπάγειν
3665 2841 3728 2893 ἀ-

2153 2941 2364 3011 νάγκην
2391 2942 2457 3010 τῇ
2489 2940 2688 3009 πράξει
2715 2941 2814 3011 τὴν
2841 2939 2994 2994 θέαν.
3027 2940 3092 2994 El
3122 2937 3215 2991 οῦν
3235 2939 3330 2990 καὶ
3355 2935 3487 2998 Θεδς
3515 2935 3588 2996 ὡς
3607 2935 3729 2986 ἐνε-

2155 3033 2333 3086 στῶτα
2366 3033 2525 3088 πάντ’
2571 3032 2658 3086 ἐπ’
2694 3032 2816 3103 τσης
2867 3033 2970 3105 όρᾷ
2998 3032 3069 3086 τά
3111 3048 3172 3084 τε
3209 3030 3276 3106 δὴ
3325 3029 3585 3098 γινόμενα
3629 3026 3730 3079 καὶ

2154 3127 2515 3196 γενησόμενα,
2549 3127 2603 3177 τί
2638 3142 2722 3189 τις
2783 3124 2846 3178 ἂν
2877 3124 2992 3195 ἔχοι
3045 3123 3226 3191 λέγειν
3254 3121 3328 3185 ὡς
3374 3122 3406 3190 ἡ
3454 3119 3550 3174 τοῦ
3585 3117 3728 3172 Θεοῦ

2155 3217 2357 3289 θεωρία
2395 3220 2497 3272 καὶ
2527 3218 2738 3285 γνῶσις,
2761 3218 3008 3287 ἀνάγκην
3039 3217 3235 3282 ἐπάγει
3277 3213 3400 3268 τινὰ
3432 3214 3543 3276 τοῖς
3575 3211 3731 3263 ἐλεύ-

2154 3309 2315 3380 θερον
2341 3311 2615 3365 τελεῖσθαι
2643 3311 2737 3364 καὶ
2758 3312 3054 3365 ἀδέσποτον
3073 3307 3342 3378 πεφυκόσι
3369 3307 3462 3359 τὸν
3484 3305 3690 3375 τρόπον
3711 3320 3726 3368 ;

2156 3404 2372 3474 Ὠσπερ
2423 3407 2533 3475 γὰρ
2577 3405 2700 3458 ούδέ
2746 3404 2852 3457 τῶν
2889 3404 3191 3472 ἀνθρώπων
3235 3401 3461 3468 οὐδεμία
3503 3415 3586 3460 τις
3617 3397 3729 3449 τῶν

485 3508 714 3548 noscere
745 3493 936 3554 Deum.
967 3508 1130 3562 quam
1162 3491 1348 3547 videre
1369 3498 1772 3560 etcognoscere
1798 3490 2052 3544 malueris

2160 3497 2440 3562 ἁπάντων,
2470 3495 2547 3560 ὡς
2601 3497 2836 3568 εἴρηται.
2871 3496 2993 3566 ὄψις
3022 3496 3293 3564 ἀνάγκην,
3327 3487 3407 3551 οἷς
3445 3492 3511 3545 ἂν
3539 3492 3603 3542 ἐκ
3632 3487 3728 3542 τοῦ

487 3587 690 3649 dicere,
719 3601 842 3642 cum
873 3585 1165 3656 praeteritis
1221 3584 1386 3640 simul
1422 3595 1477 3640 et
1516 3583 1717 3639 futuris
1758 3584 1851 3654 qui
1901 3583 2052 3637 locus

2167 3589 2509 3656 παρήκοντος
2541 3587 2851 3658 γινομένοις
2875 3589 2996 3660 ὁρᾷ,
3035 3584 3262 3656 μηδαμῆ
3308 3587 3502 3652 ἐπάγει
3544 3581 3729 3652 βιαίαν

483 3678 796 3734 vindicetur
819 3678 1000 3733 nullus
1024 3677 1356 3732 inveniatur.

2164 3679 2444 3746 οὐδεμίαν,
2479 3678 2655 3743 οὕτως
2704 3679 2812 3733 οὐδ’
2858 3681 2891 3750 ἡ
2948 3677 3040 3732 τοῦ
3105 3676 3241 3730 Θεοῦ
3289 3664 3729 3744 είτεπρόγνωσιν

486 3774 666 3844 λέγειν
705 3773 882 3844 χρεὼν
933 3773 1041 3826 εἴτε
1097 3773 1323 3840 γνῶσιν⁹
1389 3765 1470 3835 οἷς
1509 3769 1609 3841 δρᾷ
1647 3768 1994 3840 γιγνομένοις
2061 3775 2123 3829 ού
2162 3772 2339 3845 βίαιον
2371 3774 2566 3842 ἐπάγει
2595 3773 2804 3827 οὐδέσιν
2835 3773 3008 3840 οὐδὲν,
3045 3770 3155 3824 οὐδ’
3183 3771 3397 3839 ἀνάγκη
3426 3766 3605 3822 δουλοῖ
3630 3765 3728 3834 τὴν

486 3869 634 3934 άπαξ
656 3867 748 3922 ὑπ’
781 3867 946 3921 αὐτοῦ
1011 3865 1306 3934 δεδομένην
1359 3864 1687 3935 ,ἐλευθερίαν
1751 3866 1864 3928 τοῖς
1920 3867 2264 3937 πράγμασιν.
2303 3867 2423 3921 Ἐπ’
2460 3868 2582 3938 ῐσης
2619 3869 2728 3938 γάρ
2764 3870 2793 3922 6
2825 3869 2958 3932 Θεὸς
2984 3870 3099 3940 ’ὁρᾷ
3137 3867 3202 3921 τὰ
3245 3863 3509 3936 γινόμενά
3537 3879 3596 3915 τε
3633 3862 3731 3916 καὶ

485 3960 851 4031 γενησόμενα,
885 3958 979 4012 καὶ
1009 3957 1159 4015 οὐδὲν
1221 3955 1423 4026 μᾶλλον
1489 3955 1638 4026 αύτῷ
1685 3957 1833 4026 παρὰ
1897 3957 2124 4027 θάτερον
2165 3957 2414 4026 θάτερον,
2454 3961 2510 4012 ἐν
2541 3962 2608 4030 τῇ
2642 3958 2906 4026 ἁπλότητι
2953 3961 3130 4028 μένων
3171 3958 3256 4012 ἐπ’
3294 3959 3414 4028 ἴσης
3441 3955 3600 4017 αὐτὸς
3634 3953 3730 4008 τοῦ

486 4055 754 4124 σφετέρου
805 4051 1070 4122 διηνεκῶς
1115 4047 1450 4110 ἐνεστῶτος·
1485 4046 1581 4100 καὶ
1609 4047 1812 4116 ὁμοίως
1857 4048 1946 4102 ἀεὶ
1992 4049 2053 4102 τὸ
2125 4049 2409 4119 δεδομένον
2473 4052 2731 4116 ἑκάστοις
2776 4050 3054 4104 ἐνδίδωσιν
3100 4048 3469 4115 αὐτεξούσιον.
3510 4049 3600 4100 Διὸ
3634 4047 3731 4100 καὶ

485 4147 637 4201 οὐδὲν
671 4143 893 4211 μᾶλλον,
931 4143 1004 4203 ὼς
1045 4143 1280 4211 εἴρηται,
1311 4139 1475 4210 φαίης
1513 4139 1579 4192 ἂν
1646 4140 1738 4193 τὸν
1782 4140 1914 4216 Θεδν
1960 4143 2216 4213 προορᾷψ
2252 4160 2310 4195 τε
2367 4144 2459 4196 καὶ
2530 4141 2927 4213 προγινώσκειν
2978 4144 3011 4216 ἦ
3083 4145 3214 4214 ιῖρᾷν
3267 4143 3360 4197 καὶ
3415 4139 3728 4210 γινώσκειν,

485 4239 580 4293 τοῦ
644 4235 894 4310 χρονικοῦ
959 4234 1352 4307 παρῳχηκότος
1406 4234 1520 4302 ἅμα
1578 4235 1670 4286 καὶ
1707 4234 1994 4302 μέλλοντος
2045 4237 2128 4288 ἐνί
2167 4253 2236 4304 γε
2299 4237 2376 4309 τῷ
2405 4239 2592 4310 τρόπῳ
2637 4237 2838 4303 τελέως
2896 4237 3152 4294 ἐντεῦθεν
3211 4237 3586 4306 ἐξωθουμένου
3620 4227 3733 4288 καὶ

491 4335 677 4409 χώραν
741 4330 889 4401 αὐτῷ
919 4330 1302 4400 προσήκουσαν
1333 4325 1589 4394 οὐδεμίαν
1625 4327 1837 4396 οὐδαμῆ
1873 4328 2313 4397 ἐφευρίσκοντος.
2382 4349 2384 4352 '

559 4429 798 4491 XXVIII.
829 4425 969 4495 Quid
994 4425 1161 4495 igitur
1181 4440 1208 4477 a
1239 4421 1718 4501 criminationibus
1757 4434 1964 4494 patrem
1988 4422 2052 4478 ad

2237 4428 2372 4482 KH'.
2417 4426 2483 4480 Τί
2515 4428 2696 4481 τοίνυν
2729 4427 2787 4492 ἐς
2807 4427 2867 4480 τὸ
2898 4426 3076 4482 ἀθῶον
3105 4426 3270 4490 αὐτὸς
3298 4425 3632 4496 παρεξάγεις
3665 4427 3734 4481 τά

493 4523 868 4585 innocentiam
899 4534 1128 4576 revocas
1184 4517 1393 4572 incerta
1424 4517 1695 4573 sententia
1719 4507 1877 4582 ‘cutn
1941 4528 2058 4573 arte

490 4619 722 4692 quadam
746 4617 800 4669 in
831 4624 976 4669 tuam
1015 4626 1128 4666 rem
1163 4622 1316 4663 versa
1343 4616 1398 4661 et
1441 4609 1716 4664 rationum
1762 4607 1956 4663 fraude
1985 4607 2054 4660 ad

488 4711 826 4767 voluntatem
853 4704 1042 4761 studes
1092 4711 1310 4756 mutare
1353 4714 1441 4760 ea,
1468 4699 1673 4768 quibus
1703 4715 1918 4770 ptenam
1967 4699 2058 4752 ille

491 4806 644 4862 dabit
678 4803 788 4858 Deo
829 4800 922 4870 qui
954 4797 1128 4852 cernit
1168 4804 1222 4848 et
1258 4792 1560 4865 dijudimt?
1609 4793 1822 4847 Etenim
1867 4801 2061 4860 sponte

491 4897 752 4969 profugus
774 4892 868 4947 Dei
899 4900 955 4945 et
991 4889 1222 4941 fortune
1247 4884 1437 4940 fausta:
1469 4883 1762 4954 glorithue
1787 4882 2062 4937 desiderio

491 4991 714 5050 ductus,
745 4984 814 5038 ab
839 4981 1030 5036 divino
1059 4977 1150 5032 illo
1183 4977 1300 5030 viro
1333 4985 1637 5045 seiunctus,
1661 4988 1824 5042 quam
1858 4971 2061 5043 glorio-

491 5094 612 5134 sum
651 5089 847 5131 nomen
881 5087 977 5142 per
1004 5077 1202 5123 terram
1235 5083 1419 5122 serere
1451 5066 1684 5126 studuit,
1747 5077 1852 5118 tam
1882 5065 2059 5132 inglo-

492 5171 694 5224 riosam
755 5177 988 5218 messem
1048 5169 1318 5229 perpetuo
1371 5156 1520 5212 facit.
1569 5155 1813 5212 Consilio
1845 5169 2081 5226 semper

493 5261 792 5317 destitutus
827 5271 854 5310 a
886 5252 1047 5324 213
1099 5242 1358 5304 felicitate
1409 5247 1678 5319 rejicitur,
1728 5259 1891 5318 atque
1942 5261 2065 5316 quze

495 5352 925 5428 persequebatur
949 5360 1206 5417 tanquam
1248 5344 1458 5414 optima
1514 5341 1844 5407 arbitratus,
1906 5341 2067 5396 exiis

497 5446 756 5502 nntnibns
788 5443 945 5513 plane
979 5441 1224 5510 dejectus
1268 5446 1352 5492 est
1395 5451 1424 5489 a
1465 5433 1685 5488 fortuna
1723 5433 1812 5488 cui
1861 5433 2069 5487 servie-

497 5543 593 5597 bat
624 5546 871 5593 cunctus.
925 5531 1028 5587 Ubi
1068 5532 1312 5586 omnium
1363 5541 1551 5596 regum
1601 5524 1984 5579 felicissimum
2011 5541 2068 5580 se

498 5649 617 5690 esse
655 5629 902 5700 putabat,
937 5624 1139 5678 ibidem
1175 5622 1392 5676 fortuna
1449 5619 1502 5672 in
1561 5618 1789 5672 alteram
1859 5625 2066 5685 partem

500 5727 762 5782 inclinata
795 5721 1048 5776 universo
1078 5715 1200 5772 vita:
1231 5711 1546 5786 spectaculo
1573 5720 1628 5767 ct
1658 5722 1928 5766 terrarum
1949 5709 2068 5764 orbi

2162 4518 2255 4573 τοῦ
2287 4521 2492 4594 πατρὸς
2517 4520 2865 4591 ἐγκλήματα,
2927 4518 3204 4589 σφαλερᾶς
3269 4517 3511 4580 διανοίας
3565 4516 3737 4586 εὔφη-

2155 4609 2266 4678 ,μόν
2297 4625 2419 4660 τινα
2474 4609 2575 4676 τὴν
2613 4609 2968 4679 ἀποστροφὴν
3034 4607 3579 4678 ἀντιμηγανώμενος,
3644 4609 3738 4660 καὶ
3785 4598 3787 4600 ’

2163 4701 2340 4768 λόγοις
2380 4701 2680 4772 ἀπατηλοῖς
2721 4702 2855 4772 πρὸς
2883 4702 2943 4754 τὸ
2976 4699 3307 4771 βουλόμενον
3349 4699 3604 4763 σπεύδεις
3643 4717 3740 4770 με-

2163 4794 2441 4848 τατιθέναι
2476 4792 2552 4851 ὧν
2572 4793 2928 4864 τὴνκόλασιν
2978 4793 3162 4863 ἔργοις
3198 4795 3404 4854 ἐκεῖνος
3437 4792 3625 4860 ὑφέξει
3661 4792 3740 4861 τῷ

2167 4881 2420 4950 βλέποντι
2451 4881 2514 4954 [ί.
2549 4882 2650 4936 H5
2674 4880 2748 4954 r.]
2778 4882 2872 4935 καὶ
2898 4881 3178 4951 κρινοῦντι
3222 4881 3378 4950 Θεῷ;
3418 4881 3602 4949 Φυγάς
3626 4881 3739 4948 γάρ

2165 4970 2448 5042 ἐθελοντὴς
2473 4969 2566 5024 τοῦ
2594 4969 2732 5022 Θεοῦ
2771 4966 3034 5037 γεγονὼς,
3067 4969 3162 5021 καὶ
3196 4969 3344 5038 πόθῳ
3389 4969 3736 5040 προσκαίρου

2165 5062 2336 5134 τύχης
2358 5063 2453 5115 καὶ
2487 5052 2645 5129 δόξης
2681 5058 2778 5113 τοῦ
2800 5060 2947 5113 θείου
2977 5059 3157 5128 φωτὸς
3205 5061 3418 5114 ἐκείνου
3481 5061 3742 5132 ἀπερρω-

2165 5155 2298 5223 γὼς,
2333 5154 2463 5226 περ’
2506 5156 2628 5208 ὅσον
2662 5153 2908 5220 ἐπίδοξον
2947 5152 3118 5222 ὄνομα
3173 5152 3263 5205 διὰ
3294 5152 3396 5222 γῆς
3435 5153 3740 5206 ἐσπούδακε

2169 5246 2440 5317 σπείρειν,
2471 5249 2621 5316 παρὰ
2657 5245 2916 5299 τοσοῦτον
2941 5245 3128 5310 ἄδοξον
3164 5247 3367 5315 στάχυν
3397 5246 3484 5298 ἀεὶ
3510 5244 3741 5316 θερίζει,

2167 5338 2238 5391 δι’
2272 5335 2531 5402 ἀδουλίαν
2594 5335 2682 5388 ast
2719 5334 2816 5386 τοῦ
2870 5333 3140 5402 βελτίονος
3193 5333 3740 5405 ἁπορραπιζάμενος·

2169 5429 2264 5481 καὶ
2294 5428 2330 5481 ἃ
2369 5427 2588 5480 διώκειν
2619 5426 2794 5478 εἵλετο
2819 5424 3047 5494 νομίσας
3086 5422 3225 5478 εἶναι
3247 5427 3481 5496 χρηστά,
3523 5426 3744 5479 πάντων

2169 5524 2529 5576 ἐκπέπτωκεν
2581 5521 2771 5592 ἄρδην,
2825 5521 2915 5590 ὑφ’
2976 5516 3044 5592 ἦς
3100 5522 3360 5589 ἐλάτρευε
3409 5520 3742 5590 διωκόμενος

2171 5614 2360 5684 τύχης.
2391 5650 2398 5655 ο
2429 5616 2538 5669 Ka‘.
2597 5615 2719 5668 ὅθεν
2782 5614 3266 5682 εὐδαιμονέστατος
3326 5615 3544 5664 πάντων
3585 5611 3740 5682 ᾠήθη

2175 5708 2423 5778 γίνεσθαι
2466 5708 2753 5779 βασιλέων,
2791 5706 3066 5777 ἐκείθενή
3123 5705 3419 5768 ἀντίπαλος
3449 5702 3745 5775 παραδῦσα
