3994 6204
317 297 420 360 185

1285 298 1730 358 ΒΥΖΑΝΤῙΝᾹΞ
1775 297 2162 360 HISTORL‘E
2200 299 2348 359 LIB.
2387 299 2667 361 XXVlII.

3456 301 3558 364 186

319 407 466 476 ῥύμη
495 404 596 475 τῆς
621 405 790 474 τύχης
821 402 990 458 αὐτοῦ
1031 405 1242 475 γυμνὸν
1287 406 1455 460 παντὶ
1488 405 1568 475 τῷ
1615 405 1710 458 τοῦ
1769 406 1877 476 βίου

1991 406 2146 460 illum
2175 405 2418 461 ostendit
2463 407 2788 464 destitutum
2828 421 2936 462 non
2987 405 3149 462 modo
3192 423 3222 462 a
3259 407 3368 464 Deo
3423 427 3557 478 uno,

316 498 532 568 θεάτρῳ
559 498 656 552 καὶ
683 497 874 566 κόσμῳ
907 497 1260 567 προδείκνυσι
1291 499 1364 565 μὴ
1402 498 1562 566 μόνον
1583 497 1678 550 τοῦ
1717 499 1884 567 μόνον

315 590 476 656 Θεοῦ,
515 590 650 643 ἀλλᾶ
671 591 766 643 καὶ
803 585 984 662 ἧσπερ
1013 589 1318 644 ἐσπούδακε
1345 589 1508 660 δόξης
1539 591 1884 662 προσκαίρου

315 686 519 754 τυχεῖν.
567 683 687 736 Ἐπ’
728 683 1124 752 οὐδεμιᾶς-γάρ
1153 680 1391 748 βεϐαίως
1421 682 1640 752 ἑστήξει
1676 685 1888 750 κρηπῖ-

317 777 408 836 δος
429 773 628 843 κλῆρος
659 774 820 842 δόξης
843 775 1022 836 οὐδεὶς
1079 775 1136 836 ὃς
1169 791 1228 826 τε
1275 772 1412 828 Θεοῦ
1471 773 1886 844 ἀποπεφοίτηκε

317 869 410 920 καὶ
429 866 489 918 δν
514 867 576 919 τὸ
593 867 692 935 τῆς
719 866 894 936 τύχης
921 867 1262 937 ἐχορήγησεν
1301 867 1560 921 ἄστατον.
1591 869 1748 920 Δυοῖν
1769 866 1880 936 γὰρ

319 955 600 1024 ἑπομένων
627 957 690 1026 τῇ
717 957 815 1025 τῆς
864 941 1206 1026 προσκαίρου
1241 957 1412 1028 τύχης
1462 957 1732 1028 εὐκληρίᾳ
1781 975 1885 1012 κα-

317 1042 448 1103 κῶν,
479 1042 512 1110 ἧ
545 1044 641 1096 καὶ
677 1043 846 1112 ἄμφω
878 1048 1188 1118 περιχεῖται
1221 1049 1336 1108 τοῖς
1385 1045 1594 1108 ἀθλίοις
1649 1047 1884 1113 ἐναλλὰξ

316 1135 502 1186 ὁπόσοι
541 1133 748 1203 ταύτην
780 1134 1192 1204 ἀμφιέννυνται,
1231 1136 1263 1207 ἢ
1303 1137 1451 1190 δυοῖν
1501 1139 1755 1208 θάτερον.
1806 1140 1878 1192 ’Ἦ

315 1227 424 1294 γὰρ
453 1222 562 1278 οἶδε
591 1226 774 1294 τὸτῆς
811 1226 980 1296 τύχης
1031 1227 1286 1294 ἄστατον,
1327 1230 1424 1282 καὶ
1476 1229 1711 1282 δεδιέναι
1769 1229 1876 1300 τὴν

313 1315 580 1383 αἰφνίδιον
605 1317 822 1384 ἀνάγκη
877 1317 1184 1388 μεταϐολὴν
1237 1319 1346 1382 ἀεὶ,
1383 1320 1476 1370 καὶ⁴
1526 1317 1608 1386 τῷ
1656 1321 1883 1388 συνεχεῖ

311 1407 410 1460 τοῦ
435 1407 592 1470 δέους
611 1407 950 1477 εὐδαιμονεῖν
994 1409 1256 1479 ἀσφαλῶς
1311 1409 1534 1480 μηδαμῆ
1577 1413 1882 1482 συγχωρεῖ-

313 1499 464 1565 σθαι,
491 1501 586 1553 καὶ
624 1501 906 1572 παρούσης
931 1501 1031 1570 μὲν
1061 1502 1351 1555 λυπεῖσθαι
1389 1502 1478 1556 διὰ
1500 1502 1600 1572 τὴν
1625 1507 1724 1574 τῆς
1742 1505 1880 1556 ἀπο-

312 1587 479 1656 ϐολῆς
509 1588 716 1654 ἐλπίδα,
765 1589 988 1659 ῥυείσης
1009 1587 1056 1642 δ’
1086 1585 1156 1643 αὖ
1183 1587 1474 1643 λυπεῖσθαι
1517 1591 1605 1646 διὰ
1643 1591 1742 1662 τὴν
1757 1593 1880 1646 ἐνα-

311 1681 654 1747 πομένουσαν
701 1681 922 1750 μνήμην
971 1681 1066 1734 καὶ
1104 1681 1208 1752 τήν
1235 1698 1298 1750 γε
1329 1681 1392 1742 δὴ
1436 1683 1535 1754 τῆς
1561 1683 1880 1754 ἀναλήψεως

1989 513 2184 552 verum
2211 499 2376 555 etiam
2407 501 2476 554 ab
2512 499 2629 570 ipsa
2657 516 2764 569 qua
2795 499 2902 554 frui
2935 499 3106 555 voluit
3129 499 3368 566 fortuna,
3438 503 3555 557 Non

1987 590 2134 646 enim
2171 591 2328 645 firmo
2381 592 2544 646 stabit
2576 592 2938 646 fundamento
2973 592 3142 663 gloria
3178 593 3287 646 ulla
3345 609 3491 662 quae,
3523 610 3554 648 a

1989 681 2101 736 Deo
2133 693 2400 753 separata,
2456 700 2486 738 a
2541 685 2790 739 mutabili
2829 685 3048 740 fortuna
3085 687 3385 741 constituta
3444 695 3550 743 est.

1989 777 2227 830 Duorum
2257 779 2402 832 enim
2427 778 2693 831 malorum
2722 793 2843 846 quae
2871 777 3060 832 faustae
3090 778 3325 832 fortunae
3355 788 3556 832 sortem

1985 877 2314 937 sequuntur,
2349 877 2442 922 aut
2475 867 2638 922 ambo
2667 867 3078 936 perfunduntur
3115 870 3382 922 aerumnis
3433 883 3558 938 quae

1985 957 2133 1012 illam
2165 958 2529 1022 circumdant,
2561 966 2655 1012 aut
2679 969 2832 1012 certe
2859 958 3216 1016 alterutrum.
3271 959 3380 1012 Aut
3405 958 3554 1012 enim

1985 1056 2233 1104 metuere
2263 1047 2558 1114 fortunam,
2587 1048 2806 1116 cognita
2833 1049 2953 1118 ejus
2977 1043 2982 1048 ⁴
3007 1048 3399 1116 inconstantia,
3459 1063 3560 1102 ne-

1984 1153 2140 1194 cesse
2175 1148 2280 1206 est,
2313 1149 2368 1194 et
2398 1141 2453 1194 in
2490 1148 2816 1209 perpetuum
2865 1155 2926 1194 se
2958 1141 3092 1195 dare
3123 1141 3330 1203 timori,
3383 1157 3450 1195 ne
3501 1143 3556 1195 in

1985 1246 2178 1287 secura
2204 1230 2468 1286 felicitate
2497 1241 2775 1296 versetur,
2809 1231 3048 1300 denique
3095 1247 3219 1286 cum
3249 1233 3336 1286 illa
3375 1235 3552 1296 adest,

1983 1323 2108 1392 angi
2137 1337 2360 1378 necesse
2391 1333 2474 1378 est
2502 1323 2572 1378 ob
2596 1323 2826 1393 jactura:
2863 1334 3090 1388 metum,
3127 1322 3338 1392 dilapsa
3365 1334 3550 1378 autem

1985 1427 2176 1468 rursus
2204 1413 2330 1483 angi
2369 1412 2441 1468 ob
2481 1413 2800 1468 memoriam
2829 1415 2949 1484 ejus
2977 1421 3030 1468 et
3065 1415 3549 1482 recuperationem

1983 1505 2348 1576 desperatam.
2375 1506 2468 1560 Sin
2499 1520 2634 1560 vero
2667 1519 2786 1559 eam
2819 1505 3019 1568 nos-cit,
3065 1504 3262 1558 beatus
3291 1519 3411 1558 esse
3443 1519 3556 1558 non

1983 1605 2184 1668 potest.
2218 1595 2352 1652 Nam
2378 1613 2500 1666 qua:
2531 1597 2690 1652 adest
2735 1597 3076 1666 voluptatem
3125 1596 3432 1665 possessori
3487 1595 3561 1649 af-

1987 1691 2120 1745 fert.
2153 1689 2446 1755 Quomodo
2469 1697 2654 1744 autem
2682 1687 2812 1742 felix
2837 1703 2958 1743 esse
2999 1688 3224 1757 poterit.
3258 1686 3354 1756 qui
3387 1687 3563 1740 sensi-

311 1773 624 1838 ἀπᾶγνωσιν
649 1788 664 1802 ·
699 1774 856 1844 ἢούκ
899 1769 1034 1838 οἶδε,
1075 1775 1169 1827 καὶ
1216 1776 1291 1846 μὴ
1350 1776 1506 1836 είδὼς
1543 1776 1656 1829 οὐδ’
1703 1775 1877 1828 εὐδαί-

1989 1781 2184 1838 bussid
2221 1795 2330 1836 non
2359 1780 2615 1850 percipit,
2645 1780 2792 1850 quod
2847 1781 3133 1850 possidere
3175 1779 3390 1832 videtur
3413 1779 3436 1832 ἲ
3463 1779 3558 1834 Sin

319 1881 460 1933 μων.
494 1863 750 1934 Παροῦσα
782 1869 882 1936 μὲν
908 1867 1018 1935 γάρ
1049 1867 1247 1935 ἡδονὴν
1263 1867 1364 1920 οὐκ
1419 1869 1534 1938 ἔχει
1559 1870 1766 1938 τουτῳὶ
1793 1884 1884 1922 κε-

317 1959 572 2027 κτημένῳ
591 1974 604 1988 ·
629 1959 722 2010 καὶ
739 1958 857 2021 πῶς
883 1957 947 2012 ἂν
974 1959 1058 2030 εἴη
1089 1958 1363 2026 εὐδαίμων
1389 1961 1486 2030 τὴν
1505 1960 1759 2028 αἴσθησιν
1784 1961 1884 2014 οὐκ

315 2045 460 2112 ἔχων
491 2038 566 2098 ῶν
596 2045 902 2116 κεκτῆσθαι
935 2048 1128 2112 δοκεῖς
1159 2046 1258 2099 "Av
1303 2048 1348 2100 δ’
1387 2047 1485 2117 ὀψὲ
1532 2049 1625 2101 καὶ
1674 2054 1736 2102 τὸ
1783 2048 1882 2118 τῆς

317 2137 540 2204 φύσεως
561 2133 694 2190 ίδιον
721 2137 1016 2208 ἐπενέγκῃ,
1039 2137 1185 2206 λέγω
1205 2137 1270 2209 δὴ
1295 2137 1394 2208 τὴν
1427 2139 1734 2210 μεταϐολὴν
1756 2139 1886 2193 ἐαυ-

311 2230 528 2301 τῆς,τῷ
549 2232 650 2300 τῆς
678 2231 947 2300 αἰφνιδίου
971 2232 1289 2302 ἐκπλήξεως
1324 2232 1720 2302 ὑπερϐάλλοντι
1753 2251 1881 2288 συν-

319 2323 524 2376 ανεῖλεν
558 2325 728 2377 ὲνίοτε
771 2326 866 2377 καὶ
923 2324 996 2395 ab
1052 2325 1178 2394 ζῇν.
1241 2311 1350 2378 Καὶ
1400 2324 1730 2395 προλέλοιπε
1783 2325 1884 2394 μὲν

327 2411 478 2464 αὑτὸν
509 2411 668 2474 εὐθὺς
691 2411 720 2464 ὅ
759 2387 1175 2484 προλιπῗίνμὲν
1216 2415 1318 2466 οὐκ
1367 2387 1631 2483 ἦνάύτῷ
1703 2387 1884 2484 βουλο-

337 2503 490 2573 μένῳ,
523 2504 950 2558 καταλέλειπται
987 2504 1032 2558 δ’
1076 2506 1240 2568 αὐτὸς
1279 2503 1392 2558 οὗθ’
1443 2505 1522 2568 ὼς
1563 2505 1884 2559 καταλελεῖ-

337 2595 452 2663 φθαι
470 2595 754 2666 νενόμικεν
789 2596 905 2650 οὗθ’
929 2597 1005 2653 ὡς
1063 2595 1216 2667 βιοῦν
1257 2603 1596 2667 προῄρηται.
1637 2595 1880 2650 Τοιαῦτα

339 2687 430 2757 γὰρ
455 2689 516 2744 si
547 2688 658 2743 τῶν
677 2687 946 2760 χρονικῶν
981 2688 1322 2762 πραγμάτων
1358 2687 1626 2757 ἐγκύκλια
1653 2686 1882 2754 παίγνια

341 2787 422 2836 καὶ
446 2787 488 2838 οι
511 2787 608 2856 τῆς
629 2785 804 2856 τύχης
829 2786 1093 2854 γέλωτες,
1121 2786 1250 2839 σκιά
1285 2786 1362 2854 μὴ
1417 2781 1746 2855 κρατεῖσθαι
1776 2797 1877 2832 πε-

339 2879 540 2945 ςυκυῖα,
565 2879 664 2932 καὶ
700 2877 952 2933 ἀνούσιον
992 2879 1164 2946 ὄνομα
1209 2879 1330 2940 ταῖς
1372 2877 1481 2929 τῶν
1533 2873 1880 2946 μικρολόγων

335 2968 416 3018 καὶ
447 2966 798 3036 μικροψύχων
870 2963 1320 3034 ἑπιπλανὼμινον
1370 2963 1718 3032 φαντασίαις.
1788 2963 1878 3016 Διὸ

1983 1889 2118 1928 vero
2157 1882 2346 1942 postea
2381 1881 2592 1926 naturae
2621 1872 2910 1942 proprium
2951 1871 3134 1932 feret,
3196 1863 3556 1924 mutationem

1985 1979 2140 2018 suam
2169 1963 2316 2027 dico,
2357 1963 2648 2032 repentino
2675 1963 3106 2032 perturbationis
3153 1962 3360 2031 impetu
3395 1959 3560 2032 214

1983 2056 2260 2110 interdum
2291 2057 2462 2124 ipsam
2505 2053 2674 2108 vitam
2703 2054 2865 2118 tollit,
2893 2063 2948 2108 et
2980 2052 3113 2106 illud
3156 2067 3281 2106 eum
3313 2053 3556 2120 reliquit,

1981 2144 2128 2215 quod
2163 2143 2478 2213 relinquere
2505 2157 2640 2200 sane
2702 2127 2948 2198 nolebat.
3005 2141 3252 2197 Relictus
3303 2141 3420 2210 ipse
3473 2149 3560 2216 est

1981 2250 2160 2305 neque
2197 2243 2257 2290 ut
2303 2235 2543 2303 relinqui
2595 2251 2654 2290 se
2691 2241 2985 2304 putaverat
3041 2241 3310 2302 nequeut
3371 2232 3558 2286 vivere

1981 2333 2366 2380 consueverat.
2405 2324 2530 2380 llaec
2556 2325 2704 2380 enim
2724 2341 2850 2392 'qurc
2881 2325 2934 2377 in
2965 2333 3212 2392 tempore
3236 2322 3304 2376 ab
3329 2337 3396 2376 eo
3417 2321 3558 2376 facta

1981 2427 2114 2474 sunt
2147 2416 2520 2486 ludibriorum
2564 2415 2980 2472 vicissitudines
3033 2423 3164 2469 sunt
3217 2424 3275 2469 et
3321 2413 3558 2470 fortuna:

1987 2511 2156 2574 risus,
2184 2510 2380 2563 umbra
2413 2524 2536 2578 quae
2573 2525 2682 2564 non
2707 2507 3102 2577 comprehendi
3136 2517 3314 2578 potest
3369 2519 3424 2562 et
3475 2509 3560 2562 io-

1979 2611 2084 2650 ane
2103 2609 2302 2650 nomen
2320 2595 2466 2664 quod
2493 2597 2544 2649 in
2567 2595 3048 2664 pusillanimorum
3070 2596 3350 2650 hominum
3373 2607 3556 2653 mente

1979 2697 2253 2741 versatur.
2279 2685 2647 2752 Quamobrem
2676 2686 3200 2742 facillimeinfinitis
3233 2689 3555 2744 mutationi-
3581 2683 3606 2702 ⁴

1979 2779 2084 2834 bus
2105 2788 2364 2848 tanquam
2399 2787 2730 2832 tesserarum
2789 2777 3034 2832 millibus
3062 2778 3301 2832 eruitur.
3353 2779 3418 2832 Et
3455 2780 3554 2849 qui

1981 2871 2034 2925 in
2058 2870 2318 2925 felicitate
2351 2885 2672 2940 permanere
2705 2869 3080 2926 vehementer
3111 2871 3306 2936 voluit,
3341 2887 3372 2925 ο
3395 2889 3558 2928 secu~

1977 2964 2139 3029 ritate
2171 2963 2294 3036 eius
2323 2963 2486 3020 facile
2509 2963 2750 3036 ejicitur.
2783 2963 2888 3032 Qui
2923 2981 3052 3022 vero
3081 2975 3278 3038 sponte
3318 2981 3436 3020 eam
3473 2983 3557 3021 re—

335 3060 416 3112 καὶ
445 3063 616 3132 ῥᾷστα
663 3060 880 3130 μυρίοις
926 3059 1364 3129 ἀναμοχλεύεται
1415 3056 1601 3119 κύϐοις
1645 3055 1877 3124 μεταϐο-

1979 3058 2200 3128 linquit,
2231 3057 2300 3111 ad
2338 3057 2507 3112 Deum
2539 3057 2810 3112 bonorum
2836 3072 2970 3112 sane
2991 3057 3188 3112 ducem
3217 3057 3400 3112 animo
3419 3073 3555 3112 eou-

333 3151 424 3204 λῶν
452 3153 834 3223 ἀτεκμάρτων.
871 3152 983 3204 Καὶ
1007 3153 1034 3204 ό
1065 3149 1276 3220 σφόδρα
1315 3149 1487 3202 θέλων
1517 3149 1652 3217 αὐτῇ
1687 3164 1872 3214 παρα-

333 3247 492 3316 μένειν
519 3246 612 3300 τοῦ
643 3245 828 3317 μένειν
858 3244 1106 3316 ἀσφαλὴς
1141 3244 1610 3314 ἀποσφενὼνᾶται
1635 3243 1858 3314 ῥαδίως·

1977 3166 2163 3213 νειεοι
2204 3147 2496 3204 incolumis
2521 3147 2648 3203 vitai
2679 3157 2874 3204 aestum
2930 3149 3214 3219 superabit
3267 3165 3447 3220 neque
3475 3151 3558 3204 in-

1970 3242 2140 3298 sidias
2169 3255 2271 3295 nec
2302 3240 2590 3296 latrocinia
2627 3241 2874 3296 omnium
2906 3241 3191 3294 hominum
3226 3240 3468 3296 timebit.

326 3337 416 3392 ὁδὶ
439 3339 646 3412 ταύτης
675 3342 774 3412 μὲν
798 3339 1083 3409 ἐθελοντὴς
1116 3338 1402 3409 ικχωρῶν,
1432 3337 1551 3406 Θεῷ
1579 3337 1636 3390 δὲ
1661 3337 1740 3408 τῷ
1760 3335 1870 3390 τῶν
1907 3334 2192 3397 καλῶνλὼς
2259 3333 2477 3403 άληθῶς
2537 3331 2758 3404 χορηγῷ
2801 3331 3092 3404 προσέχων
3121 3333 3215 3385 τὸν
3269 3333 3418 3398 νοῦν,
3461 3333 3556 3385 εύ-

325 3433 505 3502 σταλὴς
529 3437 632 3502 τὴν
659 3433 752 3487 τοῦ
783 3433 898 3503 βίου
937 3433 1300 3502 παρατρέχων
1331 3431 1608 3486 θάλασσαν
1637 3430 1862 3498 ἔφεδρον
1899 3428 2188 3483 ἐπίϐουλον
2209 3426 2330 3480 οὐδὲ
2355 3426 2562 3497 λῃστὴν
2602 3427 2903 3496 φοϐήσεται
2927 3425 3148 3480 πάντων
3169 3425 3358 3478 οὐδένα
3397 3426 3558 3483 ποτέ.

385 3525 504 3581 KB’.
545 3525 612 3599 [f.
651 3527 754 3582 H5
781 3519 986 3598 0.]Kal.
1019 3527 1107 3580 ἳνα
1155 3543 1215 3580 σε
1249 3527 1306 3588 ἐς
1336 3525 1398 3578 τὸ
1429 3526 1692 3596 πρότερον
1727 3524 1870 3594 ἴχνος

323 3620 512 3676 ἐκείνου
551 3621 646 3674 τοῦ
695 3621 1098 3690 ὑποδείγματος·
1142 3619 1300 3680 αὖθις
1347 3618 1642 3686 ἀναγαγὼν
1691 3635 1868 3670 κατα-

321 3705 636 3760 κλείσωτὺν
681 3709 856 3776 λόγον,
901 3707 1151 3777 δεδειχὼς
1197 3707 1273 3770 ὡς
1317 3705 1594 3775 ἄνθρωποι
1640 3709 1750 3760 τῶν
1779 3709 1871 3760 ἀν-

325 3797 592 3866 θρωπίνων
619 3799 782 3854 αττιοι
815 3801 1056 3867 γίνονται
1101 3799 1398 3868 συμφορῶν
1430 3801 1522 3852 καὶ
1550 3800 1647 3870 οὐχ
1672 3803 1700 3852 ὁ
1734 3799 1868 3860 Θεὸς

321 3889 416 3942 οὐδ’
445 3892 478 3958 ή
513 3891 680 3944 αὑτοῦ
729 3892 1052 3958 πρόγνωσις,
1080 3891 1190 3944 οὐδ’
1223 3892 1436 3960 ἀνάγκη
1483 3909 1565 3954 τις
1616 3887 1875 3961 τυραννεῖ

2040 3521 2244 3578 XXIX.
2277 3522 2457 3592 Atque
2486 3530 2546 3576 ut
2573 3529 2626 3576 te
2673 3519 2740 3574 ad
2794 3519 2944 3574 illius
2985 3523 3219 3590 exempli
3264 3521 3554 3590 vestigium

1964 3615 2224 3670 reducam
2258 3613 2530 3686 finemque
2595 3611 2842 3680 orationi
2891 3611 3192 3682 imponam,
3255 3623 3550 3682 postquam

1965 3707 2188 3762 ostendi
2272 3705 2524 3760 homines
2590 3703 2756 3766 sortis
2815 3719 2928 3759 sua:
2991 3719 3114 3760 esse
3179 3717 3434 3760 auctores
3497 3715 3554 3759 et

1965 3811 2072 3851 non
2110 3799 2278 3850 Deum
2311 3809 2490 3864 neque
2519 3793 2638 3863 ejus
2679 3793 3080 3863 providentiam
3109 3810 3208 3849 nec
3247 3797 3550 3849 necessita-

1964 3893 2072 3940 tem
2098 3883 2389 3955 quamdam
2423 3884 2480 3938 iu
2508 3883 2618 3938 vita
2655 3877 2951 3948 dominari,
2994 3882 3088 3938 sed
3121 3883 3359 3938 liberum
3401 3885 3550 3938 arbi-

323 3977 404 4031 τοῦ
438 3979 552 4050 βίου
605 3981 728 4044 τοὺς
780 3981 994 4047 οἴακας,
1031 3983 1146 4034 ἀλλ’
1196 3983 1442 4036 ἑκούσιον
1486 3983 1698 4052 θέλημα
1744 3983 1872 4046 τοὺς

1979 3977 2134 4032 trium
2162 3975 2416 4030 malosiu
2453 3974 2593 4028 mala
2645 3975 2946 4045 projicere,
2999 3969 3172 4030 ad’ea
3221 3991 3344 4044 qua;
3401 3976 3548 4030 dic-ta

325 4078 506 4136 κακοὺς
534 4075 616 4136 είς
657 4075 802 4128 κακά
850 4075 1231 4144 παραπέμπει,
1259 4077 1554 4146 προσέχειν
1575 4079 1688 4139 τοῖς
1718 4077 1872 4142 λεγο-

1979 4077 2102 4123 sunt
2131 4077 2372 4122 mentem
2425 4064 2712 4120 attendere
2756 4075 2994 4136 oportet.
3068 4065 3542 4132 Quemadmodum

325 4165 490 4230 μένοις
541 4165 737 4236 χρεών.
783 4165 1053 4236 Καθάπερ
1098 4167 1231 4237 γὰρ,
1271 4166 1324 4218 εί
1363 4183 1446 4230 τις
1494 4168 1871 4238 μοχθηροτέρᾳ

1979 4162 2116 4214 enim
2152 4159 2198 4214 si
2223 4159 2350 4228 quis
2379 4158 2523 4213 malo
2557 4158 2710 4212 victu
2733 4168 2920 4213 utatur
2955 4159 3278 4229 plerumque
3329 4169 3386 4214 et
3418 4175 3548 4211 ven-

323 4259 448 4322 μετά
475 4258 568 4311 τοῦ
615 4257 860 4320 πλείονος
884 4259 1065 4327 χρῷτο
1101 4259 1283 4330 διαίτῃ
1329 4261 1424 4313 καὶ
1454 4259 1766 4329 ἀπᾴδουσαν
1793 4259 1870 4330 τῷ

1979 4262 2054 4308 ire
2104 4263 2466 4323 repugnante,
2495 4260 2760 4320 aegrotare
2807 4266 2934 4306 eum
2991 4258 3050 4305 et
3103 4251 3306 4306 multos
3336 4251 3552 4305 dolores

321 4355 496 4420 γαστρὶ
538 4351 842 4420 συμφοροίη
890 4351 1114 4419 τροφὴν,
1144 4350 1358 4418 ἀνάγκη
1407 4352 1586 4402 νοσεῖν
1621 4351 1710 4404 καὶ
1751 4351 1868 4404 δια.

1979 4343 2083 4414 pati
2109 4359 2334 4399 necesse
2355 4354 2480 4410 est;
2508 4357 2731 4398 causam
2754 4356 2886 4398 vero
2913 4341 3079 4412 hujus
3104 4341 3206 4405 rei,
3233 4342 3338 4394 nisi
3366 4342 3552 4412 :egroti

324 4441 502 4512 φόρους
547 4444 644 4496 καὶ
691 4443 856 4506 ἄλλας
913 4442 1212 4502 ἐπ’άλλαις
1255 4441 1560 4511 ἀλγηδόνας
1611 4441 1871 4510 διηνεκῶς

1979 4439 2245 4507 sentiendi
2281 4437 2612 4506 vivendique
2632 4435 2850 4500 rationi,
2873 4449 2976 4488 nec
2997 4433 3167 4486 victui
3201 4433 3324 4502 jure
3351 4434 3555 4486 tribue-

325 4531 620 4604 ὑπομένειν,
673 4535 768 4588 καὶ
813 4535 874 4588 τὸ
919 4535 1090 4588 αἴτιον
1123 4534 1261 4601 πλὴν
1304 4533 1412 4600 τῆς·
1441 4532 1532 4584 τοῦ
1570 4532 1870 4603 πάσχοντος

1979 4531 2046 4584 rit
2097 4530 2383 4600 quisquam
2413 4528 2579 4598 215
2619 4542 2719 4582 nec
2757 4526 2854 4580 ulli
2885 4523 3116 4578 homini.
3157 4519 3344 4591 Neque
3380 4523 3549 4575 etiam

325 4623 528 4694 γνώμης
575 4624 670 4676 καὶ
715 4624 1088 4694 προαιρέσεως
1137 4621 1261 4674 οὔτε
1299 4623 1366 4692 τῇ
1405 4623 1580 4693 τροφῇ
1611 4624 1870 4692 προστρί-

323 4713 456 4780 ψειεν
517 4715 580 4770 ἄν
627 4733 732 4778 ιτις
782 4715 1003 4778 δικαίως
1048 4712 1160 4767 οὔτ’
1216 4711 1522 4784 ἀνθρώπων
1569 4714 1764 4779 οὐδενὶ,
1809 4713 1870 4765 ού

327 4807 457 4874 μέντ’
496 4808 562 4860 ἀν
607 4807 728 4860 οὐδὲ
786 4808 905 4869 ταῖς
950 4807 1061 4860 τῶν
1109 4789 1356 4874 ὁρώντων
1397 4805 1733 4876 προρῥήσεσι
1776 4805 1873 4858 καὶ

327 4899 698 4967 προγνώσεσιν,
731 4897 786 4951 τί
836 4915 982 4961 τινες
1037 4895 1147 4950 εἷεν
1207 4898 1380 4966 ἰατροὶ
1427 4896 1606 4959 καλῶς
1653 4899 1719 4951 ἐκ
1773 4897 1872 4964 τῆς

323 4989 534 5060 ἀκαίρου
567 4991 772 5061 τροφῆς
825 4991 1036 5059 ἐκείνης
1083 4967 1470 5060 στοχαζόμενοί
1507 4991 1602 5040 καὶ
1635 5004 1874 5058 προανα-

321 5083 608 5160 φωνοῦιιτες
649 5084 730 5152 τῷ
779 5081 878 5152 μὲν
917 5081 1015 5153 τὴν
1059 5081 1351 5136 ἀκόλουθον
1389 5079 1563 5144 νόσον,
1590 5079 1670 5149 τῷ
1696 5080 1752 5132 δὲ
1781 5080 1872 5134 τὸν

321 5175 570 5244 ἑπόμενον
593 5175 966 5242 (livorem-ml.
995 5174 1244 5242 ἀνάγκην
1273 5173 1528 5240 οὐδεμίαν
1557 5174 1863 5244 ἐπήνεγκεν

319 5261 432 5315 οὔτε
461 5266 568 5324 τοῖς
601 5264 900 5334 νοσήμασιν
929 5261 1160 5325 ἐκείνοις
1182 5259 1306 5314 οὔτε
1344 5261 1423 5331 τῷ
1453 5261 1670 5332 θανάτῳ
1698 5263 1870 5331 πρόρ-

217 5357 228 5384 ‘
315 5359 466 5426 ῥησις
495 5356 590 5408 καὶ
625 5357 931 5424 πρόγνωσις
980 5353 1074 5408 τοῦ
1105 5353 1342 5416 συνετῶς
1387 5351 1624 5422 ὁρῶντος
1656 5353 1866 5424 ἰατροῦ,

309 5445 480 5508 οὕτως
507 5445 618 5498 οὐδ’
661 5447 696 5516 ή
731 5445 824 5498 τοῦ
861 5445 996 5499 Θεοῦ
1049 5445 1354 5516 πρόγνωσις
1387 5445 1604 5516 ἀνάγκη
1644 5445 1874 5498 συνωθεῖ

305 5541 429 5601 τοῦς
469 5539 879 5608 ἁμαρτάνοντας
917 5538 995 5600 είς
1044 5537 1104 5590 τὸ
1157 5537 1513 5606 ἁμαρτάνειν,
1554 5537 1659 5590 οὐδ’
1692 5537 1872 5606 ἁμαρ.

171 5669 198 5692 ,
305 5631 560 5690 τάνοντας
591 5629 657 5682 αὖ
692 5629 960 5690 παντοίοις
993 5631 1055 5680 ἐκ
1083 5629 1348 5681 παντοίων
1388 5609 1480 5680 tu".
1521 5627 1782 5691 ποικίλοις
1809 5631 1872 5682 ἐκ

307 5723 570 5778 ποικίλων
627 5723 818 5786 δεινοῖς
865 5722 1210 5792 περιπίπτειν
1264 5719 1562 5792 ἀμοιϐαδὸν
1611 5721 1704 5776 καὶ
1761 5715 1871 5774 οἷον

1973 4621 2446 4693 pnes'agitionibus
2475 4630 2531 4673 et
2565 4615 3091 4688 pra-cognitionibus
3123 4612 3172 4666 si
3205 4612 3402 4668 medici
3453 4613 3551 4666 ad-

1971 4725 2102 4770 sunt
2146 4711 2242 4784 qui
2292 4727 2358 4766 ex
2424 4710 2572 4765 victu
2623 4709 2720 4762 illo
2771 4705 3074 4776 conjiciunt
3127 4704 3256 4758 huic
3299 4705 3552 4760 morbum

1972 4805 2296 4865 affuturum,
2322 4800 2402 4856 illi
2431 4815 2562 4855 vero
2581 4807 2836 4864 mortem,
2865 4796 3072 4850 nullam
3104 4805 3286 4850 tamen
3313 4797 3553 4850 necessi—

1973 4904 2141 4952 tatem
2187 4893 2348 4950 all'ert
2389 4907 2492 4948 nec
2535 4889 2733 4944 morbo
2767 4903 2868 4944 nec
2903 4887 3068 4941 morti
3131 4885 3550 4956 prudentissimi

1973 4985 2172 5042 medici
2199 4981 2514 5055 praesagitio
2567 4989 2621 5034 et
2671 4973 3180 5048 pratcognitio.‘lta
3227 4991 3405 5044 neque
3454 4975 3550 5027 Dei

1972 5074 2326 5147 prwcognitio
2351 5070 2679 5126 necessitate
2711 5068 2882 5121 trahit
2907 5075 3196 5135 peccantes
3230 5065 3294 5118 ad
3318 5081 3552 5132 peccan-

1973 5167 2102 5222 dum
2128 5179 2228 5220 nec
2263 5171 2552 5232 peccantes
2583 5175 2649 5214 ex
2673 5158 2914 5222 miseriis
2945 5159 2997 5210 iu
3029 5157 3280 5210 miseriis
3307 5157 3544 5224 projicit,

1975 5271 2036 5316 ut
2066 5275 2164 5330 per
2195 5257 2480 5312 dililcilem
2528 5251 2908 5325 labyrinthum
2957 5257 3329 5319 pervagentur
3381 5239 3552 5304 et'ob

1974 5368 2166 5425 pinnas
2198 5365 2335 5422 quas
2367 5365 2392 5404 s
2421 5349 2471 5404 bi
2496 5347 2692 5402 ibidem
2735 5354 2932 5416 parant
2981 5341 3452 5398 sollicitudinibus
3495 5343 3551 5394 in

1975 5455 2308 5516 perpetuum
2362 5443 2704 5496 irretiantur.
2761 5437 3065 5491 Providere
3095 5437 3271 5518 Deum
3317 5451 3376 5488 ea
3428 5449 3550 5501 qua:

1973 5536 2154 5592 futura
2175 5543 2304 5590 sunt
2334 5543 2522 5604 utpote
2543 5532 2636 5602 qui
2671 5531 2928 5584 universa
2959 5538 3216 5597 tanquam
3251 5525 3549 5596 praesentia

1951 5619 2172 5682 'cernat
2200 5641 2422 5680 necesse
2449 5632 2557 5679 est.
2590 5626 2823 5678 Causam
2847 5637 2979 5675 vero
2999 5621 3266 5673 malorum
3289 5615 3548 5670 inducere

1974 5721 2092 5792 ejus
2115 5717 2518 5790 providentiam
2538 5729 2760 5771 necesse
2785 5729 2896 5769 non
2924 5723 3026 5768 cst.
3066 5711 3133 5765 Et
3152 5707 3337 5777 siquid
3359 5723 3420 5761 ex
3451 5707 3549 5762 bc-
