3994 6204
485 268 586 333 190

1660 266 2083 326 NICEPHORI
2126 261 2508 325 GREGOR/E

3607 253 3715 316 εοο

476 384 875 441 committebat.
936 384 999 439 Et
1071 382 1303 455 jubebat
1355 358 1625 435 ei'etiam
1675 380 1889 450 ﬂagella
1950 377 2039 432 ad-

2159 381 2301 449 μετὰ
2351 378 2447 433 τοῦ
2492 375 2783 431 Δαυϊτικοῦ
2834 373 3109 444 ψαλτῆρος
3179 370 3320 425 αἰδοῐ
3378 368 3547 440 πολλῇ
3590 373 3714 434 τοὺς

477 476 676 541 ltibcri,
705 475 870 546 229
899 485 958 529 ut
1013 475 1188 543 major
1250 471 1515 527 evaderet
1565 486 1725 541 paena
1770 470 2044 538 simulque

476 572 864 626 sodomiticum
898 580 953 625 et
995 567 1432 623 arrbcnomanize
1471 566 1664 620 vitium
1698 576 1910 619 naturas
1959 580 2045 619 re-

478 678 746 733 pugnans.
797 662 1010 722 Nescio,
1062 671 1243 714 utrum
1299 658 1404 712 tale
1464 657 1596 726 quid
1647 656 1714 711 ad
1775 656 2046 711 Christia-

477 771 576 809 nos
610 766 797 823 captos
822 752 1129 808 illudendos
1159 751 1336 805 facere
1388 749 1624 815 soleant,
1688 764 1758 802 an
1798 749 2046 802 tribuen-

475 848 602 900 dum
634 848 707 901 sit
760 846 959 899 divinae
1007 856 1390 913 supremzeque
1436 843 1684 913 justit'iaa,
1737 843 1829 911 qni
1865 842 2046 895 virum

477 940 649 1001 illum,
688 936 1055 1005 improbitatis
1118 934 1420 1006 grassantis
1470 934 1625 1003 quasi
1684 934 1878 988 ducem
1915 934 2047 987 Bar-

470 1029 731 1083 barornm
760 1027 1013 1081 manibus
1039 1026 1287 1089 tradidit,
1322 1040 1390 1079 ne
1423 1026 1627 1079 lateret
1671 1040 1786 1088 eos,
1838 1024 1930 1093 qui
1962 1041 2049 1079 re-

475 1132 595 1167 rnnt
634 1115 947 1169 divinarum
982 1126 1115 1169 sunt
1151 1114 1530 1183 imperitiores
1582 1115 1665 1169 vel
1720 1116 2050 1168 incuriosio-

476 1221 584 1267 res,
614 1205 1093 1275 flagitiosissimum
1113 1206 1234 1275 ejus
1256 1205 1576 1259 consilium.
1608 1205 1699 1259 Sic
1729 1206 2046 1275 superbiam

473 1298 716 1363 appellat
765 1298 1046 1367 superbia,
1073 1306 1129 1351 et
1156 1296 1424 1365 ﬂagitium
1458 1296 1631 1366 ipsius
1663 1296 1933 1365 pravitate
1968 1305 2050 1352 te-

469 1398 622 1442 ctum
683 1390 1223 1457 magniﬁcentissimo
1275 1390 1443 1445 hocce
1476 1388 1668 1448 .modo
1731 1389 2045 1458 apparebat.

476 1478 715 1548 Eamque
736 1480 807 1533 ob
832 1496 1047 1536 causam
1068 1491 1256 1551 gratus
1278 1488 1401 1536 erat
1432 1488 1796 1556 acceptusque
1848 1480 1917 1535 iis
1954 1481 2047 1550 qui

472 1570 717 1639 ejusdem
760 1581 922 1625 erant
968 1573 1150 1641 gentis
1173 1573 1547 1640 eumdemque
1588 1571 1842 1624 colebant
1870 1564 2045 1624 Deum

471 1675 527 1719 et
582 1666 723 1720 ultra
754 1665 1077 1735 dignitatem
1136 1676 1255 1721 erat
1284 1665 1521 1737 dignus;
1584 1667 1691 1719 hoc
1715 1664 1964 1719 externis
1990 1672 2049 1717 et

2152 473 2387 534 οἰκείους
2408 473 2595 541 τηρεῖν
2616 468 2941 523 ἐνετέλλετο·
2966 465 3232 519 εἰώθεσαν
3249 462 3358 531 γὰρ
3381 462 3475 515 καὶ
3498 462 3715 530 ἰσμαηο

2150 563 2294 616 λῖται
2318 565 2486 633 τιμᾷν
2523 564 2809 633 προφήτας
2840 577 2899 614 τε
2923 560 3168 621 ἅπαντας
3207 557 3304 609 καὶ
3352 554 3467 622 ἅμα
3488 552 3579 605 τὸν
3614 570 3717 604 σω-

2148 654 2290 724 τῆρα
2320 654 2553 723 Χριστὸν
2583 652 2660 715 ώς
2685 652 2784 704 ἕνα
2825 650 2934 705 τῶν
2980 648 3297 718 προφητῶν.
3336 645 3503 723 Τέλος
3545 642 3589 696 δ’
3618 645 3713 697 αὐ-

2147 746 2238 797 τὸν
2264 744 2616 814 γυμνωθῆναι
2665 742 2762 812 μὲν
2783 742 2894 795 τῶν
2921 739 3137 793 οἰκείων
3168 735 3552 807 προστεταχὼς
3587 735 3715 803 ίμα-

2149 839 2298 903 τίων,
2318 836 2582 907 νὲτεραλδέ
2610 852 2673 903 γε
2702 833 3038 905 διερρωγότα
3077 828 3419 900 μετενδῦναι,
3456 826 3716 895 κυνοτρὸ-

2151 947 2273 1000 φοις
2311 929 2452 981 τισὶν
2486 927 2648 981 αὐτὸν
2699 927 2778 989 είς
2837 926 3040 996 πρᾶσιν
3071 922 3326 975 ἐδεδώκει
3372 920 3583 989 τηρεῖν,
3616 918 3717 979 τάς

2148 1040 2209 1076 τε
2260 1022 2425 1085 ἀλλας
2474 1020 2937 1089 ἐγκελευσάμενος
2974 1017 3245 1087 μάστιγας
3293 1013 3519 1080 ἐπάγειν
3564 1009 3714 1079 αὑτῷ

2147 1116 2460 1185 τιμήματος
2504 1113 2668 1167 ἕνεκα
2715 1111 2959 1174 πλείονος
3005 1108 3142 1183 πρὸς
3171 1105 3336 1177 ὠνὴν,
3368 1105 3459 1158 καί
3504 1104 3623 1172 ἅμα
3653 1101 3715 1155 τὸ

2151 1207 2493 1276 σοδομιτικὸν
2524 1206 2620 1258 καί
2652 1202 2825 1273 παρά-
2849 1206 3012 1271 φύσιν
3058 1200 3231 1263 πάθος
3275 1198 3374 1267 τῆς
3404 1198 3712 1268 ἀρρενομα-

2148 1298 2289 1362 νίας,
2338 1298 2438 1351 οὐκ
2477 1293 2573 1350 οἷδ’
2625 1297 2908 1366 ὁπότερον,
2951 1293 3050 1347 εἰτ’
3100 1291 3292 1354 είωθὸς
3349 1288 3501 1357 σφίσι
3539 1286 3750 1338 ποιεῖν’

2148 1392 2230 1453 εἰς
2264 1390 2580 1460 ἐμπαιγμὸν
2628 1389 2738 1441 τῶν
2794 1385 3166 1451 ἁλισκομένων
3201 1377 3567 1452 Χριστιανῶν,
3610 1374 3713 1429 είτ*

2144 1482 2503 1545 ἐνδεδωκυίας
2530 1480 2632 1549 τῆς
2666 1479 2816 1543 θείας
2864 1477 3071 1533 ἀνωθεν
3116 1473 3272 1542 δίκης
3301 1471 3559 1535 ἐνταῦθα,
3607 1486 3713 1537 μα-

2148 1575 2446 1644 κροθυμεῖν
2482 1574 2558 1636 ὡς
2589 1573 2797 1627 ἐπίπαν
2829 1571 2890 1626 οὐ
2926 1571 3082 1642 μάλα·
3119 1567 3520 1638 ἀνασχομένης,
3550 1563 3583 1634 ἢ
3617 1562 3712 1615 τὸν

2148 1666 2427 1736 ἀλιτήριον
2453 1664 2530 1728 ὡς
2567 1664 2811 1735 ἀρχηγὸν
2836 1664 2935 1733 τῆς
2978 1662 3073 1715 νῦν
3106 1657 3543 1723 ἐπιπολαζούσης
3588 1656 3717 1708 ἀσε-

470 1756 724 1811 Barbaris
746 1758 883 1812 adeo
902 1757 1139 1811 invisum
1165 1767 1269 1823 est,
1290 1767 1437 1812 utne
1462 1774 1492 1812 e
1514 1757 1813 1827 longinquo
1829 1755 2039 1825 quidem

2155 1760 2307 1820 ϐείας
2358 1759 2512 1829 χερσί
2543 1757 2833 1827 βαρϐάρων
2884 1752 3264 1825 παρέπεμψεν,
3316 1750 3400 1802 ἵνα
3450 1748 3525 1819 μὴ
3569 1747 3712 1820 λάθῃ

470 1849 702 1904 auribus
731 1851 1010 1919 percipere
1036 1850 1224 1907 velint.
1261 1851 1316 1905 Si
1347 1851 1493 1905 inter
1535 1850 1670 1904 alias
1707 1865 1795 1905 res
1843 1849 2041 1909 absur-

470 1939 570 1993 das
595 1939 820 1995 Barbari
880 1943 1049 1996 etiam
1103 1943 1346 1997 divinam
1382 1943 1782 1998 incarnationis
1815 1956 2042 1998 oecono-

444 2030 633 2109 ‘miam
675 2045 970 2101 spernunt,
999 2042 1183 2089 tamen
1212 2051 1281 2089 ne
1313 2035 1428 2104 ipsi
1462 2033 1684 2104 quidem
1716 2031 2044 2088 universita-

469 2121 541 2176 tis
577 2138 761 2177 rerum
811 2136 1119 2179 creatorem
1174 2137 1341 2194 atque
1405 2127 1571 2180 Deum
1631 2140 1755 2179 esse
1817 2133 2039 2193 negant.

468 2213 574 2267 Sed
602 2214 846 2267 Palanias
882 2215 1100 2283 utrique
1124 2230 1369 2269 severam
1405 2216 1746 2273 exactionem
1785 2222 1841 2270 et
1868 2214 2041 2268 auda-

465 2303 739 2358 cissimam
769 2304 1011 2359 decrevit
1059 2313 1129 2360 et~
1174 2306 1298 2361 talis
1342 2306 1617 2375 prioribus
1700 2306 2042 2375 temporibus

466 2394 747 2464 religionis
770 2407 998 2451 vexator
1054 2397 1240 2452 nullus
1295 2398 1418 2454 fuit.
1487 2398 1676 2468 Neque
1717 2399 1865 2453 enim
1944 2398 2039 2451 uni

465 2485 676 2541 numini
728 2489 934 2543 servire
993 2489 1109 2543 vult
1150 2504 1182 2543 e
1240 2490 1415 2544 tribus
1463 2490 1712 2559 personis
1737 2488 2035 2553 constanti,

465 2586 735 2648 negatque
782 2578 965 2649 Logon
1019 2580 1362 2635 incarnatum
1410 2581 1604 2635 Filium
1638 2596 1763 2636 esse
1791 2580 1916 2645 Dei;
1943 2580 2047 2635 sed

465 2670 575 2723 vim
608 2670 773 2740 230
798 2670 1092 2741 quamdam
1144 2674 1385 2728 essentia
1413 2683 1469 2729 et
1518 2673 1823 2729 substantia
1852 2687 2042 2727 caren-

466 2770 596 2829 tem,
622 2761 794 2832 ipsam
816 2763 1049 2819 divisam
1077 2780 1197 2820 esse
1231 2765 1305 2829 in!
1328 2765 1603 2837 myriades
1630 2781 1738 2821 non
1778 2779 2039 2836 procrea-

463 2865 542 2909 tas
610 2858 897 2931 numinum
938 2856 1077 2911 inter
1126 2872 1184 2912 se
1229 2857 1629 2923 diﬂ‘erentium,
1668 2859 1748 2912 uti
1806 2864 1861 2911 et
1924 2857 2040 2927 ipse

459 2948 684 3004 uberius
719 2949 827 3003 alio
860 2950 981 3005 loco
1002 2950 1277 3019 exposuit.
1299 2951 1430 3007 inde
1479 2951 1739 3021 majorem
1782 2949 1873 3004 hic
1911 2956 2037 3003 ante

457 3048 661 3093 aeterna
685 3037 951 3106 supplicia
982 3038 1076 3092 dat
1106 3054 1324 3108 poenam
1374 3040 1465 3095 ille
1513 3039 1713 3095 multas
1760 3053 2034 3095 aerumnas

2149 1853 2287 1925 μηδέ
2310 1854 2425 1914 τοῖς
2454 1850 2830 1921 ἀμαθέστερον
2863 1848 2895 1917 ἢ
2936 1846 3304 1915 ἀμελέστερον
3333 1843 3463 1913 περί
3491 1842 3559 1893 τά
3590 1839 3713 1894 θεῖα

2142 1942 2508 2010 διακειμένοις
2547 1939 2609 1993 τὸ
2656 1942 2755 2011 τῆς
2785 1938 2951 1992 αὐτοῦ
2978 1955 3050 2008 γε
3102 1936 3372 2007 αἱρέσεως
3401 1935 3711 2005 αίσχιστον,

2142 2034 2259 2089 ἀλλ’
2288 2034 2445 2104 ὓϐρις
2476 2032 2635 2103 ὓϐριν
2669 2033 2965 2103 ἀμύνηται,
2998 2032 3093 2085 καὶ
3137 2030 3197 2082 τὸ
3240 2032 3304 2099 τῇ
3338 2027 3499 2082 αὑτοῦ
3537 2028 3711 2098 κακία

2141 2122 2557 2192 κεκαλυμμένον
2600 2120 2827 2188 αἰσχρὸν
2854 2118 2931 2189 τῷ
2960 2135 3054 2170 του
3092 2115 3357 2188 σαρκικοῡ
3395 2116 3488 2170 καὶ
3516 2133 3710 2184 φαινο-

2145 2213 2309 2284 μένου
2352 2212 2557 2274 πάθους
2590 2212 2860 2280 αἰσχίστω
2900 2209 3334 2280 θεατρικώτερον
3367 2209 3578 2262 τουτονὶ
3608 2208 3709 2275 δη-

2146 2305 2407 2375 μοσιευθῇ
2430 2306 2651 2374 τρόπον·
2700 2304 2795 2357 καὶ
2825 2303 3039 2357 ὁθέλων
3070 2305 3133 2356 ἐκ
3162 2301 3258 2355 τοῦ
3287 2301 3571 2370 τυραννεῖν
3603 2300 3709 2373 τὴν

2142 2397 2428 2451 εὐσέϐειαν
2454 2396 2780 2466 δοξασθῆναι
2811 2395 2911 2468 ῆδη
2946 2396 3040 2449 καὶ
3087 2394 3208 2449 κατ’
3247 2394 3378 2448 αὑτό
3425 2410 3489 2461 γε
3516 2394 3577 2446 τὸ
3602 2393 3709 2463 τῆς

2141 2488 2433 2551 πολυθετας
2496 2488 2756 2558 ἀτόπημα
2809 2487 2997 2554 σαφῶς
3052 2476 3443 2555 ἐξελήλεγκται
3492 2502 3553 2538 τε
3608 2488 3713 2541 καὶ

2140 2580 2533 2650 ἐστηλίτευται.
2580 2582 2690 2635 Καὶ
2718 2580 2908 2651 διόπερ
2948 2579 3240 2650 ὁμοφύλοις
3270 2580 3391 2634 οὖσι
3437 2583 3551 2643 τοῖς
3585 2580 3710 2633 θια-

2143 2674 2345 2734 σώταις
2372 2672 2619 2740 ἀρεστός
2668 2690 2726 2726 τε
2778 2671 3038 2742 ἐνομίσθη
3082 2672 3176 2726 καὶ
3214 2673 3324 2727 τῶν
3374 2672 3513 2742 ὑπὲρ
3539 2670 3703 2736 ἀξίαν

2139 2762 2290 2827 ἄξιος
2317 2763 2519 2831 γερῶν,
2547 2762 2704 2817 τοῦτο
2729 2766 2842 2826 τοῖς
2868 2764 3169 2834 ἀλλοτρίοις
3191 2781 3251 2817 τε
3281 2763 3373 2818 καί
3404 2763 3704 2833 βαρϐάροις

2140 2855 2261 2908 οὐδὲ
2288 2856 2453 2926 μέχρι
2507 2856 2671 2925 ψιλῆς
2716 2856 2887 2923 ἀκοῆς
2924 2856 3154 2910 ἀνεκτὸν
3189 2856 3471 2925 ἐνομίσθη.
3503 2857 3567 2911 Εἰ
3593 2857 3709 2924 γάρ

2140 2943 2278 3013 πρός
2295 2960 2357 3011 γε
2381 2946 2494 3007 τοῖς
2515 2942 2694 3007 ἀλλοις
2722 2943 2901 2997 αὐτῶν
2929 2944 3105 3014 ἀτοπή
3116 2962 3247 3012 μασι
3281 2943 3343 3015 [ί.
3378 2944 3480 2999 120
3512 2943 3586 3015 r.]
3608 2947 3711 2998 καὶ

2141 3035 2239 3106 τὴν
2277 3035 2543 3105 ἒνσαρκον
2575 3035 2861 3091 ἀθετοῦσιν
2897 3038 2949 3089 οἰ
2998 3036 3265 3108 βάρϐαροι
3314 3036 3466 3092 θείαν
3497 3040 3709 3091 οἰκονο-

460 3143 657 3198 passus
681 3143 890 3192 eorum,
927 3129 1019 3197 qui
1061 3140 1250 3184 contra
1303 3146 1445 3186 vera:
1506 3131 1787 3201 religionis
1841 3131 2030 3205 passio

2141 3099 2287 3198 μίαν,
2330 3099 2446 3183 ἀλλ’
2476 3129 2573 3182 ἕνα
2601 3129 2710 3182 τῶν
2746 3129 2966 3183 πάντων
2997 3099 3137 3182 εἰν-αι
3172 3099 3404 3198 ποιητὴν
3438 3129 3531 3182 καὶ
3570 3128 3711 3181 Θεὸν

458 3220 610 3276 dium
644 3230 1047 3289 pugnaverunt.
1084 3221 1188 3288 Qui
1218 3222 1356 3278 alios
1391 3234 1712 3293 persecutus
1754 3233 1839 3280 est
1869 3224 2033 3279 alios-

458 3327 568 3382 que
616 3312 727 3366 alio
769 3312 984 3382 pepulit
1021 3322 1078 3367 et
1102 3315 1534 3370 sacerdotalibus
1571 3314 1741 3385 signis
1769 3315 2032 3386 ﬂagitiose

455 3403 691 3458 orbavit.
721 3401 854 3456 Nam
886 3414 941 3457 et
975 3404 1089 3473 ipse
1127 3405 1361 3474 turpiter
1396 3408 1641 3475 privatus
1685 3415 1804 3461 erat
1861 3405 2032 3478 signis

458 3493 900 3548 sacerdotalibus
927 3503 1091 3561 atque
1128 3495 1354 3564 insuper
1381 3496 1530 3550 omni
1586 3496 1811 3551 omnino
1862 3495 2030 3551 vesti-

459 3593 688 3663 mento;
736 3583 989 3639 similiter
1012 3599 1069 3639 et
1115 3585 1230 3654 ipse
1257 3600 1452 3654 passus
1488 3592 1574 3640 est
1630 3586 1945 3656 turpissima
2001 3602 2032 3641 a

455 3674 728 3739 Barbaris.
776 3693 913 3747 quos
953 3678 1090 3732 adeo
1148 3678 1461 3743 amavit,‘ut
1510 3678 1741 3733 multum
1790 3678 1864 3733 sit
1913 3693 2032 3733 cer—

454 3779 626 3824 tatum
658 3770 729 3825 ad
754 3769 1195 3825 Cantacuzenum
1229 3785 1297 3825 eo
1318 3770 1727 3837 adducendum,
1766 3780 1825 3825 ut
1864 3771 2027 3845 adju-

455 3870 603 3918 tores
635 3864 740 3918 sibi
763 3874 953 3919 contra
985 3864 1372 3934 Palaeologum.
1402 3864 1618 3918 amnem
1641 3874 1862 3933 pararet
1896 3864 2033 3918 ami-

454 3972 659 4027 cosque
705 3973 801 4026 per
846 3956 1014 4010 vitam
1072 3955 1302 4011 haberet
1385 3956 1621 4024 vitaeque
1697 3954 2033 4009 immortales

424 4048 729 4104 Acustodes.
756 4048 885 4103 Inde
934 4056 991 4101 et
1036 4048 1319 4116 praemium
1350 4047 1562 4117 accepit
1605 4047 1850 4116 dignum,
1882 4045 2035 4116 quod

453 4139 680 4193 dederat
707 4148 763 4192 et
787 4138 940 4193 dedit
965 4139 1111 4207 quod
1145 4147 1468 4209 acceperat;
1517 4138 1753 4208 turpiter
1784 4139 1930 4194 enim
1963 4138 2030 4191 ad

452 4230 682 4299 gradum
734 4231 1128 4285 sacerdotalem
1168 4232 1491 4297 assurrexit,
1539 4232 1734 4302 dignas
1784 4232 2028 4287 referens

455 4320 737 4381 mercedes
762 4320 943 4391 iiquui
971 4320 1149 4390 ipsum
1175 4321 1653 4390 inauguraverant,
1676 4325 1878 4392 quippe
1930 4325 2030 4378 im-

2134 3220 2245 3274 οὐδ’
2292 3221 2445 3275 αὐτοί
2469 3237 2551 3290 ,γε
2584 3220 2893 3292 ἀρνοῦνται.
2934 3221 3076 3274 Ἀλλ’
3103 3223 3130 3274 ὁ
3170 3221 3436 3292 Παλαμᾶς
3472 3224 3565 3275 καὶ
3598 3224 3711 3291 ἀμ-

2135 3314 2395 3385 φοτέροις,
2446 3313 2773 3386 ξενηλασίαν
2807 3315 3084 3384 ἀπότομόν
3125 3334 3184 3370 τε
3221 3318 3317 3370 καὶ
3371 3318 3517 3388 μάλα
3568 3320 3713 3387 θρα-

2137 3406 2287 3459 σεϊαν
2334 3404 2765 3475 κατεψηφίσατο,
2813 3409 2906 3463 καὶ
2955 3408 3077 3460 οἷαν
3117 3408 3293 3473 οὐδεὶς
3352 3410 3463 3463 οὐδ’
3520 3410 3710 3463 αὐτῶν

2132 3478 2351 3560 όπόσοις
2403 3496 2661 3560 διώκταις
2718 3498 2866 3551 κατὰ
2924 3500 3023 3568 τῆς
3076 3500 3359 3563 εὐσεϐείας
3408 3502 3535 3565 τοὺς
3574 3506 3709 3571 πρὶν

2134 3589 2336 3652 αἰῶνας
2379 3590 2790 3643 συνεπεπτώκει
2840 3592 3117 3658 γενέσθαι·
3150 3590 3273 3644 οὔτε
3327 3593 3436 3664 γὰρ
3487 3595 3707 3666 θεότητι

2133 3679 2419 3751 λατρεύειν
2449 3682 2644 3752 ἀφίησι
2676 3684 3099 3752 τρισυποστάτῳ
3132 3686 3255 3755 μιᾷ,
3289 3686 3410 3739 οὐδὲ
3439 3687 3530 3741 τὸν
3571 3705 3707 3759 σαρ-

2135 3775 2380 3828 κωθέντα
2424 3775 2599 3843 Λόγον
2640 3774 2769 3829 Υίὸν
2803 3772 2945 3829 εἶναι
2994 3777 3145 3846 λέγει
3185 3779 3342 3846 Θεοῦ,
3387 3778 3502 3833 ἀλλ’
3543 3782 3708 3834 ἀνού-

2136 3884 2251 3921 σιον
2284 3868 2386 3937 μέν
2431 3885 2555 3920 τινα
2617 3872 2713 3921 καὶ
2765 3868 3119 3939 ἀνύπαρκτον
3161 3872 3466 3941 ἐνέργειαν.
3495 3873 3629 3943 πρὸς
3657 3873 3706 3927 δ’

2133 3959 2423 4021 ἀκτίσιους
2461 3960 2662 4029 μυρίας
2698 3960 3064 4031 μεριζομένην
3099 3962 3367 4031 θεότητας
3408 3964 3572 4025 ἄλλας
3603 3962 3704 4015 άλ-

2132 4051 2312 4121 λήλων
2350 4051 2738 4121 διαφερούσας,
2780 4053 2857 4114 ὼς
2896 4054 2995 4105 καὶ
3047 4053 3209 4115 αὐτὸς
3264 4056 3321 4107 ἐν
3356 4054 3535 4116 ἀλλοις
3562 4054 3706 4106 πλα-

2131 4143 2359 4213 τύτερον
2417 4143 2703 4212 γέγραφας
2762 4144 3094 4213 στηλιτεύων
3139 4146 3324 4199 αὐτόν.
3388 4147 3552 4200 Ὅθεν
3606 4148 3705 4201 καὶ

2136 4233 2307 4303 μείζω
2339 4233 2623 4287 κάνταῦθα
2655 4233 2763 4302 πρὸ
2782 4234 2881 4301 τῆς
2905 4235 3129 4287 αἰωνίου
3162 4238 3460 4308 καταδίκης
3486 4240 3704 4309 ἐκείνης

2131 4326 2230 4397 τὴν
2259 4326 2416 4395 δίκην
2446 4325 2661 4379 δίδωσιν
2694 4327 2911 4380 οὑτοσὶν
2940 4330 2968 4381 ὀ
2994 4329 3339 4399 ταλαίπωρος
3363 4326 3437 4385 ὧν
3462 4334 3555 4385 ἐπὶ
3578 4336 3709 4397 τοὺς

391 4410 403 4420 ’
454 4413 804 4483 probitatem;
828 4423 884 4467 et
909 4428 1031 4483 quae
1053 4415 1333 4483 sapienter
1355 4413 1714 4483 sapientiores
1734 4417 1836 4469 viri
1861 4416 2023 4471 intel-

2141 4420 2271 4488 ὺπέρ
2312 4418 2589 4481 εὐσεϐείας
2624 4421 3036 4490 ἠγωνισμένους
3062 4422 3390 4491 ἠγώνισται,
3421 4426 3549 4490 τοὺς
3601 4427 3706 4497 μὲν

451 4505 727 4568 texerunt,
746 4514 871 4560 ante
894 4519 1083 4575 opera,
1101 4519 1163 4559 ea
1182 4512 1333 4559 certo
1348 4514 1470 4573 post
1491 4520 1656 4575 opera
1675 4507 2025 4567 usuveniant.

2137 4504 2335 4574 διώξας
2377 4510 2471 4561 καὶ
2526 4507 2686 4561 ἄλλον
2737 4510 2924 4565 ἄλλοθι
2959 4513 3303 4582 διασπείρας,
3338 4517 3465 4579 τοὺς
3510 4518 3567 4571 δὲ
3611 4520 3709 4571 καὶ

453 4596 637 4651 αὐτῶν
661 4596 957 4666 γυμνώσας
989 4598 1218 4667 ἀναίδην
1242 4596 1350 4649 τῶν
1422 4597 1716 4667 ίερατικῶν
1784 4601 2095 4669 συμϐόλων.
2159 4601 2268 4654 Καὶ
2314 4600 2472 4663 αὐτὸς
2501 4617 2561 4652 τε
2594 4602 2705 4670 γὰρ
2736 4604 2974 4672 αἰσχρῶς
3019 4606 3128 4659 τῶν
3165 4608 3454 4679 ίερατικῶν
3482 4627 3706 4680 γυμνω-

454 4691 568 4752 θεὶς
604 4691 909 4759 συμϐόλων,
964 4691 1077 4771 και
1112 4689 1250 4760 πρός
1302 4706 1367 4758 γε
1420 4689 1503 4743 ἐτι
1562 4690 1745 4763 πάσης
1796 4692 1999 4756 κοινῶς-
2032 4694 2281 4763 ἐσθῆτος,
2346 4691 2482 4762 ὁμοῦ
2555 4694 2745 4747 καὶτὰ
2805 4696 3061 4767 αἰσχιστα
3084 4700 3380 4753 ὑπἀὑτῶν
3410 4703 3709 4756 ἐπεπόνθει

452 4784 764 4856 βαρϐάρων,
794 4786 887 4850 οὒς
926 4786 1179 4840 τοσοῦτον
1211 4786 1373 4848 αὐτὸς
1416 4786 1703 4854 ἠγάπησεν
1774 4787 1917 4841 ὥστε
1988 4791 2085 4842 καὶ
2123 4789 2429 4860 ἠγώνισται
2486 4791 2785 4861 πάμπολλα
2840 4794 3029 4846 πεῖσαι
3075 4796 3528 4866 Καντακουζηνὺν
3560 4802 3708 4851 κατά

452 4875 547 4931 τοῦ
590 4878 844 4948 γαμϐροῦ
886 4879 1255 4947 Παλαιολόγου
1300 4876 1682 4946 συλλήπτορας
1717 4878 2026 4950 κτήσασθαι
2066 4882 2162 4933 καὶ
2209 4882 2398 4949 φίλους
2466 4882 2720 4952 ἡγεῖσθαι
2784 4883 2873 4937 διὰ
2920 4882 3061 4953 βίου,
3094 4887 3187 4937 καὶ
3226 4887 3327 4955 τῆς
3354 4887 3500 4957 ζωῆς
3530 4889 3706 4957 φύλα⁸

456 4991 556 5035 κας
584 4972 906 5036 ἀθανάτους.
937 4976 1028 5026 Διὸ
1093 4975 1186 5027 καὶ
1247 4971 1347 5042 τὴν
1417 4972 1773 5043 ἀντιμισθίαν
1804 4973 1963 5039 ἀξίαν
2031 4976 2242 5029 ἐκεῖθεν
2272 4977 2467 5046 εἴληφε
2500 4976 2749 5041 δεδωκὼς
2792 4979 2888 5031 καὶ
2911 4979 3142 5032 δέδωκεν
3168 4979 3428 5050 εἰληφώς·
3464 4983 3709 5053 αἰσχρῶς

457 5067 557 5136 μὶν
586 5066 695 5136 γὰρ
725 5069 819 5119 καὶ
847 5066 1082 5130 ἀναξίως
1150 5069 1494 5122 παντάπασιν
1559 5068 1640 5131 εἰς
1682 5069 1776 5121 τὸν
1822 5069 2099 5137 ἰερατικδν
2140 5069 2347 5140 βαθμὸν
2387 5070 2622 5136 ἀναϐάς,
2672 5070 2830 5136 ἀξίαν
2888 5073 2999 5137 τοῖς
3037 5072 3299 5144 ἰερώσασι
3341 5077 3441 5144 τὴν
3489 5079 3708 5143 ἀντιμι-

454 5160 611 5216 σθίαν
636 5161 886 5215 ἀπέδωκε
915 5161 1015 5231 τὴν
1078 5162 1337 5215 ἀσέϐειαν
1362 5180 1377 5195 ο
1429 5164 1588 5229 ἀξίαν
1618 5164 1663 5216 δ’
1704 5160 1772 5218 αὖ
1820 5164 1928 5217 ὑπὸ
1995 5166 2102 5219 τῶν
2144 5165 2439 5237 βαρϐάρων
2495 5167 2718 5219 ἐκείνων
2764 5166 3019 5237 αἴσχιστα
3057 5168 3407 5236 καθαιρεθεὶς
3434 5171 3533 5241 τὴν
3562 5172 3712 5224 ἀντι-

456 5256 678 5328 μισθίαν
733 5256 1057 5325 κεκόμισται
1104 5250 1180 5311 ών
1240 5260 1355 5321 τοῖς
1412 5256 1707 5328 Ῥωμαίοις
1769 5261 2019 5331 ὀλέθριον
2093 5261 2171 5331 τῷ
2241 5261 2454 5332 βασιλεῖ
2486 5264 3005 5333 προμεμνήστευται
3072 5265 3174 5336 την
3229 5268 3432 5335 φιλίαν,
3491 5268 3577 5320 ἴνα
3612 5270 3712 5322 καὶ

452 5344 770 5414 καθαιρέσει
802 5345 1003 5418 αἰσχρᾷ
1027 5348 1147 5419 μὲν,
1175 5349 1361 5419 δικαίᾳ
1389 5349 1434 5403 δ’
1458 5348 1553 5404 οὖν
1622 5350 1834 5403 πολλῶν
1895 5351 2088 5422 ἱερείων
2129 5353 2226 5406 καὶ
2265 5353 2584 5406 ἐπισκόπων
2640 5352 2735 5406 καὶ
2768 5354 2951 5424 πάσης
2985 5356 3162 5410 εἰπεῖν
3190 5358 3449 5426 εὐσεϐοῦς
3492 5361 3712 5428 ὁσιότη-

453 5455 546 5501 τος
573 5436 892 5508 καθαίρεσις
923 5440 1109 5503 ἀδικος
1137 5443 1685 5515 ἀντιταλαντεύηται,
1716 5445 1813 5498 καὶ
1878 5444 1914 5500 ἀ
1983 5448 2098 5510 τοῖς
2139 5448 2472 5518 σοφωτέροις
2527 5448 2801 5517 ἔγνωσται
2871 5452 3108 5515 συνετῶς
3160 5454 3266 5523 πρὸ
3326 5457 3433 5507 τῶν
3487 5456 3709 5526 ἔργων,

453 5528 609 5584 ταῦτ’
629 5531 747 5612 ,ἐπὶ
800 5531 907 5585 τῶν
968 5533 1147 5602 ἔργων
1210 5534 1474 5606 φαίνηται
1522 5537 1898 5608 συμϐαίνοντα
1931 5539 2141 5609 σαφῶς.

526 5622 688 5714 231,
718 5623 803 5679 IV.
852 5622 1143 5694 Postquam
1174 5628 1238 5680 ad
1281 5626 1587 5700 Hyrcanum
1630 5631 1904 5686 abductus
1937 5647 2029 5687 es-

2208 5634 2280 5686 A'.
2332 5633 2486 5688 Ἐπεί
2513 5652 2576 5705 γε
2610 5638 2716 5709 μὴν
2747 5641 2843 5695 καὶ
2875 5643 3011 5713 πρὸς
3065 5642 3337 5714 Ὑρκανὸν
3381 5645 3667 5714 ἀπηνέχθη
3693 5685 3709 5703 .

451 5721 558 5779 set,
574 5712 934 5773 Barbarorum
957 5718 1178 5792 scilicet.
1200 5720 1414 5787 ducem,
1431 5730 1631 5792 praeter
1649 5732 1844 5778 caztera
1874 5738 1937 5778 ex
1965 5722 2033 5778 iis

2141 5725 2231 5779 τὸν
2272 5726 2517 5798 ἀρχηγὸν
2550 5730 2771 5804 ,δηλαδὴ
2828 5734 2938 5789 τῶν
2978 5712 3293 5807 βαρϐάρων,
3328 5738 3397 5791 τά
3432 5712 3530 5809 μέν
3566 5712 3713 5793 ἀλλα
