  <div class='ocr_page' id='page_1' title='image "/cluster/home/n/w/nwhite01/storage/ocr_20150623/149/hvd.32044073498818/104.png"; bbox 0 0 3994 6204; ppageno 0'>
   <div class='ocr_carea' id='block_1_1' title="bbox 300 327 408 394">
    <p class='ocr_par' dir='ltr' id='par_1_1' title="bbox 300 327 408 394">
     <span class='ocr_line' id='line_1_1' title="bbox 300 327 408 394; baseline -0.019 0"><span class='ocrx_word' id='word_1_1' title='bbox 300 327 408 394; x_wconf 78' lang='lat'><strong>201</strong></span> 
     </span>
    </p>
   </div>
   <div class='ocr_carea' id='block_1_2' title="bbox 1301 314 2628 384">
    <p class='ocr_par' dir='ltr' id='par_1_2' title="bbox 1301 314 2628 384">
     <span class='ocr_line' id='line_1_2' title="bbox 1301 314 2628 384; baseline -0.008 0"><span class='ocrx_word' id='word_1_2' title='bbox 1301 318 1745 384; x_wconf 61' lang='lat' dir='ltr'><strong>BYZANTINB</strong></span> <span class='ocrx_word' id='word_1_3' title='bbox 1785 314 2170 378; x_wconf 63' lang='lat' dir='ltr'><strong>HISTORL‘E</strong></span> <span class='ocrx_word' id='word_1_4' title='bbox 2217 317 2362 378; x_wconf 88' lang='lat' dir='ltr'><strong>LIB.</strong></span> <span class='ocrx_word' id='word_1_5' title='bbox 2403 314 2628 376; x_wconf 80' lang='lat' dir='ltr'><strong>XXIX.</strong></span> 
     </span>
    </p>
   </div>
   <div class='ocr_carea' id='block_1_3' title="bbox 3461 313 3570 371">
    <p class='ocr_par' dir='ltr' id='par_1_3' title="bbox 3461 313 3570 371">
     <span class='ocr_line' id='line_1_3' title="bbox 3461 313 3570 371; baseline 0.009 -1"><span class='ocrx_word' id='word_1_6' title='bbox 3461 313 3570 371; x_wconf 67' lang='lat'><strong>202</strong></span> 
     </span>
    </p>
   </div>
   <div class='ocr_carea' id='block_1_4' title="bbox 298 420 1890 509">
    <p class='ocr_par' dir='ltr' id='par_1_4' title="bbox 298 429 1890 509">
     <span class='ocr_line' id='line_1_4' title="bbox 298 429 1890 509; baseline -0.009 -15"><span class='ocrx_word' id='word_1_7' title='bbox 298 442 406 494; x_wconf 82' lang='grc' dir='ltr'>ὅσα</span> <span class='ocrx_word' id='word_1_8' title='bbox 446 455 506 492; x_wconf 77' lang='grc' dir='ltr'><strong>τε</strong></span> <span class='ocrx_word' id='word_1_9' title='bbox 537 435 680 509; x_wconf 67' lang='grc' dir='ltr'>πρὸς</span> <span class='ocrx_word' id='word_1_10' title='bbox 709 436 818 492; x_wconf 84' lang='grc' dir='ltr'><strong>τῶν</strong></span> <span class='ocrx_word' id='word_1_11' title='bbox 849 431 970 490; x_wconf 73' lang='grc' dir='ltr'>ἐκεῖ</span> <span class='ocrx_word' id='word_1_12' title='bbox 993 433 1306 507; x_wconf 82' lang='grc' dir='ltr'>τηνικαῦτα</span> <span class='ocrx_word' id='word_1_13' title='bbox 1337 434 1629 504; x_wconf 81' lang='grc' dir='ltr'>παρόντων</span> <span class='ocrx_word' id='word_1_14' title='bbox 1661 429 1890 500; x_wconf 68' lang='grc' dir='ltr'>ἠκηκόει</span> 
     </span>
    </p>
   </div>
   <div class='ocr_carea' id='block_1_5' title="bbox 1996 420 3574 509">
    <p class='ocr_par' dir='ltr' id='par_1_5' title="bbox 1996 420 3574 501">
     <span class='ocr_line' id='line_1_5' title="bbox 1996 420 3574 501; baseline 0.001 -23"><span class='ocrx_word' id='word_1_15' title='bbox 1996 443 2118 496; x_wconf 68' lang='lat' dir='ltr'><strong>quae</strong></span> <span class='ocrx_word' id='word_1_16' title='bbox 2144 441 2238 482; x_wconf 85' lang='lat' dir='ltr'><strong>eos</strong></span> <span class='ocrx_word' id='word_1_17' title='bbox 2269 426 2360 497; x_wconf 85' lang='lat' dir='ltr'><strong>qui</strong></span> <span class='ocrx_word' id='word_1_18' title='bbox 2391 425 2482 480; x_wconf 82' lang='lat' dir='ltr'><strong>illo</strong></span> <span class='ocrx_word' id='word_1_19' title='bbox 2511 438 2754 494; x_wconf 88' lang='lat' dir='ltr'><strong>tempore</strong></span> <span class='ocrx_word' id='word_1_20' title='bbox 2784 421 3016 478; x_wconf 87' lang='lat' dir='ltr'><strong>aderant</strong></span> <span class='ocrx_word' id='word_1_21' title='bbox 3041 420 3290 476; x_wconf 76' lang='lat' dir='ltr'><strong>dicentes</strong></span> <span class='ocrx_word' id='word_1_22' title='bbox 3319 420 3574 501; x_wconf 74' lang='lat' dir='ltr'><strong>audierat</strong></span> 
     </span>
    </p>
   </div>
   <div class='ocr_carea' id='block_1_6' title="bbox 297 523 1888 596">
    <p class='ocr_par' dir='ltr' id='par_1_6' title="bbox 297 523 1888 596">
     <span class='ocr_line' id='line_1_6' title="bbox 297 523 1888 596; baseline -0.007 -14"><span class='ocrx_word' id='word_1_23' title='bbox 297 546 360 582; x_wconf 81' lang='grc' dir='ltr'><strong>τε</strong></span> <span class='ocrx_word' id='word_1_24' title='bbox 409 530 502 582; x_wconf 75' lang='grc' dir='ltr'>καὶ</span> <span class='ocrx_word' id='word_1_25' title='bbox 534 529 804 596; x_wconf 79' lang='grc' dir='ltr'>λελάληκε</span> <span class='ocrx_word' id='word_1_26' title='bbox 845 527 940 580; x_wconf 76' lang='grc' dir='ltr'>καὶ</span> <span class='ocrx_word' id='word_1_27' title='bbox 972 525 1294 596; x_wconf 86' lang='grc' dir='ltr'>συνυπήχθη</span> <span class='ocrx_word' id='word_1_28' title='bbox 1330 525 1426 578; x_wconf 85' lang='grc' dir='ltr'>καὶ</span> <span class='ocrx_word' id='word_1_29' title='bbox 1446 523 1768 592; x_wconf 74' lang='grc' dir='ltr'>ὡμολόγηκε</span> <span class='ocrx_word' id='word_1_30' title='bbox 1800 538 1888 588; x_wconf 74' lang='grc' dir='ltr'><strong>φι-</strong></span> 
     </span>
    </p>
   </div>
   <div class='ocr_carea' id='block_1_7' title="bbox 299 608 1888 688">
    <p class='ocr_par' dir='ltr' id='par_1_7' title="bbox 299 608 1888 688">
     <span class='ocr_line' id='line_1_7' title="bbox 299 608 1888 688; baseline -0.004 -18"><span class='ocrx_word' id='word_1_31' title='bbox 299 619 542 683; x_wconf 77' lang='grc' dir='ltr'>λοζωτας</span> <span class='ocrx_word' id='word_1_32' title='bbox 566 618 756 684; x_wconf 75' lang='grc' dir='ltr'>ἕνεκα,</span> <span class='ocrx_word' id='word_1_33' title='bbox 779 618 992 688; x_wconf 79' lang='grc' dir='ltr'>σιωπᾷν</span> <span class='ocrx_word' id='word_1_34' title='bbox 1025 617 1271 687; x_wconf 81' lang='grc' dir='ltr'>ἄμεινον.</span> <span class='ocrx_word' id='word_1_35' title='bbox 1306 613 1514 668; x_wconf 86' lang='grc' dir='ltr'>Μαθὼν</span> <span class='ocrx_word' id='word_1_36' title='bbox 1543 613 1588 666; x_wconf 82' lang='grc' dir='ltr'>δ’</span> <span class='ocrx_word' id='word_1_37' title='bbox 1617 608 1710 666; x_wconf 83' lang='grc' dir='ltr'>οὖν</span> <span class='ocrx_word' id='word_1_38' title='bbox 1739 613 1888 680; x_wconf 82' lang='grc' dir='ltr'>ὅμως</span> 
     </span>
    </p>
   </div>
   <div class='ocr_carea' id='block_1_8' title="bbox 299 704 1887 774">
    <p class='ocr_par' dir='ltr' id='par_1_8' title="bbox 299 704 1887 774">
     <span class='ocr_line' id='line_1_8' title="bbox 299 704 1887 774; baseline -0.004 -12"><span class='ocrx_word' id='word_1_39' title='bbox 299 713 512 773; x_wconf 82' lang='grc' dir='ltr'>ἐκεῖνος</span> <span class='ocrx_word' id='word_1_40' title='bbox 545 710 622 773; x_wconf 81' lang='grc' dir='ltr'><strong>ὡς</strong></span> <span class='ocrx_word' id='word_1_41' title='bbox 673 711 838 771; x_wconf 82' lang='grc' dir='ltr'>αὑτός</span> <span class='ocrx_word' id='word_1_42' title='bbox 875 712 993 762; x_wconf 71' lang='grc' dir='ltr'>ἐστι</span> <span class='ocrx_word' id='word_1_43' title='bbox 1031 708 1098 761; x_wconf 81' lang='grc' dir='ltr'><strong>δι’</strong></span> <span class='ocrx_word' id='word_1_44' title='bbox 1143 709 1204 762; x_wconf 82' lang='grc' dir='ltr'>ὃν</span> <span class='ocrx_word' id='word_1_45' title='bbox 1240 707 1532 768; x_wconf 81' lang='grc' dir='ltr'>πολυθεΐας</span> <span class='ocrx_word' id='word_1_46' title='bbox 1564 723 1620 756; x_wconf 86' lang='grc' dir='ltr'><strong>τε</strong></span> <span class='ocrx_word' id='word_1_47' title='bbox 1648 704 1789 774; x_wconf 74' lang='grc' dir='ltr'>ἔρως</span> <span class='ocrx_word' id='word_1_48' title='bbox 1831 707 1887 756; x_wconf 82' lang='grc' dir='ltr'>ὲν</span> 
     </span>
    </p>
   </div>
   <div class='ocr_carea' id='block_1_9' title="bbox 311 796 1890 870">
    <p class='ocr_par' dir='ltr' id='par_1_9' title="bbox 311 796 1890 870">
     <span class='ocr_line' id='line_1_9' title="bbox 311 796 1890 870; baseline -0.005 -16"><span class='ocrx_word' id='word_1_49' title='bbox 311 798 610 868; x_wconf 75' lang='grc' dir='ltr'>Ῥωμαίων</span> <span class='ocrx_word' id='word_1_50' title='bbox 643 801 882 870; x_wconf 72' lang='grc' dir='ltr'>ἤνθησεν</span> <span class='ocrx_word' id='word_1_51' title='bbox 915 801 1144 870; x_wconf 81' lang='grc' dir='ltr'>ἄρχουσι</span> <span class='ocrx_word' id='word_1_52' title='bbox 1185 799 1282 852; x_wconf 76' lang='grc' dir='ltr'>καὶ</span> <span class='ocrx_word' id='word_1_53' title='bbox 1319 797 1555 866; x_wconf 80' lang='grc' dir='ltr'><strong>ματαίας</strong></span> <span class='ocrx_word' id='word_1_54' title='bbox 1591 796 1890 866; x_wconf 84' lang='grc' dir='ltr'>θρησκείας</span> 
     </span>
    </p>
   </div>
   <div class='ocr_carea' id='block_1_10' title="bbox 299 887 1886 960">
    <p class='ocr_par' dir='ltr' id='par_1_10' title="bbox 299 887 1886 960">
     <span class='ocr_line' id='line_1_10' title="bbox 299 887 1886 960; baseline -0.003 -18"><span class='ocrx_word' id='word_1_55' title='bbox 299 891 601 958; x_wconf 83' lang='grc' dir='ltr'>ἀγάλματα</span> <span class='ocrx_word' id='word_1_56' title='bbox 667 892 810 952; x_wconf 75' lang='grc' dir='ltr'>νέοις</span> <span class='ocrx_word' id='word_1_57' title='bbox 873 889 1334 960; x_wconf 81' lang='grc' dir='ltr'><strong>ἐμπολιτεύεσθαι</strong></span> <span class='ocrx_word' id='word_1_58' title='bbox 1405 891 1636 958; x_wconf 82' lang='grc' dir='ltr'>γέγονεν</span> <span class='ocrx_word' id='word_1_59' title='bbox 1697 887 1886 950; x_wconf 76' lang='grc' dir='ltr'>ἔθεσι,</span> 
     </span>
    </p>
   </div>
   <div class='ocr_carea' id='block_1_11' title="bbox 303 979 1886 1052">
    <p class='ocr_par' dir='ltr' id='par_1_11' title="bbox 303 979 1886 1052">
     <span class='ocr_line' id='line_1_11' title="bbox 303 979 1886 1052; baseline -0.001 -18"><span class='ocrx_word' id='word_1_60' title='bbox 303 982 686 1048; x_wconf 84' lang='grc' dir='ltr'>κατεγίνωσκέ</span> <span class='ocrx_word' id='word_1_61' title='bbox 735 999 792 1034; x_wconf 86' lang='grc' dir='ltr'><strong>τε</strong></span> <span class='ocrx_word' id='word_1_62' title='bbox 853 983 946 1035; x_wconf 75' lang='grc' dir='ltr'>καὶ</span> <span class='ocrx_word' id='word_1_63' title='bbox 1002 981 1299 1046; x_wconf 80' lang='grc' dir='ltr'>διετώθαζε</span> <span class='ocrx_word' id='word_1_64' title='bbox 1361 981 1508 1052; x_wconf 84' lang='grc' dir='ltr'>μάλα</span> <span class='ocrx_word' id='word_1_65' title='bbox 1547 979 1886 1048; x_wconf 74' lang='grc' dir='ltr'>ἐπεγγελῶν.</span> 
     </span>
    </p>
   </div>
   <div class='ocr_carea' id='block_1_12' title="bbox 301 1072 1890 1145">
    <p class='ocr_par' dir='ltr' id='par_1_12' title="bbox 301 1072 1890 1145">
     <span class='ocr_line' id='line_1_12' title="bbox 301 1072 1890 1145; baseline -0.004 -18"><span class='ocrx_word' id='word_1_66' title='bbox 301 1075 655 1142; x_wconf 80' lang='grc' dir='ltr'>Προσέταττε</span> <span class='ocrx_word' id='word_1_67' title='bbox 701 1075 749 1127; x_wconf 84' lang='grc' dir='ltr'>δ’</span> <span class='ocrx_word' id='word_1_68' title='bbox 782 1073 880 1128; x_wconf 78' lang='grc' dir='ltr'><strong>οῦν</strong></span> <span class='ocrx_word' id='word_1_69' title='bbox 909 1074 1224 1144; x_wconf 79' lang='grc' dir='ltr'><strong>ἀπαχθέντα</strong></span> <span class='ocrx_word' id='word_1_70' title='bbox 1275 1075 1466 1145; x_wconf 84' lang='grc' dir='ltr'>πόρῤω</span> <span class='ocrx_word' id='word_1_71' title='bbox 1504 1091 1606 1128; x_wconf 88' lang='grc' dir='ltr'><strong>που</strong></span> <span class='ocrx_word' id='word_1_72' title='bbox 1644 1072 1746 1142; x_wconf 79' lang='grc' dir='ltr'>τῆς</span> <span class='ocrx_word' id='word_1_73' title='bbox 1793 1088 1890 1122; x_wconf 90' lang='grc' dir='ltr'>σα-</span> 
     </span>
    </p>
   </div>
   <div class='ocr_carea' id='block_1_13' title="bbox 297 1164 1888 1237">
    <p class='ocr_par' dir='ltr' id='par_1_13' title="bbox 297 1164 1888 1237">
     <span class='ocr_line' id='line_1_13' title="bbox 297 1164 1888 1237; baseline 0.001 -22"><span class='ocrx_word' id='word_1_74' title='bbox 297 1167 586 1234; x_wconf 82' lang='grc' dir='ltr'>τραπικῆς</span> <span class='ocrx_word' id='word_1_75' title='bbox 647 1166 828 1228; x_wconf 72' lang='grc' dir='ltr'>οἰκίας</span> <span class='ocrx_word' id='word_1_76' title='bbox 886 1165 1236 1236; x_wconf 79' lang='grc' dir='ltr'>διαλεχθῆναι</span> <span class='ocrx_word' id='word_1_77' title='bbox 1293 1170 1424 1237; x_wconf 77' lang='grc' dir='ltr'>περὶ</span> <span class='ocrx_word' id='word_1_78' title='bbox 1451 1168 1552 1236; x_wconf 82' lang='grc' dir='ltr'>τῆς</span> <span class='ocrx_word' id='word_1_79' title='bbox 1603 1164 1888 1218; x_wconf 79' lang='grc' dir='ltr'>νεολέκτου</span> 
     </span>
    </p>
   </div>
   <div class='ocr_carea' id='block_1_14' title="bbox 295 1259 1890 1329">
    <p class='ocr_par' dir='ltr' id='par_1_14' title="bbox 295 1259 1890 1329">
     <span class='ocr_line' id='line_1_14' title="bbox 295 1259 1890 1329; baseline 0.008 -21"><span class='ocrx_word' id='word_1_80' title='bbox 295 1260 538 1324; x_wconf 75' lang='grc' dir='ltr'>ταυτησὶ</span> <span class='ocrx_word' id='word_1_81' title='bbox 571 1259 866 1328; x_wconf 77' lang='grc' dir='ltr'><strong>τερατείας</strong></span> <span class='ocrx_word' id='word_1_82' title='bbox 916 1261 996 1312; x_wconf 78' lang='grc' dir='ltr'>ἐνί</span> <span class='ocrx_word' id='word_1_83' title='bbox 1061 1277 1168 1314; x_wconf 90' lang='grc' dir='ltr'>τινι</span> <span class='ocrx_word' id='word_1_84' title='bbox 1221 1261 1330 1314; x_wconf 84' lang='grc' dir='ltr'><strong>τῶν</strong></span> <span class='ocrx_word' id='word_1_85' title='bbox 1382 1261 1532 1328; x_wconf 84' lang='grc' dir='ltr'><strong>παρά</strong></span> <span class='ocrx_word' id='word_1_86' title='bbox 1589 1259 1890 1329; x_wconf 76' lang='grc' dir='ltr'>βαρϐάροις</span> 
     </span>
    </p>
   </div>
   <div class='ocr_carea' id='block_1_15' title="bbox 299 1348 1892 1420">
    <p class='ocr_par' dir='ltr' id='par_1_15' title="bbox 299 1348 1892 1420">
     <span class='ocr_line' id='line_1_15' title="bbox 299 1348 1892 1420; baseline 0.001 -22"><span class='ocrx_word' id='word_1_87' title='bbox 299 1348 496 1399; x_wconf 77' lang='grc' dir='ltr'>αὐτόθι</span> <span class='ocrx_word' id='word_1_88' title='bbox 517 1349 706 1416; x_wconf 76' lang='grc' dir='ltr'>σοφῶν</span> <span class='ocrx_word' id='word_1_89' title='bbox 730 1349 818 1400; x_wconf 80' lang='grc' dir='ltr'><strong>ἐπ’</strong></span> <span class='ocrx_word' id='word_1_90' title='bbox 845 1349 1110 1420; x_wconf 75' lang='grc' dir='ltr'>ἀκροάσει</span> <span class='ocrx_word' id='word_1_91' title='bbox 1143 1349 1374 1403; x_wconf 81' lang='grc' dir='ltr'>πολλῶν.</span> <span class='ocrx_word' id='word_1_92' title='bbox 1400 1350 1510 1402; x_wconf 78' lang='grc' dir='ltr'><strong>Καὶ</strong></span> <span class='ocrx_word' id='word_1_93' title='bbox 1532 1350 1632 1400; x_wconf 80' lang='grc' dir='ltr'>ὅσα</span> <span class='ocrx_word' id='word_1_94' title='bbox 1653 1348 1754 1416; x_wconf 77' lang='grc' dir='ltr'>μὲν</span> <span class='ocrx_word' id='word_1_95' title='bbox 1774 1349 1892 1400; x_wconf 78' lang='grc' dir='ltr'>ἐκεῖ</span> 
     </span>
    </p>
   </div>
   <div class='ocr_carea' id='block_1_16' title="bbox 297 1439 1888 1513">
    <p class='ocr_par' dir='ltr' id='par_1_16' title="bbox 297 1439 1888 1513">
     <span class='ocr_line' id='line_1_16' title="bbox 297 1439 1888 1513; baseline 0.001 -25"><span class='ocrx_word' id='word_1_96' title='bbox 297 1439 444 1508; x_wconf 79' lang='grc' dir='ltr'>πρὸς</span> <span class='ocrx_word' id='word_1_97' title='bbox 474 1439 672 1510; x_wconf 76' lang='grc' dir='ltr'>ἡδονὴν</span> <span class='ocrx_word' id='word_1_98' title='bbox 707 1443 824 1503; x_wconf 85' lang='grc' dir='ltr'>τοῖς</span> <span class='ocrx_word' id='word_1_99' title='bbox 867 1441 1166 1513; x_wconf 75' lang='grc' dir='ltr'>βαρϐάροις</span> <span class='ocrx_word' id='word_1_100' title='bbox 1211 1441 1538 1512; x_wconf 75' lang='grc' dir='ltr'>ἐφθέγξατο,</span> <span class='ocrx_word' id='word_1_101' title='bbox 1590 1441 1888 1510; x_wconf 80' lang='grc' dir='ltr'><strong>ἀφαίρεσιν</strong></span> 
     </span>
    </p>
   </div>
   <div class='ocr_carea' id='block_1_17' title="bbox 291 1531 1886 1606">
    <p class='ocr_par' dir='ltr' id='par_1_17' title="bbox 291 1531 1886 1606">
     <span class='ocr_line' id='line_1_17' title="bbox 291 1531 1886 1606; baseline 0.001 -24"><span class='ocrx_word' id='word_1_102' title='bbox 291 1531 494 1592; x_wconf 83' lang='grc' dir='ltr'>δεδιὼς</span> <span class='ocrx_word' id='word_1_103' title='bbox 555 1532 656 1600; x_wconf 77' lang='grc' dir='ltr'>τῆς</span> <span class='ocrx_word' id='word_1_104' title='bbox 711 1533 856 1602; x_wconf 79' lang='grc' dir='ltr'>ζωῆς</span> <span class='ocrx_word' id='word_1_105' title='bbox 899 1537 1156 1606; x_wconf 81' lang='grc' dir='ltr'>ταυτησὶ,</span> <span class='ocrx_word' id='word_1_106' title='bbox 1205 1537 1461 1604; x_wconf 56' lang='grc' dir='ltr'>περιττὸν</span> <span class='ocrx_word' id='word_1_107' title='bbox 1513 1533 1886 1603; x_wconf 82' lang='grc' dir='ltr'>ἀφηγεῖσθαι·</span> 
     </span>
    </p>
   </div>
   <div class='ocr_carea' id='block_1_18' title="bbox 293 1623 1890 1698">
    <p class='ocr_par' dir='ltr' id='par_1_18' title="bbox 293 1623 1890 1698">
     <span class='ocr_line' id='line_1_18' title="bbox 293 1623 1890 1698; baseline 0.003 -22"><span class='ocrx_word' id='word_1_108' title='bbox 293 1623 334 1676; x_wconf 78' lang='grc' dir='ltr'><strong>ἃ.</strong></span> <span class='ocrx_word' id='word_1_109' title='bbox 361 1624 410 1676; x_wconf 83' lang='grc' dir='ltr'>δ’</span> <span class='ocrx_word' id='word_1_110' title='bbox 439 1623 534 1678; x_wconf 78' lang='grc' dir='ltr'><strong>οῦν</strong></span> <span class='ocrx_word' id='word_1_111' title='bbox 562 1625 966 1692; x_wconf 81' lang='grc' dir='ltr'>ἀπολεξάμενοι</span> <span class='ocrx_word' id='word_1_112' title='bbox 989 1629 1126 1698; x_wconf 86' lang='grc' dir='ltr'>πρὸς</span> <span class='ocrx_word' id='word_1_113' title='bbox 1142 1629 1410 1697; x_wconf 78' lang='grc' dir='ltr'><strong>δημοσίας</strong></span> <span class='ocrx_word' id='word_1_114' title='bbox 1436 1636 1700 1698; x_wconf 76' lang='grc' dir='ltr'>φέρουσιν</span> <span class='ocrx_word' id='word_1_115' title='bbox 1720 1628 1890 1690; x_wconf 84' lang='grc' dir='ltr'>ἀκοὰς</span> 
     </span>
    </p>
   </div>
   <div class='ocr_carea' id='block_1_19' title="bbox 291 1714 1884 1789">
    <p class='ocr_par' dir='ltr' id='par_1_19' title="bbox 291 1714 1884 1789">
     <span class='ocr_line' id='line_1_19' title="bbox 291 1714 1884 1789; baseline 0.002 -22"><span class='ocrx_word' id='word_1_116' title='bbox 291 1715 348 1767; x_wconf 80' lang='grc' dir='ltr'>οἱ</span> <span class='ocrx_word' id='word_1_117' title='bbox 381 1714 450 1788; x_wconf 70' lang='grc' dir='ltr'><strong>[Γ.</strong></span> <span class='ocrx_word' id='word_1_118' title='bbox 501 1716 600 1772; x_wconf 73' lang='grc'><strong>120</strong></span> <span class='ocrx_word' id='word_1_119' title='bbox 630 1717 708 1789; x_wconf 61' lang='lat' dir='ltr'><strong>tu]</strong></span> <span class='ocrx_word' id='word_1_120' title='bbox 747 1717 980 1770; x_wconf 80' lang='grc' dir='ltr'>ἐνταῦθα</span> <span class='ocrx_word' id='word_1_121' title='bbox 1004 1720 1098 1788; x_wconf 83' lang='grc' dir='ltr'>τῆς</span> <span class='ocrx_word' id='word_1_122' title='bbox 1133 1719 1342 1772; x_wconf 73' lang='grc' dir='ltr'>ἐκείνου</span> <span class='ocrx_word' id='word_1_123' title='bbox 1363 1718 1628 1772; x_wconf 82' lang='grc' dir='ltr'>θιασῶται</span> <span class='ocrx_word' id='word_1_124' title='bbox 1663 1718 1884 1781; x_wconf 85' lang='grc' dir='ltr'>κακίας.</span> 
     </span>
    </p>
   </div>
   <div class='ocr_carea' id='block_1_20' title="bbox 293 1808 1888 1879">
    <p class='ocr_par' dir='ltr' id='par_1_20' title="bbox 293 1808 1888 1879">
     <span class='ocr_line' id='line_1_20' title="bbox 293 1808 1888 1879; baseline 0.003 -21"><span class='ocrx_word' id='word_1_125' title='bbox 293 1808 606 1876; x_wconf 71' lang='grc' dir='ltr'>ἐγγράφως</span> <span class='ocrx_word' id='word_1_126' title='bbox 661 1809 798 1878; x_wconf 80' lang='grc' dir='ltr'>πρὸς</span> <span class='ocrx_word' id='word_1_127' title='bbox 857 1811 1070 1862; x_wconf 82' lang='grc' dir='ltr'>ἐκείνου</span> <span class='ocrx_word' id='word_1_128' title='bbox 1119 1811 1332 1874; x_wconf 78' lang='grc' dir='ltr'><strong>τούτοις</strong></span> <span class='ocrx_word' id='word_1_129' title='bbox 1367 1810 1716 1879; x_wconf 77' lang='grc' dir='ltr'><strong>πεμφθέντα,</strong></span> <span class='ocrx_word' id='word_1_130' title='bbox 1769 1809 1888 1862; x_wconf 77' lang='grc' dir='ltr'>ἐστι</span> 
     </span>
    </p>
   </div>
   <div class='ocr_carea' id='block_1_21' title="bbox 295 1899 1891 1972">
    <p class='ocr_par' dir='ltr' id='par_1_21' title="bbox 295 1899 1891 1972">
     <span class='ocr_line' id='line_1_21' title="bbox 295 1899 1891 1972; baseline 0.004 -22"><span class='ocrx_word' id='word_1_131' title='bbox 295 1899 508 1952; x_wconf 74' lang='grc' dir='ltr'>τοιάδε.</span> <span class='ocrx_word' id='word_1_132' title='bbox 555 1900 992 1971; x_wconf 79' lang='grc' dir='ltr'>Ἀπαιτούμενος</span> <span class='ocrx_word' id='word_1_133' title='bbox 1051 1901 1184 1972; x_wconf 82' lang='grc' dir='ltr'>γὰρ,</span> <span class='ocrx_word' id='word_1_134' title='bbox 1235 1905 1408 1972; x_wconf 78' lang='grc' dir='ltr'>φησί,</span> <span class='ocrx_word' id='word_1_135' title='bbox 1444 1903 1605 1970; x_wconf 87' lang='grc' dir='ltr'>λόγον</span> <span class='ocrx_word' id='word_1_136' title='bbox 1641 1901 1891 1972; x_wconf 80' lang='grc' dir='ltr'>ἑρμηνέα</span> 
     </span>
    </p>
   </div>
   <div class='ocr_carea' id='block_1_22' title="bbox 291 1991 1890 2066">
    <p class='ocr_par' dir='ltr' id='par_1_22' title="bbox 291 1991 1890 2066">
     <span class='ocr_line' id='line_1_22' title="bbox 291 1991 1890 2066; baseline 0.004 -24"><span class='ocrx_word' id='word_1_137' title='bbox 291 1991 400 2060; x_wconf 80' lang='grc' dir='ltr'>τῆς</span> <span class='ocrx_word' id='word_1_138' title='bbox 455 1993 826 2061; x_wconf 80' lang='grc' dir='ltr'>καινοφανοῦς</span> <span class='ocrx_word' id='word_1_139' title='bbox 867 1995 1104 2062; x_wconf 79' lang='grc' dir='ltr'>ταυτησὶ</span> <span class='ocrx_word' id='word_1_140' title='bbox 1137 1995 1460 2066; x_wconf 73' lang='grc' dir='ltr'>θρησκείας,</span> <span class='ocrx_word' id='word_1_141' title='bbox 1501 1995 1890 2064; x_wconf 81' lang='grc' dir='ltr'>ἀπολογεῖσθαι</span> 
     </span>
    </p>
   </div>
   <div class='ocr_carea' id='block_1_23' title="bbox 291 2085 1891 2157">
    <p class='ocr_par' dir='ltr' id='par_1_23' title="bbox 291 2085 1891 2157">
     <span class='ocr_line' id='line_1_23' title="bbox 291 2085 1891 2157; baseline 0.005 -23"><span class='ocrx_word' id='word_1_142' title='bbox 291 2085 498 2152; x_wconf 74' lang='grc' dir='ltr'>καιρὸν</span> <span class='ocrx_word' id='word_1_143' title='bbox 525 2085 630 2138; x_wconf 81' lang='grc' dir='ltr'>οὐκ</span> <span class='ocrx_word' id='word_1_144' title='bbox 659 2085 806 2154; x_wconf 68' lang='grc' dir='ltr'>ἔχειν</span> <span class='ocrx_word' id='word_1_145' title='bbox 851 2087 1086 2157; x_wconf 75' lang='grc' dir='ltr'>εἰρήκει,</span> <span class='ocrx_word' id='word_1_146' title='bbox 1149 2087 1425 2157; x_wconf 80' lang='grc' dir='ltr'>πρόφασιν</span> <span class='ocrx_word' id='word_1_147' title='bbox 1482 2087 1658 2157; x_wconf 78' lang='grc' dir='ltr'>λέγων</span> <span class='ocrx_word' id='word_1_148' title='bbox 1713 2089 1790 2152; x_wconf 84' lang='grc' dir='ltr'>ὡς</span> <span class='ocrx_word' id='word_1_149' title='bbox 1841 2091 1891 2142; x_wconf 73' lang='lat' dir='ltr'><strong>oi</strong></span> 
     </span>
    </p>
   </div>
   <div class='ocr_carea' id='block_1_24' title="bbox 287 2177 1890 2252">
    <p class='ocr_par' dir='ltr' id='par_1_24' title="bbox 287 2177 1890 2252">
     <span class='ocr_line' id='line_1_24' title="bbox 287 2177 1890 2252; baseline 0.004 -26"><span class='ocrx_word' id='word_1_150' title='bbox 287 2177 700 2246; x_wconf 73' lang='grc' dir='ltr'><strong>προσκείμενοι</strong></span> <span class='ocrx_word' id='word_1_151' title='bbox 733 2177 811 2245; x_wconf 84' lang='grc' dir='ltr'>τῷ</span> <span class='ocrx_word' id='word_1_152' title='bbox 848 2178 1004 2247; x_wconf 78' lang='grc' dir='ltr'>μέρει</span> <span class='ocrx_word' id='word_1_153' title='bbox 1045 2178 1151 2230; x_wconf 85' lang='grc' dir='ltr'><strong>τῶν</strong></span> <span class='ocrx_word' id='word_1_154' title='bbox 1177 2179 1468 2234; x_wconf 80' lang='grc' dir='ltr'>ἀντιδίκων</span> <span class='ocrx_word' id='word_1_155' title='bbox 1502 2181 1890 2252; x_wconf 79' lang='grc' dir='ltr'>προκάθηνται</span> 
     </span>
    </p>
   </div>
   <div class='ocr_carea' id='block_1_25' title="bbox 289 2269 1894 2339">
    <p class='ocr_par' dir='ltr' id='par_1_25' title="bbox 289 2269 1894 2339">
     <span class='ocr_line' id='line_1_25' title="bbox 289 2269 1894 2339; baseline 0.002 -17"><span class='ocrx_word' id='word_1_156' title='bbox 289 2271 396 2322; x_wconf 75' lang='grc' dir='ltr'>καὶ</span> <span class='ocrx_word' id='word_1_157' title='bbox 428 2272 654 2335; x_wconf 73' lang='grc' dir='ltr'>κριταὶ,</span> <span class='ocrx_word' id='word_1_158' title='bbox 687 2269 786 2322; x_wconf 71' lang='grc' dir='ltr'>καὶ</span> <span class='ocrx_word' id='word_1_159' title='bbox 823 2271 926 2324; x_wconf 78' lang='grc' dir='ltr'>οὐκ</span> <span class='ocrx_word' id='word_1_160' title='bbox 979 2269 1122 2339; x_wconf 75' lang='grc' dir='ltr'>ἔχειν</span> <span class='ocrx_word' id='word_1_161' title='bbox 1150 2271 1468 2339; x_wconf 73' lang='grc' dir='ltr'>ἀναγκαίως</span> <span class='ocrx_word' id='word_1_162' title='bbox 1498 2273 1770 2326; x_wconf 85' lang='grc' dir='ltr'>δεικνύειν</span> <span class='ocrx_word' id='word_1_163' title='bbox 1812 2274 1894 2336; x_wconf 88' lang='grc' dir='ltr'><strong>είς</strong></span> 
     </span>
    </p>
   </div>
   <div class='ocr_carea' id='block_1_26' title="bbox 286 2360 1894 2435">
    <p class='ocr_par' dir='ltr' id='par_1_26' title="bbox 286 2360 1894 2435">
     <span class='ocr_line' id='line_1_26' title="bbox 286 2360 1894 2435; baseline 0.004 -22"><span class='ocrx_word' id='word_1_164' title='bbox 286 2360 368 2414; x_wconf 77' lang='grc' dir='ltr'>τὰ</span> <span class='ocrx_word' id='word_1_165' title='bbox 422 2363 560 2430; x_wconf 84' lang='grc' dir='ltr'>παρ’</span> <span class='ocrx_word' id='word_1_166' title='bbox 597 2363 788 2416; x_wconf 85' lang='grc' dir='ltr'>αὐτῶν</span> <span class='ocrx_word' id='word_1_167' title='bbox 841 2363 1238 2433; x_wconf 88' lang='grc' dir='ltr'>ἀντιλεγόμενα</span> <span class='ocrx_word' id='word_1_168' title='bbox 1297 2366 1364 2418; x_wconf 83' lang='grc' dir='ltr'>τὰ</span> <span class='ocrx_word' id='word_1_169' title='bbox 1417 2365 1767 2435; x_wconf 86' lang='grc' dir='ltr'>δικαιώματα</span> <span class='ocrx_word' id='word_1_170' title='bbox 1793 2365 1894 2435; x_wconf 81' lang='grc' dir='ltr'>τῆς</span> 
     </span>
    </p>
   </div>
   <div class='ocr_carea' id='block_1_27' title="bbox 291 2453 1895 2527">
    <p class='ocr_par' dir='ltr' id='par_1_27' title="bbox 291 2453 1895 2527">
     <span class='ocr_line' id='line_1_27' title="bbox 291 2453 1895 2527; baseline 0.006 -24"><span class='ocrx_word' id='word_1_171' title='bbox 291 2453 618 2516; x_wconf 77' lang='grc' dir='ltr'>εὐσεϐείας.</span> <span class='ocrx_word' id='word_1_172' title='bbox 661 2453 896 2508; x_wconf 82' lang='grc' dir='ltr'>Ἔπειτα</span> <span class='ocrx_word' id='word_1_173' title='bbox 952 2455 1050 2508; x_wconf 75' lang='grc' dir='ltr'>καὶ</span> <span class='ocrx_word' id='word_1_174' title='bbox 1091 2455 1531 2524; x_wconf 84' lang='grc' dir='ltr'>παραδεδομένος</span> <span class='ocrx_word' id='word_1_175' title='bbox 1563 2459 1646 2522; x_wconf 89' lang='grc' dir='ltr'><strong>είς</strong></span> <span class='ocrx_word' id='word_1_176' title='bbox 1691 2459 1895 2527; x_wconf 87' lang='grc' dir='ltr'>αίχμα-</span> 
     </span>
    </p>
   </div>
   <div class='ocr_carea' id='block_1_28' title="bbox 291 2543 1896 2619">
    <p class='ocr_par' dir='ltr' id='par_1_28' title="bbox 291 2543 1896 2619">
     <span class='ocr_line' id='line_1_28' title="bbox 291 2543 1896 2619; baseline 0.005 -23"><span class='ocrx_word' id='word_1_177' title='bbox 291 2543 510 2596; x_wconf 80' lang='grc' dir='ltr'>λωσίαν</span> <span class='ocrx_word' id='word_1_178' title='bbox 539 2545 728 2608; x_wconf 77' lang='grc' dir='ltr'>αὐτοῖς</span> <span class='ocrx_word' id='word_1_179' title='bbox 768 2546 868 2599; x_wconf 85' lang='grc' dir='ltr'>οὐκ</span> <span class='ocrx_word' id='word_1_180' title='bbox 897 2546 968 2600; x_wconf 80' lang='grc' dir='ltr'>ἂν</span> <span class='ocrx_word' id='word_1_181' title='bbox 1002 2547 1390 2618; x_wconf 88' lang='grc' dir='ltr'>ἀποκρίναιτο,</span> <span class='ocrx_word' id='word_1_182' title='bbox 1420 2548 1545 2602; x_wconf 76' lang='grc' dir='ltr'>ἐπεὶ</span> <span class='ocrx_word' id='word_1_183' title='bbox 1585 2549 1684 2602; x_wconf 79' lang='grc' dir='ltr'>καὶ</span> <span class='ocrx_word' id='word_1_184' title='bbox 1703 2551 1732 2602; x_wconf 80' lang='grc' dir='ltr'><strong>ὁ</strong></span> <span class='ocrx_word' id='word_1_185' title='bbox 1757 2552 1896 2619; x_wconf 84' lang='grc' dir='ltr'>Χρι-</span> 
     </span>
    </p>
   </div>
   <div class='ocr_carea' id='block_1_29' title="bbox 289 2636 1894 2709">
    <p class='ocr_par' dir='ltr' id='par_1_29' title="bbox 289 2636 1894 2709">
     <span class='ocr_line' id='line_1_29' title="bbox 289 2636 1894 2709; baseline 0.004 -21"><span class='ocrx_word' id='word_1_186' title='bbox 289 2638 450 2701; x_wconf 81' lang='grc' dir='ltr'>στὸς,</span> <span class='ocrx_word' id='word_1_187' title='bbox 489 2638 648 2706; x_wconf 73' lang='grc' dir='ltr'>φησὶ,</span> <span class='ocrx_word' id='word_1_188' title='bbox 698 2636 840 2706; x_wconf 87' lang='grc' dir='ltr'><strong>μετά</strong></span> <span class='ocrx_word' id='word_1_189' title='bbox 873 2636 933 2690; x_wconf 82' lang='grc' dir='ltr'><strong>τὺ</strong></span> <span class='ocrx_word' id='word_1_190' title='bbox 965 2637 1337 2709; x_wconf 82' lang='grc' dir='ltr'>παραδοθῆναι</span> <span class='ocrx_word' id='word_1_191' title='bbox 1387 2639 1486 2692; x_wconf 83' lang='grc' dir='ltr'>οὐκ</span> <span class='ocrx_word' id='word_1_192' title='bbox 1535 2639 1894 2709; x_wconf 83' lang='grc' dir='ltr'>ἀπεκρίνατο.</span> 
     </span>
    </p>
   </div>
   <div class='ocr_carea' id='block_1_30' title="bbox 289 2727 1894 2799">
    <p class='ocr_par' dir='ltr' id='par_1_30' title="bbox 289 2727 1894 2799">
     <span class='ocr_line' id='line_1_30' title="bbox 289 2727 1894 2799; baseline 0.004 -19"><span class='ocrx_word' id='word_1_193' title='bbox 289 2727 474 2780; x_wconf 83' lang='grc' dir='ltr'>Ταῦτ’</span> <span class='ocrx_word' id='word_1_194' title='bbox 509 2729 620 2780; x_wconf 85' lang='grc' dir='ltr'>είσὶ</span> <span class='ocrx_word' id='word_1_195' title='bbox 673 2729 744 2782; x_wconf 82' lang='grc' dir='ltr'><strong>τά</strong></span> <span class='ocrx_word' id='word_1_196' title='bbox 791 2727 997 2798; x_wconf 84' lang='grc' dir='ltr'>συνήθη</span> <span class='ocrx_word' id='word_1_197' title='bbox 1036 2728 1490 2798; x_wconf 83' lang='grc' dir='ltr'>ψευδολογήματα</span> <span class='ocrx_word' id='word_1_198' title='bbox 1539 2731 1638 2799; x_wconf 82' lang='grc' dir='ltr'>τῆς</span> <span class='ocrx_word' id='word_1_199' title='bbox 1683 2733 1894 2786; x_wconf 80' lang='grc' dir='ltr'>ἀτόπου</span> 
     </span>
    </p>
   </div>
   <div class='ocr_carea' id='block_1_31' title="bbox 285 2820 1893 2893">
    <p class='ocr_par' dir='ltr' id='par_1_31' title="bbox 285 2820 1893 2893">
     <span class='ocr_line' id='line_1_31' title="bbox 285 2820 1893 2893; baseline 0.003 -21"><span class='ocrx_word' id='word_1_200' title='bbox 285 2821 562 2889; x_wconf 83' lang='grc' dir='ltr'>γλώσσης</span> <span class='ocrx_word' id='word_1_201' title='bbox 577 2820 821 2890; x_wconf 76' lang='grc' dir='ltr'>ἐκείνης·</span> <span class='ocrx_word' id='word_1_202' title='bbox 844 2820 961 2882; x_wconf 82' lang='grc' dir='ltr'><strong>πῶς</strong></span> <span class='ocrx_word' id='word_1_203' title='bbox 979 2822 1088 2892; x_wconf 86' lang='grc' dir='ltr'><strong>γὰρ</strong></span> <span class='ocrx_word' id='word_1_204' title='bbox 1105 2820 1172 2874; x_wconf 80' lang='grc' dir='ltr'>ἂν</span> <span class='ocrx_word' id='word_1_205' title='bbox 1195 2822 1518 2892; x_wconf 75' lang='grc' dir='ltr'>ἐτόλμησεν,</span> <span class='ocrx_word' id='word_1_206' title='bbox 1541 2821 1572 2890; x_wconf 85' lang='grc' dir='ltr'>ἦ</span> <span class='ocrx_word' id='word_1_207' title='bbox 1592 2823 1676 2886; x_wconf 85' lang='grc' dir='ltr'><strong>τίς</strong></span> <span class='ocrx_word' id='word_1_208' title='bbox 1699 2823 1763 2876; x_wconf 84' lang='grc' dir='ltr'>ἂν</span> <span class='ocrx_word' id='word_1_209' title='bbox 1781 2824 1893 2893; x_wconf 80' lang='grc' dir='ltr'>ἔχοι</span> 
     </span>
    </p>
   </div>
   <div class='ocr_carea' id='block_1_32' title="bbox 289 2903 1896 2988">
    <p class='ocr_par' dir='ltr' id='par_1_32' title="bbox 289 2903 1896 2988">
     <span class='ocr_line' id='line_1_32' title="bbox 289 2903 1896 2988; baseline 0.001 -22"><span class='ocrx_word' id='word_1_210' title='bbox 289 2913 464 2984; x_wconf 79' lang='grc' dir='ltr'>χώρα</span> <span class='ocrx_word' id='word_1_211' title='bbox 497 2915 598 2966; x_wconf 80' lang='grc' dir='ltr'>καὶ</span> <span class='ocrx_word' id='word_1_212' title='bbox 629 2913 792 2985; x_wconf 88' lang='grc' dir='ltr'>χρεία</span> <span class='ocrx_word' id='word_1_213' title='bbox 831 2913 1122 2984; x_wconf 80' lang='grc' dir='ltr'>βαρϐάροις</span> <span class='ocrx_word' id='word_1_214' title='bbox 1159 2903 1347 2985; x_wconf 73' lang='grc' dir='ltr'>φέρειν</span> <span class='ocrx_word' id='word_1_215' title='bbox 1399 2915 1706 2986; x_wconf 83' lang='grc' dir='ltr'>ὑπόδειγμα</span> <span class='ocrx_word' id='word_1_216' title='bbox 1757 2918 1896 2988; x_wconf 69' lang='grc' dir='ltr'>προς</span> 
     </span>
    </p>
   </div>
   <div class='ocr_carea' id='block_1_33' title="bbox 289 2992 1896 3078">
    <p class='ocr_par' dir='ltr' id='par_1_33' title="bbox 289 3007 1896 3078">
     <span class='ocr_line' id='line_1_33' title="bbox 289 3007 1896 3078; baseline 0.001 -20"><span class='ocrx_word' id='word_1_217' title='bbox 289 3009 578 3060; x_wconf 82' lang='grc' dir='ltr'>πίστωσιν</span> <span class='ocrx_word' id='word_1_218' title='bbox 607 3007 721 3058; x_wconf 87' lang='grc' dir='ltr'><strong>τῶν</strong></span> <span class='ocrx_word' id='word_1_219' title='bbox 753 3007 904 3076; x_wconf 77' lang='grc' dir='ltr'>αὐτῷ</span> <span class='ocrx_word' id='word_1_220' title='bbox 931 3007 1242 3074; x_wconf 78' lang='grc' dir='ltr'>λεγομένων</span> <span class='ocrx_word' id='word_1_221' title='bbox 1275 3008 1344 3060; x_wconf 87' lang='grc' dir='ltr'><strong>τά</strong></span> <span class='ocrx_word' id='word_1_222' title='bbox 1373 3007 1468 3060; x_wconf 89' lang='grc' dir='ltr'><strong>τοῦ</strong></span> <span class='ocrx_word' id='word_1_223' title='bbox 1510 3007 1752 3078; x_wconf 83' lang='grc' dir='ltr'>Χριστοῦ</span> <span class='ocrx_word' id='word_1_224' title='bbox 1787 3026 1896 3062; x_wconf 88' lang='grc' dir='ltr'>πα-</span> 
     </span>
    </p>
   </div>
   <div class='ocr_carea' id='block_1_34' title="bbox 287 3099 1964 3190">
    <p class='ocr_par' dir='ltr' id='par_1_34' title="bbox 287 3099 1964 3190">
     <span class='ocr_line' id='line_1_34' title="bbox 287 3099 1964 3190; baseline 0.002 -38"><span class='ocrx_word' id='word_1_225' title='bbox 287 3099 574 3168; x_wconf 73' lang='grc' dir='ltr'>θήματας</span> <span class='ocrx_word' id='word_1_226' title='bbox 610 3101 1130 3169; x_wconf 76' lang='grc' dir='ltr'>Προσπαραγράιρει</span> <span class='ocrx_word' id='word_1_227' title='bbox 1177 3101 1221 3152; x_wconf 85' lang='grc' dir='ltr'>δ’</span> <span class='ocrx_word' id='word_1_228' title='bbox 1273 3099 1403 3168; x_wconf 76' lang='grc' dir='ltr'><strong>ἑξῆς</strong></span> <span class='ocrx_word' id='word_1_229' title='bbox 1457 3102 1552 3154; x_wconf 78' lang='grc' dir='ltr'>καὶ</span> <span class='ocrx_word' id='word_1_230' title='bbox 1600 3102 1730 3172; x_wconf 78' lang='grc' dir='ltr'>περὶ</span> <span class='ocrx_word' id='word_1_231' title='bbox 1785 3101 1964 3190; x_wconf 65' lang='grc' dir='ltr'>τῶνα</span> 
     </span>
    </p>
   </div>
   <div class='ocr_carea' id='block_1_35' title="bbox 287 3189 1895 3263">
    <p class='ocr_par' dir='ltr' id='par_1_35' title="bbox 287 3189 1895 3263">
     <span class='ocr_line' id='line_1_35' title="bbox 287 3189 1895 3263; baseline 0.002 -21"><span class='ocrx_word' id='word_1_232' title='bbox 287 3191 424 3244; x_wconf 74' lang='grc' dir='ltr'>ἐκεῖ</span> <span class='ocrx_word' id='word_1_233' title='bbox 457 3189 836 3263; x_wconf 76' lang='grc' dir='ltr'>Χριστιανῶν,</span> <span class='ocrx_word' id='word_1_234' title='bbox 873 3191 1022 3255; x_wconf 83' lang='grc' dir='ltr'>ὅπως</span> <span class='ocrx_word' id='word_1_235' title='bbox 1055 3191 1317 3256; x_wconf 84' lang='grc' dir='ltr'>λαθόντες</span> <span class='ocrx_word' id='word_1_236' title='bbox 1345 3193 1406 3260; x_wconf 65' lang='grc' dir='ltr'><strong>ἐξ</strong></span> <span class='ocrx_word' id='word_1_237' title='bbox 1445 3193 1704 3263; x_wconf 81' lang='grc' dir='ltr'>ἀπειρίας</span> <span class='ocrx_word' id='word_1_238' title='bbox 1732 3193 1895 3248; x_wconf 75' lang='grc' dir='ltr'>ἐπαίσ-</span> 
     </span>
    </p>
   </div>
   <div class='ocr_carea' id='block_1_36' title="bbox 281 3283 1894 3358">
    <p class='ocr_par' dir='ltr' id='par_1_36' title="bbox 281 3283 1894 3358">
     <span class='ocr_line' id='line_1_36' title="bbox 281 3283 1894 3358; baseline 0.002 -21"><span class='ocrx_word' id='word_1_239' title='bbox 281 3301 416 3348; x_wconf 82' lang='grc' dir='ltr'>νοις</span> <span class='ocrx_word' id='word_1_240' title='bbox 476 3283 764 3354; x_wconf 80' lang='grc' dir='ltr'>ἐξαίρουσι</span> <span class='ocrx_word' id='word_1_241' title='bbox 819 3283 1032 3350; x_wconf 87' lang='grc' dir='ltr'>τοῦτον,</span> <span class='ocrx_word' id='word_1_242' title='bbox 1091 3287 1250 3352; x_wconf 85' lang='grc' dir='ltr'>διότι,</span> <span class='ocrx_word' id='word_1_243' title='bbox 1295 3289 1482 3354; x_wconf 76' lang='grc' dir='ltr'>φασὶν,</span> <span class='ocrx_word' id='word_1_244' title='bbox 1519 3287 1894 3358; x_wconf 81' lang='grc' dir='ltr'>ἀποκηρύττει</span> 
     </span>
    </p>
   </div>
   <div class='ocr_carea' id='block_1_37' title="bbox 281 3374 1895 3450">
    <p class='ocr_par' dir='ltr' id='par_1_37' title="bbox 281 3374 1895 3450">
     <span class='ocr_line' id='line_1_37' title="bbox 281 3374 1895 3450; baseline 0.002 -21"><span class='ocrx_word' id='word_1_245' title='bbox 281 3374 431 3438; x_wconf 75' lang='grc' dir='ltr'>τοὺς</span> <span class='ocrx_word' id='word_1_246' title='bbox 487 3377 570 3438; x_wconf 85' lang='grc' dir='ltr'><strong>είς</strong></span> <span class='ocrx_word' id='word_1_247' title='bbox 625 3376 1037 3446; x_wconf 78' lang='grc' dir='ltr'>ὑπερκειμένας</span> <span class='ocrx_word' id='word_1_248' title='bbox 1099 3379 1196 3431; x_wconf 72' lang='grc' dir='ltr'>καὶ</span> <span class='ocrx_word' id='word_1_249' title='bbox 1265 3379 1570 3447; x_wconf 83' lang='grc' dir='ltr'>ύφειμένας</span> <span class='ocrx_word' id='word_1_250' title='bbox 1629 3379 1895 3450; x_wconf 78' lang='grc' dir='ltr'>ἀπείρους</span> 
     </span>
    </p>
   </div>
   <div class='ocr_carea' id='block_1_38' title="bbox 279 3466 1892 3538">
    <p class='ocr_par' dir='ltr' id='par_1_38' title="bbox 279 3466 1892 3538">
     <span class='ocr_line' id='line_1_38' title="bbox 279 3466 1892 3538; baseline 0.001 -19"><span class='ocrx_word' id='word_1_251' title='bbox 279 3467 572 3534; x_wconf 78' lang='grc' dir='ltr'>θεότητας</span> <span class='ocrx_word' id='word_1_252' title='bbox 599 3466 694 3518; x_wconf 83' lang='grc' dir='ltr'>τὸν</span> <span class='ocrx_word' id='word_1_253' title='bbox 724 3466 822 3518; x_wconf 73' lang='grc' dir='ltr'>ἕνα</span> <span class='ocrx_word' id='word_1_254' title='bbox 854 3466 988 3520; x_wconf 82' lang='grc' dir='ltr'>Θεὸν</span> <span class='ocrx_word' id='word_1_255' title='bbox 1024 3467 1238 3530; x_wconf 80' lang='grc' dir='ltr'>ἀσεϐῶς</span> <span class='ocrx_word' id='word_1_256' title='bbox 1268 3468 1638 3538; x_wconf 82' lang='grc' dir='ltr'>διαιροῦντας.</span> <span class='ocrx_word' id='word_1_257' title='bbox 1673 3468 1784 3522; x_wconf 76' lang='grc' dir='ltr'><strong>Καὶ</strong></span> <span class='ocrx_word' id='word_1_258' title='bbox 1818 3469 1892 3538; x_wconf 82' lang='grc' dir='ltr'><strong>μὴ</strong></span> 
     </span>
    </p>
   </div>
   <div class='ocr_carea' id='block_1_39' title="bbox 277 3559 1894 3631">
    <p class='ocr_par' dir='ltr' id='par_1_39' title="bbox 277 3559 1894 3631">
     <span class='ocr_line' id='line_1_39' title="bbox 277 3559 1894 3631; baseline -0.001 -18"><span class='ocrx_word' id='word_1_259' title='bbox 277 3559 682 3628; x_wconf 82' lang='grc' dir='ltr'>ἀποδέχεσθαι</span> <span class='ocrx_word' id='word_1_260' title='bbox 720 3564 824 3628; x_wconf 81' lang='grc' dir='ltr'>μέν</span> <span class='ocrx_word' id='word_1_261' title='bbox 857 3577 992 3630; x_wconf 77' lang='grc' dir='ltr'>φησι</span> <span class='ocrx_word' id='word_1_262' title='bbox 1033 3560 1132 3631; x_wconf 77' lang='grc' dir='ltr'>τὴν</span> <span class='ocrx_word' id='word_1_263' title='bbox 1161 3561 1272 3614; x_wconf 85' lang='grc' dir='ltr'><strong>τῶν</strong></span> <span class='ocrx_word' id='word_1_264' title='bbox 1321 3562 1564 3614; x_wconf 77' lang='grc' dir='ltr'>ἐπαίνων</span> <span class='ocrx_word' id='word_1_265' title='bbox 1596 3560 1776 3614; x_wconf 77' lang='grc' dir='ltr'>αἰτίαν</span> <span class='ocrx_word' id='word_1_266' title='bbox 1819 3560 1894 3624; x_wconf 86' lang='grc' dir='ltr'><strong>ώς</strong></span> 
     </span>
    </p>
   </div>
   <div class='ocr_carea' id='block_1_40' title="bbox 273 3653 1892 3724">
    <p class='ocr_par' dir='ltr' id='par_1_40' title="bbox 273 3653 1892 3724">
     <span class='ocr_line' id='line_1_40' title="bbox 273 3653 1892 3724; baseline 0 -18"><span class='ocrx_word' id='word_1_267' title='bbox 273 3653 458 3722; x_wconf 80' lang='grc' dir='ltr'><strong>αὑτῷ</strong></span> <span class='ocrx_word' id='word_1_268' title='bbox 499 3671 566 3720; x_wconf 88' lang='grc' dir='ltr'><strong>γε</strong></span> <span class='ocrx_word' id='word_1_269' title='bbox 603 3653 940 3723; x_wconf 78' lang='grc' dir='ltr'>ἀλυσιτελῆ,</span> <span class='ocrx_word' id='word_1_270' title='bbox 978 3655 1128 3724; x_wconf 79' lang='grc' dir='ltr'>ὅμως</span> <span class='ocrx_word' id='word_1_271' title='bbox 1169 3655 1262 3706; x_wconf 83' lang='grc' dir='ltr'><strong>τοῦ</strong></span> <span class='ocrx_word' id='word_1_272' title='bbox 1305 3655 1500 3724; x_wconf 83' lang='grc' dir='ltr'>καιροῦ</span> <span class='ocrx_word' id='word_1_273' title='bbox 1550 3672 1610 3708; x_wconf 88' lang='grc' dir='ltr'><strong>τε</strong></span> <span class='ocrx_word' id='word_1_274' title='bbox 1656 3655 1753 3708; x_wconf 76' lang='grc' dir='ltr'>καὶ</span> <span class='ocrx_word' id='word_1_275' title='bbox 1793 3655 1892 3722; x_wconf 80' lang='grc' dir='ltr'>τῆς</span> 
     </span>
    </p>
   </div>
   <div class='ocr_carea' id='block_1_41' title="bbox 271 3746 1891 3818">
    <p class='ocr_par' dir='ltr' id='par_1_41' title="bbox 271 3746 1891 3818">
     <span class='ocr_line' id='line_1_41' title="bbox 271 3746 1891 3818; baseline 0.001 -20"><span class='ocrx_word' id='word_1_276' title='bbox 271 3749 498 3818; x_wconf 76' lang='grc' dir='ltr'>χρείας</span> <span class='ocrx_word' id='word_1_277' title='bbox 530 3746 719 3808; x_wconf 70' lang='grc' dir='ltr'>ἕνεκα,</span> <span class='ocrx_word' id='word_1_278' title='bbox 747 3746 842 3800; x_wconf 88' lang='grc' dir='ltr'><strong>τοῦ</strong></span> <span class='ocrx_word' id='word_1_279' title='bbox 883 3747 1198 3810; x_wconf 74' lang='grc' dir='ltr'>σιτίζεσθαι</span> <span class='ocrx_word' id='word_1_280' title='bbox 1249 3748 1388 3815; x_wconf 67' lang='grc' dir='ltr'>πρδς</span> <span class='ocrx_word' id='word_1_281' title='bbox 1433 3747 1616 3802; x_wconf 82' lang='grc' dir='ltr'>αὐτῶν</span> <span class='ocrx_word' id='word_1_282' title='bbox 1661 3747 1891 3817; x_wconf 80' lang='grc' dir='ltr'>δηλαδὴ,</span> 
     </span>
    </p>
   </div>
   <div class='ocr_carea' id='block_1_42' title="bbox 279 3837 1890 3910">
    <p class='ocr_par' dir='ltr' id='par_1_42' title="bbox 279 3837 1890 3910">
     <span class='ocr_line' id='line_1_42' title="bbox 279 3837 1890 3910; baseline 0 -16"><span class='ocrx_word' id='word_1_283' title='bbox 279 3839 528 3908; x_wconf 77' lang='grc' dir='ltr'>σιωπᾷν</span> <span class='ocrx_word' id='word_1_284' title='bbox 588 3837 990 3904; x_wconf 67' lang='grc' dir='ltr'>ἐπαινούμενος</span> <span class='ocrx_word' id='word_1_285' title='bbox 1051 3838 1236 3902; x_wconf 77' lang='grc' dir='ltr'>ἀξίους</span> <span class='ocrx_word' id='word_1_286' title='bbox 1285 3839 1536 3910; x_wconf 79' lang='grc' dir='ltr'>κατάρας</span> <span class='ocrx_word' id='word_1_287' title='bbox 1599 3839 1890 3894; x_wconf 75' lang='grc' dir='ltr'>ἐπαίνους·</span> 
     </span>
    </p>
   </div>
   <div class='ocr_carea' id='block_1_43' title="bbox 271 3929 1892 4000">
    <p class='ocr_par' dir='ltr' id='par_1_43' title="bbox 271 3929 1892 4000">
     <span class='ocr_line' id='line_1_43' title="bbox 271 3929 1892 4000; baseline 0 -16"><span class='ocrx_word' id='word_1_288' title='bbox 271 3933 388 3984; x_wconf 71' lang='grc' dir='ltr'><strong>τὸν</strong></span> <span class='ocrx_word' id='word_1_289' title='bbox 433 3932 548 3998; x_wconf 70' lang='grc' dir='ltr'><strong>γὰρ</strong></span> <span class='ocrx_word' id='word_1_290' title='bbox 579 3929 688 3980; x_wconf 87' lang='grc' dir='ltr'><strong>τῶν</strong></span> <span class='ocrx_word' id='word_1_291' title='bbox 743 3929 982 3981; x_wconf 71' lang='grc' dir='ltr'>εὐσεϐῶν</span> <span class='ocrx_word' id='word_1_292' title='bbox 1035 3929 1256 3982; x_wconf 74' lang='grc' dir='ltr'>ἔπαινον</span> <span class='ocrx_word' id='word_1_293' title='bbox 1313 3930 1687 4000; x_wconf 79' lang='grc' dir='ltr'>ἀπατηθέντες</span> <span class='ocrx_word' id='word_1_294' title='bbox 1745 3932 1892 3984; x_wconf 86' lang='grc' dir='ltr'>ἀνοι-</span> 
     </span>
    </p>
   </div>
   <div class='ocr_carea' id='block_1_44' title="bbox 275 4023 1890 4096">
    <p class='ocr_par' dir='ltr' id='par_1_44' title="bbox 275 4023 1890 4096">
     <span class='ocr_line' id='line_1_44' title="bbox 275 4023 1890 4096; baseline 0 -18"><span class='ocrx_word' id='word_1_295' title='bbox 275 4024 470 4084; x_wconf 66' lang='lat' dir='ltr'><strong>assio);</strong></span> <span class='ocrx_word' id='word_1_296' title='bbox 504 4023 708 4076; x_wconf 66' lang='grc' dir='ltr'>ἐδίδουν</span> <span class='ocrx_word' id='word_1_297' title='bbox 734 4023 904 4093; x_wconf 82' lang='grc' dir='ltr'>αὐτῷ,</span> <span class='ocrx_word' id='word_1_298' title='bbox 933 4023 1284 4096; x_wconf 75' lang='grc' dir='ltr'>ἐτι-ἀρώμενοι</span> <span class='ocrx_word' id='word_1_299' title='bbox 1325 4025 1424 4094; x_wconf 74' lang='grc' dir='ltr'>μὲν</span> <span class='ocrx_word' id='word_1_300' title='bbox 1453 4025 1620 4078; x_wconf 84' lang='grc' dir='ltr'>αὑτοῦ</span> <span class='ocrx_word' id='word_1_301' title='bbox 1671 4026 1738 4096; x_wconf 84' lang='grc' dir='ltr'>τῇ</span> <span class='ocrx_word' id='word_1_302' title='bbox 1786 4043 1890 4078; x_wconf 87' lang='grc' dir='ltr'>πο-</span> 
     </span>
    </p>
   </div>
   <div class='ocr_carea' id='block_1_45' title="bbox 275 4111 1892 4186">
    <p class='ocr_par' dir='ltr' id='par_1_45' title="bbox 275 4111 1892 4186">
     <span class='ocr_line' id='line_1_45' title="bbox 275 4111 1892 4186; baseline 0.001 -17"><span class='ocrx_word' id='word_1_303' title='bbox 275 4115 500 4186; x_wconf 77' lang='grc' dir='ltr'>λυθεῒᾳ</span> <span class='ocrx_word' id='word_1_304' title='bbox 557 4116 779 4176; x_wconf 78' lang='grc' dir='ltr'>ἐκεῖνοι,</span> <span class='ocrx_word' id='word_1_305' title='bbox 824 4114 1150 4182; x_wconf 83' lang='grc' dir='ltr'>ἀγνοοῦντες</span> <span class='ocrx_word' id='word_1_306' title='bbox 1213 4115 1258 4168; x_wconf 86' lang='grc' dir='ltr'>δ’</span> <span class='ocrx_word' id='word_1_307' title='bbox 1305 4115 1382 4177; x_wconf 86' lang='grc' dir='ltr'>ὼς</span> <span class='ocrx_word' id='word_1_308' title='bbox 1429 4116 1592 4179; x_wconf 83' lang='grc' dir='ltr'>αὐτός</span> <span class='ocrx_word' id='word_1_309' title='bbox 1653 4117 1802 4170; x_wconf 73' lang='grc' dir='ltr'>ἐστιν</span> 
     </span>
    </p>
   </div>
   <div class='ocr_carea' id='block_1_46' title="bbox 277 4205 1888 4279">
    <p class='ocr_par' dir='ltr' id='par_1_46' title="bbox 277 4205 1888 4279">
     <span class='ocr_line' id='line_1_46' title="bbox 277 4205 1888 4279; baseline 0.001 -17"><span class='ocrx_word' id='word_1_310' title='bbox 277 4205 646 4276; x_wconf 54' lang='grc' dir='ltr'>ξυρῶνται.</span> <span class='ocrx_word' id='word_1_311' title='bbox 679 4205 838 4258; x_wconf 81' lang='grc' dir='ltr'>Οὕτω</span> <span class='ocrx_word' id='word_1_312' title='bbox 879 4205 1156 4268; x_wconf 80' lang='grc' dir='ltr'>πολύπους</span> <span class='ocrx_word' id='word_1_313' title='bbox 1185 4207 1267 4268; x_wconf 85' lang='grc' dir='ltr'><strong>τίς</strong></span> <span class='ocrx_word' id='word_1_314' title='bbox 1307 4209 1454 4260; x_wconf 80' lang='grc' dir='ltr'>ἐστιν</span> <span class='ocrx_word' id='word_1_315' title='bbox 1487 4211 1515 4260; x_wconf 83' lang='grc' dir='ltr'>ὁ</span> <span class='ocrx_word' id='word_1_316' title='bbox 1554 4211 1888 4279; x_wconf 83' lang='grc' dir='ltr'>κατάρατος,</span> 
     </span>
    </p>
   </div>
   <div class='ocr_carea' id='block_1_47' title="bbox 275 4297 1885 4368">
    <p class='ocr_par' dir='ltr' id='par_1_47' title="bbox 275 4297 1885 4368">
     <span class='ocr_line' id='line_1_47' title="bbox 275 4297 1885 4368; baseline 0.002 -15"><span class='ocrx_word' id='word_1_317' title='bbox 275 4303 396 4356; x_wconf 76' lang='grc' dir='ltr'>καὶ</span> <span class='ocrx_word' id='word_1_318' title='bbox 431 4298 496 4350; x_wconf 83' lang='grc' dir='ltr'>τὸ</span> <span class='ocrx_word' id='word_1_319' title='bbox 547 4297 749 4366; x_wconf 87' lang='grc' dir='ltr'>χρῶμα</span> <span class='ocrx_word' id='word_1_320' title='bbox 807 4299 905 4366; x_wconf 83' lang='grc' dir='ltr'>τῆς</span> <span class='ocrx_word' id='word_1_321' title='bbox 940 4299 1168 4368; x_wconf 83' lang='grc' dir='ltr'>γνώμης</span> <span class='ocrx_word' id='word_1_322' title='bbox 1203 4299 1442 4363; x_wconf 83' lang='grc' dir='ltr'>ἀστατος</span> <span class='ocrx_word' id='word_1_323' title='bbox 1479 4303 1570 4354; x_wconf 79' lang='grc' dir='ltr'>καὶ</span> <span class='ocrx_word' id='word_1_324' title='bbox 1604 4303 1885 4366; x_wconf 80' lang='grc' dir='ltr'>ἀϐέϐαιος·</span> 
     </span>
    </p>
   </div>
   <div class='ocr_carea' id='block_1_48' title="bbox 275 4387 1888 4464">
    <p class='ocr_par' dir='ltr' id='par_1_48' title="bbox 275 4387 1888 4464">
     <span class='ocr_line' id='line_1_48' title="bbox 275 4387 1888 4464; baseline 0.001 -19"><span class='ocrx_word' id='word_1_325' title='bbox 275 4393 396 4445; x_wconf 78' lang='grc' dir='ltr'>καὶ</span> <span class='ocrx_word' id='word_1_326' title='bbox 450 4390 568 4451; x_wconf 86' lang='grc' dir='ltr'>τοῖς</span> <span class='ocrx_word' id='word_1_327' title='bbox 617 4387 800 4440; x_wconf 77' lang='grc' dir='ltr'>ἄλλοτ’</span> <span class='ocrx_word' id='word_1_328' title='bbox 847 4389 1027 4452; x_wconf 83' lang='grc' dir='ltr'>ἀλλοις</span> <span class='ocrx_word' id='word_1_329' title='bbox 1081 4394 1291 4458; x_wconf 83' lang='grc' dir='ltr'>καιροῖς</span> <span class='ocrx_word' id='word_1_330' title='bbox 1359 4409 1419 4444; x_wconf 88' lang='grc' dir='ltr'><strong>τε</strong></span> <span class='ocrx_word' id='word_1_331' title='bbox 1461 4393 1554 4444; x_wconf 87' lang='grc' dir='ltr'>καὶ</span> <span class='ocrx_word' id='word_1_332' title='bbox 1597 4395 1888 4464; x_wconf 79' lang='grc' dir='ltr'>πράγμασι</span> 
     </span>
    </p>
   </div>
   <div class='ocr_carea' id='block_1_49' title="bbox 1991 515 3574 590">
    <p class='ocr_par' dir='ltr' id='par_1_49' title="bbox 1991 515 3574 590">
     <span class='ocr_line' id='line_1_49' title="bbox 1991 515 3574 590; baseline -0.001 -16"><span class='ocrx_word' id='word_1_333' title='bbox 1991 531 2194 590; x_wconf 74' lang='lat' dir='ltr'><strong>etquae</strong></span> <span class='ocrx_word' id='word_1_334' title='bbox 2239 520 2358 588; x_wconf 89' lang='lat' dir='ltr'><strong>ipse</strong></span> <span class='ocrx_word' id='word_1_335' title='bbox 2412 519 2624 572; x_wconf 79' lang='lat' dir='ltr'><strong>dixerat</strong></span> <span class='ocrx_word' id='word_1_336' title='bbox 2675 517 2782 572; x_wconf 89' lang='lat' dir='ltr'><strong>sibi</strong></span> <span class='ocrx_word' id='word_1_337' title='bbox 2817 515 3090 586; x_wconf 75' lang='lat' dir='ltr'><strong>persuasit</strong></span> <span class='ocrx_word' id='word_1_338' title='bbox 3123 515 3574 586; x_wconf 79' lang='lat' dir='ltr'><strong>existimavitque</strong></span> 
     </span>
    </p>
   </div>
   <div class='ocr_carea' id='block_1_50' title="bbox 1991 607 3575 681">
    <p class='ocr_par' dir='ltr' id='par_1_50' title="bbox 1991 607 3575 681">
     <span class='ocr_line' id='line_1_50' title="bbox 1991 607 3575 681; baseline -0.002 -17"><span class='ocrx_word' id='word_1_339' title='bbox 1991 622 2214 681; x_wconf 78' lang='lat' dir='ltr'><strong>propter</strong></span> <span class='ocrx_word' id='word_1_340' title='bbox 2245 611 2370 665; x_wconf 61' lang='lat' dir='ltr'><strong>vitae</strong></span> <span class='ocrx_word' id='word_1_341' title='bbox 2414 624 2656 664; x_wconf 87' lang='lat' dir='ltr'><strong>amorem</strong></span> <span class='ocrx_word' id='word_1_342' title='bbox 2703 619 2962 678; x_wconf 66' lang='lat' dir='ltr'><strong>priestare</strong></span> <span class='ocrx_word' id='word_1_343' title='bbox 2995 607 3299 662; x_wconf 87' lang='lat' dir='ltr'><strong>silentium.</strong></span> <span class='ocrx_word' id='word_1_344' title='bbox 3355 607 3456 662; x_wconf 86' lang='lat' dir='ltr'><strong>Ubi</strong></span> <span class='ocrx_word' id='word_1_345' title='bbox 3489 614 3575 661; x_wconf 84' lang='lat' dir='ltr'><strong>ta-</strong></span> 
     </span>
    </p>
   </div>
   <div class='ocr_carea' id='block_1_51' title="bbox 1992 699 3568 771">
    <p class='ocr_par' dir='ltr' id='par_1_51' title="bbox 1992 699 3568 771">
     <span class='ocr_line' id='line_1_51' title="bbox 1992 699 3568 771; baseline -0.002 -15"><span class='ocrx_word' id='word_1_346' title='bbox 1992 717 2116 756; x_wconf 87' lang='lat' dir='ltr'><strong>men</strong></span> <span class='ocrx_word' id='word_1_347' title='bbox 2167 703 2256 755; x_wconf 82' lang='lat' dir='ltr'><strong>ilie</strong></span> <span class='ocrx_word' id='word_1_348' title='bbox 2307 701 2596 771; x_wconf 81' lang='lat' dir='ltr'><strong>comperit,</strong></span> <span class='ocrx_word' id='word_1_349' title='bbox 2629 703 2838 756; x_wconf 87' lang='lat' dir='ltr'><strong>huncce</strong></span> <span class='ocrx_word' id='word_1_350' title='bbox 2874 717 3015 767; x_wconf 85' lang='lat' dir='ltr'><strong>esse,</strong></span> <span class='ocrx_word' id='word_1_351' title='bbox 3050 701 3208 771; x_wconf 77' lang='lat' dir='ltr'><strong>cujus</strong></span> <span class='ocrx_word' id='word_1_352' title='bbox 3237 716 3368 754; x_wconf 87' lang='lat' dir='ltr'><strong>cura</strong></span> <span class='ocrx_word' id='word_1_353' title='bbox 3421 699 3568 753; x_wconf 84' lang='lat' dir='ltr'><strong>mul-</strong></span> 
     </span>
    </p>
   </div>
   <div class='ocr_carea' id='block_1_52' title="bbox 1993 793 3570 863">
    <p class='ocr_par' dir='ltr' id='par_1_52' title="bbox 1993 793 3570 863">
     <span class='ocr_line' id='line_1_52' title="bbox 1993 793 3570 863; baseline 0 -17"><span class='ocrx_word' id='word_1_354' title='bbox 1993 803 2170 847; x_wconf 86' lang='lat' dir='ltr'><strong>torum</strong></span> <span class='ocrx_word' id='word_1_355' title='bbox 2231 793 2460 848; x_wconf 87' lang='lat' dir='ltr'><strong>deorum</strong></span> <span class='ocrx_word' id='word_1_356' title='bbox 2513 793 2696 848; x_wconf 76' lang='lat' dir='ltr'><strong>cultus</strong></span> <span class='ocrx_word' id='word_1_357' title='bbox 2753 793 2898 863; x_wconf 89' lang='lat' dir='ltr'><strong>apud</strong></span> <span class='ocrx_word' id='word_1_358' title='bbox 2959 794 3336 848; x_wconf 76' lang='lat' dir='ltr'><strong>Romanorum</strong></span> <span class='ocrx_word' id='word_1_359' title='bbox 3399 793 3570 847; x_wconf 87' lang='lat' dir='ltr'><strong>duces</strong></span> 
     </span>
    </p>
   </div>
   <div class='ocr_carea' id='block_1_53' title="bbox 1991 883 3572 954">
    <p class='ocr_par' dir='ltr' id='par_1_53' title="bbox 1991 883 3572 954">
     <span class='ocr_line' id='line_1_53' title="bbox 1991 883 3572 954; baseline 0.002 -17"><span class='ocrx_word' id='word_1_360' title='bbox 1991 883 2278 938; x_wconf 88' lang='lat' dir='ltr'><strong>adamatus</strong></span> <span class='ocrx_word' id='word_1_361' title='bbox 2302 885 2395 946; x_wconf 88' lang='lat' dir='ltr'><strong>sit,</strong></span> <span class='ocrx_word' id='word_1_362' title='bbox 2415 899 2676 954; x_wconf 77' lang='lat' dir='ltr'><strong>vanzeque</strong></span> <span class='ocrx_word' id='word_1_363' title='bbox 2705 885 2924 954; x_wconf 83' lang='lat' dir='ltr'><strong>pietatis</strong></span> <span class='ocrx_word' id='word_1_364' title='bbox 2965 885 3259 940; x_wconf 89' lang='lat' dir='ltr'><strong>simulacra</strong></span> <span class='ocrx_word' id='word_1_365' title='bbox 3293 884 3430 939; x_wconf 83' lang='lat' dir='ltr'><strong>far-ta</strong></span> <span class='ocrx_word' id='word_1_366' title='bbox 3461 884 3572 940; x_wconf 85' lang='lat' dir='ltr'><strong>sint</strong></span> 
     </span>
    </p>
   </div>
   <div class='ocr_carea' id='block_1_54' title="bbox 1991 977 3568 1047">
    <p class='ocr_par' dir='ltr' id='par_1_54' title="bbox 1991 977 3568 1047">
     <span class='ocr_line' id='line_1_54' title="bbox 1991 977 3568 1047; baseline 0.001 -17"><span class='ocrx_word' id='word_1_367' title='bbox 1991 992 2059 1030; x_wconf 66' lang='lat' dir='ltr'><strong>et</strong></span> <span class='ocrx_word' id='word_1_368' title='bbox 2085 990 2228 1030; x_wconf 84' lang='lat' dir='ltr'><strong>novo</strong></span> <span class='ocrx_word' id='word_1_369' title='bbox 2257 977 3034 1047; x_wconf 82' lang='lat' dir='ltr'><strong>more,damnavitmultisque</strong></span> <span class='ocrx_word' id='word_1_370' title='bbox 3058 979 3324 1032; x_wconf 82' lang='lat' dir='ltr'><strong>conviciis</strong></span> <span class='ocrx_word' id='word_1_371' title='bbox 3353 977 3568 1032; x_wconf 83' lang='lat' dir='ltr'><strong>derisit.</strong></span> 
     </span>
    </p>
   </div>
   <div class='ocr_carea' id='block_1_55' title="bbox 1991 1066 3570 1138">
    <p class='ocr_par' dir='ltr' id='par_1_55' title="bbox 1991 1066 3570 1138">
     <span class='ocr_line' id='line_1_55' title="bbox 1991 1066 3570 1138; baseline 0.001 -17"><span class='ocrx_word' id='word_1_372' title='bbox 1991 1066 2226 1122; x_wconf 85' lang='lat' dir='ltr'><strong>Jubebat</strong></span> <span class='ocrx_word' id='word_1_373' title='bbox 2256 1083 2379 1121; x_wconf 75' lang='lat' dir='ltr'><strong>eum</strong></span> <span class='ocrx_word' id='word_1_374' title='bbox 2405 1083 2466 1122; x_wconf 81' lang='lat' dir='ltr'><strong>ex</strong></span> <span class='ocrx_word' id='word_1_375' title='bbox 2493 1068 2776 1124; x_wconf 87' lang='lat' dir='ltr'><strong>domicilio</strong></span> <span class='ocrx_word' id='word_1_376' title='bbox 2794 1069 3088 1124; x_wconf 88' lang='lat' dir='ltr'><strong>deductum</strong></span> <span class='ocrx_word' id='word_1_377' title='bbox 3117 1069 3392 1138; x_wconf 89' lang='lat' dir='ltr'><strong>satrapico</strong></span> <span class='ocrx_word' id='word_1_378' title='bbox 3421 1069 3570 1138; x_wconf 86' lang='lat' dir='ltr'><strong>loqui</strong></span> 
     </span>
    </p>
   </div>
   <div class='ocr_carea' id='block_1_56' title="bbox 1992 1159 3569 1238">
    <p class='ocr_par' dir='ltr' id='par_1_56' title="bbox 1992 1159 3569 1238">
     <span class='ocr_line' id='line_1_56' title="bbox 1992 1159 3569 1238; baseline 0 -24"><span class='ocrx_word' id='word_1_379' title='bbox 1992 1159 2060 1214; x_wconf 90' lang='lat' dir='ltr'><strong>de</strong></span> <span class='ocrx_word' id='word_1_380' title='bbox 2079 1161 2235 1215; x_wconf 89' lang='lat' dir='ltr'><strong>novis</strong></span> <span class='ocrx_word' id='word_1_381' title='bbox 2254 1161 2534 1216; x_wconf 82' lang='lat' dir='ltr'><strong>miraculis</strong></span> <span class='ocrx_word' id='word_1_382' title='bbox 2551 1175 2734 1216; x_wconf 86' lang='lat' dir='ltr'><strong>coram</strong></span> <span class='ocrx_word' id='word_1_383' title='bbox 2751 1164 2986 1231; x_wconf 89' lang='lat' dir='ltr'><strong>quodam</strong></span> <span class='ocrx_word' id='word_1_384' title='bbox 3005 1162 3366 1218; x_wconf 85' lang='lat' dir='ltr'><strong>Barbarorunt</strong></span> <span class='ocrx_word' id='word_1_385' title='bbox 3387 1162 3480 1238; x_wconf 76' lang='lat' dir='ltr'><strong>qui</strong></span> <span class='ocrx_word' id='word_1_386' title='bbox 3495 1161 3569 1216; x_wconf 85' lang='lat' dir='ltr'><strong>ibi</strong></span> 
     </span>
    </p>
   </div>
   <div class='ocr_carea' id='block_1_57' title="bbox 1991 1251 3568 1321">
    <p class='ocr_par' dir='ltr' id='par_1_57' title="bbox 1991 1251 3568 1321">
     <span class='ocr_line' id='line_1_57' title="bbox 1991 1251 3568 1321; baseline 0 -17"><span class='ocrx_word' id='word_1_387' title='bbox 1991 1262 2149 1306; x_wconf 87' lang='lat' dir='ltr'><strong>erant</strong></span> <span class='ocrx_word' id='word_1_388' title='bbox 2167 1251 2493 1321; x_wconf 87' lang='lat' dir='ltr'><strong>philosopho</strong></span> <span class='ocrx_word' id='word_1_389' title='bbox 2517 1262 2572 1306; x_wconf 89' lang='lat' dir='ltr'><strong>et</strong></span> <span class='ocrx_word' id='word_1_390' title='bbox 2589 1267 2774 1306; x_wconf 90' lang='lat' dir='ltr'><strong>coram</strong></span> <span class='ocrx_word' id='word_1_391' title='bbox 2797 1252 3170 1308; x_wconf 73' lang='lat' dir='ltr'><strong>multitudine.</strong></span> <span class='ocrx_word' id='word_1_392' title='bbox 3193 1252 3324 1318; x_wconf 75' lang='lat' dir='ltr'><strong>Qua:</strong></span> <span class='ocrx_word' id='word_1_393' title='bbox 3341 1269 3472 1306; x_wconf 84' lang='lat' dir='ltr'><strong>vero</strong></span> <span class='ocrx_word' id='word_1_394' title='bbox 3496 1252 3568 1306; x_wconf 85' lang='lat' dir='ltr'><strong>ibi</strong></span> 
     </span>
    </p>
   </div>
   <div class='ocr_carea' id='block_1_58' title="bbox 1993 1342 3568 1413">
    <p class='ocr_par' dir='ltr' id='par_1_58' title="bbox 1993 1342 3568 1413">
     <span class='ocr_line' id='line_1_58' title="bbox 1993 1342 3568 1413; baseline -0.001 -17"><span class='ocrx_word' id='word_1_395' title='bbox 1993 1343 2059 1396; x_wconf 87' lang='lat' dir='ltr'><strong>ad</strong></span> <span class='ocrx_word' id='word_1_396' title='bbox 2110 1342 2460 1398; x_wconf 80' lang='lat' dir='ltr'><strong>delectandos</strong></span> <span class='ocrx_word' id='word_1_397' title='bbox 2485 1343 2752 1398; x_wconf 79' lang='lat' dir='ltr'><strong>Barbaros</strong></span> <span class='ocrx_word' id='word_1_398' title='bbox 2771 1359 2882 1413; x_wconf 65' lang='lat' dir='ltr'><strong>prie</strong></span> <span class='ocrx_word' id='word_1_399' title='bbox 2907 1345 3103 1398; x_wconf 88' lang='lat' dir='ltr'><strong>mortis</strong></span> <span class='ocrx_word' id='word_1_400' title='bbox 3129 1347 3324 1398; x_wconf 90' lang='lat' dir='ltr'><strong>timore</strong></span> <span class='ocrx_word' id='word_1_401' title='bbox 3345 1343 3568 1406; x_wconf 66' lang='lat' dir='ltr'><strong>dixerit,</strong></span> 
     </span>
    </p>
   </div>
   <div class='ocr_carea' id='block_1_59' title="bbox 1991 1435 3572 1506">
    <p class='ocr_par' dir='ltr' id='par_1_59' title="bbox 1991 1435 3572 1506">
     <span class='ocr_line' id='line_1_59' title="bbox 1991 1435 3572 1506; baseline -0.001 -17"><span class='ocrx_word' id='word_1_402' title='bbox 1991 1449 2268 1503; x_wconf 83' lang='lat' dir='ltr'><strong>exponere</strong></span> <span class='ocrx_word' id='word_1_403' title='bbox 2319 1435 2408 1490; x_wconf 93' lang='lat' dir='ltr'><strong>hic</strong></span> <span class='ocrx_word' id='word_1_404' title='bbox 2439 1436 2596 1490; x_wconf 82' lang='lat' dir='ltr'><strong>locus</strong></span> <span class='ocrx_word' id='word_1_405' title='bbox 2635 1452 2744 1490; x_wconf 90' lang='lat' dir='ltr'><strong>non</strong></span> <span class='ocrx_word' id='word_1_406' title='bbox 2793 1445 2897 1490; x_wconf 87' lang='lat' dir='ltr'><strong>est.</strong></span> <span class='ocrx_word' id='word_1_407' title='bbox 2931 1438 3062 1502; x_wconf 66' lang='lat' dir='ltr'><strong>Qum</strong></span> <span class='ocrx_word' id='word_1_408' title='bbox 3117 1451 3246 1490; x_wconf 82' lang='lat' dir='ltr'><strong>vero</strong></span> <span class='ocrx_word' id='word_1_409' title='bbox 3287 1436 3572 1506; x_wconf 75' lang='lat' dir='ltr'><strong>prawtatis</strong></span> 
     </span>
    </p>
   </div>
   <div class='ocr_carea' id='block_1_60' title="bbox 1993 1527 3574 1594">
    <p class='ocr_par' dir='ltr' id='par_1_60' title="bbox 1993 1527 3574 1594">
     <span class='ocr_line' id='line_1_60' title="bbox 1993 1527 3574 1594; baseline 0.001 -14"><span class='ocrx_word' id='word_1_410' title='bbox 1993 1527 2139 1582; x_wconf 79' lang='lat' dir='ltr'><strong>illius</strong></span> <span class='ocrx_word' id='word_1_411' title='bbox 2165 1529 2308 1582; x_wconf 82' lang='lat' dir='ltr'><strong>servi</strong></span> <span class='ocrx_word' id='word_1_412' title='bbox 2361 1529 2592 1594; x_wconf 72' lang='lat' dir='ltr'><strong>publica:</strong></span> <span class='ocrx_word' id='word_1_413' title='bbox 2633 1528 2790 1583; x_wconf 60' lang='lat' dir='ltr'><strong>fatere</strong></span> <span class='ocrx_word' id='word_1_414' title='bbox 2849 1530 3108 1588; x_wconf 85' lang='lat' dir='ltr'><strong>tradunt.</strong></span> <span class='ocrx_word' id='word_1_415' title='bbox 3139 1529 3342 1582; x_wconf 75' lang='lat' dir='ltr'><strong>litteris</strong></span> <span class='ocrx_word' id='word_1_416' title='bbox 3385 1529 3574 1583; x_wconf 89' lang='lat' dir='ltr'><strong>cousi-</strong></span> 
     </span>
    </p>
   </div>
   <div class='ocr_carea' id='block_1_61' title="bbox 1993 1621 3571 1690">
    <p class='ocr_par' dir='ltr' id='par_1_61' title="bbox 1993 1621 3571 1690">
     <span class='ocr_line' id='line_1_61' title="bbox 1993 1621 3571 1690; baseline 0.001 -18"><span class='ocrx_word' id='word_1_417' title='bbox 1993 1630 2158 1690; x_wconf 88' lang='lat' dir='ltr'><strong>gnata</strong></span> <span class='ocrx_word' id='word_1_418' title='bbox 2195 1621 2264 1674; x_wconf 89' lang='lat' dir='ltr'><strong>ab</strong></span> <span class='ocrx_word' id='word_1_419' title='bbox 2299 1621 2393 1674; x_wconf 86' lang='lat' dir='ltr'><strong>illo</strong></span> <span class='ocrx_word' id='word_1_420' title='bbox 2426 1623 2512 1674; x_wconf 88' lang='lat' dir='ltr'><strong>his</strong></span> <span class='ocrx_word' id='word_1_421' title='bbox 2544 1623 2707 1676; x_wconf 83' lang='lat' dir='ltr'><strong>missa</strong></span> <span class='ocrx_word' id='word_1_422' title='bbox 2739 1634 2870 1676; x_wconf 89' lang='lat' dir='ltr'><strong>sunt</strong></span> <span class='ocrx_word' id='word_1_423' title='bbox 2898 1623 3100 1676; x_wconf 81' lang='lat' dir='ltr'><strong>lueccc.</strong></span> <span class='ocrx_word' id='word_1_424' title='bbox 3154 1621 3394 1690; x_wconf 79' lang='lat' dir='ltr'><strong>Rogatus</strong></span> <span class='ocrx_word' id='word_1_425' title='bbox 3420 1621 3571 1674; x_wconf 91' lang='lat' dir='ltr'><strong>enim</strong></span> 
     </span>
    </p>
   </div>
   <div class='ocr_carea' id='block_1_62' title="bbox 1997 1712 3578 1784">
    <p class='ocr_par' dir='ltr' id='par_1_62' title="bbox 1997 1712 3578 1784">
     <span class='ocr_line' id='line_1_62' title="bbox 1997 1712 3578 1784; baseline 0.002 -21"><span class='ocrx_word' id='word_1_426' title='bbox 1997 1712 2064 1766; x_wconf 90' lang='lat' dir='ltr'><strong>iis</strong></span> <span class='ocrx_word' id='word_1_427' title='bbox 2090 1713 2292 1782; x_wconf 65' lang='lat' dir='ltr'><strong>praebet</strong></span> <span class='ocrx_word' id='word_1_428' title='bbox 2317 1714 2771 1782; x_wconf 78' lang='lat' dir='ltr'><strong>disputationem,</strong></span> <span class='ocrx_word' id='word_1_429' title='bbox 2805 1731 2908 1784; x_wconf 87' lang='lat' dir='ltr'><strong>qua</strong></span> <span class='ocrx_word' id='word_1_430' title='bbox 2939 1715 3145 1768; x_wconf 88' lang='lat' dir='ltr'><strong>cultum</strong></span> <span class='ocrx_word' id='word_1_431' title='bbox 3177 1729 3378 1768; x_wconf 86' lang='lat' dir='ltr'><strong>novum</strong></span> <span class='ocrx_word' id='word_1_432' title='bbox 3409 1727 3578 1782; x_wconf 81' lang='lat' dir='ltr'><strong>expo-</strong></span> 
     </span>
    </p>
   </div>
   <div class='ocr_carea' id='block_1_63' title="bbox 1999 1803 3576 1874">
    <p class='ocr_par' dir='ltr' id='par_1_63' title="bbox 1999 1803 3576 1874">
     <span class='ocr_line' id='line_1_63' title="bbox 1999 1803 3576 1874; baseline 0 -16"><span class='ocrx_word' id='word_1_433' title='bbox 1999 1807 2122 1870; x_wconf 86' lang='lat' dir='ltr'><strong>nit;</strong></span> <span class='ocrx_word' id='word_1_434' title='bbox 2157 1819 2278 1858; x_wconf 89' lang='lat' dir='ltr'><strong>sese</strong></span> <span class='ocrx_word' id='word_1_435' title='bbox 2302 1805 2634 1860; x_wconf 74' lang='lat' dir='ltr'><strong>defendendi</strong></span> <span class='ocrx_word' id='word_1_436' title='bbox 2675 1821 2786 1860; x_wconf 89' lang='lat' dir='ltr'><strong>non</strong></span> <span class='ocrx_word' id='word_1_437' title='bbox 2833 1805 3026 1860; x_wconf 82' lang='lat' dir='ltr'><strong>adesse</strong></span> <span class='ocrx_word' id='word_1_438' title='bbox 3073 1817 3288 1874; x_wconf 87' lang='lat' dir='ltr'><strong>tempus</strong></span> <span class='ocrx_word' id='word_1_439' title='bbox 3329 1803 3576 1869; x_wconf 83' lang='lat' dir='ltr'><strong>dicebat,</strong></span> 
     </span>
    </p>
   </div>
   <div class='ocr_carea' id='block_1_64' title="bbox 1999 1897 3574 1968">
    <p class='ocr_par' dir='ltr' id='par_1_64' title="bbox 1999 1897 3574 1968">
     <span class='ocr_line' id='line_1_64' title="bbox 1999 1897 3574 1968; baseline 0 -18"><span class='ocrx_word' id='word_1_440' title='bbox 1999 1897 2365 1968; x_wconf 71' lang='lat' dir='ltr'><strong>praetendens,</strong></span> <span class='ocrx_word' id='word_1_441' title='bbox 2413 1898 2713 1968; x_wconf 83' lang='lat' dir='ltr'><strong>discipulos</strong></span> <span class='ocrx_word' id='word_1_442' title='bbox 2759 1907 2816 1953; x_wconf 87' lang='lat' dir='ltr'><strong>et</strong></span> <span class='ocrx_word' id='word_1_443' title='bbox 2861 1899 3076 1968; x_wconf 77' lang='lat' dir='ltr'><strong>iudices</strong></span> <span class='ocrx_word' id='word_1_444' title='bbox 3127 1898 3574 1951; x_wconf 81' lang='lat' dir='ltr'><strong>adversariorum</strong></span> 
     </span>
    </p>
   </div>
   <div class='ocr_carea' id='block_1_65' title="bbox 1999 1987 3583 2060">
    <p class='ocr_par' dir='ltr' id='par_1_65' title="bbox 1999 1987 3583 2060">
     <span class='ocr_line' id='line_1_65' title="bbox 1999 1987 3583 2060; baseline -0.002 -17"><span class='ocrx_word' id='word_1_445' title='bbox 1999 1989 2276 2057; x_wconf 87' lang='lat' dir='ltr'><strong>suscipere</strong></span> <span class='ocrx_word' id='word_1_446' title='bbox 2309 2001 2528 2058; x_wconf 85' lang='lat' dir='ltr'><strong>partes;</strong></span> <span class='ocrx_word' id='word_1_447' title='bbox 2563 2005 2738 2060; x_wconf 88' lang='lat' dir='ltr'><strong>neque</strong></span> <span class='ocrx_word' id='word_1_448' title='bbox 2761 2005 2902 2060; x_wconf 90' lang='lat' dir='ltr'><strong>opus</strong></span> <span class='ocrx_word' id='word_1_449' title='bbox 2927 2005 3047 2045; x_wconf 86' lang='lat' dir='ltr'><strong>esse</strong></span> <span class='ocrx_word' id='word_1_450' title='bbox 3073 1987 3290 2043; x_wconf 83' lang='lat' dir='ltr'><strong>dicebat</strong></span> <span class='ocrx_word' id='word_1_451' title='bbox 3318 2003 3380 2042; x_wconf 86' lang='lat' dir='ltr'><strong>ea</strong></span> <span class='ocrx_word' id='word_1_452' title='bbox 3410 1987 3583 2058; x_wconf 83' lang='lat' dir='ltr'><strong>signi-</strong></span> 
     </span>
    </p>
   </div>
   <div class='ocr_carea' id='block_1_66' title="bbox 2001 2081 3576 2151">
    <p class='ocr_par' dir='ltr' id='par_1_66' title="bbox 2001 2081 3576 2151">
     <span class='ocr_line' id='line_1_66' title="bbox 2001 2081 3576 2151; baseline -0.001 -17"><span class='ocrx_word' id='word_1_453' title='bbox 2001 2081 2184 2148; x_wconf 85' lang='lat' dir='ltr'><strong>iicare,</strong></span> <span class='ocrx_word' id='word_1_454' title='bbox 2223 2097 2345 2151; x_wconf 71' lang='lat' dir='ltr'><strong>qua:</strong></span> <span class='ocrx_word' id='word_1_455' title='bbox 2401 2083 2482 2136; x_wconf 87' lang='lat' dir='ltr'><strong>illi</strong></span> <span class='ocrx_word' id='word_1_456' title='bbox 2519 2083 2988 2146; x_wconf 84' lang='lat' dir='ltr'><strong>contradicerent,</strong></span> <span class='ocrx_word' id='word_1_457' title='bbox 3045 2081 3344 2136; x_wconf 83' lang='lat' dir='ltr'><strong>defendere</strong></span> <span class='ocrx_word' id='word_1_458' title='bbox 3387 2095 3576 2136; x_wconf 83' lang='lat' dir='ltr'><strong>veram</strong></span> 
     </span>
    </p>
   </div>
   <div class='ocr_carea' id='block_1_67' title="bbox 2002 2173 3582 2245">
    <p class='ocr_par' dir='ltr' id='par_1_67' title="bbox 2002 2173 3582 2245">
     <span class='ocr_line' id='line_1_67' title="bbox 2002 2173 3582 2245; baseline 0.001 -17"><span class='ocrx_word' id='word_1_459' title='bbox 2002 2175 2348 2244; x_wconf 77' lang='lat' dir='ltr'><strong>religionem.</strong></span> <span class='ocrx_word' id='word_1_460' title='bbox 2417 2176 2622 2231; x_wconf 90' lang='lat' dir='ltr'><strong>Deinde</strong></span> <span class='ocrx_word' id='word_1_461' title='bbox 2659 2177 2714 2230; x_wconf 91' lang='lat' dir='ltr'><strong>in</strong></span> <span class='ocrx_word' id='word_1_462' title='bbox 2753 2176 3124 2245; x_wconf 81' lang='lat' dir='ltr'><strong>captivitatem</strong></span> <span class='ocrx_word' id='word_1_463' title='bbox 3159 2173 3431 2229; x_wconf 88' lang='lat' dir='ltr'><strong>deductus</strong></span> <span class='ocrx_word' id='word_1_464' title='bbox 3467 2173 3582 2229; x_wconf 80' lang='lat' dir='ltr'><strong>illis</strong></span> 
     </span>
    </p>
   </div>
   <div class='ocr_carea' id='block_1_68' title="bbox 2001 2266 3583 2339">
    <p class='ocr_par' dir='ltr' id='par_1_68' title="bbox 2001 2266 3583 2339">
     <span class='ocr_line' id='line_1_68' title="bbox 2001 2266 3583 2339; baseline -0.001 -17"><span class='ocrx_word' id='word_1_465' title='bbox 2001 2283 2108 2323; x_wconf 89' lang='lat' dir='ltr'><strong>non</strong></span> <span class='ocrx_word' id='word_1_466' title='bbox 2143 2269 2452 2339; x_wconf 85' lang='lat' dir='ltr'><strong>respondit,</strong></span> <span class='ocrx_word' id='word_1_467' title='bbox 2515 2268 2803 2339; x_wconf 90' lang='lat' dir='ltr'><strong>quoniam,</strong></span> <span class='ocrx_word' id='word_1_468' title='bbox 2835 2277 2892 2322; x_wconf 88' lang='lat' dir='ltr'><strong>ut</strong></span> <span class='ocrx_word' id='word_1_469' title='bbox 2927 2269 3086 2330; x_wconf 77' lang='lat' dir='ltr'><strong>dixit,</strong></span> <span class='ocrx_word' id='word_1_470' title='bbox 3121 2282 3301 2337; x_wconf 89' lang='lat' dir='ltr'><strong>neque</strong></span> <span class='ocrx_word' id='word_1_471' title='bbox 3325 2266 3583 2323; x_wconf 84' lang='lat' dir='ltr'><strong>Christus</strong></span> 
     </span>
    </p>
   </div>
   <div class='ocr_carea' id='block_1_69' title="bbox 2003 2359 3582 2432">
    <p class='ocr_par' dir='ltr' id='par_1_69' title="bbox 2003 2359 3582 2432">
     <span class='ocr_line' id='line_1_69' title="bbox 2003 2359 3582 2432; baseline -0.001 -16"><span class='ocrx_word' id='word_1_472' title='bbox 2003 2362 2258 2431; x_wconf 87' lang='lat' dir='ltr'><strong>proditus</strong></span> <span class='ocrx_word' id='word_1_473' title='bbox 2307 2362 2697 2431; x_wconf 86' lang='lat' dir='ltr'><strong>respondebat.</strong></span> <span class='ocrx_word' id='word_1_474' title='bbox 2739 2361 2900 2432; x_wconf 79' lang='lat'><strong>232</strong></span> <span class='ocrx_word' id='word_1_475' title='bbox 2965 2359 3088 2415; x_wconf 76' lang='lat' dir='ltr'><strong>Haec</strong></span> <span class='ocrx_word' id='word_1_476' title='bbox 3127 2368 3255 2416; x_wconf 86' lang='lat' dir='ltr'><strong>sunt</strong></span> <span class='ocrx_word' id='word_1_477' title='bbox 3316 2369 3582 2415; x_wconf 83' lang='lat' dir='ltr'><strong>consueta</strong></span> 
     </span>
    </p>
   </div>
   <div class='ocr_carea' id='block_1_70' title="bbox 2003 2455 3583 2528">
    <p class='ocr_par' dir='ltr' id='par_1_70' title="bbox 2003 2455 3583 2528">
     <span class='ocr_line' id='line_1_70' title="bbox 2003 2455 3583 2528; baseline -0.001 -16"><span class='ocrx_word' id='word_1_478' title='bbox 2003 2459 2290 2514; x_wconf 86' lang='lat' dir='ltr'><strong>mendacia</strong></span> <span class='ocrx_word' id='word_1_479' title='bbox 2336 2459 2537 2528; x_wconf 73' lang='lat' dir='ltr'><strong>inepta:</strong></span> <span class='ocrx_word' id='word_1_480' title='bbox 2581 2457 2730 2512; x_wconf 89' lang='lat' dir='ltr'><strong>illius</strong></span> <span class='ocrx_word' id='word_1_481' title='bbox 2779 2457 3000 2527; x_wconf 69' lang='lat' dir='ltr'><strong>linguae.</strong></span> <span class='ocrx_word' id='word_1_482' title='bbox 3067 2455 3200 2522; x_wconf 86' lang='lat' dir='ltr'><strong>Quis</strong></span> <span class='ocrx_word' id='word_1_483' title='bbox 3229 2455 3378 2510; x_wconf 88' lang='lat' dir='ltr'><strong>enim</strong></span> <span class='ocrx_word' id='word_1_484' title='bbox 3416 2470 3583 2510; x_wconf 86' lang='lat' dir='ltr'><strong>ausus</strong></span> 
     </span>
    </p>
   </div>
   <div class='ocr_carea' id='block_1_71' title="bbox 2003 2547 3580 2618">
    <p class='ocr_par' dir='ltr' id='par_1_71' title="bbox 2003 2547 3580 2618">
     <span class='ocr_line' id='line_1_71' title="bbox 2003 2547 3580 2618; baseline -0.003 -13"><span class='ocrx_word' id='word_1_485' title='bbox 2003 2551 2174 2606; x_wconf 81' lang='lat' dir='ltr'><strong>fuerit</strong></span> <span class='ocrx_word' id='word_1_486' title='bbox 2205 2551 2274 2604; x_wconf 89' lang='lat' dir='ltr'><strong>ad</strong></span> <span class='ocrx_word' id='word_1_487' title='bbox 2305 2551 2471 2604; x_wconf 85' lang='lat' dir='ltr'><strong>verba</strong></span> <span class='ocrx_word' id='word_1_488' title='bbox 2503 2565 2600 2604; x_wconf 87' lang='lat' dir='ltr'><strong>sua</strong></span> <span class='ocrx_word' id='word_1_489' title='bbox 2635 2549 2884 2604; x_wconf 86' lang='lat' dir='ltr'><strong>barbaris</strong></span> <span class='ocrx_word' id='word_1_490' title='bbox 2917 2548 3199 2618; x_wconf 88' lang='lat' dir='ltr'><strong>probanda</strong></span> <span class='ocrx_word' id='word_1_491' title='bbox 3219 2590 3234 2614; x_wconf 86' lang='lat'><strong>,</strong></span> <span class='ocrx_word' id='word_1_492' title='bbox 3273 2549 3318 2602; x_wconf 90' lang='lat' dir='ltr'><strong>si</strong></span> <span class='ocrx_word' id='word_1_493' title='bbox 3359 2547 3580 2602; x_wconf 80' lang='lat' dir='ltr'><strong>occasio</strong></span> 
     </span>
    </p>
   </div>
   <div class='ocr_carea' id='block_1_72' title="bbox 2003 2637 3580 2706">
    <p class='ocr_par' dir='ltr' id='par_1_72' title="bbox 2003 2637 3580 2706">
     <span class='ocr_line' id='line_1_72' title="bbox 2003 2637 3580 2706; baseline -0.004 -10"><span class='ocrx_word' id='word_1_494' title='bbox 2003 2643 2159 2696; x_wconf 86' lang='lat' dir='ltr'><strong>adest</strong></span> <span class='ocrx_word' id='word_1_495' title='bbox 2179 2641 2264 2694; x_wconf 78' lang='lat' dir='ltr'><strong>vel</strong></span> <span class='ocrx_word' id='word_1_496' title='bbox 2289 2642 2607 2700; x_wconf 83' lang='lat' dir='ltr'><strong>necessitas.</strong></span> <span class='ocrx_word' id='word_1_497' title='bbox 2627 2639 2834 2694; x_wconf 88' lang='lat' dir='ltr'><strong>Christi</strong></span> <span class='ocrx_word' id='word_1_498' title='bbox 2859 2639 3174 2694; x_wconf 88' lang='lat' dir='ltr'><strong>Passiouem</strong></span> <span class='ocrx_word' id='word_1_499' title='bbox 3197 2639 3252 2692; x_wconf 91' lang='lat' dir='ltr'><strong>in</strong></span> <span class='ocrx_word' id='word_1_500' title='bbox 3265 2637 3580 2706; x_wconf 82' lang='lat' dir='ltr'><strong>exemplum</strong></span> 
     </span>
    </p>
   </div>
   <div class='ocr_carea' id='block_1_73' title="bbox 2003 2725 3580 2786">
    <p class='ocr_par' dir='ltr' id='par_1_73' title="bbox 2003 2725 3580 2786">
     <span class='ocr_line' id='line_1_73' title="bbox 2003 2725 3580 2786; baseline -0.003 -1"><span class='ocrx_word' id='word_1_501' title='bbox 2003 2731 2316 2786; x_wconf 74' lang='lat' dir='ltr'><strong>revocare?</strong></span> <span class='ocrx_word' id='word_1_502' title='bbox 2365 2731 2632 2784; x_wconf 81' lang='lat' dir='ltr'><strong>Praeterea</strong></span> <span class='ocrx_word' id='word_1_503' title='bbox 2683 2728 2875 2782; x_wconf 88' lang='lat' dir='ltr'><strong>scribit</strong></span> <span class='ocrx_word' id='word_1_504' title='bbox 2931 2727 3000 2782; x_wconf 89' lang='lat' dir='ltr'><strong>de</strong></span> <span class='ocrx_word' id='word_1_505' title='bbox 3051 2726 3386 2782; x_wconf 82' lang='lat' dir='ltr'><strong>Christianis</strong></span> <span class='ocrx_word' id='word_1_506' title='bbox 3431 2725 3580 2782; x_wconf 90' lang='lat' dir='ltr'><strong>illius</strong></span> 
     </span>
    </p>
   </div>
   <div class='ocr_carea' id='block_1_74' title="bbox 2005 2818 3578 2892">
    <p class='ocr_par' dir='ltr' id='par_1_74' title="bbox 2005 2818 3578 2892">
     <span class='ocr_line' id='line_1_74' title="bbox 2005 2818 3578 2892; baseline -0.003 -16"><span class='ocrx_word' id='word_1_507' title='bbox 2005 2823 2270 2892; x_wconf 81' lang='lat' dir='ltr'><strong>regionis,</strong></span> <span class='ocrx_word' id='word_1_508' title='bbox 2301 2820 2448 2890; x_wconf 92' lang='lat' dir='ltr'><strong>quod</strong></span> <span class='ocrx_word' id='word_1_509' title='bbox 2487 2819 2638 2874; x_wconf 90' lang='lat' dir='ltr'><strong>hunc</strong></span> <span class='ocrx_word' id='word_1_510' title='bbox 2671 2820 2846 2890; x_wconf 82' lang='lat' dir='ltr'><strong>ignari</strong></span> <span class='ocrx_word' id='word_1_511' title='bbox 2875 2819 3134 2874; x_wconf 86' lang='lat' dir='ltr'><strong>laudibus</strong></span> <span class='ocrx_word' id='word_1_512' title='bbox 3154 2818 3414 2883; x_wconf 74' lang='lat' dir='ltr'><strong>ederunt,</strong></span> <span class='ocrx_word' id='word_1_513' title='bbox 3447 2818 3578 2886; x_wconf 88' lang='lat' dir='ltr'><strong>quia</strong></span> 
     </span>
    </p>
   </div>
   <div class='ocr_carea' id='block_1_75' title="bbox 2003 2908 3578 2980">
    <p class='ocr_par' dir='ltr' id='par_1_75' title="bbox 2003 2908 3578 2980">
     <span class='ocr_line' id='line_1_75' title="bbox 2003 2908 3578 2980; baseline -0.001 -14"><span class='ocrx_word' id='word_1_514' title='bbox 2003 2914 2288 2967; x_wconf 79' lang='lat' dir='ltr'><strong>annuntiat</strong></span> <span class='ocrx_word' id='word_1_515' title='bbox 2312 2928 2408 2968; x_wconf 87' lang='lat' dir='ltr'><strong>eos</strong></span> <span class='ocrx_word' id='word_1_516' title='bbox 2435 2913 2525 2980; x_wconf 87' lang='lat' dir='ltr'><strong>qui</strong></span> <span class='ocrx_word' id='word_1_517' title='bbox 2565 2912 2618 2965; x_wconf 89' lang='lat' dir='ltr'><strong>in</strong></span> <span class='ocrx_word' id='word_1_518' title='bbox 2655 2913 2942 2980; x_wconf 84' lang='lat' dir='ltr'><strong>superiora</strong></span> <span class='ocrx_word' id='word_1_519' title='bbox 2973 2923 3029 2966; x_wconf 91' lang='lat' dir='ltr'><strong>et</strong></span> <span class='ocrx_word' id='word_1_520' title='bbox 3065 2911 3328 2966; x_wconf 84' lang='lat' dir='ltr'><strong>inferiora</strong></span> <span class='ocrx_word' id='word_1_521' title='bbox 3361 2908 3578 2964; x_wconf 81' lang='lat' dir='ltr'><strong>inﬁnita</strong></span> 
     </span>
    </p>
   </div>
   <div class='ocr_carea' id='block_1_76' title="bbox 2005 3003 3578 3073">
    <p class='ocr_par' dir='ltr' id='par_1_76' title="bbox 2005 3003 3578 3073">
     <span class='ocr_line' id='line_1_76' title="bbox 2005 3003 3578 3073; baseline -0.001 -16"><span class='ocrx_word' id='word_1_522' title='bbox 2005 3004 2228 3058; x_wconf 85' lang='lat' dir='ltr'><strong>numina</strong></span> <span class='ocrx_word' id='word_1_523' title='bbox 2266 3004 2512 3073; x_wconf 87' lang='lat' dir='ltr'><strong>improbe</strong></span> <span class='ocrx_word' id='word_1_524' title='bbox 2550 3003 2804 3058; x_wconf 82' lang='lat' dir='ltr'><strong>dividunt</strong></span> <span class='ocrx_word' id='word_1_525' title='bbox 2827 3019 2998 3058; x_wconf 87' lang='lat' dir='ltr'><strong>unum</strong></span> <span class='ocrx_word' id='word_1_526' title='bbox 3031 3003 3225 3059; x_wconf 89' lang='lat' dir='ltr'><strong>Deum.</strong></span> <span class='ocrx_word' id='word_1_527' title='bbox 3285 3004 3353 3058; x_wconf 84' lang='lat' dir='ltr'><strong>Et</strong></span> <span class='ocrx_word' id='word_1_528' title='bbox 3377 3017 3436 3058; x_wconf 89' lang='lat' dir='ltr'><strong>se</strong></span> <span class='ocrx_word' id='word_1_529' title='bbox 3465 3015 3578 3058; x_wconf 91' lang='lat' dir='ltr'><strong>non</strong></span> 
     </span>
    </p>
   </div>
   <div class='ocr_carea' id='block_1_77' title="bbox 2002 3091 3580 3169">
    <p class='ocr_par' dir='ltr' id='par_1_77' title="bbox 2002 3091 3580 3169">
     <span class='ocr_line' id='line_1_77' title="bbox 2002 3091 3580 3169; baseline 0.001 -17"><span class='ocrx_word' id='word_1_530' title='bbox 2002 3091 2253 3168; x_wconf 80' lang='lat' dir='ltr'><strong>accipere</strong></span> <span class='ocrx_word' id='word_1_531' title='bbox 2287 3098 2426 3153; x_wconf 88' lang='lat' dir='ltr'><strong>dicit</strong></span> <span class='ocrx_word' id='word_1_532' title='bbox 2458 3098 2650 3154; x_wconf 87' lang='lat' dir='ltr'><strong>laudes</strong></span> <span class='ocrx_word' id='word_1_533' title='bbox 2679 3099 2924 3154; x_wconf 89' lang='lat' dir='ltr'><strong>inutiles.</strong></span> <span class='ocrx_word' id='word_1_534' title='bbox 2989 3099 3126 3154; x_wconf 87' lang='lat' dir='ltr'><strong>Nam</strong></span> <span class='ocrx_word' id='word_1_535' title='bbox 3176 3100 3422 3154; x_wconf 79' lang='lat' dir='ltr'><strong>virorum</strong></span> <span class='ocrx_word' id='word_1_536' title='bbox 3454 3098 3580 3169; x_wconf 85' lang='lat' dir='ltr'><strong>pio-</strong></span> 
     </span>
    </p>
   </div>
   <div class='ocr_carea' id='block_1_78' title="bbox 2001 3191 3583 3261">
    <p class='ocr_par' dir='ltr' id='par_1_78' title="bbox 2001 3191 3583 3261">
     <span class='ocr_line' id='line_1_78' title="bbox 2001 3191 3583 3261; baseline 0.001 -17"><span class='ocrx_word' id='word_1_537' title='bbox 2001 3207 2120 3245; x_wconf 91' lang='lat' dir='ltr'><strong>rum</strong></span> <span class='ocrx_word' id='word_1_538' title='bbox 2153 3191 2373 3246; x_wconf 86' lang='lat' dir='ltr'><strong>laudem</strong></span> <span class='ocrx_word' id='word_1_539' title='bbox 2417 3192 2636 3260; x_wconf 87' lang='lat' dir='ltr'><strong>decepti</strong></span> <span class='ocrx_word' id='word_1_540' title='bbox 2665 3202 2722 3246; x_wconf 89' lang='lat' dir='ltr'><strong>et</strong></span> <span class='ocrx_word' id='word_1_541' title='bbox 2749 3192 2890 3247; x_wconf 76' lang='lat' dir='ltr'><strong>falso</strong></span> <span class='ocrx_word' id='word_1_542' title='bbox 2913 3193 2962 3246; x_wconf 91' lang='lat' dir='ltr'><strong>ei</strong></span> <span class='ocrx_word' id='word_1_543' title='bbox 2997 3191 3356 3261; x_wconf 74' lang='lat' dir='ltr'><strong>praestabant.</strong></span> <span class='ocrx_word' id='word_1_544' title='bbox 3411 3191 3583 3247; x_wconf 78' lang='lat' dir='ltr'><strong>Exse-</strong></span> 
     </span>
    </p>
   </div>
   <div class='ocr_carea' id='block_1_79' title="bbox 1996 3282 3574 3352">
    <p class='ocr_par' dir='ltr' id='par_1_79' title="bbox 1996 3282 3574 3352">
     <span class='ocr_line' id='line_1_79' title="bbox 1996 3282 3574 3352; baseline 0.001 -16"><span class='ocrx_word' id='word_1_545' title='bbox 1996 3282 2293 3336; x_wconf 86' lang='lat' dir='ltr'><strong>crabantur</strong></span> <span class='ocrx_word' id='word_1_546' title='bbox 2324 3283 2446 3352; x_wconf 86' lang='lat' dir='ltr'><strong>ejus</strong></span> <span class='ocrx_word' id='word_1_547' title='bbox 2475 3285 2774 3336; x_wconf 85' lang='lat' dir='ltr'><strong>multorum</strong></span> <span class='ocrx_word' id='word_1_548' title='bbox 2802 3284 3032 3338; x_wconf 89' lang='lat' dir='ltr'><strong>deorum</strong></span> <span class='ocrx_word' id='word_1_549' title='bbox 3053 3285 3286 3348; x_wconf 88' lang='lat' dir='ltr'><strong>cultum,</strong></span> <span class='ocrx_word' id='word_1_550' title='bbox 3317 3284 3410 3338; x_wconf 83' lang='lat' dir='ltr'><strong>sed</strong></span> <span class='ocrx_word' id='word_1_551' title='bbox 3445 3300 3574 3339; x_wconf 89' lang='lat' dir='ltr'><strong>eum</strong></span> 
     </span>
    </p>
   </div>
   <div class='ocr_carea' id='block_1_80' title="bbox 1995 3373 3578 3445">
    <p class='ocr_par' dir='ltr' id='par_1_80' title="bbox 1995 3373 3578 3445">
     <span class='ocr_line' id='line_1_80' title="bbox 1995 3373 3578 3445; baseline 0.004 -18"><span class='ocrx_word' id='word_1_552' title='bbox 1995 3373 2196 3442; x_wconf 88' lang='lat' dir='ltr'><strong>ipsum,</strong></span> <span class='ocrx_word' id='word_1_553' title='bbox 2227 3391 2390 3445; x_wconf 88' lang='lat' dir='ltr'><strong>quem</strong></span> <span class='ocrx_word' id='word_1_554' title='bbox 2417 3385 2846 3432; x_wconf 78' lang='lat' dir='ltr'><strong>exsecrarentur</strong></span> <span class='ocrx_word' id='word_1_555' title='bbox 2870 3377 3216 3431; x_wconf 87' lang='lat' dir='ltr'><strong>nesciebant.</strong></span> <span class='ocrx_word' id='word_1_556' title='bbox 3275 3376 3380 3430; x_wconf 91' lang='lat' dir='ltr'><strong>Tot</strong></span> <span class='ocrx_word' id='word_1_557' title='bbox 3410 3379 3578 3434; x_wconf 76' lang='lat' dir='ltr'><strong>habet</strong></span> 
     </span>
    </p>
   </div>
   <div class='ocr_carea' id='block_1_81' title="bbox 1995 3469 3574 3540">
    <p class='ocr_par' dir='ltr' id='par_1_81' title="bbox 1995 3469 3574 3540">
     <span class='ocr_line' id='line_1_81' title="bbox 1995 3469 3574 3540; baseline 0.001 -17"><span class='ocrx_word' id='word_1_558' title='bbox 1995 3469 2163 3540; x_wconf 86' lang='lat' dir='ltr'><strong>pedes</strong></span> <span class='ocrx_word' id='word_1_559' title='bbox 2218 3469 2284 3532; x_wconf 84' lang='lat' dir='ltr'><strong>is,</strong></span> <span class='ocrx_word' id='word_1_560' title='bbox 2335 3484 2500 3538; x_wconf 90' lang='lat' dir='ltr'><strong>quem</strong></span> <span class='ocrx_word' id='word_1_561' title='bbox 2547 3477 2932 3535; x_wconf 77' lang='lat' dir='ltr'><strong>exsecrantur,</strong></span> <span class='ocrx_word' id='word_1_562' title='bbox 2961 3481 3020 3526; x_wconf 89' lang='lat' dir='ltr'><strong>et</strong></span> <span class='ocrx_word' id='word_1_563' title='bbox 3070 3471 3256 3524; x_wconf 89' lang='lat' dir='ltr'><strong>colore</strong></span> <span class='ocrx_word' id='word_1_564' title='bbox 3294 3471 3574 3539; x_wconf 78' lang='lat' dir='ltr'><strong>opinionis</strong></span> 
     </span>
    </p>
   </div>
   <div class='ocr_carea' id='block_1_82' title="bbox 1993 3563 3574 3637">
    <p class='ocr_par' dir='ltr' id='par_1_82' title="bbox 1993 3563 3574 3637">
     <span class='ocr_line' id='line_1_82' title="bbox 1993 3563 3574 3637; baseline 0.003 -19"><span class='ocrx_word' id='word_1_565' title='bbox 1993 3577 2078 3620; x_wconf 86' lang='lat' dir='ltr'><strong>est</strong></span> <span class='ocrx_word' id='word_1_566' title='bbox 2105 3564 2362 3618; x_wconf 80' lang='lat' dir='ltr'><strong>inﬁrmus</strong></span> <span class='ocrx_word' id='word_1_567' title='bbox 2391 3573 2447 3619; x_wconf 91' lang='lat' dir='ltr'><strong>et</strong></span> <span class='ocrx_word' id='word_1_568' title='bbox 2482 3563 2690 3628; x_wconf 84' lang='lat' dir='ltr'><strong>varius,</strong></span> <span class='ocrx_word' id='word_1_569' title='bbox 2720 3574 2777 3619; x_wconf 90' lang='lat' dir='ltr'><strong>et</strong></span> <span class='ocrx_word' id='word_1_570' title='bbox 2812 3565 2938 3620; x_wconf 84' lang='lat' dir='ltr'><strong>aliis</strong></span> <span class='ocrx_word' id='word_1_571' title='bbox 2967 3567 3310 3637; x_wconf 86' lang='lat' dir='ltr'><strong>temporibus</strong></span> <span class='ocrx_word' id='word_1_572' title='bbox 3335 3568 3574 3636; x_wconf 88' lang='lat' dir='ltr'><strong>aliisque</strong></span> 
     </span>
    </p>
   </div>
   <div class='ocr_carea' id='block_1_83' title="bbox 1995 3656 3568 3729">
    <p class='ocr_par' dir='ltr' id='par_1_83' title="bbox 1995 3656 3568 3729">
     <span class='ocr_line' id='line_1_83' title="bbox 1995 3656 3568 3729; baseline 0.003 -19"><span class='ocrx_word' id='word_1_573' title='bbox 1995 3659 2048 3710; x_wconf 91' lang='lat' dir='ltr'><strong>in</strong></span> <span class='ocrx_word' id='word_1_574' title='bbox 2085 3657 2248 3710; x_wconf 85' lang='lat' dir='ltr'><strong>rebus</strong></span> <span class='ocrx_word' id='word_1_575' title='bbox 2276 3657 2340 3708; x_wconf 85' lang='lat' dir='ltr'><strong>ad</strong></span> <span class='ocrx_word' id='word_1_576' title='bbox 2371 3656 2583 3710; x_wconf 88' lang='lat' dir='ltr'><strong>diversa</strong></span> <span class='ocrx_word' id='word_1_577' title='bbox 2612 3667 2668 3710; x_wconf 89' lang='lat' dir='ltr'><strong>et</strong></span> <span class='ocrx_word' id='word_1_578' title='bbox 2717 3658 3016 3727; x_wconf 82' lang='lat' dir='ltr'><strong>pugnantia</strong></span> <span class='ocrx_word' id='word_1_579' title='bbox 3051 3658 3282 3713; x_wconf 80' lang='lat' dir='ltr'><strong>inclinat</strong></span> <span class='ocrx_word' id='word_1_580' title='bbox 3323 3660 3471 3729; x_wconf 88' lang='lat' dir='ltr'><strong>quod</strong></span> <span class='ocrx_word' id='word_1_581' title='bbox 3499 3661 3568 3714; x_wconf 86' lang='lat' dir='ltr'><strong>ad</strong></span> 
     </span>
    </p>
   </div>
   <div class='ocr_carea' id='block_1_84' title="bbox 1995 3748 3577 3824">
    <p class='ocr_par' dir='ltr' id='par_1_84' title="bbox 1995 3748 3577 3824">
     <span class='ocr_line' id='line_1_84' title="bbox 1995 3748 3577 3824; baseline 0.003 -23"><span class='ocrx_word' id='word_1_582' title='bbox 1995 3748 2242 3802; x_wconf 75' lang='lat' dir='ltr'><strong>habitum</strong></span> <span class='ocrx_word' id='word_1_583' title='bbox 2279 3749 2632 3819; x_wconf 81' lang='lat' dir='ltr'><strong>coloremque</strong></span> <span class='ocrx_word' id='word_1_584' title='bbox 2667 3749 2945 3819; x_wconf 88' lang='lat' dir='ltr'><strong>opinionis</strong></span> <span class='ocrx_word' id='word_1_585' title='bbox 2980 3761 3148 3820; x_wconf 87' lang='lat' dir='ltr'><strong>atque</strong></span> <span class='ocrx_word' id='word_1_586' title='bbox 3197 3753 3398 3824; x_wconf 76' lang='lat' dir='ltr'><strong>lingua:</strong></span> <span class='ocrx_word' id='word_1_587' title='bbox 3443 3755 3577 3808; x_wconf 86' lang='lat' dir='ltr'><strong>atti—</strong></span> 
     </span>
    </p>
   </div>
   <div class='ocr_carea' id='block_1_85' title="bbox 1994 3841 3576 3912">
    <p class='ocr_par' dir='ltr' id='par_1_85' title="bbox 1994 3841 3576 3912">
     <span class='ocr_line' id='line_1_85' title="bbox 1994 3841 3576 3912; baseline 0.004 -20"><span class='ocrx_word' id='word_1_588' title='bbox 1994 3851 2109 3894; x_wconf 87' lang='lat' dir='ltr'><strong>net.</strong></span> <span class='ocrx_word' id='word_1_589' title='bbox 2170 3841 2410 3894; x_wconf 82' lang='lat' dir='ltr'><strong>Mutatur</strong></span> <span class='ocrx_word' id='word_1_590' title='bbox 2438 3851 2620 3896; x_wconf 89' lang='lat' dir='ltr'><strong>autem</strong></span> <span class='ocrx_word' id='word_1_591' title='bbox 2663 3843 2938 3912; x_wconf 87' lang='lat' dir='ltr'><strong>aliamque</strong></span> <span class='ocrx_word' id='word_1_592' title='bbox 2966 3843 3168 3912; x_wconf 87' lang='lat' dir='ltr'><strong>accipit</strong></span> <span class='ocrx_word' id='word_1_593' title='bbox 3201 3843 3456 3904; x_wconf 83' lang='lat' dir='ltr'><strong>formam.</strong></span> <span class='ocrx_word' id='word_1_594' title='bbox 3519 3855 3576 3898; x_wconf 92' lang='lat' dir='ltr'><strong>et</strong></span> 
     </span>
    </p>
   </div>
   <div class='ocr_carea' id='block_1_86' title="bbox 1993 3931 3572 4004">
    <p class='ocr_par' dir='ltr' id='par_1_86' title="bbox 1993 3931 3572 4004">
     <span class='ocr_line' id='line_1_86' title="bbox 1993 3931 3572 4004; baseline 0.003 -20"><span class='ocrx_word' id='word_1_595' title='bbox 1993 3931 2209 3986; x_wconf 84' lang='lat' dir='ltr'><strong>Domini</strong></span> <span class='ocrx_word' id='word_1_596' title='bbox 2241 3933 2584 3988; x_wconf 89' lang='lat' dir='ltr'><strong>institutione</strong></span> <span class='ocrx_word' id='word_1_597' title='bbox 2614 3934 2896 3988; x_wconf 82' lang='lat' dir='ltr'><strong>emendari</strong></span> <span class='ocrx_word' id='word_1_598' title='bbox 2931 3936 3144 4003; x_wconf 85' lang='lat' dir='ltr'><strong>nequit.</strong></span> <span class='ocrx_word' id='word_1_599' title='bbox 3172 3934 3278 3988; x_wconf 88' lang='lat' dir='ltr'><strong>Sed</strong></span> <span class='ocrx_word' id='word_1_600' title='bbox 3303 3937 3572 4004; x_wconf 87' lang='lat' dir='ltr'><strong>quemad-</strong></span> 
     </span>
    </p>
   </div>
   <div class='ocr_carea' id='block_1_87' title="bbox 1995 4025 3576 4094">
    <p class='ocr_par' dir='ltr' id='par_1_87' title="bbox 1995 4025 3576 4094">
     <span class='ocr_line' id='line_1_87' title="bbox 1995 4025 3576 4094; baseline 0.005 -18"><span class='ocrx_word' id='word_1_601' title='bbox 1995 4025 2216 4078; x_wconf 89' lang='lat' dir='ltr'><strong>modum</strong></span> <span class='ocrx_word' id='word_1_602' title='bbox 2259 4025 2304 4080; x_wconf 92' lang='lat' dir='ltr'><strong>si</strong></span> <span class='ocrx_word' id='word_1_603' title='bbox 2341 4027 2465 4094; x_wconf 87' lang='lat' dir='ltr'><strong>quis</strong></span> <span class='ocrx_word' id='word_1_604' title='bbox 2497 4025 2772 4080; x_wconf 89' lang='lat' dir='ltr'><strong>homicida</strong></span> <span class='ocrx_word' id='word_1_605' title='bbox 2807 4027 3095 4082; x_wconf 88' lang='lat' dir='ltr'><strong>deducitur</strong></span> <span class='ocrx_word' id='word_1_606' title='bbox 3123 4027 3176 4081; x_wconf 92' lang='lat' dir='ltr'><strong>in</strong></span> <span class='ocrx_word' id='word_1_607' title='bbox 3205 4041 3480 4083; x_wconf 86' lang='lat' dir='ltr'><strong>carcerem</strong></span> <span class='ocrx_word' id='word_1_608' title='bbox 3511 4035 3576 4084; x_wconf 80' lang='lat' dir='ltr'><strong>ut</strong></span> 
     </span>
    </p>
   </div>
   <div class='ocr_carea' id='block_1_88' title="bbox 1995 4117 3576 4188">
    <p class='ocr_par' dir='ltr' id='par_1_88' title="bbox 1995 4117 3576 4188">
     <span class='ocr_line' id='line_1_88' title="bbox 1995 4117 3576 4188; baseline 0.007 -20"><span class='ocrx_word' id='word_1_609' title='bbox 1995 4117 2064 4170; x_wconf 86' lang='lat' dir='ltr'><strong>ibi</strong></span> <span class='ocrx_word' id='word_1_610' title='bbox 2093 4119 2486 4186; x_wconf 75' lang='lat' dir='ltr'><strong>metulsalutari</strong></span> <span class='ocrx_word' id='word_1_611' title='bbox 2507 4120 2794 4188; x_wconf 89' lang='lat' dir='ltr'><strong>perculsus</strong></span> <span class='ocrx_word' id='word_1_612' title='bbox 2815 4121 2962 4174; x_wconf 89' lang='lat' dir='ltr'><strong>omni</strong></span> <span class='ocrx_word' id='word_1_613' title='bbox 2993 4122 3046 4175; x_wconf 92' lang='lat' dir='ltr'><strong>in</strong></span> <span class='ocrx_word' id='word_1_614' title='bbox 3081 4120 3322 4174; x_wconf 82' lang='lat' dir='ltr'><strong>futurum</strong></span> <span class='ocrx_word' id='word_1_615' title='bbox 3352 4122 3576 4179; x_wconf 83' lang='lat' dir='ltr'><strong>latroci-</strong></span> 
     </span>
    </p>
   </div>
   <div class='ocr_carea' id='block_1_89' title="bbox 1993 4210 3576 4284">
    <p class='ocr_par' dir='ltr' id='par_1_89' title="bbox 1993 4210 3576 4284">
     <span class='ocr_line' id='line_1_89' title="bbox 1993 4210 3576 4284; baseline 0.003 -20"><span class='ocrx_word' id='word_1_616' title='bbox 1993 4211 2087 4264; x_wconf 85' lang='lat' dir='ltr'><strong>nio</strong></span> <span class='ocrx_word' id='word_1_617' title='bbox 2113 4211 2416 4276; x_wconf 88' lang='lat' dir='ltr'><strong>renuntiet,</strong></span> <span class='ocrx_word' id='word_1_618' title='bbox 2455 4210 2600 4279; x_wconf 90' lang='lat' dir='ltr'><strong>ipsos</strong></span> <span class='ocrx_word' id='word_1_619' title='bbox 2629 4213 2887 4268; x_wconf 83' lang='lat' dir='ltr'><strong>custodes</strong></span> <span class='ocrx_word' id='word_1_620' title='bbox 2923 4213 3250 4270; x_wconf 79' lang='lat' dir='ltr'><strong>iuterficitet</strong></span> <span class='ocrx_word' id='word_1_621' title='bbox 3271 4229 3576 4284; x_wconf 84' lang='lat' dir='ltr'><strong>quemcun-</strong></span> 
     </span>
    </p>
   </div>
   <div class='ocr_carea' id='block_1_90' title="bbox 1995 4304 3576 4376">
    <p class='ocr_par' dir='ltr' id='par_1_90' title="bbox 1995 4304 3576 4376">
     <span class='ocr_line' id='line_1_90' title="bbox 1995 4304 3576 4376; baseline 0.004 -21"><span class='ocrx_word' id='word_1_622' title='bbox 1995 4318 2102 4370; x_wconf 88' lang='lat' dir='ltr'><strong>que</strong></span> <span class='ocrx_word' id='word_1_623' title='bbox 2135 4304 2594 4371; x_wconf 74' lang='lat' dir='ltr'><strong>prtetercuntium</strong></span> <span class='ocrx_word' id='word_1_624' title='bbox 2623 4307 2891 4376; x_wconf 81' lang='lat' dir='ltr'><strong>attingere</strong></span> <span class='ocrx_word' id='word_1_625' title='bbox 2923 4315 3102 4375; x_wconf 83' lang='lat' dir='ltr'><strong>petest</strong></span> <span class='ocrx_word' id='word_1_626' title='bbox 3125 4347 3138 4372; x_wconf 85' lang='lat'><strong>,</strong></span> <span class='ocrx_word' id='word_1_627' title='bbox 3173 4306 3247 4362; x_wconf 90' lang='lat' dir='ltr'><strong>ita</strong></span> <span class='ocrx_word' id='word_1_628' title='bbox 3281 4307 3446 4361; x_wconf 89' lang='lat' dir='ltr'><strong>etiam</strong></span> <span class='ocrx_word' id='word_1_629' title='bbox 3486 4309 3576 4362; x_wconf 85' lang='lat' dir='ltr'><strong>ille</strong></span> 
     </span>
    </p>
   </div>
   <div class='ocr_carea' id='block_1_91' title="bbox 1995 4397 3574 4466">
    <p class='ocr_par' dir='ltr' id='par_1_91' title="bbox 1995 4397 3574 4466">
     <span class='ocr_line' id='line_1_91' title="bbox 1995 4397 3574 4466; baseline 0.004 -18"><span class='ocrx_word' id='word_1_630' title='bbox 1995 4397 2224 4466; x_wconf 77' lang='lat' dir='ltr'><strong>punitus</strong></span> <span class='ocrx_word' id='word_1_631' title='bbox 2247 4412 2359 4451; x_wconf 92' lang='lat' dir='ltr'><strong>non</strong></span> <span class='ocrx_word' id='word_1_632' title='bbox 2395 4399 2580 4454; x_wconf 89' lang='lat' dir='ltr'><strong>tremit</strong></span> <span class='ocrx_word' id='word_1_633' title='bbox 2607 4409 2662 4454; x_wconf 89' lang='lat' dir='ltr'><strong>et</strong></span> <span class='ocrx_word' id='word_1_634' title='bbox 2691 4416 2722 4454; x_wconf 89' lang='lat' dir='ltr'><strong>a</strong></span> <span class='ocrx_word' id='word_1_635' title='bbox 2757 4399 2866 4454; x_wconf 87' lang='lat' dir='ltr'><strong>Deo</strong></span> <span class='ocrx_word' id='word_1_636' title='bbox 2897 4402 3138 4454; x_wconf 88' lang='lat' dir='ltr'><strong>monitus</strong></span> <span class='ocrx_word' id='word_1_637' title='bbox 3159 4417 3265 4454; x_wconf 91' lang='lat' dir='ltr'><strong>non</strong></span> <span class='ocrx_word' id='word_1_638' title='bbox 3297 4413 3574 4464; x_wconf 86' lang='lat' dir='ltr'><strong>monetur,</strong></span> 
     </span>
    </p>
   </div>
   <div class='ocr_carea' id='block_1_92' title="bbox 279 4480 1890 4558">
    <p class='ocr_par' dir='ltr' id='par_1_92' title="bbox 279 4480 1890 4556">
     <span class='ocr_line' id='line_1_92' title="bbox 279 4480 1890 4556; baseline 0.002 -19"><span class='ocrx_word' id='word_1_639' title='bbox 279 4482 726 4554; x_wconf 76' lang='grc' dir='ltr'>προσφυόμενος</span> <span class='ocrx_word' id='word_1_640' title='bbox 754 4480 890 4550; x_wconf 74' lang='grc' dir='ltr'>πρὸς</span> <span class='ocrx_word' id='word_1_641' title='bbox 922 4481 1158 4552; x_wconf 82' lang='grc' dir='ltr'>διάφορα</span> <span class='ocrx_word' id='word_1_642' title='bbox 1195 4485 1290 4538; x_wconf 76' lang='grc' dir='ltr'><strong>καὶ</strong></span> <span class='ocrx_word' id='word_1_643' title='bbox 1321 4485 1605 4553; x_wconf 85' lang='grc' dir='ltr'>μαχόμενα</span> <span class='ocrx_word' id='word_1_644' title='bbox 1641 4487 1890 4556; x_wconf 85' lang='grc' dir='ltr'>χρώματί</span> 
     </span>
    </p>
   </div>
   <div class='ocr_carea' id='block_1_93' title="bbox 1996 4480 3578 4558">
    <p class='ocr_par' dir='ltr' id='par_1_93' title="bbox 1997 4488 3578 4558">
     <span class='ocr_line' id='line_1_93' title="bbox 1997 4488 3578 4558; baseline 0.003 -17"><span class='ocrx_word' id='word_1_645' title='bbox 1997 4488 2090 4542; x_wconf 88' lang='lat' dir='ltr'><strong>sed</strong></span> <span class='ocrx_word' id='word_1_646' title='bbox 2123 4489 2392 4542; x_wconf 85' lang='lat' dir='ltr'><strong>indomita</strong></span> <span class='ocrx_word' id='word_1_647' title='bbox 2425 4491 2687 4558; x_wconf 80' lang='lat' dir='ltr'><strong>Opinione</strong></span> <span class='ocrx_word' id='word_1_648' title='bbox 2733 4492 2786 4545; x_wconf 91' lang='lat' dir='ltr'><strong>in</strong></span> <span class='ocrx_word' id='word_1_649' title='bbox 2817 4506 3042 4546; x_wconf 89' lang='lat' dir='ltr'><strong>carcere</strong></span> <span class='ocrx_word' id='word_1_650' title='bbox 3081 4501 3286 4553; x_wconf 88' lang='lat' dir='ltr'><strong>manet.</strong></span> <span class='ocrx_word' id='word_1_651' title='bbox 3339 4507 3446 4544; x_wconf 90' lang='lat' dir='ltr'><strong>non</strong></span> <span class='ocrx_word' id='word_1_652' title='bbox 3495 4493 3578 4546; x_wconf 86' lang='lat' dir='ltr'><strong>itt-</strong></span> 
     </span>
    </p>
   </div>
   <div class='ocr_carea' id='block_1_94' title="bbox 278 4572 1893 4648">
    <p class='ocr_par' dir='ltr' id='par_1_94' title="bbox 278 4572 1893 4648">
     <span class='ocr_line' id='line_1_94' title="bbox 278 4572 1893 4648; baseline 0.004 -24"><span class='ocrx_word' id='word_1_653' title='bbox 278 4590 350 4626; x_wconf 82' lang='grc' dir='ltr'><strong>τε</strong></span> <span class='ocrx_word' id='word_1_654' title='bbox 389 4573 492 4623; x_wconf 80' lang='grc' dir='ltr'>καὶ</span> <span class='ocrx_word' id='word_1_655' title='bbox 550 4572 797 4642; x_wconf 86' lang='grc' dir='ltr'>σχήματι</span> <span class='ocrx_word' id='word_1_656' title='bbox 835 4572 1058 4642; x_wconf 86' lang='grc' dir='ltr'>γνώμης</span> <span class='ocrx_word' id='word_1_657' title='bbox 1097 4574 1190 4626; x_wconf 80' lang='grc' dir='ltr'>καὶ</span> <span class='ocrx_word' id='word_1_658' title='bbox 1246 4573 1492 4644; x_wconf 83' lang='grc' dir='ltr'>γλώττης</span> <span class='ocrx_word' id='word_1_659' title='bbox 1541 4579 1744 4648; x_wconf 77' lang='grc' dir='ltr'>ῥᾳδίως</span> <span class='ocrx_word' id='word_1_660' title='bbox 1796 4596 1893 4648; x_wconf 85' lang='grc' dir='ltr'>με·</span> 
     </span>
    </p>
   </div>
   <div class='ocr_carea' id='block_1_95' title="bbox 281 4663 1890 4741">
    <p class='ocr_par' dir='ltr' id='par_1_95' title="bbox 281 4663 1890 4741">
     <span class='ocr_line' id='line_1_95' title="bbox 281 4663 1890 4741; baseline 0.002 -22"><span class='ocrx_word' id='word_1_661' title='bbox 281 4663 642 4735; x_wconf 77' lang='grc' dir='ltr'>θαρμόζεταί</span> <span class='ocrx_word' id='word_1_662' title='bbox 702 4681 760 4716; x_wconf 88' lang='grc' dir='ltr'><strong>τε</strong></span> <span class='ocrx_word' id='word_1_663' title='bbox 799 4667 892 4716; x_wconf 82' lang='grc' dir='ltr'>καὶ</span> <span class='ocrx_word' id='word_1_664' title='bbox 939 4664 1504 4736; x_wconf 77' lang='grc' dir='ltr'>μετασχηματίζεται·</span> <span class='ocrx_word' id='word_1_665' title='bbox 1538 4673 1632 4722; x_wconf 83' lang='grc' dir='ltr'>καὶ</span> <span class='ocrx_word' id='word_1_666' title='bbox 1678 4673 1744 4741; x_wconf 84' lang='grc' dir='ltr'>τῇ</span> <span class='ocrx_word' id='word_1_667' title='bbox 1795 4671 1890 4722; x_wconf 84' lang='grc' dir='ltr'><strong>τοῦ</strong></span> 
     </span>
    </p>
   </div>
   <div class='ocr_carea' id='block_1_96' title="bbox 281 4757 1890 4833">
    <p class='ocr_par' dir='ltr' id='par_1_96' title="bbox 281 4757 1890 4833">
     <span class='ocr_line' id='line_1_96' title="bbox 281 4757 1890 4833; baseline 0.002 -23"><span class='ocrx_word' id='word_1_668' title='bbox 281 4758 518 4829; x_wconf 75' lang='grc' dir='ltr'>Κυρίου</span> <span class='ocrx_word' id='word_1_669' title='bbox 543 4757 764 4827; x_wconf 76' lang='grc' dir='ltr'>παιδεία</span> <span class='ocrx_word' id='word_1_670' title='bbox 795 4757 1168 4811; x_wconf 82' lang='grc' dir='ltr'>νουθετεῖσθαι</span> <span class='ocrx_word' id='word_1_671' title='bbox 1217 4761 1318 4812; x_wconf 81' lang='grc' dir='ltr'>οὐκ</span> <span class='ocrx_word' id='word_1_672' title='bbox 1349 4757 1512 4827; x_wconf 82' lang='grc' dir='ltr'>οἶδεν,</span> <span class='ocrx_word' id='word_1_673' title='bbox 1553 4763 1669 4815; x_wconf 81' lang='grc' dir='ltr'>ἀλλ’</span> <span class='ocrx_word' id='word_1_674' title='bbox 1699 4763 1890 4833; x_wconf 84' lang='grc' dir='ltr'>ὥσπερ</span> 
     </span>
    </p>
   </div>
   <div class='ocr_carea' id='block_1_97' title="bbox 281 4849 1890 4924">
    <p class='ocr_par' dir='ltr' id='par_1_97' title="bbox 281 4849 1890 4924">
     <span class='ocr_line' id='line_1_97' title="bbox 281 4849 1890 4924; baseline 0.001 -19"><span class='ocrx_word' id='word_1_675' title='bbox 281 4853 364 4906; x_wconf 81' lang='grc' dir='ltr'>ἂν</span> <span class='ocrx_word' id='word_1_676' title='bbox 415 4852 470 4902; x_wconf 82' lang='grc' dir='ltr'>εἴ</span> <span class='ocrx_word' id='word_1_677' title='bbox 515 4867 594 4911; x_wconf 84' lang='grc' dir='ltr'><strong>τις</strong></span> <span class='ocrx_word' id='word_1_678' title='bbox 627 4849 736 4900; x_wconf 80' lang='grc' dir='ltr'><strong>τῶν</strong></span> <span class='ocrx_word' id='word_1_679' title='bbox 781 4849 1146 4918; x_wconf 78' lang='grc' dir='ltr'>ἀνδροφόνων,</span> <span class='ocrx_word' id='word_1_680' title='bbox 1181 4853 1454 4921; x_wconf 83' lang='grc' dir='ltr'>ἀγόμενος</span> <span class='ocrx_word' id='word_1_681' title='bbox 1495 4857 1574 4917; x_wconf 84' lang='grc' dir='ltr'><strong>εἰς</strong></span> <span class='ocrx_word' id='word_1_682' title='bbox 1603 4855 1890 4924; x_wconf 77' lang='grc' dir='ltr'>δεσμωτή-</span> 
     </span>
    </p>
   </div>
   <div class='ocr_carea' id='block_1_98' title="bbox 287 4940 1894 5017">
    <p class='ocr_par' dir='ltr' id='par_1_98' title="bbox 287 4940 1894 5017">
     <span class='ocr_line' id='line_1_98' title="bbox 287 4940 1894 5017; baseline 0.002 -22"><span class='ocrx_word' id='word_1_683' title='bbox 287 4959 421 5014; x_wconf 74' lang='grc' dir='ltr'>ριον</span> <span class='ocrx_word' id='word_1_684' title='bbox 450 4941 596 4993; x_wconf 80' lang='grc' dir='ltr'>ὥστε</span> <span class='ocrx_word' id='word_1_685' title='bbox 637 4940 901 4994; x_wconf 81' lang='grc' dir='ltr'>δείσαντα</span> <span class='ocrx_word' id='word_1_686' title='bbox 958 4947 1262 5012; x_wconf 80' lang='grc' dir='ltr'>σωφρονεῖν</span> <span class='ocrx_word' id='word_1_687' title='bbox 1315 4947 1412 4998; x_wconf 89' lang='grc' dir='ltr'><strong>τοῦ</strong></span> <span class='ocrx_word' id='word_1_688' title='bbox 1444 4946 1632 5000; x_wconf 87' lang='grc' dir='ltr'>λοιποῦ</span> <span class='ocrx_word' id='word_1_689' title='bbox 1677 4949 1770 5000; x_wconf 74' lang='grc' dir='ltr'>καὶ</span> <span class='ocrx_word' id='word_1_690' title='bbox 1797 4947 1894 5017; x_wconf 76' lang='grc' dir='ltr'><strong>λῃ-</strong></span> 
     </span>
    </p>
   </div>
   <div class='ocr_carea' id='block_1_99' title="bbox 287 5033 1889 5108">
    <p class='ocr_par' dir='ltr' id='par_1_99' title="bbox 287 5033 1889 5108">
     <span class='ocr_line' id='line_1_99' title="bbox 287 5033 1889 5108; baseline 0.002 -19"><span class='ocrx_word' id='word_1_691' title='bbox 287 5035 498 5096; x_wconf 81' lang='grc' dir='ltr'>στείας</span> <span class='ocrx_word' id='word_1_692' title='bbox 536 5034 880 5100; x_wconf 74' lang='grc' dir='ltr'>ἀφίστασθαι</span> <span class='ocrx_word' id='word_1_693' title='bbox 931 5033 1136 5106; x_wconf 85' lang='grc' dir='ltr'>πάσης.</span> <span class='ocrx_word' id='word_1_694' title='bbox 1173 5037 1202 5088; x_wconf 86' lang='grc' dir='ltr'>ὁ</span> <span class='ocrx_word' id='word_1_695' title='bbox 1245 5037 1288 5089; x_wconf 89' lang='grc' dir='ltr'>δ’</span> <span class='ocrx_word' id='word_1_696' title='bbox 1335 5039 1537 5100; x_wconf 82' lang='grc' dir='ltr'>αὐτούς</span> <span class='ocrx_word' id='word_1_697' title='bbox 1559 5057 1616 5092; x_wconf 86' lang='grc' dir='ltr'><strong>τε</strong></span> <span class='ocrx_word' id='word_1_698' title='bbox 1665 5041 1889 5108; x_wconf 69' lang='grc' dir='ltr'>ἐφόνευε</span> 
     </span>
    </p>
   </div>
   <div class='ocr_carea' id='block_1_100' title="bbox 283 5127 1888 5204">
    <p class='ocr_par' dir='ltr' id='par_1_100' title="bbox 283 5127 1888 5204">
     <span class='ocr_line' id='line_1_100' title="bbox 283 5127 1888 5204; baseline 0.003 -24"><span class='ocrx_word' id='word_1_699' title='bbox 283 5127 434 5188; x_wconf 74' lang='grc' dir='ltr'>τοὺς</span> <span class='ocrx_word' id='word_1_700' title='bbox 467 5127 788 5192; x_wconf 82' lang='grc' dir='ltr'>ἀπάγοντας</span> <span class='ocrx_word' id='word_1_701' title='bbox 842 5127 936 5178; x_wconf 77' lang='grc' dir='ltr'>καὶ</span> <span class='ocrx_word' id='word_1_702' title='bbox 987 5127 1098 5197; x_wconf 87' lang='grc' dir='ltr'><strong>ὅτῳ</strong></span> <span class='ocrx_word' id='word_1_703' title='bbox 1129 5129 1196 5181; x_wconf 84' lang='grc' dir='ltr'>ἂν</span> <span class='ocrx_word' id='word_1_704' title='bbox 1223 5132 1484 5200; x_wconf 77' lang='grc' dir='ltr'>ἀπαντιρη</span> <span class='ocrx_word' id='word_1_705' title='bbox 1517 5131 1627 5184; x_wconf 83' lang='grc' dir='ltr'><strong>τῶν</strong></span> <span class='ocrx_word' id='word_1_706' title='bbox 1666 5135 1888 5204; x_wconf 83' lang='grc' dir='ltr'>παριόν-</span> 
     </span>
    </p>
   </div>
   <div class='ocr_carea' id='block_1_101' title="bbox 281 5217 1888 5293">
    <p class='ocr_par' dir='ltr' id='par_1_101' title="bbox 281 5217 1888 5293">
     <span class='ocr_line' id='line_1_101' title="bbox 281 5217 1888 5293; baseline 0.004 -21"><span class='ocrx_word' id='word_1_707' title='bbox 281 5237 438 5284; x_wconf 84' lang='grc' dir='ltr'>των,</span> <span class='ocrx_word' id='word_1_708' title='bbox 469 5217 616 5274; x_wconf 71' lang='grc' dir='ltr'>οὕτω</span> <span class='ocrx_word' id='word_1_709' title='bbox 643 5221 742 5273; x_wconf 86' lang='grc' dir='ltr'>καὶ</span> <span class='ocrx_word' id='word_1_710' title='bbox 771 5217 926 5282; x_wconf 78' lang='grc' dir='ltr'>οὗτος</span> <span class='ocrx_word' id='word_1_711' title='bbox 955 5220 1080 5272; x_wconf 76' lang='grc' dir='ltr'>οὔτε</span> <span class='ocrx_word' id='word_1_712' title='bbox 1115 5217 1474 5290; x_wconf 71' lang='grc' dir='ltr'>κολαζόμενος</span> <span class='ocrx_word' id='word_1_713' title='bbox 1516 5225 1752 5293; x_wconf 83' lang='grc' dir='ltr'>φρίττει,</span> <span class='ocrx_word' id='word_1_714' title='bbox 1771 5225 1888 5278; x_wconf 81' lang='grc' dir='ltr'>οὔθ’</span> 
     </span>
    </p>
   </div>
   <div class='ocr_carea' id='block_1_102' title="bbox 283 5309 1890 5382">
    <p class='ocr_par' dir='ltr' id='par_1_102' title="bbox 283 5309 1890 5382">
     <span class='ocr_line' id='line_1_102' title="bbox 283 5309 1890 5382; baseline 0.004 -18"><span class='ocrx_word' id='word_1_715' title='bbox 283 5313 412 5364; x_wconf 70' lang='grc' dir='ltr'><strong>ὑπὸ</strong></span> <span class='ocrx_word' id='word_1_716' title='bbox 439 5309 578 5362; x_wconf 84' lang='grc' dir='ltr'>Θεοῦ</span> <span class='ocrx_word' id='word_1_717' title='bbox 605 5310 1028 5378; x_wconf 86' lang='grc' dir='ltr'>νουθετούμενος</span> <span class='ocrx_word' id='word_1_718' title='bbox 1057 5313 1406 5379; x_wconf 85' lang='grc' dir='ltr'>νουθετείται,</span> <span class='ocrx_word' id='word_1_719' title='bbox 1441 5315 1560 5368; x_wconf 83' lang='grc' dir='ltr'>ἀλλ’</span> <span class='ocrx_word' id='word_1_720' title='bbox 1589 5317 1890 5382; x_wconf 78' lang='grc' dir='ltr'>ἀκόλαστος</span> 
     </span>
    </p>
   </div>
   <div class='ocr_carea' id='block_1_103' title="bbox 281 5403 1888 5478">
    <p class='ocr_par' dir='ltr' id='par_1_103' title="bbox 281 5403 1888 5478">
     <span class='ocr_line' id='line_1_103' title="bbox 281 5403 1888 5478; baseline 0.003 -21"><span class='ocrx_word' id='word_1_721' title='bbox 281 5409 356 5458; x_wconf 71' lang='grc' dir='ltr'>ἐν</span> <span class='ocrx_word' id='word_1_722' title='bbox 411 5403 766 5474; x_wconf 75' lang='grc' dir='ltr'>κολαστηρίῳ</span> <span class='ocrx_word' id='word_1_723' title='bbox 802 5405 952 5474; x_wconf 83' lang='grc' dir='ltr'>μένει</span> <span class='ocrx_word' id='word_1_724' title='bbox 981 5406 1080 5476; x_wconf 86' lang='grc' dir='ltr'>τὴν</span> <span class='ocrx_word' id='word_1_725' title='bbox 1111 5405 1357 5478; x_wconf 84' lang='grc' dir='ltr'>γνώμην,</span> <span class='ocrx_word' id='word_1_726' title='bbox 1391 5409 1716 5472; x_wconf 76' lang='grc' dir='ltr'>ἀπαίδευτος</span> <span class='ocrx_word' id='word_1_727' title='bbox 1753 5410 1797 5463; x_wconf 86' lang='grc' dir='ltr'>δ’</span> <span class='ocrx_word' id='word_1_728' title='bbox 1829 5413 1888 5462; x_wconf 81' lang='grc' dir='ltr'>ἐν</span> 
     </span>
    </p>
   </div>
   <div class='ocr_carea' id='block_1_104' title="bbox 283 5491 1884 5569">
    <p class='ocr_par' dir='ltr' id='par_1_104' title="bbox 283 5491 1884 5569">
     <span class='ocr_line' id='line_1_104' title="bbox 283 5491 1884 5569; baseline 0.004 -23"><span class='ocrx_word' id='word_1_729' title='bbox 283 5491 688 5563; x_wconf 79' lang='grc' dir='ltr'>παιδευτηρίῳ</span> <span class='ocrx_word' id='word_1_730' title='bbox 716 5493 876 5560; x_wconf 76' lang='grc' dir='ltr'>Θεοῦ,</span> <span class='ocrx_word' id='word_1_731' title='bbox 927 5497 1026 5564; x_wconf 83' lang='grc' dir='ltr'>τῆς</span> <span class='ocrx_word' id='word_1_732' title='bbox 1077 5497 1273 5564; x_wconf 82' lang='grc' dir='ltr'>ὁμοίας</span> <span class='ocrx_word' id='word_1_733' title='bbox 1327 5499 1588 5561; x_wconf 90' lang='grc' dir='ltr'>ἀπονοίας</span> <span class='ocrx_word' id='word_1_734' title='bbox 1627 5501 1884 5569; x_wconf 79' lang='grc' dir='ltr'>ἐχόμενος</span> 
     </span>
    </p>
   </div>
   <div class='ocr_carea' id='block_1_105' title="bbox 281 5585 1888 5660">
    <p class='ocr_par' dir='ltr' id='par_1_105' title="bbox 281 5585 1888 5660">
     <span class='ocr_line' id='line_1_105' title="bbox 281 5585 1888 5660; baseline 0.001 -17"><span class='ocrx_word' id='word_1_735' title='bbox 281 5587 416 5654; x_wconf 78' lang='grc' dir='ltr'>ἀεὶ,</span> <span class='ocrx_word' id='word_1_736' title='bbox 445 5585 546 5640; x_wconf 76' lang='grc' dir='ltr'>καὶ</span> <span class='ocrx_word' id='word_1_737' title='bbox 575 5587 853 5658; x_wconf 77' lang='grc' dir='ltr'>πρόφασιν</span> <span class='ocrx_word' id='word_1_738' title='bbox 884 5587 1084 5651; x_wconf 86' lang='grc' dir='ltr'>κακίας</span> <span class='ocrx_word' id='word_1_739' title='bbox 1109 5590 1434 5659; x_wconf 86' lang='grc' dir='ltr'>ποιούμενος</span> <span class='ocrx_word' id='word_1_740' title='bbox 1461 5590 1497 5644; x_wconf 77' lang='grc' dir='ltr'><strong>ἃ</strong></span> <span class='ocrx_word' id='word_1_741' title='bbox 1527 5590 1664 5660; x_wconf 86' lang='grc' dir='ltr'>πρὸς</span> <span class='ocrx_word' id='word_1_742' title='bbox 1688 5593 1888 5656; x_wconf 87' lang='grc' dir='ltr'>κακίας</span> 
     </span>
    </p>
   </div>
   <div class='ocr_carea' id='block_1_106' title="bbox 285 5675 1886 5754">
    <p class='ocr_par' dir='ltr' id='par_1_106' title="bbox 285 5675 1886 5754">
     <span class='ocr_line' id='line_1_106' title="bbox 285 5675 1886 5754; baseline 0.003 -24"><span class='ocrx_word' id='word_1_743' title='bbox 285 5675 526 5744; x_wconf 77' lang='grc' dir='ltr'>ἁποχὴν</span> <span class='ocrx_word' id='word_1_744' title='bbox 575 5676 604 5726; x_wconf 82' lang='grc' dir='ltr'>ὁ</span> <span class='ocrx_word' id='word_1_745' title='bbox 659 5675 794 5738; x_wconf 80' lang='grc' dir='ltr'>Θεὸς</span> <span class='ocrx_word' id='word_1_746' title='bbox 845 5678 1006 5754; x_wconf 26' lang='grc' dir='ltr'>αὐτῷ.</span> <span class='ocrx_word' id='word_1_747' title='bbox 1035 5679 1428 5750; x_wconf 85' lang='grc' dir='ltr'>συγκεχώρηκε</span> <span class='ocrx_word' id='word_1_748' title='bbox 1486 5681 1700 5734; x_wconf 81' lang='grc' dir='ltr'>παθεῖν.</span> <span class='ocrx_word' id='word_1_749' title='bbox 1749 5682 1886 5735; x_wconf 81' lang='grc' dir='ltr'><strong>Οὐδὲ</strong></span> 
     </span>
    </p>
   </div>
   <div class='ocr_carea' id='block_1_107' title="bbox 295 5765 1886 5844">
    <p class='ocr_par' dir='ltr' id='par_1_107' title="bbox 295 5765 1886 5844">
     <span class='ocr_line' id='line_1_107' title="bbox 295 5765 1886 5844; baseline 0.011 -30"><span class='ocrx_word' id='word_1_750' title='bbox 295 5767 412 5840; x_wconf 58' lang='grc' dir='ltr'><strong>γὰρ</strong></span> <span class='ocrx_word' id='word_1_751' title='bbox 449 5765 722 5821; x_wconf 82' lang='grc' dir='ltr'>παύεσθαί</span> <span class='ocrx_word' id='word_1_752' title='bbox 784 5769 872 5818; x_wconf 66' lang='grc' dir='ltr'><strong>πω</strong></span> <span class='ocrx_word' id='word_1_753' title='bbox 909 5767 1006 5837; x_wconf 84' lang='grc' dir='ltr'>τῆς</span> <span class='ocrx_word' id='word_1_754' title='bbox 1048 5772 1590 5844; x_wconf 78' lang='grc' dir='ltr'>κομπορῤημοσύνης</span> <span class='ocrx_word' id='word_1_755' title='bbox 1647 5774 1742 5827; x_wconf 78' lang='grc' dir='ltr'>καὶ</span> <span class='ocrx_word' id='word_1_756' title='bbox 1789 5773 1886 5842; x_wconf 81' lang='grc' dir='ltr'><strong>τῆς</strong></span> 
     </span>
    </p>
   </div>
   <div class='ocr_carea' id='block_1_108' title="bbox 689 5859 1418 5932">
    <p class='ocr_par' dir='ltr' id='par_1_108' title="bbox 689 5859 1418 5932">
     <span class='ocr_line' id='line_1_108' title="bbox 689 5859 1418 5932; baseline 0.003 -9"><span class='ocrx_word' id='word_1_757' title='bbox 689 5859 962 5923; x_wconf 71' lang='grc' dir='ltr'>Ρλπιοι..</span> <span class='ocrx_word' id='word_1_758' title='bbox 990 5862 1106 5924; x_wconf 78' lang='lat' dir='ltr'><strong>Gn.</strong></span> <span class='ocrx_word' id='word_1_759' title='bbox 1147 5863 1418 5932; x_wconf 81' lang='lat' dir='ltr'><strong>CXLIX.</strong></span> 
     </span>
    </p>
   </div>
   <div class='ocr_carea' id='block_1_109' title="bbox 1997 4579 3572 4649">
    <p class='ocr_par' dir='ltr' id='par_1_109' title="bbox 1997 4579 3572 4649">
     <span class='ocr_line' id='line_1_109' title="bbox 1997 4579 3572 4649; baseline 0.002 -17"><span class='ocrx_word' id='word_1_760' title='bbox 1997 4581 2223 4633; x_wconf 85' lang='lat' dir='ltr'><strong>stitutus</strong></span> <span class='ocrx_word' id='word_1_761' title='bbox 2249 4579 2302 4632; x_wconf 90' lang='lat' dir='ltr'><strong>in</strong></span> <span class='ocrx_word' id='word_1_762' title='bbox 2335 4579 2496 4649; x_wconf 75' lang='lat'><strong>233</strong></span> <span class='ocrx_word' id='word_1_763' title='bbox 2527 4581 2880 4635; x_wconf 88' lang='lat' dir='ltr'><strong>institutione</strong></span> <span class='ocrx_word' id='word_1_764' title='bbox 2915 4580 3032 4646; x_wconf 87' lang='lat' dir='ltr'><strong>Dei,</strong></span> <span class='ocrx_word' id='word_1_765' title='bbox 3071 4591 3125 4634; x_wconf 90' lang='lat' dir='ltr'><strong>et</strong></span> <span class='ocrx_word' id='word_1_766' title='bbox 3153 4581 3316 4634; x_wconf 79' lang='lat' dir='ltr'><strong>s‘imiii</strong></span> <span class='ocrx_word' id='word_1_767' title='bbox 3359 4582 3572 4636; x_wconf 81' lang='lat' dir='ltr'><strong>insania</strong></span> 
     </span>
    </p>
   </div>
   <div class='ocr_carea' id='block_1_110' title="bbox 1996 4670 3574 4741">
    <p class='ocr_par' dir='ltr' id='par_1_110' title="bbox 1996 4670 3574 4741">
     <span class='ocr_line' id='line_1_110' title="bbox 1996 4670 3574 4741; baseline 0.004 -19"><span class='ocrx_word' id='word_1_768' title='bbox 1996 4679 2191 4738; x_wconf 73' lang='lat' dir='ltr'><strong>captus</strong></span> <span class='ocrx_word' id='word_1_769' title='bbox 2225 4685 2443 4738; x_wconf 82' lang='lat' dir='ltr'><strong>semper</strong></span> <span class='ocrx_word' id='word_1_770' title='bbox 2489 4679 2810 4740; x_wconf 68' lang='lat' dir='ltr'><strong>prmlextum</strong></span> <span class='ocrx_word' id='word_1_771' title='bbox 2867 4670 2998 4724; x_wconf 74' lang='lat' dir='ltr'><strong>facit</strong></span> <span class='ocrx_word' id='word_1_772' title='bbox 3021 4671 3310 4740; x_wconf 84' lang='lat' dir='ltr'><strong>pravitatis</strong></span> <span class='ocrx_word' id='word_1_773' title='bbox 3345 4688 3466 4741; x_wconf 65' lang='lat' dir='ltr'><strong>quae</strong></span> <span class='ocrx_word' id='word_1_774' title='bbox 3501 4674 3574 4728; x_wconf 88' lang='lat' dir='ltr'><strong>ad</strong></span> 
     </span>
    </p>
   </div>
   <div class='ocr_carea' id='block_1_111' title="bbox 1995 4762 3576 4832">
    <p class='ocr_par' dir='ltr' id='par_1_111' title="bbox 1995 4762 3576 4832">
     <span class='ocr_line' id='line_1_111' title="bbox 1995 4762 3576 4832; baseline 0.003 -17"><span class='ocrx_word' id='word_1_775' title='bbox 1995 4763 2319 4831; x_wconf 73' lang='lat' dir='ltr'><strong>pravitatem</strong></span> <span class='ocrx_word' id='word_1_776' title='bbox 2349 4763 2820 4817; x_wconf 82' lang='lat' dir='ltr'><strong>averruncandam</strong></span> <span class='ocrx_word' id='word_1_777' title='bbox 2851 4762 2902 4816; x_wconf 89' lang='lat' dir='ltr'><strong>ei</strong></span> <span class='ocrx_word' id='word_1_778' title='bbox 2937 4763 3077 4816; x_wconf 85' lang='lat' dir='ltr'><strong>Deus</strong></span> <span class='ocrx_word' id='word_1_779' title='bbox 3107 4763 3368 4832; x_wconf 86' lang='lat' dir='ltr'><strong>imposuit</strong></span> <span class='ocrx_word' id='word_1_780' title='bbox 3403 4767 3576 4822; x_wconf 88' lang='lat' dir='ltr'><strong>susti-</strong></span> 
     </span>
    </p>
   </div>
   <div class='ocr_carea' id='block_1_112' title="bbox 1998 4855 3570 4925">
    <p class='ocr_par' dir='ltr' id='par_1_112' title="bbox 1998 4855 3570 4925">
     <span class='ocr_line' id='line_1_112' title="bbox 1998 4855 3570 4925; baseline 0.004 -18"><span class='ocrx_word' id='word_1_781' title='bbox 1998 4856 2194 4909; x_wconf 87' lang='lat' dir='ltr'><strong>nenda.</strong></span> <span class='ocrx_word' id='word_1_782' title='bbox 2257 4855 2546 4925; x_wconf 86' lang='lat' dir='ltr'><strong>Nunquam</strong></span> <span class='ocrx_word' id='word_1_783' title='bbox 2603 4855 2748 4910; x_wconf 89' lang='lat' dir='ltr'><strong>enim</strong></span> <span class='ocrx_word' id='word_1_784' title='bbox 2811 4856 3092 4925; x_wconf 87' lang='lat' dir='ltr'><strong>deponere</strong></span> <span class='ocrx_word' id='word_1_785' title='bbox 3141 4863 3570 4914; x_wconf 85' lang='lat' dir='ltr'><strong>ostentationem</strong></span> 
     </span>
    </p>
   </div>
   <div class='ocr_carea' id='block_1_113' title="bbox 1995 4947 3573 5017">
    <p class='ocr_par' dir='ltr' id='par_1_113' title="bbox 1995 4947 3573 5017">
     <span class='ocr_line' id='line_1_113' title="bbox 1995 4947 3573 5017; baseline 0.001 -15"><span class='ocrx_word' id='word_1_786' title='bbox 1995 4960 2048 5002; x_wconf 89' lang='lat' dir='ltr'><strong>et</strong></span> <span class='ocrx_word' id='word_1_787' title='bbox 2087 4961 2282 5000; x_wconf 79' lang='lat' dir='ltr'><strong>vanam</strong></span> <span class='ocrx_word' id='word_1_788' title='bbox 2317 4947 2467 5002; x_wconf 85' lang='lat' dir='ltr'><strong>illam</strong></span> <span class='ocrx_word' id='word_1_789' title='bbox 2495 4948 2810 5017; x_wconf 90' lang='lat' dir='ltr'><strong>opinionem</strong></span> <span class='ocrx_word' id='word_1_790' title='bbox 2842 4948 3057 5016; x_wconf 89' lang='lat' dir='ltr'><strong>potuit;</strong></span> <span class='ocrx_word' id='word_1_791' title='bbox 3091 4948 3184 5002; x_wconf 88' lang='lat' dir='ltr'><strong>sed</strong></span> <span class='ocrx_word' id='word_1_792' title='bbox 3215 4949 3388 5017; x_wconf 87' lang='lat' dir='ltr'><strong>ipsius</strong></span> <span class='ocrx_word' id='word_1_793' title='bbox 3410 4949 3573 5005; x_wconf 89' lang='lat' dir='ltr'><strong>Chri-</strong></span> 
     </span>
    </p>
   </div>
   <div class='ocr_carea' id='block_1_114' title="bbox 1994 5039 3569 5110">
    <p class='ocr_par' dir='ltr' id='par_1_114' title="bbox 1994 5039 3569 5110">
     <span class='ocr_line' id='line_1_114' title="bbox 1994 5039 3569 5110; baseline 0.003 -18"><span class='ocrx_word' id='word_1_794' title='bbox 1994 5039 2060 5092; x_wconf 76' lang='lat' dir='ltr'><strong>sti</strong></span> <span class='ocrx_word' id='word_1_795' title='bbox 2105 5039 2332 5108; x_wconf 83' lang='lat' dir='ltr'><strong>ejusque</strong></span> <span class='ocrx_word' id='word_1_796' title='bbox 2381 5039 2556 5092; x_wconf 86' lang='lat' dir='ltr'><strong>nostri</strong></span> <span class='ocrx_word' id='word_1_797' title='bbox 2609 5053 2772 5092; x_wconf 89' lang='lat' dir='ltr'><strong>causa</strong></span> <span class='ocrx_word' id='word_1_798' title='bbox 2822 5049 3204 5110; x_wconf 86' lang='lat' dir='ltr'><strong>susceptarum</strong></span> <span class='ocrx_word' id='word_1_799' title='bbox 3249 5041 3569 5110; x_wconf 86' lang='lat' dir='ltr'><strong>passionum</strong></span> 
     </span>
    </p>
   </div>
   <div class='ocr_carea' id='block_1_115' title="bbox 1994 5131 3568 5201">
    <p class='ocr_par' dir='ltr' id='par_1_115' title="bbox 1994 5131 3568 5201">
     <span class='ocr_line' id='line_1_115' title="bbox 1994 5131 3568 5201; baseline 0.003 -17"><span class='ocrx_word' id='word_1_800' title='bbox 1994 5132 2288 5200; x_wconf 79' lang='lat' dir='ltr'><strong>imaginem</strong></span> <span class='ocrx_word' id='word_1_801' title='bbox 2352 5131 2701 5200; x_wconf 68' lang='lat' dir='ltr'><strong>semetipsum</strong></span> <span class='ocrx_word' id='word_1_802' title='bbox 2754 5146 3022 5201; x_wconf 86' lang='lat' dir='ltr'><strong>suamque</strong></span> <span class='ocrx_word' id='word_1_803' title='bbox 3098 5132 3244 5201; x_wconf 91' lang='lat' dir='ltr'><strong>apud</strong></span> <span class='ocrx_word' id='word_1_804' title='bbox 3302 5133 3568 5190; x_wconf 86' lang='lat' dir='ltr'><strong>barbaros</strong></span> 
     </span>
    </p>
   </div>
   <div class='ocr_carea' id='block_1_116' title="bbox 1994 5222 3570 5293">
    <p class='ocr_par' dir='ltr' id='par_1_116' title="bbox 1994 5222 3570 5293">
     <span class='ocr_line' id='line_1_116' title="bbox 1994 5222 3570 5293; baseline 0.002 -17"><span class='ocrx_word' id='word_1_805' title='bbox 1994 5222 2370 5290; x_wconf 79' lang='lat' dir='ltr'><strong>captivitatem</strong></span> <span class='ocrx_word' id='word_1_806' title='bbox 2401 5222 2712 5291; x_wconf 82' lang='lat' dir='ltr'><strong>exprimere</strong></span> <span class='ocrx_word' id='word_1_807' title='bbox 2749 5223 3038 5293; x_wconf 76' lang='lat' dir='ltr'><strong>gloriatur.</strong></span> <span class='ocrx_word' id='word_1_808' title='bbox 3095 5223 3396 5280; x_wconf 73' lang='lat' dir='ltr'><strong>Mentlaciis</strong></span> <span class='ocrx_word' id='word_1_809' title='bbox 3426 5225 3570 5281; x_wconf 89' lang='lat' dir='ltr'><strong>solet</strong></span> 
     </span>
    </p>
   </div>
   <div class='ocr_carea' id='block_1_117' title="bbox 1995 5313 3562 5385">
    <p class='ocr_par' dir='ltr' id='par_1_117' title="bbox 1995 5313 3562 5385">
     <span class='ocr_line' id='line_1_117' title="bbox 1995 5313 3562 5385; baseline 0.005 -19"><span class='ocrx_word' id='word_1_810' title='bbox 1995 5329 2084 5367; x_wconf 84' lang='lat' dir='ltr'><strong>res</strong></span> <span class='ocrx_word' id='word_1_811' title='bbox 2107 5313 2447 5379; x_wconf 83' lang='lat' dir='ltr'><strong>adulterare,</strong></span> <span class='ocrx_word' id='word_1_812' title='bbox 2473 5328 2646 5384; x_wconf 88' lang='lat' dir='ltr'><strong>eaque</strong></span> <span class='ocrx_word' id='word_1_813' title='bbox 2674 5313 2871 5370; x_wconf 71' lang='lat' dir='ltr'><strong>efferre</strong></span> <span class='ocrx_word' id='word_1_814' title='bbox 2903 5314 3160 5371; x_wconf 89' lang='lat' dir='ltr'><strong>laudibus</strong></span> <span class='ocrx_word' id='word_1_815' title='bbox 3189 5332 3426 5385; x_wconf 83' lang='lat' dir='ltr'><strong>quorum</strong></span> <span class='ocrx_word' id='word_1_816' title='bbox 3459 5319 3562 5373; x_wconf 86' lang='lat' dir='ltr'><strong>de-</strong></span> 
     </span>
    </p>
   </div>
   <div class='ocr_carea' id='block_1_118' title="bbox 1993 5405 3569 5479">
    <p class='ocr_par' dir='ltr' id='par_1_118' title="bbox 1993 5405 3569 5479">
     <span class='ocr_line' id='line_1_118' title="bbox 1993 5405 3569 5479; baseline 0.004 -19"><span class='ocrx_word' id='word_1_817' title='bbox 1993 5405 2152 5460; x_wconf 86' lang='lat' dir='ltr'><strong>beret</strong></span> <span class='ocrx_word' id='word_1_818' title='bbox 2187 5421 2312 5461; x_wconf 90' lang='lat' dir='ltr'><strong>eum</strong></span> <span class='ocrx_word' id='word_1_819' title='bbox 2344 5408 2574 5476; x_wconf 87' lang='lat' dir='ltr'><strong>pudere.</strong></span> <span class='ocrx_word' id='word_1_820' title='bbox 2637 5407 2715 5461; x_wconf 86' lang='lat' dir='ltr'><strong>Ita</strong></span> <span class='ocrx_word' id='word_1_821' title='bbox 2751 5407 2806 5461; x_wconf 91' lang='lat' dir='ltr'><strong>in</strong></span> <span class='ocrx_word' id='word_1_822' title='bbox 2855 5409 3034 5463; x_wconf 89' lang='lat' dir='ltr'><strong>insani</strong></span> <span class='ocrx_word' id='word_1_823' title='bbox 3069 5409 3312 5464; x_wconf 87' lang='lat' dir='ltr'><strong>hominis</strong></span> <span class='ocrx_word' id='word_1_824' title='bbox 3343 5418 3569 5479; x_wconf 84' lang='lat' dir='ltr'><strong>pectore</strong></span> 
     </span>
    </p>
   </div>
   <div class='ocr_carea' id='block_1_119' title="bbox 1991 5497 3560 5556">
    <p class='ocr_par' dir='ltr' id='par_1_119' title="bbox 1991 5497 3560 5556">
     <span class='ocr_line' id='line_1_119' title="bbox 1991 5497 3560 5556; baseline 0.003 -5"><span class='ocrx_word' id='word_1_825' title='bbox 1991 5497 2170 5552; x_wconf 85' lang='lat' dir='ltr'><strong>locum</strong></span> <span class='ocrx_word' id='word_1_826' title='bbox 2223 5513 2330 5552; x_wconf 89' lang='lat' dir='ltr'><strong>non</strong></span> <span class='ocrx_word' id='word_1_827' title='bbox 2385 5498 2549 5554; x_wconf 87' lang='lat' dir='ltr'><strong>habet</strong></span> <span class='ocrx_word' id='word_1_828' title='bbox 2592 5499 2690 5554; x_wconf 89' lang='lat' dir='ltr'><strong>Dei</strong></span> <span class='ocrx_word' id='word_1_829' title='bbox 2722 5503 2988 5555; x_wconf 87' lang='lat' dir='ltr'><strong>memoria</strong></span> <span class='ocrx_word' id='word_1_830' title='bbox 3033 5511 3094 5556; x_wconf 89' lang='lat' dir='ltr'><strong>et-</strong></span> <span class='ocrx_word' id='word_1_831' title='bbox 3126 5502 3312 5556; x_wconf 84' lang='lat' dir='ltr'><strong>divina</strong></span> <span class='ocrx_word' id='word_1_832' title='bbox 3362 5501 3560 5556; x_wconf 84' lang='lat' dir='ltr'><strong>virtus.</strong></span> 
     </span>
    </p>
   </div>
   <div class='ocr_carea' id='block_1_120' title="bbox 1994 5590 3564 5670">
    <p class='ocr_par' dir='ltr' id='par_1_120' title="bbox 1994 5590 3564 5670">
     <span class='ocr_line' id='line_1_120' title="bbox 1994 5590 3564 5670; baseline 0.003 -28"><span class='ocrx_word' id='word_1_833' title='bbox 1994 5590 2212 5670; x_wconf 73' lang='lat' dir='ltr'><strong>Itaque</strong></span> <span class='ocrx_word' id='word_1_834' title='bbox 2253 5591 2580 5660; x_wconf 87' lang='lat' dir='ltr'><strong>plerumque</strong></span> <span class='ocrx_word' id='word_1_835' title='bbox 2644 5593 2794 5648; x_wconf 86' lang='lat' dir='ltr'><strong>Deus</strong></span> <span class='ocrx_word' id='word_1_836' title='bbox 2851 5609 2979 5648; x_wconf 90' lang='lat' dir='ltr'><strong>eum</strong></span> <span class='ocrx_word' id='word_1_837' title='bbox 3033 5597 3261 5665; x_wconf 80' lang='lat' dir='ltr'><strong>exponit</strong></span> <span class='ocrx_word' id='word_1_838' title='bbox 3325 5591 3564 5647; x_wconf 85' lang='lat' dir='ltr'><strong>illuden-</strong></span> 
     </span>
    </p>
   </div>
   <div class='ocr_carea' id='block_1_121' title="bbox 1992 5681 3560 5757">
    <p class='ocr_par' dir='ltr' id='par_1_121' title="bbox 1992 5681 3560 5757">
     <span class='ocr_line' id='line_1_121' title="bbox 1992 5681 3560 5757; baseline 0.001 -21"><span class='ocrx_word' id='word_1_839' title='bbox 1992 5685 2118 5736; x_wconf 84' lang='lat' dir='ltr'><strong>dum</strong></span> <span class='ocrx_word' id='word_1_840' title='bbox 2149 5692 2205 5736; x_wconf 89' lang='lat' dir='ltr'><strong>et</strong></span> <span class='ocrx_word' id='word_1_841' title='bbox 2231 5681 2360 5737; x_wconf 93' lang='lat' dir='ltr'><strong>odio</strong></span> <span class='ocrx_word' id='word_1_842' title='bbox 2389 5682 2457 5737; x_wconf 90' lang='lat' dir='ltr'><strong>ab</strong></span> <span class='ocrx_word' id='word_1_843' title='bbox 2487 5683 2744 5739; x_wconf 88' lang='lat' dir='ltr'><strong>omnibus</strong></span> <span class='ocrx_word' id='word_1_844' title='bbox 2769 5687 3234 5757; x_wconf 86' lang='lat' dir='ltr'><strong>persequendum,</strong></span> <span class='ocrx_word' id='word_1_845' title='bbox 3264 5685 3408 5739; x_wconf 85' lang='lat' dir='ltr'><strong>illam</strong></span> <span class='ocrx_word' id='word_1_846' title='bbox 3433 5699 3560 5754; x_wconf 87' lang='lat' dir='ltr'><strong>pra-</strong></span> 
     </span>
    </p>
   </div>
   <div class='ocr_carea' id='block_1_122' title="bbox 1993 5773 3554 5848">
    <p class='ocr_par' dir='ltr' id='par_1_122' title="bbox 1993 5773 3554 5848">
     <span class='ocr_line' id='line_1_122' title="bbox 1993 5773 3554 5848; baseline 0.003 -22"><span class='ocrx_word' id='word_1_847' title='bbox 1993 5774 2176 5828; x_wconf 71' lang='lat' dir='ltr'><strong>Vitatis</strong></span> <span class='ocrx_word' id='word_1_848' title='bbox 2205 5781 2436 5842; x_wconf 83' lang='lat' dir='ltr'><strong>pestem.</strong></span> <span class='ocrx_word' id='word_1_849' title='bbox 2483 5774 2792 5848; x_wconf 87' lang='lat' dir='ltr'><strong>Tantopere</strong></span> <span class='ocrx_word' id='word_1_850' title='bbox 2824 5777 2994 5842; x_wconf 88' lang='lat' dir='ltr'><strong>enim,</strong></span> <span class='ocrx_word' id='word_1_851' title='bbox 3023 5778 3176 5846; x_wconf 87' lang='lat' dir='ltr'><strong>quasi</strong></span> <span class='ocrx_word' id='word_1_852' title='bbox 3205 5773 3349 5829; x_wconf 89' lang='lat' dir='ltr'><strong>cubo</strong></span> <span class='ocrx_word' id='word_1_853' title='bbox 3373 5785 3554 5846; x_wconf 82' lang='lat' dir='ltr'><strong>verso,</strong></span> 
     </span>
    </p>
   </div>
   <div class='ocr_carea' id='block_1_123' title="bbox 3149 5868 3186 5891">
    <p class='ocr_par' dir='ltr' id='par_1_123' title="bbox 3149 5868 3186 5891">
     <span class='ocr_line' id='line_1_123' title="bbox 3149 5868 3186 5891; baseline 0 0"><span class='ocrx_word' id='word_1_854' title='bbox 3149 5868 3186 5891; x_wconf 69' lang='grc' dir='ltr'><strong>Η</strong></span> 
     </span>
    </p>
   </div>
   <div class='ocr_carea' id='block_1_124' title="bbox 3159 5885 3178 5924">
    <p class='ocr_par' dir='ltr' id='par_1_124' title="bbox 3159 5885 3178 5924">
     <span class='ocr_line' id='line_1_124' title="bbox 3159 5885 3178 5924; baseline 0 0"><span class='ocrx_word' id='word_1_855' title='bbox 3159 5885 3178 5924; x_wconf 70' lang='grc' dir='ltr'><strong><em>Δ</em></strong></span> 
     </span>
    </p>
   </div>
  </div>
