3994 6204
412 312 519 375 203

1620 316 2033 378 NICEPHORI
2077 319 2456 378 GREGORE

3547 328 3651 396 204

413 427 542 480 odio
579 440 705 480 eum
750 426 1030 498 persecuti
1083 427 1251 483 duces
1278 425 1599 480 amicissimi
1638 436 1693 480 et
1724 425 1978 479 benevoli

2090 428 2321 495 ματαίας
2378 429 2593 500 ἐκείνης
2632 428 2870 497 ἔγνωκεν
2918 433 3168 502 οἰήσεως,
3225 431 3345 487 ἀλλ’
3392 433 3555 486 αὐτοῦ
3586 451 3647 487 τε

415 528 639 587 propter
663 520 1019 575 barbarorum
1048 520 1357 575 mistionem
1383 517 1720 587 illegitimam
1743 526 1798 571 et
1820 517 1981 570 sodo-

415 611 682 675 miticam,
718 615 789 665 ita
822 622 879 666 ut
907 614 993 667 cui
1039 626 1226 667 omnes
1271 625 1358 665 res
1405 611 1657 664 amittere
1698 611 1986 678 promitte-

414 703 548 759 bant
576 713 631 758 et
661 703 704 758 si
735 720 875 775 opus
904 714 1052 759 esset
1081 705 1136 758 in
1170 703 1375 757 [ladem
1418 702 1757 755 descendere
1779 740 1794 763 ,
1826 718 1983 755 eum-

413 795 539 847 dem
569 810 720 850 nunc
746 811 814 850 ne
848 796 1012 850 obolo
1042 795 1265 864 quidem
1292 794 1569 848 redimere
1606 794 1792 847 velint.
1823 792 1984 859 Qum-

414 887 550 940 libet
598 886 745 940 enim
800 887 985 941 futura
1016 895 1165 942 esset
1197 901 1380 941 rerum
1405 886 1671 950 conditio,
1712 900 1820 940 non
1857 884 1981 956 pul-

415 980 611 1031 chrum
646 983 889 1032 futurum
917 993 1040 1033 esse
1098 978 1488 1051 existimabant
1522 995 1681 1047 opus.
1718 978 1775 1034 Si
1810 980 1978 1043 enim,

412 1070 690 1133 dicebant,
725 1070 956 1125 crimine
1006 1072 1268 1125 oblivioni
1319 1071 1538 1131 tradi-to,
1567 1071 1617 1125 ei
1669 1070 1982 1127 condonare

410 1161 613 1232 vellent
643 1163 966 1230 dignitatem
1000 1163 1417 1229 sacerdotalem,
1449 1164 1532 1218 vel
1557 1178 1748 1217 omnes
1770 1163 1983 1230 lapides

410 1253 714 1307 clamarent
749 1255 1024 1323 ingentem
1054 1253 1201 1306 illam
1233 1254 1524 1306 insaniam.
1560 1252 1614 1307 Si
1652 1268 1785 1306 vero
1821 1253 1974 1305 illum

409 1345 857 1405 commovissent,
915 1360 1041 1398 cum
1113 1343 1334 1397 silentio
1398 1348 1700 1412 deponeret
1750 1344 1987 1414 dignita-

412 1447 519 1489 tem
540 1437 964 1496 saeerdmalem,
982 1434 1146 1507 234
1172 1443 1461 1489 accusator
1484 1436 1727 1499 ipsorum
1749 1434 1984 1504 impudi-

409 1529 668 1584 cissimns
719 1537 867 1583 esset
923 1528 1101 1595 iisque
1162 1526 1427 1596 linguam,
1464 1526 1702 1597 gladium
1761 1526 1985 1580 omnino

409 1620 792 1675 acutissimum
829 1629 1157 1688 opponeret.
1194 1618 1249 1672 Si
1285 1634 1416 1673 vero
1448 1618 1647 1672 theatri
1679 1626 1733 1672 et
1764 1617 1867 1671 fori
1894 1618 1979 1671 lu-

2086 518 2326 587 Χριστοῦ
2378 521 2472 573 καὶ
2517 522 2624 573 τῶν
2674 522 2813 593 ὑπὲρ
2844 524 3004 595 ήμῶν
3035 525 3272 594 Χριστοῦ
3305 526 3647 595 παθημάτων

2085 611 2270 663 εἰκόνα
2303 613 2493 681 φέρειν
2533 614 2724 666 ἑαυτὸν
2760 617 2854 669 καὶ
2888 619 2986 683 τὴν
3030 618 3223 671 ἑαυτοῦ
3274 618 3412 689 πρὸς
3447 619 3649 691 βαρϐά-

2088 715 2216 767 ρους
2280 702 2658 770 αἰχμαλωσίαν
2704 703 3062 774 βρενθύεται,
3114 706 3527 776 ψευδηγορίαις,
3573 707 3648 772 ὡς

2085 790 2264 852 εἴωθε,
2294 793 2636 862 διαστρέφων
2672 795 2738 847 τὰ
2788 797 3089 866 πράγματα
3121 800 3215 850 καὶ
3249 799 3650 866 ἐγκαλλωπιζό-

2089 898 2249 951 μενος
2279 884 2364 952 ἐφ’
2393 880 2474 948 οἷς
2498 886 2934 953 ἐγκαλύπτεσθαι
2967 887 3093 940 ἔδει.
3128 888 3315 951 Οὕτως
3346 891 3425 950 εἰς
3459 890 3650 944 ἀσυνέ-

2087 992 2180 1028 του
2216 978 2445 1047 καρδίαν
2485 979 2668 1049 χώραν
2697 974 2947 1048 σῦκ’ἔχει
2983 982 3168 1053 μνήμη
3211 979 3348 1033 Θεοῦ
3386 982 3480 1035 καὶ
3511 983 3651 1034 κατὰ

2086 1067 2220 1119 Θεὸν
2257 1070 2451 1140 ἀρετή.
2491 1075 2580 1123 Διὸ
2611 1071 2704 1125 καὶ
2749 1071 2823 1134 ὡς
2859 1072 2953 1124 ἐπὶ
2984 1071 3238 1125 πλεῖστον
3273 1071 3333 1144 [ί.
3378 1073 3472 1126 ιει
3510 1070 3584 1143 r.]
3619 1072 3651 1122 ὁ

2087 1159 2218 1221 Θεὸς
2270 1159 2641 1227 ὲμπαίζεσθαι
2699 1163 2913 1214 τουτονὶ
2966 1162 3348 1231 ὲγκεχώρηκε,
3400 1164 3495 1215 καὶ
3547 1162 3653 1216 ὑπὸ

2088 1251 2307 1303 πάντων
2342 1252 2547 1319 ὁμοίως
2598 1253 2877 1319 μισεῖσθαι
2917 1253 2978 1305 τὸ
3010 1253 3109 1320 τῆς
3157 1252 3491 1324 ἐρημώσεως
3535 1254 3652 1323 βδέ-

2087 1341 2294 1408 λυγμα.
2354 1341 2449 1404 Εἰς
2502 1344 2758 1395 τοσοῦτον
2814 1347 2947 1413 γὰρ,
2979 1344 3236 1413 καθάπερ
3279 1343 3449 1396 κύϐου
3486 1360 3663 1412 στρα-κ

2088 1433 2301 1498 φίντος,
2337 1434 2642 1503 μεμίσηται
2681 1434 2775 1487 καὶ
2819 1435 2957 1504 πρὸς
3008 1433 3118 1487 τῶν
3159 1435 3303 1503 μάλα
3348 1433 3655 1486 ποθούντων

2087 1523 2342 1576 ἐντεῦθεν
2372 1526 2654 1595 ἀρχόντων
2684 1527 2782 1578 καὶ
2814 1526 3134 1597 ὁμοφρόνων
3173 1527 3263 1579 διὰ
3286 1526 3386 1595 τὴν
3417 1525 3658 1594 ἄθεσμον

2087 1617 2305 1686 ἐκείνην
2332 1618 2426 1669 καὶ
2458 1617 2807 1687 σοδομιτικὴν
2838 1619 2946 1671 τῶν
2975 1617 3268 1688 βαρϐάρων
3317 1618 3486 1686 μῖξιν,
3514 1616 3655 1669 ὥστε

410 1711 587 1765 dibria
642 1715 695 1766 in
741 1712 938 1781 plateis
985 1712 1130 1782 jacra
1164 1711 1436 1774 audiunt,
1490 1725 1632 1764 surae
1677 1710 1884 1763 scilicet
1922 1717 1977 1761 et

2089 1712 2171 1763 καὶ
2198 1711 2338 1779 ὑπὲρ
2354 1706 2415 1764 οὗ
2437 1713 2614 1766 πάντα
2637 1712 2903 1779 προέσθαι
2915 1713 3017 1781 χρή
3029 1729 3173 1779 ματα
3187 1709 3541 1780 ὑπισχνοῦντο
3563 1709 3657 1762 καὶ

406 1803 709 1859 effeminati
740 1805 825 1859 dei
865 1815 918 1859 et
951 1805 1132 1858 cruris
1153 1819 1371 1873 semper
1401 1803 1593 1856 laetum
1620 1799 1983 1870 procreantis,

411 1897 630 1967 Dionysi
686 1912 1073 1967 nequaquam,
1132 1909 1310 1966 neque
1385 1893 1628 1949 Semeles
1711 1892 1989 1946 Thebana:

406 1986 657 2052 abortus,
710 1988 806 2041 sed
842 1988 1202 2043 barbarorum
1254 1996 1311 2041 et
1366 1987 1654 2057 impiorum
1708 1985 1980 2039 seminum

409 2074 505 2127 lilii
555 2084 611 2129 et
642 2078 761 2145 ‘qui
794 2091 1014 2147 semper
1044 2091 1111 2131 ex
1168 2075 1341 2145 impio
1374 2077 1555 2131 animo
1584 2076 1732 2146 gigni
1781 2076 1979 2139 solent,

408 2168 560 2235 pravi
594 2169 744 2239 impii
778 2181 962 2231 ortus,
990 2170 1173 2238 potius
1206 2169 1488 2223 immaturi
1523 2180 1734 2223 natura
1776 2184 1982 2237 repug-

2093 1800 2235 1867 σφᾶς
2286 1800 2508 1862 αὐτοὺς,
2539 1801 2588 1853 εί
2646 1799 2881 1868 δεήσειε,
2941 1803 3184 1869 πέμπειν
3238 1801 3318 1863 είς
3373 1799 3526 1870 ᾅδην,
3559 1799 3655 1851 νῦν

2092 1890 2199 1945 οὐδ’
2234 1893 2425 1946 ὀϐολοῦ
2486 1891 2820 1955 ἀλλάξασθαι
2861 1891 3139 1959 βούλονται
3170 1893 3271 1958 τὴν
3323 1889 3655 1959 ἐλευθερίαν.

2100 1984 2443 2051 ὐποτέρωσε
2472 1981 2581 2048 γὰρ
2613 1979 2678 2032 ἂν
2717 1980 2924 2033 νεύσειε
2971 1982 3033 2032 τὸ
3081 1979 3515 2049 ἀποϐησόμενον,
3556 1977 3658 2031 οῦκ

2088 2076 2146 2138 ὲς
2169 2074 2231 2127 τὸ
2258 2074 2534 2142 εὔσχημον
2569 2075 2752 2140 σφίσιν
2783 2074 3040 2141 ἐνόμισαν
3063 2073 3290 2142 σχήσειν
3318 2070 3380 2123 τὸ
3403 2072 3654 2139 πρᾶγμα.

2091 2166 2193 2218 'Av
2227 2180 2289 2221 τε
2327 2164 2441 2233 γὰρ
2487 2160 2846 2235 βουληθῶσιν,
2891 2161 3119 2230 ἔφασαν,
3157 2162 3280 2228 σιγῇ
3318 2158 3658 2227 καλύψαντες

409 2271 606 2317 nantes
635 2273 791 2318 ortus
843 2278 952 2331 quo
1002 2261 1300 2329 suspendio
1342 2275 1452 2315 non
1516 2261 1672 2330 pejus
1699 2261 1982 2316 videretur

2089 2257 2416 2327 τοῦγκλημα
2459 2257 2647 2308 τοῦτον
2714 2255 3017 2323 ἱερατεύειν
3068 2251 3337 2316 ἐνδοῦναι,
3385 2253 3480 2305 καὶ
3519 2250 3659 2304 λίθοι

407 2354 686 2416 omnibus,
702 2355 904 2422 quibus
920 2355 1169 2424 contigit,
1183 2360 1241 2407 ut
1259 2353 1365 2406 hoc
1379 2352 1636 2421 magistro
1653 2352 1981 2404 uterentur?

2090 2351 2292 2411 πάντες
2344 2348 2710 2417 ἀναϐοήσουσι
2751 2349 2849 2409 τὴν
2907 2349 3006 2417 τῆς
3057 2345 3287 2407 ἀτοπίας
3322 2343 3657 2415 ὑπερϐολήν-

407 2442 476 2499 ἄν
542 2447 589 2494 τ’
657 2447 963 2515 ἀπρακτεῖν
1003 2445 1167 2499 αὐτὸν
1232 2445 1569 2497 ἁναπείσωσι
1635 2447 1731 2515 καὶ
1765 2445 1865 2510 τῆς
1902 2443 2221 2511 ἱερουργίας
2275 2441 2611 2509 ἀπέχεσθαι,
2671 2441 2981 2510 κατήγορος
3038 2439 3218 2493 αὐτῶν
3269 2438 3657 2496 ἀναιδέστατος

406 2537 560 2591 ἔσται
587 2537 771 2592 λοιπὸν
794 2538 956 2602 αὐτὸς
986 2540 1044 2591 ὲν
1102 2537 1339 2601 πολλοῖς,
1365 2537 1461 2590 καὶ
1491 2536 1678 2602 ξίφους
1707 2537 2083 2605 ἀκμαιοτέραν
2142 2535 2347 2597 παντὸς
2404 2534 2721 2602 ἀντιστήσει
2785 2533 3033 2601 γλῶτταν
3071 2532 3276 2590 αὐτοῖς.
3313 2533 3408 2582 καὶ
3453 2529 3660 2597 Ὀλύμαι

409 2650 514 2687 που
543 2636 798 2702 φανεῖται
828 2633 1032 2696 παντὸς
1060 2632 1484 2703 ἐπαχθέστερος.
1516 2629 1577 2702 [1⁸.
1616 2630 1708 2682 121
1746 2628 1822 2701 υ.]
1856 2630 2027 2683 Ὅταν
2058 2628 2114 2681 δὲ
2136 2630 2232 2682 καὶ
2268 2629 2337 2682 τὰ
2374 2629 2502 2681 θεατ
2515 2630 2642 2697 ρικά
2669 2628 2765 2681 καὶ
2796 2630 3027 2697 ἀγοραῖα
3059 2627 3371 2695 σκώμματα
3398 2613 3532 2695 apii;
3558 2625 3658 2685 τὰς

406 2726 602 2795 ἀγυιὰς
671 2723 1199 2797 παραρῤιπτούμενα
1254 2724 1667 2792 ἑξακούωνται,
1722 2727 1819 2795 τῆς
1884 2724 2331 2795 γαστροκνημίας
2385 2725 2529 2793 φημὶ
2610 2724 2706 2776 καὶ
2771 2723 2865 2775 τοῦ
2936 2720 3269 2793 ἀνδρογύνου
3355 2718 3490 2773 Θεοῦ
3564 2718 3658 2771 καὶ

405 2823 500 2874 τοῦ
535 2818 713 2891 μηροῦ
744 2817 838 2871 τοῦ
869 2816 929 2869 τὸ
958 2818 1145 2881 ἀτελὲς
1189 2817 1476 2879 ὠδίνοντος
1503 2816 1709 2886 κύημα,
1776 2817 2032 2869 Διονύσου
2069 2817 2168 2885 μὲν
2210 2816 2410 2885 ἥκιστα
2461 2816 2582 2868 οὐδὲ
2645 2814 2891 2885 Σεμέλης
2972 2814 3215 2883 Θηϐαίας
3285 2812 3657 2883 ἀμϐλὼματα,

407 2917 543 2970 ἀλλὰ
579 2912 934 2985 βαρϐαρικῶν
974 2912 1067 2964 καὶ
1117 2911 1335 2964 ἀσεϐῶν
1373 2912 1708 2980 σπερμάτων
1756 2912 1980 2963 ἑκτόκια
2020 2910 2259 2979 συγγενῆ
2325 2909 2423 2961 καὶ
2475 2903 2562 2960 οἷα
2598 2894 2889 2979 διηνεκῶς
2960 2907 3021 2971 ἐξ
3065 2908 3297 2971 ἀσεϐοῦς
3350 2908 3514 2971 αὐτὸς
3543 2908 3661 2962 δια-

406 3010 555 3070 νοίας
600 3004 761 3058 εἴωθε
792 3004 999 3055 τίκτειν
1030 3003 1244 3071 πονηρά
1264 3018 1323 3053 τε
1369 3005 1463 3053 καὶ
1502 3000 1674 3070 ἀσεϐῆ
1711 3002 2056 3069 γεννήματα,
2100 3001 2301 3072 μᾶλλον
2364 3001 2411 3053 δ’
2458 2998 2626 3068 ἀτελῆ
2681 3001 2776 3053 καὶ

2854 2997 3008 3065 παρὰ
3057 3001 3223 3066 φύσιν
3274 2996 3658 3069 ἁμϐλώματα,

406 3102 565 3160 ποίας
594 3100 697 3152 οὐκ
750 3099 816 3150 ἄν
860 3097 1098 3165 ἀγχόνης
1155 3094 1328 3164 χείρω
1382 3095 1588 3160 δόξειεν
1639 3096 1865 3156 ἆτιασιν,
1897 3091 1979 3156 οἷς
2017 3095 2327 3163 διδασκάλῳ
2362 3092 2536 3162 τούτῳ
2561 3078 2866 3163 κεχρῆσθαι
2898 3091 3301 3162 συμπέπτωκε;

476 3189 630 3245 V.Et
651 3190 717 3243 de
747 3189 836 3243 his
854 3188 1023 3243 rebus
1046 3188 1162 3257 ipse
1193 3188 1506 3242 accuratius
1531 3188 1867 3255 iudicaveris
1885 3203 1974 3240 sa-

2155 3188 2217 3260 [l'.
2244 3189 2346 3243 122
2372 3185 2420 3259 ν]
2449 3186 2514 3240 Ε’.
2554 3189 2662 3240 Καὶ
2697 3188 2829 3257 περὶ
2863 3187 2961 3255 μὲν
2985 3185 3188 3239 τούτων
3214 3187 3374 3249 αὐτὸς
3409 3188 3476 3240 ἂν
3495 3189 3652 3260 ἀκρι-

406 3283 580 3355 pienti
615 3291 706 3337 tua
748 3290 804 3336 et
831 3295 965 3335 sana
991 3288 1177 3334 mente
1207 3293 1272 3334 ac
1301 3280 1538 3335 ratione.
1604 3279 1872 3350 Equidem
1910 3280 1979 3334 de

406 3376 498 3440 iis,
527 3388 651 3443 qua:
687 3373 952 3427 insecuta
982 3382 1138 3439 sunt,
1192 3371 1358 3427 rebus
1412 3371 1687 3426 similibus
1734 3380 1791 3425 et
1820 3388 1850 3425 e
1886 3371 1980 3425 Dei

410 3483 571 3538 paena
604 3466 866 3536 profectis
923 3466 1139 3535 loquar.
1174 3463 1493 3519 Patriarcha
1554 3465 1704 3519 enim
1740 3464 1830 3518 ille
1852 3462 1979 3517 Cal-

407 3558 591 3624 listns,
617 3558 904 3629 depositura
938 3558 1007 3612 ab
1043 3557 1113 3611 iis
1135 3572 1167 3610 a
1212 3556 1413 3626 quibus
1441 3556 1749 3611 honoratus
1779 3554 1977 3617 fuerat,

406 3664 531 3705 cum
556 3649 851 3705 sacerdotii
873 3648 1109 3718 insignia
1140 3647 1421 3717 deponere
1445 3647 1635 3710 nollet,
1653 3662 1761 3701 non
1792 3647 1977 3700 timuit

404 3756 597 3797 eorum
632 3741 893 3810 impetum
919 3740 1193 3795 sustinere
1218 3739 1448 3795 invitum
1478 3747 1535 3793 et
1555 3740 1606 3792 in
1640 3738 1977 3792 horrendum

405 3832 604 3903 conjici
638 3846 940 3899 carcerem,
978 3846 1113 3887 neve
1153 3830 1485 3886 seditionem
1508 3830 1649 3883 forte
1670 3829 1977 3883 secundum

404 3928 604 3981 famam
634 3935 973 3994 grassantem
1025 3923 1451 3988 urbi-moveret,
1521 3920 1787 3975 audacius
1827 3934 1981 3973 arro-

404 4019 734 4089 gantiusque
763 4019 962 4072 vivens
990 4017 1045 4070 in
1082 4018 1208 4071 vita)
1240 4013 1673 4084 tranquillitate;
1708 4024 1765 4068 et
1820 4012 1981 4066 facile

405 4108 617 4162 inscius
637 4108 695 4162 in
718 4108 924 4162 malum
944 4106 1251 4172 incidisset,
1270 4105 1377 4160 nisi
1413 4121 1472 4159 re
1489 4115 1771 4173 comperta
1799 4103 1980 4158 conti-

409 4214 520 4253 nuo
551 4199 803 4266 fugisset.
822 4196 976 4262 Quod
1002 4197 1292 4251 consilium
1322 4195 1643 4265 imperatori
1674 4194 1980 4264 etpwtriar-

409 4293 529 4347 clue
552 4290 842 4359 probatum
881 4289 1056 4342 visum
1090 4297 1199 4351 est,
1223 4295 1281 4341 et
1307 4287 1450 4341 fama
1480 4288 1697 4341 occulta
1720 4288 1774 4339 in
1799 4287 1978 4340 forant

412 4382 819 4453 divulgabatnr.
850 4379 987 4435 Cum
1014 4387 1069 4433 et
1094 4379 1209 4448 ipse
1237 4378 1397 4448 235
1429 4394 1542 4433 rem
1590 4382 1971 4448 con'nperisset,

411 4493 605 4546 magna
645 4474 858 4544 ignavia
886 4483 1102 4540 captus,
1142 4470 1282 4524 clam
1331 4468 1526 4539 effugit
1552 4469 1620 4522 ad
1659 4469 1977 4524 Latinorum

2087 3281 2342 3353 ϐέστερον
2366 3282 2703 3351 διαιτήσειας
2735 3283 2798 3349 τῇ
2850 3284 2987 3350 σοφῇ
3037 3297 3131 3333 σου
3158 3283 3249 3333 καὶ
3280 3281 3512 3351 ἔμφρονι
3541 3283 3662 3334 δια-

2088 3375 2207 3445 νοίᾳ
2236 3375 2332 3426 καὶ
2379 3372 2581 3442 κρίσει·
2613 3370 2724 3439 ἐγὼ
2763 3372 2819 3424 δὲ
2853 3373 2949 3424 καὶ
2980 3373 3112 3440 περὶ
3143 3370 3252 3423 τῶν
3281 3370 3409 3442 ἑξῆς
3450 3373 3659 3441 ὁμοίων

2087 3480 2146 3516 τε
2176 3467 2267 3517 καὶ
2295 3465 2488 3532 ὁμοίας
2515 3465 2578 3516 ἐκ
2609 3463 2745 3516 Θεοῦ
2775 3463 3158 3533 τυγχανόντων
3192 3463 3290 3531 τῆς
3323 3461 3661 3537 ἐκδικήσεως

2090 3554 2473 3625 ἀφηγήσομαι.
2528 3554 2588 3606 'U
2637 3556 2749 3622 γὰρ
2792 3553 3244 3624 πατριαρχεύσας
3298 3554 3396 3624 μὲν
3454 3557 3662 3618 ἐκεῖνος

2089 3647 2411 3712 Κάλλιστος,
2451 3646 2797 3716 καθαιρεθεὶς
2831 3646 2879 3699 δ’
2922 3646 3084 3708 αὖθις
3119 3646 3210 3713 ὑφ’
3238 3642 3315 3699 ὧν
3341 3649 3658 3718 τετίμηται,

2088 3739 2183 3791 καὶ
2220 3739 2295 3809 μὴ
2329 3737 2653 3810 βουλόμενος
2705 3740 2773 3792 τὰ
2820 3738 2922 3808 τῆς
2976 3738 3391 3810 ἀρχιερωσύνης
3435 3741 3653 3794 οἴκοθεν

2089 3828 2393 3883 ἀποθέσθαι
2442 3830 2708 3897 σύμϐολα,
2746 3829 3167 3883 κεκινδύνευκεν
3207 3830 3357 3884 ἄκων
3401 3831 3502 3902 τὴν
3532 3832 3661 3885 τού-

2088 3936 2196 3972 των
2229 3920 2523 3990 ἀφαίρεσιν
2577 3921 2836 3990 ὑποσχεῖν
2888 3923 2983 3972 καὶ
3030 3920 3146 3991 ἅμα
3176 3921 3334 3993 δεινῷ
3360 3940 3468 3977 τινι
3496 3923 3662 3993 ἐμϐεη

2090 4012 2324 4081 ϐλῆσθαι
2371 4012 2753 4083 δεσμωτηρίῳ,
2805 4016 2879 4084 μή
2927 4013 3026 4068 καὶ
3082 4015 3273 4068 στάσιν
3338 4016 3466 4081 toto;
3509 4019 3658 4071 κατά

2089 4107 2186 4172 τὴν
2232 4105 2645 4158 ὲπιπολάσασαν
2698 4107 2889 4176 φήμην
2952 4107 3143 4179 ἐγείρῃ
3192 4111 3259 4178 τῇ
3314 4111 3488 4175 πόλει,
3522 4111 3662 4181 θρα-

2091 4195 2320 4265 σύτερόν
2349 4212 2408 4247 τε
2435 4197 2527 4250 καὶ
2556 4197 2883 4268 ἀηδέστερον
2917 4200 3056 4269 πρὸς
3084 4201 3177 4253 τδν
3212 4204 3270 4255 ὲν
3298 4204 3500 4274 ήσυχία
3539 4203 3661 4256 δια-

2091 4289 2346 4357 κείμενος
2383 4287 2516 4357 βίον·
2550 4291 2643 4343 καὶ
2686 4293 2828 4359 τάχα
2861 4292 2927 4344 ἂν
2962 4294 3035 4360 μὴ
3063 4292 3250 4360 μαθὼν
3282 4284 3420 4364 ἔφθη
3444 4295 3661 4355 παθὼν,

2088 4383 2137 4434 εἰ
2198 4382 2272 4453 μὴ
2326 4382 2514 4451 μαθὼν
2574 4382 2712 4452 ἔφθη
2753 4384 2963 4451 φυγών.
3001 4385 3161 4456 Ἀρτι
3199 4384 3310 4457 γὰρ
3342 4386 3402 4439 τὸ
3434 4387 3663 4458 σκέμμα

2090 4473 2310 4545 βασιλεῖ
2339 4490 2397 4526 τε
2430 4477 2524 4525 καί
2550 4474 2868 4548 πατριάρχῃ
2901 4478 3292 4546 κεκυρωμένον
3321 4479 3663 4534 λανθάνουσα

413 4566 726 4637 praesidium
758 4579 824 4618 ex
854 4562 1094 4617 adverso
1134 4561 1325 4623 situm,
1384 4570 1440 4615 et
1469 4570 1700 4616 externo
1730 4562 1982 4630 praesidio

2091 4569 2251 4637 φήμη
2273 4566 2516 4619 λαϐοῦσα
2532 4566 2814 4620 διέπιπτεν
2842 4546 2921 4629 είς
2950 4569 3046 4638 τὴν
3069 4570 3278 4638 ἀγορὰν
3302 4573 3660 4641 ἐξεπιπολῆς.

410 4671 467 4718 et
487 4656 852 4716 dominationi
893 4667 1014 4709 sese
1043 4653 1302 4708 Submisit
1328 4653 1453 4707 vita:
1480 4667 1667 4707 amore
1690 4663 1903 4722 captus,
1928 4661 1987 4706 et

415 4764 477 4805 ut
514 4751 645 4820 pios
698 4747 973 4813 homines,
1024 4746 1119 4814 qui
1167 4755 1394 4814 prapter
1421 4745 1749 4815 religionem
1785 4748 1988 4798 multas

415 4842 700 4898 subici-ant
721 4853 1017 4900 aerumnas,
1048 4837 1168 4892 lteri
1204 4847 1259 4891 et
1285 4835 1692 4891 nudiustertius
1723 4835 1988 4891 convicds

414 4933 868 5005 persequebatur.
911 4931 987 4985 ita
1046 4929 1162 4997 ipsc
1195 4928 1458 4984 continuo
1505 4930 1564 4982 in
1611 4943 1766 4983 suam
1813 4929 1989 4998 ipsius

412 5024 775 5083 calamitatem
838 5021 1056 5077 incidit.
1109 5020 1210 5085 Qui
1273 5021 1423 5074 enim
1484 5022 1538 5074 in
1579 5019 1796 5089 Sophim
1851 5029 1989 5075 tem-

410 5118 560 5187 plum
589 5125 644 5171 et
676 5131 949 5171 summum
968 5111 1062 5167 Dei
1084 5113 1390 5166 sacrarium
1417 5111 1691 5182 fugerant,
1718 5125 1815 5165 eos
1854 5127 1993 5180 prae-

413 5218 497 5264 ter
527 5209 701 5277 legem
731 5214 1041 5278 protractos
1065 5203 1182 5271 ipse
1210 5202 1267 5256 in
1302 5218 1582 5259 carcerem
1615 5203 1875 5274 coniecit.
1932 5203 1990 5258 Si

412 5317 544 5357 vero
590 5300 715 5369 quis
770 5298 1130 5353 insectatores
1189 5293 1388 5348 fallens
1446 5293 1501 5346 in
1534 5293 1669 5348 illud
1729 5293 1987 5348 Latinum

410 5392 726 5463 praesidium
754 5388 1017 5457 fugiebat,
1037 5385 1209 5441 multa
1240 5387 1355 5454 ipse
1384 5384 1648 5439 continuo
1677 5394 1870 5438 contra
1896 5398 1991 5439 eos

412 5484 628 5547 dicebat
649 5480 991 5547 inﬁnitisque
1031 5476 1409 5533 insectabatur
1439 5476 1812 5541 contumeliis,
1832 5488 1885 5530 et
1915 5476 1990 5530 ita

411 5575 739 5646 loquebatur
762 5586 827 5629 ac
849 5570 893 5624 si
919 5569 954 5625 ii
984 5567 1364 5639 quiBarlaami
1387 5566 1564 5622 Latini
1597 5575 1782 5623 essent
1803 5566 1989 5632 amici,

413 5684 564 5724 nunc
594 5667 741 5721 illius
764 5660 1175 5718 contribulibus
1202 5658 1365 5715 amici
1390 5657 1602 5715 fierent.
1633 5660 1821 5727 Itaque
1841 5659 1987 5712 inter

411 5758 637 5831 propria
668 5757 921 5825 dogmata
951 5753 1248 5823 impietatis
1278 5751 1482 5806 auxilia
1512 5751 1987 5808 conservabantur

2092 4658 2253 4710 Ὅθεν
2290 4657 2478 4725 μαθὼν
2532 4659 2626 4709 καὶ
2673 4660 2857 4722 αὐτὸς,
2889 4660 2985 4712 καὶ
3014 4660 3190 4733 δειλίᾳ
3240 4666 3430 4736 μακρᾷ
3461 4682 3659 4734 συσχε-

2089 4750 2224 4815 θεὶς,
2250 4748 2425 4820 ᾤχετο
2457 4752 2632 4821 λάθρα
2681 4752 2926 4820 ἀποδρὰς
2970 4753 3111 4820 πρὸς
3155 4756 3215 4808 τὸ
3254 4756 3362 4809 τῶν
3410 4756 3662 4810 Λατίνων

2090 4840 2389 4910 ἀντιπέρας
2427 4842 2713 4912 φρούριον·
2747 4845 2842 4896 καὶ
2876 4846 2942 4915 τῇ
2997 4845 3284 4918 ἀλλοφύλῳ
3339 4849 3515 4919 σκέπη
3560 4852 3661 4904 καὶ

2088 4931 2377 5003 δεσποτεία
2411 4935 2602 4987 ἑαυτὸν
2634 4936 2723 4988 διὰ
2753 4935 3050 5003 φιλοζωΐαν
3083 4938 3526 5003 καθυποζεύξας,
3566 4943 3664 4993 καὶ

2089 5017 2125 5072 ἃ
2159 5023 2275 5083 τοῖς
2309 5021 2449 5101 ὑπὲρ
2501 5022 2783 5085 εὐσεϐείας
2809 5024 3195 5093 δεδιωγμένοις
3223 5027 3351 5097 χθὲς
3395 5029 3493 5083 καὶ
3524 5026 3668 5099 πρό·

2089 5125 2249 5179 τριτα
2286 5112 2570 5166 εύσεϐἐσιν
2606 5112 2874 5180 ὠνείδιζε,
2917 5116 3095 5170 ταῦτα
3146 5118 3296 5186 παρά
3344 5120 3510 5185 πόδας
3537 5121 3662 5174 ἁλί-

2096 5216 2286 5255 σκεται
2319 5204 2413 5255 καὶ
2463 5204 2627 5265 αὐτὸς
2688 5207 2993 5269 πεπονθώς.
3043 5209 3510 5276 Καταφεύγοντας
3547 5212 3663 5281 γάρ

2090 5294 2229 5363 πρὸς
2273 5294 2336 5347 τὸ
2383 5295 2482 5364 τῆς
2532 5295 2732 5365 Σοφίας
2769 5298 2928 5369 ίερδν
2962 5300 3056 5353 καὶ
3105 5304 3368 5371 μέγιστον
3399 5303 3492 5358 τοῦ
3521 5303 3664 5359 Θεοῦ

2094 5386 2322 5454 τέμενος
2348 5388 2620 5441 ἀποσπῶν
2669 5392 3007 5462 παρανόμως
3038 5394 3203 5459 αὐτὸς
3228 5380 3343 5460 τοῖς
3371 5394 3662 5464 δεσμωτη-

2095 5476 2233 5546 ρίοις
2270 5478 2655 5551 προύπεμπεν*
2687 5485 2736 5537 εί
2779 5483 2836 5536 δέ
2868 5485 2969 5537 πού
3001 5503 3085 5549 τις
3122 5489 3219 5539 καὶ
3264 5489 3391 5551 τοὺς
3424 5488 3667 5552 διώκτας

2089 5568 2269 5624 λαϐὼν
2312 5572 2392 5633 ei;
2434 5573 2497 5626 τὸ
2526 5575 2818 5628 Λατινικὸν
2861 5577 3037 5629 ἐκεῖνο
3071 5578 3348 5646 κατέφυγε
3377 5559 3662 5650 φρούριον,

2090 5662 2259 5725 πολὺς
2289 5664 2452 5727 αὐτὸς
2480 5665 2644 5729 εὐθὺς
2672 5662 2740 5740 ἦν
2766 5668 2909 5720 κατά
2931 5667 3041 5720 τῶν
3076 5670 3336 5722 τοιούτων
3375 5676 3514 5741 ῥέων
3570 5675 3669 5726 καὶ

2090 5753 2365 5825 ἀμέτρους
2412 5757 2697 5815 ἐπαντλῶν
2745 5761 3034 5832 λοιδορίας,
3074 5765 3171 5817 καὶ
3198 5765 3370 5835 λέγων
3397 5766 3472 5826 ὡς
3499 5769 3548 5817 oi
3579 5771 3660 5834 τῲ
