3994 6204
419 203 528 264 2θὸ

1423 205 1862 266 ΒΥΖΛΝΤΙΝᾸΞ
1903 201 2286 262 IliSl‘OllLE
2331 203 2466 261 LIB.
2499 203 2716 262 XXIX.

3581 207 3684 271 2:36

417 318 692 389 Βαρλαάμ
726 320 840 372 ὄντι
873 321 1094 390 Λατίνῳ
1123 319 1263 388 φίλοι
1300 323 1392 374 καὶ
1439 322 1534 374 νῦν
1563 325 1676 386 τοῖς
1704 323 2000 392 ὁμοφύλοις

2119 336 2202 390 per
2233 321 2397 376 breve
2435 331 2646 389 tempus
2673 331 2727 372 et
2773 321 3012 374 tenebrae
3041 323 3266 377 occulta:
3301 334 3461 380 erant
3496 329 3686 382 multi-

419 411 614 482 ἐκείνῳ
646 412 889 478 γίνονται
921 413 1084 481 φίλοι,
1130 418 1196 482 τῇ
1243 413 1532 484 ἀλλοφύλῳ
1583 415 1762 486 σκέπῃ
1795 417 1888 484 καὶ
1911 413 2002 465 δε-

419 506 650 575 σποτεία
710 505 986 574 χρώμενοι
1038 507 1294 576 σωστικῷ
1343 507 1546 576 λιμένι.
1585 505 1742 560 οὕτω
1789 506 1859 558 τὰ
1901 506 2002 574 τῆς

419 595 683 658 ἀσεϐείας
729 594 941 666 δργανα
975 596 1112 663 μετά
1138 597 1251 650 τῶν
1290 597 1510 652 οἰκείων
1541 598 1830 665 δογμάτων
1868 602 2003 668 πρὸς

423 689 522 756 μὲν
553 688 764 758 βραχύν
787 706 910 743 τινα
939 689 1131 758 χρόνον
1159 690 1413 759 ἀντέσχε,
1445 690 1542 742 καί⁵
1561 690 1794 759 λέληθεν
1827 689 2004 742 ἐνίοτε

421 782 550 844 τοὺς
591 781 820 844 πολλοὺς
851 783 908 833 ὲν
945 784 1128 836 σκότει
1167 783 1272 836 κάκ
1299 781 1595 852 διαμέτρου
1614 783 1713 850 τῆς
1737 781 2004 850 ἀληθείας

425 874 724 942 ἱστάμενα,
755 873 835 944 τῷ
871 873 1053 944 χρόνῳ
1101 874 1158 926 δὲ
1191 875 1446 944 φωρᾶται
1499 873 1580 942 τῷ
1613 874 1712 942 τῆς
1741 873 2006 943 ἀληθείας

423 967 827 1036 θεατριζόμενα
862 969 1004 1034 φωτὶ
1033 969 1128 1019 καὶ
1160 967 1252 1018 ὑπ’
1294 965 1476 1020 αὐτῶν
1524 966 1863 1036 ἐλεγχόμενα
1896 964 2006 1016 τῶν
2053 1001 2056 1004 -

423 1059 801 1128 πραγμάτων,
829 1061 941 1122 τοῖς
967 1059 1189 1120 οίκείοις
1225 1060 1452 1128 πτεροῖς
1489 1058 1776 1110 ἁλίσκεται
1809 1075 1868 1110 τε
1911 1057 2009 1110 καὶ

425 1154 642 1214 ἑαυτοῖς
692 1153 1037 1221 περιπίπτει.
1089 1152 1241 1220 Μηδὲ
1295 1151 1402 1220 γὰρ
1441 1150 1671 1220 μηδενὸς
1715 1147 2010 1210 διώκοντος

423 1244 612 1304 ἄλλου,
661 1242 751 1310 ὑφ’
789 1244 998 1295 ἑαυτῶν
1029 1244 1185 1296 αὐτοὶ
1215 1242 1508 1296 διώκονται
1545 1241 1717 1312 μόνοι,
1776 1241 1874 1291 καὶ
1906 1240 2010 1292 πά-

427 1349 655 1402 σχουσιν
697 1332 912 1385 οἴκοθεν
943 1333 1087 1402 ἀπερ
1117 1332 1288 1398 ἔδρων
1323 1332 1468 1384 κατά
1493 1331 1604 1382 τῶν
1635 1328 2009 1382 εὐσεϐούντων

426 1425 606 1485 αὐτοὶ,
665 1427 765 1494 τῆς
811 1425 962 1488 θείας
991 1427 1132 1476 κατά
1166 1423 1340 1494 βραχὺ
1383 1423 1479 1476 καὶ
1525 1421 1829 1491 λεληθότως
1854 1421 2009 1488 δίκης

2113 413 2292 466 tudini
2335 425 2389 466 et
2449 412 2669 466 veritati
2717 426 2949 480 prorsus
3005 425 3394 484 repugnantes.
3457 417 3687 474 Nomine

2112 507 2258 560 enim
2313 516 2707 574 persequente,
2745 521 2776 560 a
2841 507 3152 576 semetipsis
3211 508 3525 578 afﬂiguntur
3563 514 3689 575 soli,

2113 603 2170 648 et
2193 610 2256 648 ea
2291 594 2518 647 omnino
2555 595 2865 662 patiuntur,
2907 595 3110 664 quibus
3141 598 3244 664 ipsi
3275 598 3528 653 homines
3565 601 3690 669 pios

2117 684 2442 736 alfecerant.
2499 683 2628 748 Qua:
2689 685 2838 737 enim
2899 684 3218 752 aliquandiu
3250 701 3544 756 suppressa
3575 701 3692 744 erat

2110 776 2328 844 justitia
2363 775 2574 839 divina,
2603 791 2749 828 nunc
2780 791 2996 844 agressa
3031 791 3129 831 eos
3155 779 3352 846 pressit
3385 781 3695 852 corybant-

2113 867 2326 936 husquc
2367 867 2585 936 pejores
2647 867 2916 922 reddidit.
2951 869 3116 940 236
3163 870 3298 924 Nam
3353 882 3553 941 praeter
3597 891 3694 928 eos

2117 959 2266 1026 ipsos
2295 960 2461 1013 etiam
2499 958 2684 1026 plures
2713 959 2804 1012 alii
2847 960 3047 1014 similia
3092 964 3234 1027 passi
3261 973 3440 1027 erant,
3499 974 3556 1018 et
3585 965 3692 1020 ful—

2116 1051 2422 1118 guritorum
2487 1051 2660 1106 instar
2713 1062 2768 1108 et
2811 1052 2996 1107 divina
3041 1056 3276 1124 quadam
3311 1057 3518 1110 insania
3551 1074 3628 1120 cal
3657 1060 3690 1110 ti

2118 1145 2249 1212 quid
2281 1145 2594 1198 faciendum
2639 1147 2710 1200 sit
2757 1147 3029 1212 nesciunt,
3097 1149 3192 1202 sed
3251 1151 3503 1203 homines
3545 1151 3698 1219 impii

2117 1247 2174 1290 et
2201 1238 2474 1291 exsecrati
2507 1237 2562 1290 in
2591 1247 2842 1308 potorum
2873 1238 3286 1310 furentiumque
3316 1244 3538 1297 modum
3567 1259 3702 1296 con-

2122 1339 2204 1382 tra
2259 1337 2432 1382 semet
2465 1329 2568 1397 ipsi
2609 1329 2942 1384 bacchantes
2993 1341 3050 1385 et
3087 1332 3445 1398 insanientes,
3499 1351 3694 1388 noram

2119 1421 2410 1490 quamdam
2439 1431 2496 1474 et
2529 1423 2722 1474 miram
2755 1433 3064 1491 sequuntur
3091 1425 3384 1479 rationem.

427 1518 496 1589 ft”.
537 1517 636 1570 1‘29.
658 1518 737 1591 υ.]
771 1518 1179 1588 μετερχομένης
1219 1517 1314 1570 καὶ
1378 1515 1713 1586 ὲλαυνούσης
1741 1513 1940 1576 αὐτοὺς
2005 1513 2102 1566 καὶ
2134 1513 2246 1566 τῶν
2295 1514 2786 1582 κορυϐαντιῶντων
2837 1515 3057 1586 χείρους
3095 1519 3376 1586 ποιούσης.
3417 1520 3560 1587 Πρός
3589 1521 3698 1587 γὰρ

425 1615 616 1674 αὐτοῖς
651 1614 750 1665 καὶ
785 1613 1004 1675 πλείους
1033 1611 1214 1664 αὐτῶν
1267 1611 1445 1678 ἕτεροι
1512 1609 1580 1662 τά
1609 1609 1771 1678 ὃμοια
1833 1607 2226 1674 ἐπεπόνθεσαν,
2295 1609 2388 1660 καὶ
2433 1608 2508 1670 ὡς
2539 1609 2899 1678 ἐμϐρόντητοι
2965 1627 3107 1672 τινες
3145 1612 3248 1664 καὶ
3295 1611 3543 1681 θεηλάτῳ
3577 1631 3704 1684 ιμα-

431 1709 525 1778 νία
558 1707 668 1759 τινὶ
697 1707 1002 1776 πληγέντες
1066 1706 1168 1758 οὐκ
1211 1705 1393 1758 ῐσασιν
1431 1703 1458 1756 ὃ
1491 1720 1546 1756 τι
1586 1701 1778 1771 δρῷεν,
1821 1698 1954 1754 ἀλλά
2021 1700 2434 1770 περινοστοῦσιν
2483 1702 2530 1754 οἱ
2597 1701 2879 1764 δυσσεϐεῖς
2929 1703 3020 1756 καὶ
3058 1703 3336 1770 ἐξάγιστοι
3389 1705 3702 1772 μεθυόντων

431 1805 466 1873 ἦ
501 1803 849 1873 μαινομένων
919 1803 1100 1870 δίκην,
1163 1801 1289 1856 καθ’
1343 1799 1557 1854 ἑαυτῶν
1607 1797 1970 1868 βακχεύοντές
2029 1814 2087 1849 τε
2128 1797 2224 1848 καὶ
2279 1797 2808 1866 οίστρηλατούμενοι
2857 1799 3044 1852 καινόν
3094 1817 3217 1854 τινα
3269 1803 3364 1854 καὶ
3419 1804 3700 1876 τερατιῖδη

429 1902 658 1970 τρόπον.

505 2077 594 2144 ς’.
643 2073 790 2142 Ἐγὼ
821 2075 900 2138 δὲ,
941 2074 1174 2144 μηδαμῆ
1204 2073 1300 2126 τοῦ
1348 2071 1544 2138 καιροῦ
1601 2065 2013 2140 συγχωροῦντός

2193 2065 2283 2120 Vl.
2343 2064 2610 2132 Equidem
2665 2079 2792 2119 cum
2849 2065 2903 2118 in
2957 2065 3126 2120 rebus
3172 2067 3447 2122 similibus
3497 2073 3701 2125 morari

435 2189 532 2240 μοι
559 2174 672 2233 τοῖς
708 2169 915 2240 ὁμοίοις
939 2169 1302 2240 ἐνδιατρίϐειν
1327 2169 1384 2228 ἐς
1410 2167 1470 2218 τὸ
1497 2164 1672 2234 παρὸν
1705 2163 1895 2231 ἀφηγή
1907 2179 2011 2230 μα-

431 2281 542 2326 σιν,
573 2263 660 2331 ὲφ’
697 2263 864 2330 ἕτερα
902 2261 1202 2330 τρέψομαι,
1261 2259 1613 2328 πλατυτέραν
1667 2258 1885 2326 ἐκείνης
1917 2273 2010 2307 τα-

435 2356 813 2424 μιευσάμενος
843 2355 940 2425 τὴν
969 2353 1254 2423 ἀφήγησιν
1285 2352 1363 2414 ὼς
1391 2351 1539 2413 εἰκὸς
1585 2349 1817 2419 προϊών.
1853 2350 2014 2415 ’Λρτι

433 2451 544 2518 γὰρ
580 2449 746 2517 περὶῖ
779 2447 994 2516 τροπὰς
1051 2446 1272 2515 θερινὰς
1331 2444 1423 2496 τοῦ
1455 2441 1614 2512 ἡλίου
1666 2441 2010 2512 ἐληλυθότος,

429 2543 622 2595 ἕνδεκα
681 2541 875 2594 ναυσὶν
931 2541 998 2592 ὲκ
1041 2538 1358 2602 Βυζαντίων
1413 2537 1651 2606 λιμένων
1681 2538 1706 2588 ὁ
1757 2533 2014 2604 βασιλεὺς

433 2633 696 2702 ἀναχθεὶς
761 2629 1224 2699 Καντακουζηνὸς
1301 2628 1590 2696 ἑϐδομαῖος
1661 2629 1718 2688 ἐς
1788 2623 2016 2676 Τένεδον

437 2722 1188 2793 ἀφικνεῖται,“πολεμησείων
1221 2722 1340 2773 ἐκεῖ
1366 2719 1446 2785 τῷ
1495 2717 1735 2787 γαμϐρῷ
1777 2715 2016 2766 Παλαιο-

435 2817 606 2886 λ6γῳ⁶
674 2815 872 2884 ήλπιζε
909 2817 1016 2884 γὰρ
1049 2815 1195 2867 δυοῖν
1247 2813 1502 2882 θάτερον,
1539 2811 1572 2880 ἢ
1610 2808 1876 2878 προδοσίᾳ
1909 2808 2016 2858 τῶν

435 2911 648 2964 ἔνδοθεν
677 2910 714 2980 ἢ
745 2913 812 2978 τῇ
839 2909 1037 2973 ἔξωθεν
1069 2907 1220 2976 μάχῃ
1247 2905 1583 2974 ἀφυλάκτοις
1614 2905 1678 2954 ὲκ
1711 2902 1806 2954 τοῦ
1836 2903 2020 2969 αἰφνιο

433 3003 550 3057 δίου
585 2999 960 3066 ἐπεισπεσὼν,
991 2999 1158 3053 αὐτόν
1187 3015 1247 3050 τε
1288 2999 1406 3064 ἅμα
1446 2997 1626 3050 καὶτὸ
1656 2996 1756 3064 τῆς
1781 2995 2012 3046 Τενέδου

437 3095 856 3166 καταλήψεσθαι
904 3092 1190 3161 φρούριον,
1245 3091 1340 3144 καὶ
1399 3089 1516 3142 ἀντ’
1549 3088 1719 3142 αὑτοῦ
1776 3088 1868 3140 τὸν
1899 3086 2016 3140 υἱὸν

437 3187 628 3242 αὐτόθι
655 3186 1005 3254 καταλείψειν
1047 3182 1349 3248 Ματθαῖον,
1398 3181 1477 3252 τῷ
1509 3181 1678 3250 πατρὶ
1710 3179 2018 3248 τηνικαῦτα

441 3280 794 3351 συμπλέοντα
847 3277 986 3346 ὁμοῦ
1043 3278 1110 3346 τῇ
1163 3274 1408 3343 συζύγῳ.
1463 3274 1616 3327 Ἑπεὶ
1644 3273 1699 3326 δὲ
1730 3271 1807 3343 τῷ
1834 3272 2018 3342 λιμένι

437 3373 552 3426 τῶν
581 3372 850 3426 Τενεδίων
881 3370 972 3422 τὸν
1011 3366 1272 3420 εἴσπλουν
1312 3365 1764 3436 προαισθομένων
1791 3362 1852 3426 ἐξ
1889 3361 2014 3429 ἐφόο

435 3469 531 3520 δου
564 3464 904 3534 ποιήσασθαι
961 3464 1168 3532 ἥκιστα
1209 3461 1394 3531 ἔσχεν,
1450 3459 1544 3511 ἐπὶ
1587 3457 1792 3527 θάτερα
1827 3453 2016 3506 λοιπὸν

437 3557 539 3625 τῆς
576 3557 744 3623 νήσου
809 3553 1212 3623 παραπλεύσας
1265 3549 1472 3604 πάσαις
1533 3545 1633 3616 μὲν
1661 3547 1728 3614 τῇ
1768 3545 1838 3613 γῇ
1895 3546 2016 3606 ταῖς

433 3649 629 3701 ναυσὶν
677 3645 954 3714 ἀποϐῆναι
989 3641 1370 3713 προσσχόντας
1420 3639 1622 3709 ἥκιστα
1653 3635 1839 3705 ἔκρινε
1871 3633 2014 3695 δέον,

433 3741 546 3794 δέει
578 3739 673 3792 τοῦ
705 3741 782 3808 μὴ
805 3737 882 3806 τῷ
919 3737 1158 3806 πλείστῳ
1187 3735 1344 3805 μέρει
1381 3729 1717 3793 κενωθείσας
1759 3729 1858 3792 τὰς
1884 3727 2015 3790 ναῦς

433 3830 515 3896 τῷ
554 3827 902 3896 Παλαιολότφ
931 3825 1031 3894 τὴν
1082 3821 1314 3892 γνώμην
1369 3819 1855 3890 προστεθειμένας’
1914 3815 2012 3884 in.

439 3921 710 3992 μιωθῆναι
745 3921 820 3990 μὴ
849 3919 1010 3989 μόνον
1039 3917 1129 3970 τὸν
1153 3915 1374 3968 ἅπαντα
1398 3912 1587 3966 στόλον
1633 3910 1752 3978 μεθ’
1782 3903 1856 3961 ὧν
1884 3909 2012 3976 ἀφί-

435 4029 599 4066 κοντο
649 4011 987 4080 σκεμμάτων
1039 4026 1100 4062 τε
1133 4009 1226 4061 καὶ
1261 4006 1647 4077 βουλευμάτων
1671 4045 1686 4069 ,
1725 4004 1864 4056 ἀλλὰ
1923 4001 2016 4054 καὶ

437 4105 592 4174 σφῶν
628 4105 808 4156 αὐτῶν
836 4102 1032 4164 αὐτοὺς
1065 4099 1316 4167 γενέσθαι
1356 4098 1621 4168 προδότας
1645 4095 1879 4164 ἀπονητὶ
1900 4097 2015 4158 τοῖς

438 4199 676 4268 ἐχθροῖς.
711 4197 803 4248 Διὸ
835 4195 902 4262 δὴ
936 4193 1030 4246 καὶ
1058 4192 1315 4262 τέτταρσι
1351 4191 1545 4259 μόναις
1571 4189 1881 4258 ἐπέτρεψαν
1915 4188 2014 4256 τὴν

435 4292 734 4352 ἀπόϐασιν,
770 4284 856 4352 αἷς
914 4287 1186 4358 ἐθάρρουν
1224 4285 1294 4338 τὰ
1348 4283 1605 4351 μάλιστα.
1663 4283 1774 4334 Καὶ
1835 4281 2015 4332 τοίνυν

433 4381 540 4448 τῆς
587 4377 912 4438 ἀποϐάσεως
972 4375 1270 4443 γινομένης
1304 4374 1406 4444 ἤδη
1462 4372 1558 4424 καὶ
1587 4371 2014 4440 ἡτοιμασμένων

431 4466 516 4530 οἷς
559 4469 656 4537 μὲν
688 4465 1021 4518 ἐπετέτακτο
1057 4464 1168 4533 πῦρ
1193 4464 1305 4524 τοῖς
1338 4461 1448 4514 τῶν
1471 4459 1764 4530 ἀσταχύων
1805 4462 2014 4512 ἐκεῖναι

433 4561 772 4629 δράγμασιν,
829 4551 911 4619 οἷς
958 4555 1002 4608 δ’
1052 4553 1310 4624 ὲκριζοῦν
1359 4553 1460 4615 τὰς
1517 4551 1823 4622 ἀμπέλους,
1857 4546 1936 4614 οἷς
1967 4551 2012 4603 δ’

433 4654 719 4722 ἀγώγιμον
745 4653 810 4704 ἐκ
842 4651 938 4720 τῆς
974 4650 1140 4720 νήσου
1171 4647 1230 4700 τὸ
1283 4646 1426 4715 ὕδωρ
1468 4646 1525 4708 ἐς
1553 4645 1652 4708 τὰς
1684 4644 1814 4706 ναῦς
1851 4644 2013 4714 κομί-

2119 2167 2345 2228 propter
2404 2157 2665 2226 temporis
2721 2157 2990 2210 rationem
3050 2159 3277 2212 minime
3310 2159 3496 2220 lireat,
3551 2177 3702 2214 nunc

2118 2251 2432 2304 narratione
2457 2249 2520 2302 ad
2559 2249 2665 2302 alia
2688 2265 2861 2308 versa,
2899 2241 3072 2317 proiix
3097 2265 3162 2304 or
3207 2252 3386 2305 abszin
3411 2267 3492 2306 YltS
3523 2267 3696 2322 expo-

2118 2341 2440 2404 sitione,tuti
2459 2340 2640 2404 decet,
2657 2355 2896 2410 pergam.
2917 2341 3040 2410 Ipso
3067 2341 3236 2410 igitur
3249 2343 3488 2398 solstitio
3511 2354 3702 2400 :rstivo

2119 2433 2372 2488 undecim
2402 2433 2634 2486 navibus
2667 2441 2854 2487 vectus
2888 2448 2917 2486 e
2941 2442 3104 2501 portu
3137 2433 3398 2504 Byzantio
3427 2436 3697 2491 (Zantacu-

2124 2541 2296 2580 zenus
2317 2525 2478 2594 imp.,
2513 2526 2602 2580 die
2631 2525 2866 2593 septimo
2891 2526 3174 2580 Tenedum
3197 2530 3447 2596 pervenit
3461 2543 3586 2584 cum
3605 2529 3708 2583 Pa-

2119 2617 2346 2686 laaologo
2369 2615 2514 2669 allini
2569 2615 2644 2670 ibi
2677 2615 3064 2672 dimicaturus.
3103 2617 3370 2687 Sperabat
3403 2625 3550 2676 enim
3589 2625 3706 2678 fore

2119 2709 2474 2770 alterutrum,
2508 2715 2569 2760 ut
2599 2715 2694 2760 aut
2727 2707 3032 2762 incolarum
3069 2711 3378 2778 proditione
3401 2726 3496 2766 aut
3527 2733 3705 2787 pugna

2120 2809 2274 2856 extra
2305 2801 2594 2868 con'imissa
2643 2799 2696 2852 in
2729 2799 2880 2852 viros
2911 2801 3162 2855 custodia
3193 2802 3490 2859 destitutos
3521 2809 3707 2863 subito

2121 2892 2374 2946 incidens
2397 2891 2574 2960 ipsum
2601 2891 2874 2960 simulque
2889 2891 3093 2946 Tenedi
3123 2894 3432 2962 praesidium
3461 2909 3705 2968 caperet,

2121 2999 2176 3043 et
2201 3004 2300 3058 pro
2329 3003 2387 3043 se
2429 2989 2598 3041 lilium
2624 2987 2697 3041 ibi
2735 2989 3078 3058 relinqueret
3109 2989 3442 3056 Manlianum,
3468 2997 3560 3064 qui
3597 3012 3705 3052 una

2121 3097 2244 3136 cum
2275 3097 2444 3136 uxore
2475 3097 2542 3136 eo
2579 3092 2824 3151 tempore
2857 3083 3223 3137 comitabatur
3255 3094 3487 3154 patrem.
3545 3089 3706 3144 Post-

2121 3191 2282 3243 quam
2341 3185 2520 3228 autem
2575 3189 2681 3228 non
2711 3174 2891 3244 potuit
2923 3176 3107 3228 statim
3163 3177 3432 3247 attingere
3483 3191 3704 3249 portum

2123 3267 2492 3322 Tenediorum
2525 3270 2731 3338 quippe
2771 3269 2848 3320 rei
2885 3285 2992 3322 non
3026 3270 3340 3340 ignarormn
3374 3291 3388 3327 :
3439 3278 3598 3331 veriti
3629 3293 3700 3330 ne

2123 3377 2294 3416 naves
2341 3363 2632 3415 maximam
2675 3371 2886 3428 partem
2919 3373 3199 3416 evacuataz
3243 3365 3550 3438 Palzrologo
3579 3373 3700 3439 opi-

2123 3452 2344 3506 nionem
2381 3462 2688 3516 moverent,
2740 3468 2846 3520 qua
2902 3468 3010 3504 non
3047 3453 3224 3508 solum
3269 3464 3379 3510 tota
3427 3461 3704 3527 expeditio

2123 3541 2178 3596 in
2207 3543 2454 3596 consiliis
2493 3553 2544 3596 et
2589 3543 2896 3596 rationibus
2925 3543 2996 3597 sit
3023 3544 3270 3613 deaepta,
3297 3548 3455 3618 237
3495 3551 3590 3604 sed
3642 3567 3702 3607 se

2121 3635 2270 3704 ipsos
2323 3636 2408 3690 sui
2474 3636 2649 3704 ipsius
2701 3635 3018 3705 proditores
3081 3640 3230 3693 nulla
3295 3643 3477 3696 dedita
3529 3659 3696 3714 opera

2121 3725 2294 3780 factos
2321 3741 2444 3780 esse
2483 3726 2738 3780 inimicis.
2787 3723 2925 3780 Cum
2956 3741 3089 3780 vero
3117 3728 3374 3783 decessus
3403 3733 3701 3800 parabatur

2122 3819 2324 3888 aliique
2369 3834 2429 3874 se
2481 3819 2842 3888 accingebant
2887 3820 3184 3888 manipulis
3235 3823 3510 3890 spicarum
3558 3827 3698 3896 jussi

2123 3912 2421 3966 immittere
2456 3913 2658 3980 ignem,
2691 3911 2782 3965 alii
2815 3913 3124 3980 exstirpare
3152 3913 3312 3979 vites,
3361 3915 3454 3968 alii
3499 3933 3696 3986 aquam

2121 4003 2410 4058 viatoriam
2441 4019 2506 4056 ex
2541 4005 2721 4058 insula
2761 4004 2812 4056 in
2845 4019 3012 4057 naves
3043 4007 3486 4073 portare,subito
3513 4010 3698 4064 fortis-

2125 4097 2262 4151 sima
2319 4096 2558 4166 prazsidii
2611 4096 2970 4150 Tenediensis
3023 4112 3148 4166 pars
3203 4100 3390 4168 erupit
3437 4115 3502 4155 ex
3545 4105 3696 4160 urbis

2123 4189 2295 4258 portis
2345 4189 2560 4257 pedites
2611 4197 2666 4243 et
2721 4189 2955 4254 equites.
3011 4204 3188 4259 pugna
3241 4200 3392 4246 atrox
3449 4196 3514 4248 ad
3568 4197 3699 4251 litus

2121 4281 2352 4334 conﬂata
2383 4289 2502 4344 est,
2555 4289 2749 4334 nautas
2803 4295 2910 4332 non
2945 4281 3294 4348 patiebantur
3331 4301 3526 4354 aquam
3562 4289 3700 4342 hau-

2121 4373 2254 4430 rire.
2291 4373 2386 4427 sed
2427 4373 2706 4442 puppibus
2739 4373 2976 4426 desectis
3013 4388 3108 4426 eos
3157 4379 3362 4429 reverti
3401 4381 3695 4446 cogebant.

2119 4465 2292 4529 Quam
2323 4467 2392 4518 ob
2425 4481 2542 4520 rem
2581 4467 2861 4533 paululum
2913 4481 2942 4518 a
3010 4475 3150 4519 terra
3189 4469 3381 4521 remoti
3413 4471 3696 4538 Byzantini

2121 4569 2287 4608 naves
2343 4555 2650 4620 sistebant;
2711 4553 3040 4622 insequenti
3083 4554 3174 4607 die
3221 4557 3418 4612 solutis
3455 4567 3696 4629 ancoris,

2123 4647 2285 4699 tertio
2316 4647 2401 4702 die
2433 4646 2502 4700 ad
2550 4645 2790 4700 Imbrum
2840 4647 3073 4700 insulam
3114 4649 3462 4718 appellebant
3486 4694 3499 4714 .
3533 4673 3697 4724 quam

431 4748 570 4810 ζειν,
601 4746 764 4804 εὐθὺς
791 4741 1028 4811 ὲίςεπήδα
1055 4743 1154 4808 τῆς
1183 4739 1440 4800 Τενεδίας
1465 4738 1734 4799 ὁπλίσεως
1757 4735 1818 4788 τὸ
1840 4738 2013 4806 ὲῤῥω-

2121 4737 2286 4790 eliam
2317 4737 2422 4790 sibi
2463 4737 2716 4790 infestam
2764 4737 3086 4794 credebant.
3149 4742 3336 4812 Ibique
3393 4744 3592 4797 similia
3645 4758 3700 4799 et

437 4837 761 4906 μενέστερον
798 4836 863 4887 ὲκ
894 4835 1000 4884 τῶν
1059 4831 1151 4884 τοῦ
1210 4831 1474 4900 φρουρίου
1511 4828 1720 4892 πυλῶν,
1759 4828 1914 4889 πεζοί
1949 4844 2011 4879 τε

433 4933 530 4982 καὶ
560 4930 769 4990 ἱππεῖς,
803 4927 896 4978 καὶ
944 4927 1121 4992 μάχην
1154 4925 1391 4994 στερρὰν
1429 4922 1582 4989 παρά
1637 4923 1729 4974 τὸν
1761 4920 2011 4986 αίγιαλδν

435 5020 841 5088 συστησάμενοι
876 5017 984 5070 οὐδ’
1015 5015 1384 5086 ὑδρεύσασθαι
1413 5015 1540 5075 τοὺς
1573 5011 1866 5073 ναυτικοὺς
1896 5010 2014 5065 εἴα·

435 5127 558 5172 σαν,
593 5109 710 5161 ἀλλ’
748 5111 1071 5178 ἠνάγκασαν
1122 5111 1179 5158 ὲν
1235 5105 1430 5174 βραχεί
1462 5105 1530 5157 τὰ
1571 5105 1893 5174 πρυμνήσια
1929 5120 2018 5154 τε-

435 5205 640 5270 μόντας
671 5201 960 5254 ἀποπλεῖν.
1003 5197 1167 5252 Ὅθεν
1200 5199 1266 5268 δή
1310 5197 1407 5250 καλ⁹
1439 5195 1636 5264 μικρὸν
1671 5195 2018 5255 ἀποστάντες

431 5295 532 5363 τῆς
568 5295 674 5363 γῆς
705 5296 753 5347 οί
820 5293 1103 5358 Βυζάντιοι
1140 5291 1236 5352 τὰς
1303 5289 1434 5351 ναῦς
1471 5287 1836 5356 ἀνεκώχευον,
1878 5287 2017 5357 τῇδ’

2119 4839 2354 4898 egerunt
2377 4839 2430 4884 et
2453 4829 2594 4898 passi
2619 4838 2768 4895 sunt,
2799 4831 3132 4886 etabierunt
3163 4833 3390 4902 (Ellum,
3427 4839 3690 4905 oppidum

2122 4923 2504 4976 Cautacuzeno
2531 4922 2786 4976 amicum.
2819 4923 2949 4978 Inde
2981 4925 3234 4982 Mattlmo
3269 4945 3412 4982 novo
3449 4945 3574 5000 rege
3619 4949 3704 4981 re-

2115 5015 2250 5067 licto
2277 5029 2384 5066 una
2413 5028 2540 5066 cum
2578 5028 2748 5066 uxore
2778 5015 3062 5070 celerrime
3087 5034 3212 5072 eum
3236 5020 3428 5073 decem
3463 5023 3694 5075 navibus

2117 5104 2437 5174 Byzantium
2465 5104 2896 5174 perveniebant;
2923 5110 3086 5162 unius
3115 5110 3260 5164 enim
3297 5111 3610 5180 praesidium
3641 5115 3692 5163 in

2119 5195 2336 5250 duobus
2373 5198 2666 5252 itineribus
2697 5202 2764 5252 ad
2814 5197 3095 5254 Tenedum
3141 5213 3198 5256 et
3237 5204 3480 5260 Imbrum
3536 5205 3696 5260 factis

2122 5288 2188 5341 ad
2221 5289 2582 5358 Palmologum
2613 5305 2795 5363 regem
2827 5289 3125 5348 descivisse
3155 5295 3382 5353 dicitur.

429 5388 699 5458 ὑστεραίᾳ
759 5388 856 5450 τὰς
891 5386 1140 5454 ἀγκύρας
1195 5383 1258 5455 [Γ.
1308 5383 1406 5436 125
1443 5381 1514 5454 r.]
1570 5380 1933 5444 ἀναλαϐόντες
1974 5383 2210 5450 τριταῖοι
2258 5383 2314 5446 ές
2383 5382 2622 5456 Ἴμϐρον,
2649 5392 2750 5456 τὴν
2780 5390 2944 5456 νῆσον
2988 5392 3390 5451 κατέπλευσαν,
3425 5391 3694 5459 πολεμίαν

425 5481 732 5551 ἡγούμενοι
761 5483 856 5533 καὶ
897 5479 1090 5550 αὑτήν.
1161 5476 1458 5530 Κάνταῦθα
1509 5477 1579 5528 τὰ
1643 5476 1805 5545 ὅμοια
1834 5475 2134 5545 δράσαντές
2195 5493 2254 5528 τε
2285 5477 2382 5530 καὶ
2443 5479 2715 5544 παθόντες
2753 5483 2988 5554 πλήρεσι
3019 5487 3236 5548 κώπαις
3259 5485 3516 5538 κάκεῖθεν
3545 5485 3694 5555 ἀπῄ-

427 5589 564 5628 εσαν
603 5575 684 5637 είς
721 5567 882 5628 Λίνον
908 5572 1008 5642 τὴν
1065 5571 1242 5633 πόλιν,
1299 5569 1742 5640 Καντακουζηνῷ
1806 5572 2236 5642 προσκειμένην.
2280 5573 2448 5626 Ἔνθα
2479 5573 2544 5642 δὴ
2587 5575 2870 5632 Ματθαῖον
2906 5579 2999 5632 τὸν
3065 5582 3186 5633 νέον
3256 5577 3480 5648 βασιλέα
3513 5593 3688 5631 κατα-

425 5667 682 5732 λιπόντες
737 5667 836 5720 σὺν
891 5669 957 5733 τῆ
1025 5663 1244 5732 συζύγῳ
1303 5665 1533 5732 τάκιστα
1589 5666 1866 5734 ἐπανῆκον
1935 5665 2068 5718 δέκα
2109 5668 2298 5722 ναυσὶν
2363 5670 2442 5734 είς
2497 5667 2828 5734 Βυζάντιον·
2888 5675 2984 5742 τῆς
3019 5674 3126 5746 γὰρ
3159 5675 3284 5742 p21;
3325 5673 3383 5724 τὸ
3413 5673 3690 5744 πλήρωμά
