3994 6204
308 190 410 253 2οἹ

1505 187 1923 251 NICEPHORI
1960 189 2347 253 GREGORA-S

3457 184 3563 248 208

306 318 473 370 φασιν
505 301 564 355 ἐν
591 299 743 355 δυσὶν
765 299 1123 370 ἀποὸἀσεσιν,
1157 297 1245 367 αἷς
1304 303 1441 374 πρὸς
1508 302 1730 355 Τένεδόν
1766 319 1821 355 τε
1856 307 1950 358 καὶ
1988 306 2218 377 Ἴμϐρον
2250 304 2602 376 πεποίηνται,
2628 302 2761 373 πῴς
2788 301 3161 371 Παλαιολόγον
3189 300 3568 372 ηὐτομοληκέι

305 412 394 450 ναι
426 397 518 450 τὸν
553 395 803 466 βασιλέα.

378 493 488 548 Vll.
517 493 807 557 Equidem,
831 493 977 563 quod
1002 493 1268 549 debebam
1328 492 1489 561 paulo
1509 503 1637 547 ante
1660 509 1871 548 narrart

2062 499 2136 552 Z'.
2184 495 2325 563 Ἐγὼ
2352 495 2397 549 δ’
2431 495 2459 548 ὃ
2495 495 2679 565 μικρῷ
2711 493 2950 564 πρόσθεν
2974 493 3143 564 ἐχρῆν
3169 492 3563 565 ἀφηγήσασθαι

310 585 387 639 ibi
414 584 652 649 cessavi,
684 584 893 639 veritus
926 599 995 638 ne
1016 584 1257 640 animum
1288 591 1442 637 tuum
1469 584 1883 650 perturbarem;

304 695 454 733 nunc
482 689 668 733 autem
699 677 1003 732 amicorum
1027 687 1084 732 et
1104 675 1537 731 commilitonum
1570 678 1736 748 238
1767 687 1884 732 tuo-

307 789 427 824 rnm
458 773 672 841 jussum
722 784 1014 839 exsequar.
1067 770 1294 839 Eulogia
1344 771 1532 834 enim,
1581 786 1703 840 qua:
1755 781 1885 825 tunc

303 876 423 920 erat
454 865 640 936 regina
667 879 1079 934 cognomenque
1105 863 1315 934 justum
1347 863 1519 916 invita
1547 871 1601 915 et
1619 862 1804 916 verbis
1828 869 1885 917 et

305 961 465 1013 laetis
497 966 654 1011 nacta
687 965 969 1021 erat,cnm
999 966 1219 1025 propter
1248 956 1434 1010 divina
1458 955 1717 1011 Ecclesia:
1745 970 1884 1025 pra:-

302 1062 458 1118 cepta
504 1046 846 1102 calamitates
882 1051 1088 1101 multas
1128 1056 1184 1102 et
1236 1048 1646 1117 persecutiones
1700 1047 1883 1102 varias

302 1141 697 1209 infortuniique
729 1141 967 1209 impetus
994 1139 1320 1193 subiissetet
1349 1139 1402 1193 in
1433 1147 1717 1194 senectute
1746 1153 1883 1208 prae-

302 1247 384 1290 ter
417 1236 521 1289 alia
563 1236 617 1289 in
650 1234 854 1288 multos
885 1232 1167 1288 incidisset
1200 1231 1425 1287 morbos
1452 1272 1466 1295 ,
1517 1233 1591 1286 ita
1622 1232 1792 1302 igitur
1823 1239 1881 1285 et

298 1326 454 1382 brevi
487 1337 731 1394 tempore
754 1324 984 1392 cofpore
1014 1324 1134 1395 ejus
1184 1332 1516 1391 consumpto
1566 1322 1632 1376 ad
1673 1321 1879 1391 sempi-

300 1429 510 1473 ternam
562 1416 710 1470 illam
760 1424 816 1469 et
858 1414 1076 1468 beatam
1124 1413 1293 1467 vitam
1340 1412 1665 1468 assurrexit.
1721 1412 1880 1469 Nunc

298 1510 465 1579 igitur
494 1507 655 1562 amici
691 1515 742 1561 te
775 1507 1052 1569 invocant,
1087 1514 1147 1560 ut
1174 1505 1471 1574 epitaphiis
1503 1505 1594 1559 illa
1623 1514 1875 1570 ornetur,

297 1613 422 1653 cum
458 1606 513 1652 et
556 1596 711 1651 multi
743 1595 922 1651 morbi
950 1610 1146 1651 eorum
1175 1595 1270 1664 qui
1296 1596 1415 1665 ejus
1443 1596 1713 1650 tumulum
1743 1596 1878 1651 visi-

299 1699 415 1742 tant
443 1697 633 1757 aperte
663 1687 1058 1755 celerrimeque
1093 1687 1519 1755 propulsanlur.
1582 1687 1694 1740 Hoc
1730 1690 1874 1740 enim

295 1781 461 1834 modo
510 1780 657 1835 Deus
712 1779 987 1847 improbat
1044 1780 1440 1833 inseetatorum
1498 1780 1766 1833 insaniam
1821 1789 1875 1834 et

1992 589 2279 658 βουληθείς
2337 583 2459 641 εἶτα
2520 587 2769 654 ἐπέσχον,
2822 586 2921 656 τὴν
2958 583 3057 654 σὴν
3117 583 3359 652 λυπῆσαι
3385 583 3564 655 ψυχὴν

1988 682 2416 749 φυλαττόμενος,
2474 678 2643 744 λέξων
2676 677 2912 749 ἔρχομαι
2951 677 3068 741 νῦν,
3112 676 3214 738 τὰς
3244 677 3356 728 τῶν
3392 677 3563 744 φίλων

1987 775 2082 827 καὶ
2111 771 2389 825 συνάθλων
2423 770 2531 823 τῶν
2568 769 2678 823 σῶν
2708 768 3128 839 δυσωπούμενος
3177 767 3418 829 ἐντολάς.
3453 767 3561 819 Εὐ-

1984 867 2142 937 λογία
2176 867 2288 937 γὰρ
2323 867 2354 937 ή
2382 866 2454 935 τῷ
2485 866 2597 918 ὖντι
2625 864 2936 934 βασίλισσα,
2992 864 3088 916 καὶ
3112 862 3209 925 τάς
3241 858 3562 929 ἐπωνυμίας

1986 959 2312 1030 συμφώνους
2347 957 2424 1027 τῷ
2458 958 2558 1028 βίῳ
2611 956 2794 1025 λόγοις
2822 955 2939 1026 ἆμα
2976 954 3297 1024 κτησαμένη
3331 953 3425 1007 καὶ
3466 951 3558 1020 ερ-

1982 1069 2126 1121 γοις.
2162 1052 2394 1114 πολλοὺς
2434 1052 2575 1121 ὑπὲρ
2603 1051 2711 1103 τῶν
2765 1050 2927 1103 θείων
2962 1049 3255 1116 δογμάτων
3288 1045 3391 1112 τῆς
3435 1044 3558 1098 Ἐκο

1982 1143 2215 1215 κληοίας
2248 1142 2513 1214 θορύϐους
2554 1142 2649 1194 καὶ
2683 1142 2961 1210 διωγμοὺς
3003 1139 3097 1193 καὶ
3133 1137 3388 1200 ποικίλας
3419 1139 3557 1190 ἐπα-

1980 1239 2165 1306 γωγὰς
2195 1235 2495 1306 συμφορῶν
2520 1234 2825 1296 ὐποστᾶσα,
2858 1236 2952 1285 καὶ
2976 1231 3111 1300 πρὸς
3141 1225 3222 1294 οἷς
3252 1226 3398 1301 εἶχεν
3419 1230 3556 1299 όμοῦ

1980 1326 2057 1397 τῷ
2089 1329 2238 1400 γήρᾳ
2269 1328 2576 1396 νοσήμασιν
2630 1323 2812 1385 ἄλλοις
2872 1323 3143 1393 πρότερον
3184 1322 3279 1373 καὶ
3313 1320 3558 1374 πλείοσιν

1980 1423 2060 1477 ἐτι
2123 1420 2605 1492 περιπεπτωκυὶᾟ,
2658 1418 2750 1470 καὶ
2819 1415 3023 1477 τελέως
3077 1413 3223 1468 οὕτω
3277 1414 3378 1466 καὶ
3411 1410 3557 1466 κατὰ

1981 1515 2156 1586 βραχὺ
2188 1515 2248 1567 τὸ
2290 1514 2449 1582 σῶμα
2466 1509 2864 1580 δαπανηθεῖσα,
2896 1506 3031 1578 πρὸς
3079 1505 3177 1577 τὴν
3206 1504 3376 1560 ἀΐδιον
3408 1507 3554 1557 ἐκεί-

1979 1626 2077 1678 νην
2104 1608 2240 1671 τέως
2296 1606 2532 1676 μετέστη
2562 1601 2967 1673 μακαριότητα.
2999 1597 3114 1652 Νῦν
3144 1597 3240 1653 οῦν
3286 1614 3346 1650 σε
3370 1612 3553 1666 παρα-

1982 1701 2243 1757 καλοῦσιν
2265 1700 2315 1752 οἱ
2344 1697 2491 1766 φίλοι
2516 1695 2703 1763 λόγοις
2750 1691 3062 1761 ἐπιταφίοις
3092 1691 3313 1758 ἐκείνην
3344 1688 3556 1758 κοσμῆ-

1979 1811 2092 1858 σαι,
2109 1792 2233 1844 ἐπεὶ
2256 1790 2351 1844 καὶ
2379 1788 2554 1842 πολλά
2577 1786 2877 1858 προφανῶς
2896 1784 3005 1837 τῶν
3033 1781 3113 1853 τῷ
3143 1782 3362 1851 ἐκείνης
3386 1795 3555 1850 προσ-

294 1871 724 1941 improbitatem.
784 1870 903 1924 Seis
931 1870 1078 1923 enim
1112 1870 1293 1938 plane,
1344 1884 1507 1939 quam
1549 1870 1775 1940 gloriam
1819 1879 1871 1925 et

1980 1853 2169 1940 ιόντων
2220 1885 2381 1955 τάφῳ
2433 1853 2720 1951 νοσήματα
2772 1878 2873 1945 τὴν
2907 1876 3166 1946 ταχίστην
3209 1871 3551 1937 ἐλαύνονται,

296 1965 541 2020 nominis
570 1965 652 2019 sui
686 1965 885 2018 famam
926 1962 1218 2017 Andronici
1251 1963 1395 2034 regis
1430 1963 1524 2018 lilii
1558 1980 1696 2018 uxor
1729 1980 1875 2019 asse—

291 2069 420 2112 cuta
452 2058 544 2117 sit.
568 2066 627 2112 et
651 2057 741 2110 vix
765 2057 904 2110 duos
934 2055 1276 2110 matrimonii
1308 2071 1482 2110 annos
1506 2071 1630 2111 cum
1664 2072 1732 2110 eo
1766 2059 1874 2112 vita

289 2151 481 2208 fruita.
516 2159 692 2203 morte
716 2148 909 2217 punita
942 2146 1014 2201 sit
1045 2160 1100 2201 et
1144 2148 1479 2202 vestimento
1514 2148 1753 2202 contrito
1785 2148 1872 2201 in-

289 2245 420 2295 duta
453 2256 648 2293 ontnes
671 2238 903 2294 divitias
951 2237 1208 2292 tribuerit
1258 2236 1404 2291 bello
1432 2239 1609 2306 captis
1638 2237 1873 2308 aliisque

288 2332 665 2403 pauperibus;
725 2340 925 2398 praeter
977 2328 1070 2391 id,
1119 2335 1386 2397 quantum
1441 2327 1509 2382 ad
1562 2328 1870 2382 ornandum

286 2422 641 2493 magniﬁcum
656 2420 1014 2489 divinumque
1036 2419 1491 2489 phrontisterium
1514 2419 1866 2490 praestiterit;

287 2514 434 2585 quod
487 2514 662 2585 magis
712 2513 934 2568 virtutis
981 2528 1147 2568 causa
1180 2512 1313 2569 fecit
1342 2528 1505 2583 quam
1535 2513 1867 2568 ornamenti.

285 2606 541 2661 Maximis
571 2606 720 2660 enim
738 2614 796 2660 et
819 2602 1123 2673 magniﬁcis
1153 2604 1466 2674 sumptibus
1488 2603 1541 2658 id
1564 2604 1872 2660 construxit

287 2700 476 2770 plures
502 2713 666 2768 quam
686 2705 929 2752 centum
991 2697 1439 2752 sanctimoniales
1468 2697 1572 2767 piis
1598 2697 1670 2752 ibi
1696 2713 1872 2753 exer-

291 2792 441 2846 citiis
493 2799 792 2846 vacaturas
865 2788 1207 2852 collocabat;
1264 2788 1495 2859 prmibat
1570 2788 1716 2845 enim
1768 2789 1869 2845 be-

283 2886 698 2941 nevola’mente
750 2883 805 2938 in
863 2883 929 2938 iis
969 2882 1245 2947 omnibus,
1295 2883 1461 2955 239
1508 2901 1627 2955 qua:
1678 2901 1871 2942 neces-

284 2976 431 3033 saria
462 2984 623 3032 erant
657 2985 919 3045 tanquam
951 2973 1215 3042 domina;
1269 2974 1323 3029 in
1371 2986 1691 3032 exterarum
1751 2993 1871 3034 ser-

281 3085 476 3125 varum
539 3069 758 3125 illarum
824 3066 1047 3122 modum
1101 3067 1217 3136 ipsa
1265 3068 1657 3131 auxiliabatur,
1694 3085 1869 3139 usque

1976 1976 2071 2029 τοῦ
2103 1975 2239 2030 Θεοῦ
2269 1974 2564 2028 κάντεῦθεν
2614 1970 2932 2039 ἐλέγχοντος
2977 1968 3077 2037 τὴν
3105 1965 3214 2019 τῶν
3244 1962 3551 2017 διωκόντων

1975 2070 2236 2122 ἀπόνοιαν
2265 2066 2362 2119 καὶ
2398 2063 2677 2119 ἀσέϐειαν.
2714 2058 2887 2116 Οἶσθα
2911 2060 2966 2114 δέ
2993 2060 3088 2113 καλ⁸
3117 2058 3294 2119 ἄλλως
3312 2054 3385 2119 ώς
3410 2053 3552 2124 μετὰ

1974 2162 2171 2230 χρόνον
2206 2175 2307 2211 που
2345 2156 2727 2222 ἐξκαιδέκατον
2767 2153 2846 2222 τῷ
2893 2150 3235 2221 Ἀνδρονίκου
3261 2147 3357 2201 τοῦ
3394 2146 3552 2216 βασι-

1973 2255 2113 2317 λέως
2149 2254 2361 2307 ἐκείνου
2418 2250 2520 2321 υίῷ
2574 2247 2873 2316 συξυγεῖσα
2926 2245 3065 2316 μετά
3094 2242 3294 2314 πολλῆς
3319 2244 3417 2312 τῆς
3462 2239 3552 2294 εὐ-

1975 2348 2161 2413 κλείας
2215 2347 2311 2400 καὶ
2354 2343 2534 2414 δόξης,
2576 2344 2673 2396 καὶ
2707 2342 2862 2413 μόλις
2893 2357 2993 2392 που
3021 2339 3116 2393 δύο
3142 2337 3335 2408 μόνους
3361 2335 3547 2387 ἐνιαυ-

1973 2439 2101 2501 τούς
2127 2436 2323 2507 ἐκείνῳ
2366 2434 2461 2488 τοῦ
2518 2432 2637 2503 βίου
2678 2428 3203 2499 συναπολελαυκυῑα,
3228 2422 3444 2492 θανάτῳ
3481 2438 3544 2474 τε

1971 2528 2162 2583 τοῦτον
2190 2527 2353 2590 εὐθὺς
2379 2523 2683 2593 ἐζημίωται
2713 2521 2809 2573 καὶ
2850 2519 2967 2588 ἅμα
2991 2514 3277 2588 τριϐώνιον
3303 2511 3545 2567 ὑποδῦσα

1972 2617 2063 2671 τὸν
2084 2616 2304 2670 ἅπαντα
2342 2612 2574 2667 πλοῦτον
2594 2610 2831 2675 διένειμε
2858 2605 3228 2679 αἰχμαλώτοις
3247 2605 3343 2657 καὶ
3380 2602 3549 2671 πένη-

1974 2724 2059 2762 σιν
2085 2706 2289 2771 ἀλλοις,
2316 2705 2459 2775 πλὴν
2503 2702 2537 2772 ἢ
2562 2703 2686 2756 ὅσον
2715 2702 2796 2764 είς
2827 2701 2927 2770 τὴν
2976 2695 3244 2765 πολυτελῆ
3275 2693 3372 2749 τοῦ
3400 2694 3548 2748 θείου

1972 2799 2395 2872 φροντιστηρίου
2458 2793 2808 2864 κατασκευὴν
2866 2792 3078 2845 ἐκείνου
3140 2788 3465 2853 κεκένωκεν,
3516 2784 3547 2839 ὃ

1971 2892 2303 2964 περισόητον
2336 2888 2540 2961 μᾶλλον
2573 2891 2653 2951 είς
2689 2886 2891 2956 ἀρετὴν
2930 2884 3311 2953 κατεστήσατο
3339 2882 3373 2951 ἢ
3409 2880 3547 2951 πρὸς

1971 2986 2346 3054 κατασκευήν.
2380 2980 2642 3052 Δαψιλέσι
2704 2979 2804 3049 μὲν
2836 2978 2946 3051 γὰρ
2974 2978 3068 3032 καὶ
3100 2975 3418 3029 πολυτελέσι
3448 2974 3547 3026 δα-

1971 3079 2174 3142 πάναις
2200 3074 2615 3148 ᾠκοδομήσατο,
2663 3070 2883 3133 πλείους
2931 3069 2988 3122 δὲ
3013 3068 3123 3121 τῶν
3149 3064 3344 3120 ἐκατδν
3385 3081 3550 3135 μονα-

289 3165 344 3215 in
383 3160 624 3215 culinam
670 3170 730 3216 et
755 3159 803 3215 si
837 3159 971 3230 quid
1000 3157 1284 3214 sordidius
1312 3160 1481 3215 etiam
1512 3170 1654 3225 erat,
1726 3172 1782 3216 et
1812 3163 1864 3216 in

1974 3174 2169 3240 ζούσας
2193 3169 2315 3254 κατ’
2355 3168 2589 3238 ἐκλογὴν
2618 3163 2970 3219 ἐνασκεϊσθαι
3018 3160 3340 3231 συνήθροισε
3369 3156 3547 3254 τούτιρ

282 3256 603 3310 universum
653 3254 923 3326 cujusque
972 3252 1195 3308 virtutis
1246 3262 1302 3308 et
1350 3254 1602 3309 candida:
1649 3255 1775 3309 vitae
1804 3268 1864 3308 se

1971 3264 2206 3337 σεμνῶς.
2242 3245 2387 3316 ’Ἀλλ’
2423 3260 2615 3320 αὐταῖς
2642 3257 2736 3309 καὶ
2761 3252 2902 3324 αὐτὴ
2931 3248 3333 3320 συνδιηκονεῖτό
3364 3263 3425 3300 τε
3449 3245 3547 3300 καὶ

282 3346 576 3417 proposuit
608 3346 955 3415 exemplum,
1002 3345 1472 3417 septuagesimum
1529 3346 1646 3401 fere
1699 3361 1865 3416 agens

1974 3336 2356 3427 ἀμφεπονεῖτο,
2380 3347 2695 3422 χορηγοῦσα
2724 3346 2823 3414 μὲν
2846 3344 3068 3413 ἀφθόνῳ
3088 3341 3282 3411 γνώμῃ
3314 3340 3379 3392 τὰ
3405 3336 3549 3391 κατὰ

281 3455 512 3493 annuat.
547 3439 617 3494 Et
643 3439 772 3506 quid
806 3453 946 3509 opus
976 3448 1064 3494 est
1089 3437 1189 3492 tibi
1219 3439 1379 3508 plura
1407 3452 1708 3508 exponere,
1737 3454 1864 3493 cum

281 3531 496 3584 caeteris
545 3530 744 3584 melius
790 3529 940 3585 illius
982 3545 1164 3586 mores
1219 3528 1463 3584 noveris?
1490 3528 1620 3582 Nam
1670 3529 1868 3598 saepius

282 3630 335 3673 te
361 3620 556 3675 audire
603 3620 850 3683 memini,
881 3636 1003 3690 quae
1051 3620 1105 3675 in
1144 3620 1236 3673 illa
1272 3618 1483 3674 fuerint
1512 3618 1742 3689 pulchra
1773 3634 1866 3675 ex-

281 3724 576 3784 ponentem
611 3724 666 3767 et
698 3712 1128 3767 inﬂammantem
1172 3711 1455 3767 auditores
1509 3711 1761 3780 protinus
1796 3710 1865 3765 ad

283 3821 530 3861 amorem
565 3806 721 3859 bonae
755 3806 900 3870 vita),
933 3806 1062 3874 quia
1089 3804 1206 3859 acri
1228 3810 1352 3859 erat
1377 3812 1561 3858 mente
1585 3803 1784 3857 femina
1811 3811 1867 3858 et

280 3898 512 3970 loquens
543 3909 599 3954 et
633 3911 821 3955 tacens
849 3899 1074 3955 stimulo
1115 3914 1334 3969 semper
1371 3899 1437 3954 iis
1475 3900 1566 3969 qui
1615 3898 1863 3964 aderant,

281 4000 336 4046 et
363 4007 620 4064 magnum
651 4002 709 4048 et
736 3993 1001 4047 invictum
1040 3991 1165 4047 vitae
1204 3991 1522 4046 monasticre
1552 3993 1864 4062 exemplum

282 4093 338 4138 et
354 4084 924 4139 sanctitnoniaaaerem
941 4085 1246 4154 penetranti
1267 4085 1486 4138 habitus
1499 4099 1661 4153 quam
1678 4084 1867 4138 ﬁrmus

281 4181 366 4226 est
392 4180 459 4225 et
474 4186 681 4235 amens,
711 4174 978 4242 cujusque
1018 4172 1320 4241 spiritualis
1349 4174 1691 4226 educationis
1716 4181 1867 4226 certa

284 4279 475 4319 norma
517 4273 575 4319 et
613 4264 840 4334 iustitia:
869 4274 1074 4317 statera
1120 4274 1396 4319 accurata.
1436 4266 1545 4320 Nec
1574 4282 1682 4319 non
1716 4266 1865 4320 velo-

282 4358 440 4412 cibus
508 4367 565 4412 et
616 4355 854 4410 fortibus
904 4356 1071 4409 animi
1136 4357 1379 4411 motibus
1432 4372 1579 4412 sana:
1637 4358 1868 4413 aderant

291 4451 562 4514 rationes,
596 4464 777 4518 neque
808 4462 1004 4502 manus
1024 4448 1233 4503 nemini
1265 4449 1512 4503 omnium
1547 4464 1726 4520 neque
1764 4449 1869 4505 lin—

1967 3451 2159 3523 χρείαν
2188 3445 2451 3515 διηνεκῶς
2481 3444 2558 3507 ώς
2611 3440 2799 3511 κυρία,
2844 3437 3215 3507 συναιρομένη
3245 3435 3293 3488 δ’
3318 3433 3378 3498 ἐξ
3408 3433 3548 3500 ἐφη-

1971 3542 2165 3614 μερίας
2226 3541 2321 3595 καὶ
2376 3538 2518 3608 αὐτὴ
2570 3537 2664 3588 τὸν
2715 3535 2922 3595 πάσαις
2978 3530 3223 3592 ἐκείναις
3279 3527 3549 3595 ἀνάλογον

1970 3636 2033 3710 [ί.
2062 3635 2161 3690 125
2177 3632 2254 3705 υ.]
2277 3631 2479 3703 τρόπον
2506 3628 2697 3697 ὥσπερ
2726 3624 3039 3695 όμόδουλος,
3069 3622 3197 3692 ἄχρι
3229 3619 3343 3673 τῶν
3368 3619 3541 3673 όπτα-

1969 3730 2129 3783 νείων
2154 3726 2248 3781 καὶ
2288 3727 2341 3777 εί
2372 3742 2425 3776 τι
2460 3721 2571 3775 τῶν
2597 3718 2960 3791 χυδαιοτέρων
2991 3716 3283 3786 ἐτύγχανεν
3314 3713 3375 3767 δν
3398 3753 3414 3780 ,
3452 3711 3550 3765 καὶ

1972 3816 2274 3885 συλλήϐδην
2312 3814 2508 3878 εἰπεῖν,
2566 3811 2876 3880 ἀρχέτυπον
2908 3806 3112 3876 ἀρετῆς
3154 3807 3374 3872 ἀπάσης
3403 3804 3549 3858 ἁπά-

1971 3928 2095 3972 σαις
2129 3906 2333 3975 ἑαυτὴν
2379 3904 2700 3976 προτιθεῖσα
2727 3902 2821 3955 καὶ
2870 3901 2987 3972 βίου
3020 3899 3223 3970 σεμνοῦ
3259 3899 3422 3968 μέχρι
3452 3898 3546 3951 καὶ

1969 4002 2029 4064 ἐς
2071 3999 2230 4068 δεῦρο
2282 3995 2594 4067 διήρκεσεν,
2653 3991 3057 4061 ἑϐδομηκοστὸν
3112 3990 3281 4059 ἐγγύς
3316 4008 3417 4043 που
3445 3988 3546 4056 τῆς

1969 4092 2184 4164 ἡλικίας
2214 4091 2422 4157 ἄγουσα
2447 4087 2658 4157 χρόνον.
2698 4084 2804 4137 Καὶ
2836 4084 2889 4137 τί
2920 4086 3027 4156 χρὴ
3065 4085 3238 4137 πλείω
3282 4084 3543 4147 διεξιέναι

1971 4186 2107 4255 προς
2136 4184 2193 4236 σὲ
2220 4182 2381 4236 πλέον
2404 4181 2514 4234 τῶν
2542 4179 2716 4234 ἄλλων
2746 4179 2813 4231 τὰ
2835 4179 3054 4248 ἐκείνης
3083 4179 3262 4231 εἰδότα
3286 4178 3551 4247 ;Μέμνη-

1972 4294 2072 4346 μαι
2098 4277 2208 4345 γὰρ
2242 4277 2336 4327 καὶ
2368 4273 2630 4334 πολλάκις
2663 4271 2758 4325 σοῦ
2796 4288 2862 4340 γε
2898 4269 3152 4334 ἀκηκοὼς
3194 4269 3343 4321 ἔστιν
3372 4269 3407 4322 ἃ
3438 4268 3549 4323 τῶν

1970 4367 2185 4436 ἐκείνης
2218 4365 2608 4437 ἀφηγουμένου
2644 4362 2851 4428 καλῶν,
2909 4363 3005 4414 καὶ
3036 4360 3370 4430 ἐρεθίζοντος
3410 4360 3545 4420 ἴσως

1969 4462 2050 4525 εἰς
2079 4460 2194 4525 ἕξιν
2224 4461 2513 4527 ἀσκήσεως
2544 4456 2755 4525 ἀγαθῆς
2803 4457 2930 4516 τοὺς
2985 4453 3308 4516 ἀκούοντας,
3339 4452 3413 4515 ὼς
3451 4452 3548 4521 βα-

282 4560 387 4613 gua
412 4543 746 4599 cernebatur
768 4541 1034 4609 oiiiciosa,
1062 4542 1158 4598 sed
1196 4543 1250 4598 in
1286 4544 1406 4614 ipso
1437 4544 1623 4599 animo
1650 4559 1864 4600 summa

1974 4553 2123 4607 θείἀν
2169 4569 2229 4603 τε
2272 4551 2537 4624 ἐκέκτητο
2584 4548 2870 4617 σύνεσινή
2911 4546 3069 4617 γυνὴ,
3126 4547 3222 4599 καὶ
3279 4545 3547 4598 σιωπῶσα

281 4651 386 4706 ope
443 4637 721 4691 evertebat
784 4635 1001 4691 radices
1051 4645 1179 4692 ante
1245 4651 1435 4692 earum
1497 4638 1859 4693 incrementa.

282 4728 392 4784 Otii
426 4739 609 4782 autem
660 4729 828 4783 horas
865 4730 924 4783 in
954 4728 1115 4785 libris
1145 4730 1354 4785 sanctis
1382 4730 1634 4800 legendis
1663 4745 1866 4785 consu-

284 4822 505 4887 mebat;
538 4822 776 4891 indeque
807 4821 973 4894 240
1005 4838 1255 4892 magnam
1313 4825 1634 4892 variamque
1686 4823 1861 4893 impe-

288 4915 454 4969 travit
507 4915 944 4985 experientiam.
993 4929 1051 4968 et
1108 4915 1311 4971 divinis
1356 4916 1614 4971 Ecclesiae
1665 4931 1867 4985 pra-ce-

282 5005 393 5077 ptis
409 5016 720 5077 Opportuno
756 5014 1004 5074 tempore
1041 5005 1234 5059 aderat
1276 5007 1578 5061 commilito
1623 5006 1862 5061 fortissi-

284 5115 430 5162 mus,
475 5109 533 5155 et
586 5100 933 5155 sacerdotum
988 5099 1209 5153 veritati
1249 5098 1488 5166 linguam
1537 5099 1728 5156 dicans
1779 5102 1864 5155 in-

283 5192 553 5247 defessam
588 5190 855 5245 labiorum
878 5203 1059 5244 arcem
1089 5189 1372 5244 custodem
1396 5190 1786 5245 constituitJ'Jt
1799 5199 1859 5244 tu

285 5284 408 5355 ipse
431 5283 587 5355 plura
604 5281 825 5337 diceres
838 5290 896 5337 et
911 5295 1219 5352 exponeres
1243 5281 1425 5354 lingua
1449 5281 1705 5337 uberiore
1724 5293 1778 5338 et
1796 5283 1863 5338 li-

1962 4647 2060 4699 καὶ
2092 4642 2444 4713 φθεγγομένη
2475 4640 2801 4710 παραίνεσις
2831 4636 2899 4711 ἦν
2920 4641 3003 4691 ἀεὶ
3035 4640 3145 4701 τοῖς
3183 4637 3425 4699 συνοῦσι,
3447 4648 3545 4690 καὶ

1967 4739 2110 4809 μέγα
2145 4737 2241 4789 καὶ
2273 4733 2660 4803 ἀπαράμιλλον
2691 4734 2787 4786 τοῦ
2849 4731 3140 4801 μοναδικοῦ
3194 4730 3547 4802 παράδειγμα

1967 4829 2107 4899 βίου,
2160 4827 2267 4880 καὶ
2323 4820 2434 4878 οἷον
2488 4822 2994 4893 αἰθεροδρομούσης
3051 4822 3387 4889 σεμνότητος
3413 4815 3548 4891 ἦθος

1968 4919 2240 4991 αὐτοφυές
2270 4935 2330 4970 τε
2359 4920 2456 4973 καὶ
2481 4916 2940 4987 αὐτοχάλκευτον,
2969 4916 3188 4983 ἀπάσης
3211 4931 3266 4966 τε
3302 4931 3548 4977 πνευμε-

1972 5011 2129 5080 τικῆς
2163 5010 2409 5072 παιδείας
2439 5007 2617 5063 κανὼν
2635 5008 2870 5079 ἀκριϐὴς
2897 5009 2992 5061 καὶ
3013 5004 3356 5074 δικαιοσύνης
3383 5005 3552 5072 ζυγίς

1974 5101 2246 5172 ἀρρεπής.
2280 5101 2403 5154 Ἔτι
2435 5099 2492 5149 δὲ
2538 5096 2714 5168 θυμοῦ
2764 5096 3044 5168 κινήσεσιν
3095 5095 3422 5167 ὀξυρρόποις
3455 5093 3554 5146 καὶ

1976 5194 2320 5264 αὐτονόμοις,
2355 5190 2453 5245 ml.
2508 5193 2557 5244 εἰ
2587 5192 2684 5255 τὰς
2715 5191 2898 5253 αἰτίας
2954 5189 3211 5257 εὐλόγους
3261 5188 3551 5257 ἐκέκτητο,

1967 5283 2090 5338 οὐτε
2128 5285 2248 5354 χεὶρ
2262 5284 2400 5354 αὐτῇ
2432 5283 2552 5335 ποτ’
2584 5281 2742 5352 ὤφθη
2765 5283 2874 5335 τῶν
2908 5284 3127 5336 πάντων
3161 5280 3393 5346 οὐδέσιν,
3421 5280 3549 5333 οὐτε

284 5376 405 5433 bris
420 5375 715 5431 admodum
739 5373 1006 5430 decenter
1028 5373 1435 5444 scriptis.Nunc
1458 5375 1556 5430 tibi
1572 5376 1866 5431 nonnullas

1974 5374 2188 5445 γλῶττα
2212 5374 2584 5444 διακονήσασα
2608 5375 2912 5445 προπετὴς.
2940 5375 3057 5429 ἀλλ’
3082 5377 3141 5427 ἐν
3171 5375 3353 5437 αὐτοῖς
3386 5373 3555 5436 εὐθὺς

283 5482 353 5524 ex
371 5465 933 5537 rebusexternisqum
947 5474 1077 5521 sunt
1093 5467 1355 5521 nuntiatae
1370 5470 1871 5538 exponam,quibus

1974 5468 2276 5537 ἀναιροῦσα
2325 5469 2440 5531 τοῖς
2468 5468 2750 5537 λογισμοῖς
2796 5467 3023 5521 διετέλει
3069 5471 3170 5531 τὰς
3206 5467 3364 5538 ῥίζας
3397 5465 3553 5526 ἐντὸς

284 5560 456 5616 rebus
468 5559 696 5632 ingratis
711 5572 949 5631 praesens
966 5569 1183 5629 tempus
1199 5574 1357 5615 aures
1376 5567 1589 5615 nostras
1604 5560 1871 5630 implevit.

1975 5561 2083 5629 πρὸ
2114 5562 2213 5631 τῆς
2264 5558 2521 5632 βλάστης.
2582 5560 2686 5615 Τόν
2715 5577 2778 5631 γε
2823 5561 2932 5633 μὴν
2981 5563 3081 5631 τῆς
3128 5562 3327 5630 ἀργίας
3360 5561 3556 5628 καιρὸν
3608 5577 3611 5581 ν

286 5654 486 5725 βίϐλων
509 5655 672 5728 ιερῶν
706 5657 967 5727 παρεῖχεν
1023 5658 1109 5711 ἀεὶ
1139 5656 1503 5726 ἀναγνώσεσι,
1527 5658 1622 5712 καὶ
1653 5660 1850 5730 πεῖραν
1890 5655 2143 5713 ἐντεῦθεν
2204 5654 2419 5727 ὑψηλῆς
2482 5656 2719 5729 θεωρίας
2750 5661 2952 5728 συνῆγε
2977 5656 3198 5730 μακρὰν
3239 5656 3334 5711 καὶ
3368 5655 3551 5709 ποικί-
