  <div class='ocr_page' id='page_1' title='image "/cluster/home/n/w/nwhite01/storage/ocr_20150623/149/hvd.32044073498818/108.png"; bbox 0 0 3994 6204; ppageno 0'>
   <div class='ocr_carea' id='block_1_1' title="bbox 341 338 1940 404">
    <p class='ocr_par' dir='ltr' id='par_1_1' title="bbox 341 339 1940 404">
     <span class='ocr_line' id='line_1_1' title="bbox 341 339 1940 404; baseline -0.003 0"><span class='ocrx_word' id='word_1_1' title='bbox 341 339 458 404; x_wconf 68' lang='grc' dir='ltr'>ξθθ</span> <span class='ocrx_word' id='word_1_2' title='bbox 673 355 690 368; x_wconf 83' lang='grc'><strong><em>⁸</em></strong></span> <span class='ocrx_word' id='word_1_3' title='bbox 1375 343 1818 404; x_wconf 67' lang='grc' dir='ltr'>ΒΥΖᾹΝΤΙΝᾹΞ</span> <span class='ocrx_word' id='word_1_4' title='bbox 1859 343 1940 400; x_wconf 82' lang='grc' dir='ltr'>ΙΙΙ</span> 
     </span>
    </p>
   </div>
   <div class='ocr_carea' id='block_1_2' title="bbox 2048 338 3611 404">
    <p class='ocr_par' dir='ltr' id='par_1_2' title="bbox 2048 338 3611 402">
     <span class='ocr_line' id='line_1_2' title="bbox 2048 338 3611 402; baseline 0 -2"><span class='ocrx_word' id='word_1_5' title='bbox 2048 338 2238 400; x_wconf 63' lang='lat'>3111.11</span> <span class='ocrx_word' id='word_1_6' title='bbox 2281 340 2422 398; x_wconf 82' lang='lat' dir='ltr'>LIB.</span> <span class='ocrx_word' id='word_1_7' title='bbox 2465 339 2678 400; x_wconf 80' lang='lat' dir='ltr'>XXIX.</span> <span class='ocrx_word' id='word_1_8' title='bbox 3503 340 3611 402; x_wconf 70' lang='lat'>210</span> 
     </span>
    </p>
   </div>
   <div class='ocr_carea' id='block_1_3' title="bbox 347 453 3614 529">
    <p class='ocr_par' dir='ltr' id='par_1_3' title="bbox 347 453 3614 529">
     <span class='ocr_line' id='line_1_3' title="bbox 347 453 3614 529; baseline 0.001 -21"><span class='ocrx_word' id='word_1_9' title='bbox 347 457 472 526; x_wconf 80' lang='grc' dir='ltr'>λην,</span> <span class='ocrx_word' id='word_1_10' title='bbox 499 456 672 526; x_wconf 75' lang='grc' dir='ltr'>ὁπόση</span> <span class='ocrx_word' id='word_1_11' title='bbox 707 459 818 521; x_wconf 85' lang='grc' dir='ltr'>τοῖς</span> <span class='ocrx_word' id='word_1_12' title='bbox 841 456 1012 520; x_wconf 78' lang='grc' dir='ltr'>θείοις</span> <span class='ocrx_word' id='word_1_13' title='bbox 1047 459 1142 528; x_wconf 78' lang='grc' dir='ltr'>τῆς</span> <span class='ocrx_word' id='word_1_14' title='bbox 1199 459 1528 529; x_wconf 83' lang='grc' dir='ltr'>Ἐκκλησίας</span> <span class='ocrx_word' id='word_1_15' title='bbox 1551 459 1790 528; x_wconf 77' lang='grc' dir='ltr'>δόγμασι</span> <span class='ocrx_word' id='word_1_16' title='bbox 1855 455 2054 524; x_wconf 78' lang='grc' dir='ltr'>καιροῦ</span> <span class='ocrx_word' id='word_1_17' title='bbox 2126 454 2422 516; x_wconf 73' lang='grc' dir='ltr'>καλοῦντος</span> <span class='ocrx_word' id='word_1_18' title='bbox 2489 455 2708 522; x_wconf 85' lang='grc' dir='ltr'>ἐγένετό</span> <span class='ocrx_word' id='word_1_19' title='bbox 2735 454 2784 506; x_wconf 81' lang='lat' dir='ltr'>oi</span> <span class='ocrx_word' id='word_1_20' title='bbox 2819 453 3110 526; x_wconf 84' lang='grc' dir='ltr'>σύμμαχος</span> <span class='ocrx_word' id='word_1_21' title='bbox 3151 455 3614 524; x_wconf 83' lang='grc' dir='ltr'>κράτιστος.Ὣσ-</span> 
     </span>
    </p>
   </div>
   <div class='ocr_carea' id='block_1_4' title="bbox 347 549 3610 628">
    <p class='ocr_par' dir='ltr' id='par_1_4' title="bbox 347 549 3610 628">
     <span class='ocr_line' id='line_1_4' title="bbox 347 549 3610 628; baseline 0.001 -22"><span class='ocrx_word' id='word_1_22' title='bbox 347 570 460 622; x_wconf 85' lang='grc' dir='ltr'>περ</span> <span class='ocrx_word' id='word_1_23' title='bbox 489 553 536 606; x_wconf 84' lang='grc' dir='ltr'>δ’</span> <span class='ocrx_word' id='word_1_24' title='bbox 569 553 638 606; x_wconf 81' lang='grc' dir='ltr'>αὖ</span> <span class='ocrx_word' id='word_1_25' title='bbox 670 553 940 626; x_wconf 76' lang='grc' dir='ltr'>ἱερωσύνῃ</span> <span class='ocrx_word' id='word_1_26' title='bbox 965 557 1032 624; x_wconf 72' lang='grc' dir='ltr'>τῇ</span> <span class='ocrx_word' id='word_1_27' title='bbox 1085 555 1318 628; x_wconf 76' lang='grc' dir='ltr'>ἀληθεία</span> <span class='ocrx_word' id='word_1_28' title='bbox 1385 557 1486 626; x_wconf 82' lang='grc' dir='ltr'>τὴν</span> <span class='ocrx_word' id='word_1_29' title='bbox 1559 556 1808 622; x_wconf 80' lang='grc' dir='ltr'>γλῶτταν</span> <span class='ocrx_word' id='word_1_30' title='bbox 1865 553 2166 622; x_wconf 83' lang='grc' dir='ltr'>τιμήσασα,</span> <span class='ocrx_word' id='word_1_31' title='bbox 2229 549 2514 620; x_wconf 79' lang='grc' dir='ltr'>ἀκάματον</span> <span class='ocrx_word' id='word_1_32' title='bbox 2545 552 2642 619; x_wconf 83' lang='grc' dir='ltr'>τὴν</span> <span class='ocrx_word' id='word_1_33' title='bbox 2671 552 2780 604; x_wconf 88' lang='grc' dir='ltr'>τῶν</span> <span class='ocrx_word' id='word_1_34' title='bbox 2825 553 3052 621; x_wconf 76' lang='grc' dir='ltr'>χειλέων</span> <span class='ocrx_word' id='word_1_35' title='bbox 3083 553 3379 623; x_wconf 84' lang='grc' dir='ltr'>ἀκρόπολιν</span> <span class='ocrx_word' id='word_1_36' title='bbox 3411 553 3610 624; x_wconf 80' lang='grc' dir='ltr'>ἔστησε</span> 
     </span>
    </p>
   </div>
   <div class='ocr_carea' id='block_1_5' title="bbox 345 645 3611 720">
    <p class='ocr_par' dir='ltr' id='par_1_5' title="bbox 345 645 3611 720">
     <span class='ocr_line' id='line_1_5' title="bbox 345 645 3611 720; baseline -0.001 -20"><span class='ocrx_word' id='word_1_37' title='bbox 345 647 592 716; x_wconf 72' lang='grc' dir='ltr'>φύλακα,</span> <span class='ocrx_word' id='word_1_38' title='bbox 623 649 696 708; x_wconf 77' lang='grc' dir='ltr'>ὡς</span> <span class='ocrx_word' id='word_1_39' title='bbox 727 647 800 716; x_wconf 77' lang='grc' dir='ltr'>μὴ</span> <span class='ocrx_word' id='word_1_40' title='bbox 827 649 982 702; x_wconf 82' lang='grc' dir='ltr'>λάθοι</span> <span class='ocrx_word' id='word_1_41' title='bbox 1017 649 1302 720; x_wconf 76' lang='grc' dir='ltr'>προκύψας</span> <span class='ocrx_word' id='word_1_42' title='bbox 1321 649 1420 718; x_wconf 73' lang='grc' dir='ltr'>ὀψέ</span> <span class='ocrx_word' id='word_1_43' title='bbox 1447 666 1574 702; x_wconf 84' lang='grc' dir='ltr'>ποτε</span> <span class='ocrx_word' id='word_1_44' title='bbox 1605 650 1760 714; x_wconf 79' lang='grc' dir='ltr'>λόγος</span> <span class='ocrx_word' id='word_1_45' title='bbox 1787 646 1935 717; x_wconf 81' lang='grc' dir='ltr'>μάλα</span> <span class='ocrx_word' id='word_1_46' title='bbox 1981 646 2080 714; x_wconf 86' lang='grc' dir='ltr'>μέν</span> <span class='ocrx_word' id='word_1_47' title='bbox 2111 663 2196 706; x_wconf 91' lang='grc' dir='ltr'>τις</span> <span class='ocrx_word' id='word_1_48' title='bbox 2257 645 2672 712; x_wconf 72' lang='grc' dir='ltr'>ἐπαγγελτικὸς,</span> <span class='ocrx_word' id='word_1_49' title='bbox 2727 647 2788 698; x_wconf 81' lang='grc' dir='ltr'>οὐ</span> <span class='ocrx_word' id='word_1_50' title='bbox 2826 645 2968 713; x_wconf 80' lang='grc' dir='ltr'>μάλα</span> <span class='ocrx_word' id='word_1_51' title='bbox 3035 646 3090 699; x_wconf 84' lang='grc' dir='ltr'>δέ</span> <span class='ocrx_word' id='word_1_52' title='bbox 3119 664 3203 709; x_wconf 85' lang='grc' dir='ltr'>τις</span> <span class='ocrx_word' id='word_1_53' title='bbox 3235 647 3611 716; x_wconf 76' lang='grc' dir='ltr'>τελεσιουργὸς</span> 
     </span>
    </p>
   </div>
   <div class='ocr_carea' id='block_1_6' title="bbox 347 735 3610 810">
    <p class='ocr_par' dir='ltr' id='par_1_6' title="bbox 347 735 3610 810">
     <span class='ocr_line' id='line_1_6' title="bbox 347 735 3610 810; baseline 0 -20"><span class='ocrx_word' id='word_1_54' title='bbox 347 737 448 790; x_wconf 76' lang='grc' dir='ltr'>καὶ</span> <span class='ocrx_word' id='word_1_55' title='bbox 471 737 766 807; x_wconf 83' lang='grc' dir='ltr'>ὠφέλιμος.</span> <span class='ocrx_word' id='word_1_56' title='bbox 807 738 912 792; x_wconf 79' lang='grc' dir='ltr'>Καὶ</span> <span class='ocrx_word' id='word_1_57' title='bbox 954 741 1022 792; x_wconf 69' lang='grc' dir='ltr'>τὰ</span> <span class='ocrx_word' id='word_1_58' title='bbox 1067 740 1236 792; x_wconf 83' lang='grc' dir='ltr'>πλείω</span> <span class='ocrx_word' id='word_1_59' title='bbox 1303 741 1480 808; x_wconf 87' lang='grc' dir='ltr'>λέγοις</span> <span class='ocrx_word' id='word_1_60' title='bbox 1533 741 1600 794; x_wconf 82' lang='grc' dir='ltr'>ἂν</span> <span class='ocrx_word' id='word_1_61' title='bbox 1649 741 1810 800; x_wconf 74' lang='grc' dir='ltr'>αὐτὸς</span> <span class='ocrx_word' id='word_1_62' title='bbox 1861 737 1958 790; x_wconf 71' lang='grc' dir='ltr'>καὶ</span> <span class='ocrx_word' id='word_1_63' title='bbox 1997 737 2232 804; x_wconf 71' lang='grc' dir='ltr'>ἀφηγοῖο</span> <span class='ocrx_word' id='word_1_64' title='bbox 2297 735 2612 806; x_wconf 72' lang='grc' dir='ltr'>πλατυτέρα</span> <span class='ocrx_word' id='word_1_65' title='bbox 2640 737 2854 808; x_wconf 78' lang='grc' dir='ltr'>γλώττῃ</span> <span class='ocrx_word' id='word_1_66' title='bbox 2892 755 2950 789; x_wconf 85' lang='grc' dir='ltr'>τε</span> <span class='ocrx_word' id='word_1_67' title='bbox 2989 739 3082 790; x_wconf 76' lang='grc' dir='ltr'>καὶ</span> <span class='ocrx_word' id='word_1_68' title='bbox 3127 739 3332 808; x_wconf 75' lang='grc' dir='ltr'>βίόλοις</span> <span class='ocrx_word' id='word_1_69' title='bbox 3372 740 3518 810; x_wconf 82' lang='grc' dir='ltr'>μάλα</span> <span class='ocrx_word' id='word_1_70' title='bbox 3545 739 3610 806; x_wconf 85' lang='grc' dir='ltr'>γέ</span> 
     </span>
    </p>
   </div>
   <div class='ocr_carea' id='block_1_7' title="bbox 347 827 3610 906">
    <p class='ocr_par' dir='ltr' id='par_1_7' title="bbox 347 827 3610 906">
     <span class='ocr_line' id='line_1_7' title="bbox 347 827 3610 906; baseline 0 -20"><span class='ocrx_word' id='word_1_71' title='bbox 347 851 406 886; x_wconf 89' lang='grc' dir='ltr'>τι</span> <span class='ocrx_word' id='word_1_72' title='bbox 433 832 641 902; x_wconf 78' lang='grc' dir='ltr'>σφόδρα</span> <span class='ocrx_word' id='word_1_73' title='bbox 693 833 1112 900; x_wconf 81' lang='grc' dir='ltr'>ἀρμοττούσαις.</span> <span class='ocrx_word' id='word_1_74' title='bbox 1153 834 1268 888; x_wconf 81' lang='grc' dir='ltr'>Νῦν</span> <span class='ocrx_word' id='word_1_75' title='bbox 1317 837 1372 888; x_wconf 85' lang='grc' dir='ltr'>δέ</span> <span class='ocrx_word' id='word_1_76' title='bbox 1412 853 1494 890; x_wconf 87' lang='grc' dir='ltr'>σοι</span> <span class='ocrx_word' id='word_1_77' title='bbox 1528 837 1620 888; x_wconf 74' lang='grc' dir='ltr'>καὶ</span> <span class='ocrx_word' id='word_1_78' title='bbox 1657 835 1789 902; x_wconf 73' lang='grc' dir='ltr'>περὶ</span> <span class='ocrx_word' id='word_1_79' title='bbox 1857 831 1966 883; x_wconf 85' lang='grc' dir='ltr'>τῶν</span> <span class='ocrx_word' id='word_1_80' title='bbox 2042 829 2241 896; x_wconf 81' lang='grc' dir='ltr'>ἔξωθεν</span> <span class='ocrx_word' id='word_1_81' title='bbox 2295 831 2790 902; x_wconf 73' lang='grc' dir='ltr'>ἀπαγγελλομένων</span> <span class='ocrx_word' id='word_1_82' title='bbox 2842 833 2956 884; x_wconf 75' lang='grc' dir='ltr'>ἔνια</span> <span class='ocrx_word' id='word_1_83' title='bbox 3009 835 3366 906; x_wconf 74' lang='grc' dir='ltr'>διηγήσομαι,</span> <span class='ocrx_word' id='word_1_84' title='bbox 3397 827 3470 888; x_wconf 79' lang='grc' dir='ltr'>ὧν</span> <span class='ocrx_word' id='word_1_85' title='bbox 3515 839 3610 888; x_wconf 76' lang='grc' dir='ltr'>καὶ</span> 
     </span>
    </p>
   </div>
   <div class='ocr_carea' id='block_1_8' title="bbox 349 923 2115 1000">
    <p class='ocr_par' dir='ltr' id='par_1_8' title="bbox 349 923 2115 1000">
     <span class='ocr_line' id='line_1_8' title="bbox 349 923 2115 1000; baseline -0.001 -20"><span class='ocrx_word' id='word_1_86' title='bbox 349 931 382 980; x_wconf 75' lang='grc' dir='ltr'><strong><em>ὁ</em></strong></span> <span class='ocrx_word' id='word_1_87' title='bbox 405 927 596 997; x_wconf 88' lang='grc' dir='ltr'>παρὼν</span> <span class='ocrx_word' id='word_1_88' title='bbox 629 929 730 990; x_wconf 82' lang='grc' dir='ltr'>τὰς</span> <span class='ocrx_word' id='word_1_89' title='bbox 757 929 916 1000; x_wconf 80' lang='grc' dir='ltr'>ἡμῶν</span> <span class='ocrx_word' id='word_1_90' title='bbox 949 933 1118 992; x_wconf 82' lang='grc' dir='ltr'>ἀκοὰς</span> <span class='ocrx_word' id='word_1_91' title='bbox 1153 931 1417 1000; x_wconf 75' lang='grc' dir='ltr'>ἐνέπλησε</span> <span class='ocrx_word' id='word_1_92' title='bbox 1457 931 1650 1000; x_wconf 80' lang='grc' dir='ltr'>χρόνος</span> <span class='ocrx_word' id='word_1_93' title='bbox 1681 929 1790 982; x_wconf 87' lang='grc' dir='ltr'>τῶν</span> <span class='ocrx_word' id='word_1_94' title='bbox 1813 923 2115 994; x_wconf 77' lang='grc' dir='ltr'>δυσχερῶν.</span> 
     </span>
    </p>
   </div>
   <div class='ocr_carea' id='block_1_9' title="bbox 421 1013 1940 1096">
    <p class='ocr_par' dir='ltr' id='par_1_9' title="bbox 421 1013 1925 1096">
     <span class='ocr_line' id='line_1_9' title="bbox 421 1013 1925 1096; baseline -0.005 -19"><span class='ocrx_word' id='word_1_95' title='bbox 421 1021 504 1077; x_wconf 83' lang='lat' dir='ltr'>H&#39;.</span> <span class='ocrx_word' id='word_1_96' title='bbox 533 1023 698 1092; x_wconf 80' lang='grc' dir='ltr'>Φήμη</span> <span class='ocrx_word' id='word_1_97' title='bbox 745 1023 854 1094; x_wconf 79' lang='grc' dir='ltr'>γὰρ</span> <span class='ocrx_word' id='word_1_98' title='bbox 879 1025 1108 1094; x_wconf 81' lang='grc' dir='ltr'>ἀφίκετο</span> <span class='ocrx_word' id='word_1_99' title='bbox 1131 1013 1412 1096; x_wconf 67' lang='grc' dir='ltr'>¹πρότριαιια</span> <span class='ocrx_word' id='word_1_100' title='bbox 1445 1027 1500 1088; x_wconf 85' lang='grc' dir='ltr'>ἐς</span> <span class='ocrx_word' id='word_1_101' title='bbox 1539 1025 1836 1088; x_wconf 76' lang='grc' dir='ltr'>Βυζάντιον</span> <span class='ocrx_word' id='word_1_102' title='bbox 1863 1022 1925 1072; x_wconf 86' lang='grc' dir='ltr'>ἐκ</span> 
     </span>
    </p>
   </div>
   <div class='ocr_carea' id='block_1_10' title="bbox 2048 1013 3610 1096">
    <p class='ocr_par' dir='ltr' id='par_1_10' title="bbox 2099 1017 3610 1092">
     <span class='ocr_line' id='line_1_10' title="bbox 2099 1017 3610 1092; baseline 0.002 -22"><span class='ocrx_word' id='word_1_103' title='bbox 2099 1017 2400 1071; x_wconf 60' lang='lat' dir='ltr'><strong>V-lllFama</strong></span> <span class='ocrx_word' id='word_1_104' title='bbox 2421 1019 2564 1072; x_wconf 86' lang='lat' dir='ltr'><strong>enim</strong></span> <span class='ocrx_word' id='word_1_105' title='bbox 2599 1019 3332 1092; x_wconf 75' lang='lat' dir='ltr'><strong>nudiuslertiusByzantium</strong></span> <span class='ocrx_word' id='word_1_106' title='bbox 3358 1021 3610 1092; x_wconf 78' lang='lat' dir='ltr'><strong>pervenit</strong></span> 
     </span>
    </p>
   </div>
   <div class='ocr_carea' id='block_1_11' title="bbox 345 1114 1930 1187">
    <p class='ocr_par' dir='ltr' id='par_1_11' title="bbox 345 1114 1930 1187">
     <span class='ocr_line' id='line_1_11' title="bbox 345 1114 1930 1187; baseline -0.003 -19"><span class='ocrx_word' id='word_1_107' title='bbox 345 1116 460 1168; x_wconf 82' lang='grc' dir='ltr'>τῶν</span> <span class='ocrx_word' id='word_1_108' title='bbox 480 1114 654 1170; x_wconf 86' lang='grc' dir='ltr'>’ἐωθεν</span> <span class='ocrx_word' id='word_1_109' title='bbox 686 1117 1145 1186; x_wconf 76' lang='grc' dir='ltr'>ἐπιδημησάντων</span> <span class='ocrx_word' id='word_1_110' title='bbox 1165 1117 1508 1187; x_wconf 75' lang='grc' dir='ltr'>Ἀντιοχέων,</span> <span class='ocrx_word' id='word_1_111' title='bbox 1541 1117 1614 1180; x_wconf 86' lang='grc' dir='ltr'>ὠς</span> <span class='ocrx_word' id='word_1_112' title='bbox 1647 1117 1790 1184; x_wconf 80' lang='grc' dir='ltr'>ὁρμῇ</span> <span class='ocrx_word' id='word_1_113' title='bbox 1815 1114 1930 1165; x_wconf 84' lang='grc' dir='ltr'>δαι-</span> 
     </span>
    </p>
   </div>
   <div class='ocr_carea' id='block_1_12' title="bbox 351 1205 1930 1278">
    <p class='ocr_par' dir='ltr' id='par_1_12' title="bbox 351 1205 1930 1278">
     <span class='ocr_line' id='line_1_12' title="bbox 351 1205 1930 1278; baseline 0.002 -22"><span class='ocrx_word' id='word_1_114' title='bbox 351 1205 516 1272; x_wconf 76' lang='grc' dir='ltr'>μονία</span> <span class='ocrx_word' id='word_1_115' title='bbox 550 1208 658 1258; x_wconf 81' lang='grc' dir='ltr'>τινὶ</span> <span class='ocrx_word' id='word_1_116' title='bbox 689 1209 974 1276; x_wconf 76' lang='grc' dir='ltr'>συσχεθεὶς</span> <span class='ocrx_word' id='word_1_117' title='bbox 1013 1211 1042 1262; x_wconf 85' lang='grc' dir='ltr'>ὁ</span> <span class='ocrx_word' id='word_1_118' title='bbox 1083 1214 1182 1272; x_wconf 75' lang='grc' dir='ltr'>τῆς</span> <span class='ocrx_word' id='word_1_119' title='bbox 1219 1209 1496 1276; x_wconf 72' lang='grc' dir='ltr'>Αἰγύπτου</span> <span class='ocrx_word' id='word_1_120' title='bbox 1528 1211 1622 1262; x_wconf 71' lang='grc' dir='ltr'>καὶ</span> <span class='ocrx_word' id='word_1_121' title='bbox 1667 1207 1930 1278; x_wconf 80' lang='grc' dir='ltr'>Ἀραϐίας</span> 
     </span>
    </p>
   </div>
   <div class='ocr_carea' id='block_1_13' title="bbox 347 1297 1930 1370">
    <p class='ocr_par' dir='ltr' id='par_1_13' title="bbox 347 1297 1930 1370">
     <span class='ocr_line' id='line_1_13' title="bbox 347 1297 1930 1370; baseline 0 -22"><span class='ocrx_word' id='word_1_122' title='bbox 347 1297 642 1365; x_wconf 74' lang='grc' dir='ltr'>δεσπότης,</span> <span class='ocrx_word' id='word_1_123' title='bbox 671 1300 862 1352; x_wconf 80' lang='grc' dir='ltr'>ὁπόσοι</span> <span class='ocrx_word' id='word_1_124' title='bbox 893 1301 1246 1369; x_wconf 76' lang='grc' dir='ltr'>Χριστιανῶν</span> <span class='ocrx_word' id='word_1_125' title='bbox 1276 1302 1488 1354; x_wconf 80' lang='grc' dir='ltr'>οὲκοῦσι</span> <span class='ocrx_word' id='word_1_126' title='bbox 1527 1301 1626 1370; x_wconf 82' lang='grc' dir='ltr'>τὴν</span> <span class='ocrx_word' id='word_1_127' title='bbox 1657 1301 1764 1370; x_wconf 83' lang='grc' dir='ltr'>γῆν</span> <span class='ocrx_word' id='word_1_128' title='bbox 1787 1299 1930 1351; x_wconf 83' lang='grc' dir='ltr'>ἐκεί-</span> 
     </span>
    </p>
   </div>
   <div class='ocr_carea' id='block_1_14' title="bbox 349 1388 1930 1462">
    <p class='ocr_par' dir='ltr' id='par_1_14' title="bbox 349 1388 1930 1462">
     <span class='ocr_line' id='line_1_14' title="bbox 349 1388 1930 1462; baseline 0.002 -22"><span class='ocrx_word' id='word_1_129' title='bbox 349 1405 472 1455; x_wconf 74' lang='grc' dir='ltr'>νην.</span> <span class='ocrx_word' id='word_1_130' title='bbox 507 1388 768 1458; x_wconf 77' lang='grc' dir='ltr'>ἐξήνεγκε</span> <span class='ocrx_word' id='word_1_131' title='bbox 795 1392 974 1460; x_wconf 81' lang='grc' dir='ltr'>δόγμα</span> <span class='ocrx_word' id='word_1_132' title='bbox 1009 1395 1222 1456; x_wconf 77' lang='grc' dir='ltr'>πάντας</span> <span class='ocrx_word' id='word_1_133' title='bbox 1265 1395 1464 1462; x_wconf 65' lang='grc' dir='ltr'>ήεηδδν</span> <span class='ocrx_word' id='word_1_134' title='bbox 1497 1393 1730 1456; x_wconf 87' lang='grc' dir='ltr'>ἀνελεῖν,</span> <span class='ocrx_word' id='word_1_135' title='bbox 1765 1394 1812 1444; x_wconf 84' lang='grc' dir='ltr'>εἰ</span> <span class='ocrx_word' id='word_1_136' title='bbox 1855 1391 1930 1459; x_wconf 84' lang='grc' dir='ltr'>μὴ</span> 
     </span>
    </p>
   </div>
   <div class='ocr_carea' id='block_1_15' title="bbox 349 1481 1934 1555">
    <p class='ocr_par' dir='ltr' id='par_1_15' title="bbox 349 1481 1934 1555">
     <span class='ocr_line' id='line_1_15' title="bbox 349 1481 1934 1555; baseline 0.003 -26"><span class='ocrx_word' id='word_1_137' title='bbox 349 1481 408 1542; x_wconf 88' lang='grc' dir='ltr'>ἐς</span> <span class='ocrx_word' id='word_1_138' title='bbox 423 1481 522 1548; x_wconf 74' lang='grc' dir='ltr'>τὴν</span> <span class='ocrx_word' id='word_1_139' title='bbox 545 1481 656 1532; x_wconf 88' lang='grc' dir='ltr'>τῶν</span> <span class='ocrx_word' id='word_1_140' title='bbox 677 1484 927 1552; x_wconf 66' lang='grc' dir='ltr'>Ἀράϐων</span> <span class='ocrx_word' id='word_1_141' title='bbox 958 1487 1254 1555; x_wconf 79' lang='grc' dir='ltr'>θρησκείαν</span> <span class='ocrx_word' id='word_1_142' title='bbox 1277 1487 1335 1538; x_wconf 82' lang='grc' dir='ltr'>τὸ</span> <span class='ocrx_word' id='word_1_143' title='bbox 1359 1486 1524 1548; x_wconf 72' lang='grc' dir='ltr'>σέὸας</span> <span class='ocrx_word' id='word_1_144' title='bbox 1545 1487 1634 1538; x_wconf 76' lang='grc' dir='ltr'>καὶ</span> <span class='ocrx_word' id='word_1_145' title='bbox 1655 1485 1810 1538; x_wconf 75' lang='grc' dir='ltr'>αὐτοὶ</span> <span class='ocrx_word' id='word_1_146' title='bbox 1837 1501 1934 1552; x_wconf 80' lang='grc' dir='ltr'>με·</span> 
     </span>
    </p>
   </div>
   <div class='ocr_carea' id='block_1_16' title="bbox 347 1573 1933 1648">
    <p class='ocr_par' dir='ltr' id='par_1_16' title="bbox 347 1573 1933 1648">
     <span class='ocr_line' id='line_1_16' title="bbox 347 1573 1933 1648; baseline 0.007 -26"><span class='ocrx_word' id='word_1_147' title='bbox 347 1573 648 1634; x_wconf 84' lang='grc' dir='ltr'>τατεθείεν.</span> <span class='ocrx_word' id='word_1_148' title='bbox 683 1577 820 1644; x_wconf 82' lang='grc' dir='ltr'>μηδὲ</span> <span class='ocrx_word' id='word_1_149' title='bbox 849 1582 956 1646; x_wconf 74' lang='grc' dir='ltr'>γὰρ</span> <span class='ocrx_word' id='word_1_150' title='bbox 1003 1576 1144 1632; x_wconf 75' lang='grc' dir='ltr'>εἶναι</span> <span class='ocrx_word' id='word_1_151' title='bbox 1173 1580 1346 1648; x_wconf 84' lang='grc' dir='ltr'>λέγων</span> <span class='ocrx_word' id='word_1_152' title='bbox 1367 1580 1516 1641; x_wconf 76' lang='grc' dir='ltr'>εἰκὸς</span> <span class='ocrx_word' id='word_1_153' title='bbox 1541 1578 1644 1630; x_wconf 74' lang='grc' dir='ltr'>ὑπὸ</span> <span class='ocrx_word' id='word_1_154' title='bbox 1663 1578 1762 1646; x_wconf 77' lang='grc' dir='ltr'>τήν</span> <span class='ocrx_word' id='word_1_155' title='bbox 1791 1578 1933 1646; x_wconf 79' lang='grc' dir='ltr'>ἐμὴν</span> 
     </span>
    </p>
   </div>
   <div class='ocr_carea' id='block_1_17' title="bbox 349 1663 1930 1738">
    <p class='ocr_par' dir='ltr' id='par_1_17' title="bbox 349 1663 1930 1738">
     <span class='ocr_line' id='line_1_17' title="bbox 349 1663 1930 1738; baseline 0.004 -25"><span class='ocrx_word' id='word_1_156' title='bbox 349 1663 602 1724; x_wconf 73' lang='grc' dir='ltr'>ἐξουσίαν</span> <span class='ocrx_word' id='word_1_157' title='bbox 651 1665 944 1726; x_wconf 75' lang='grc' dir='ltr'>τελοῦντας</span> <span class='ocrx_word' id='word_1_158' title='bbox 973 1669 1072 1734; x_wconf 80' lang='grc' dir='ltr'>τὴν</span> <span class='ocrx_word' id='word_1_159' title='bbox 1109 1670 1248 1738; x_wconf 84' lang='grc' dir='ltr'>ἐμὴν</span> <span class='ocrx_word' id='word_1_160' title='bbox 1293 1669 1578 1737; x_wconf 73' lang='grc' dir='ltr'>φαυλίζειν</span> <span class='ocrx_word' id='word_1_161' title='bbox 1605 1667 1930 1738; x_wconf 71' lang='grc' dir='ltr'>θρησκείαν.</span> 
     </span>
    </p>
   </div>
   <div class='ocr_carea' id='block_1_18' title="bbox 363 1755 1930 1830">
    <p class='ocr_par' dir='ltr' id='par_1_18' title="bbox 363 1755 1930 1830">
     <span class='ocr_line' id='line_1_18' title="bbox 363 1755 1930 1830; baseline 0.003 -24"><span class='ocrx_word' id='word_1_162' title='bbox 363 1755 704 1808; x_wconf 77' lang='grc' dir='ltr'>Ἐνστιίντων</span> <span class='ocrx_word' id='word_1_163' title='bbox 751 1757 848 1810; x_wconf 80' lang='grc' dir='ltr'>οὖν</span> <span class='ocrx_word' id='word_1_164' title='bbox 901 1760 1020 1812; x_wconf 84' lang='grc' dir='ltr'>ἐκεῖ</span> <span class='ocrx_word' id='word_1_165' title='bbox 1049 1759 1356 1828; x_wconf 83' lang='grc' dir='ltr'>τηνικαῦτα</span> <span class='ocrx_word' id='word_1_166' title='bbox 1406 1760 1748 1830; x_wconf 77' lang='grc' dir='ltr'>παμπόλλων</span> <span class='ocrx_word' id='word_1_167' title='bbox 1791 1761 1930 1830; x_wconf 82' lang='grc' dir='ltr'>ὑπὲρ</span> 
     </span>
    </p>
   </div>
   <div class='ocr_carea' id='block_1_19' title="bbox 350 1847 1936 1924">
    <p class='ocr_par' dir='ltr' id='par_1_19' title="bbox 350 1847 1936 1924">
     <span class='ocr_line' id='line_1_19' title="bbox 350 1847 1936 1924; baseline -0.006 -13"><span class='ocrx_word' id='word_1_168' title='bbox 350 1847 452 1914; x_wconf 79' lang='grc' dir='ltr'>τῆς</span> <span class='ocrx_word' id='word_1_169' title='bbox 483 1848 773 1906; x_wconf 70' lang='grc' dir='ltr'>εὐσεϐείας</span> <span class='ocrx_word' id='word_1_170' title='bbox 815 1851 1146 1921; x_wconf 68' lang='grc' dir='ltr'>ἐρρωμένως</span> <span class='ocrx_word' id='word_1_171' title='bbox 1193 1853 1286 1905; x_wconf 85' lang='grc' dir='ltr'>καὶ</span> <span class='ocrx_word' id='word_1_172' title='bbox 1337 1853 1434 1906; x_wconf 83' lang='grc' dir='ltr'>σὺν</span> <span class='ocrx_word' id='word_1_173' title='bbox 1467 1853 1664 1924; x_wconf 77' lang='grc' dir='ltr'>ζεούσῃ</span> <span class='ocrx_word' id='word_1_174' title='bbox 1701 1854 1766 1922; x_wconf 82' lang='grc' dir='ltr'>τῇ</span> <span class='ocrx_word' id='word_1_175' title='bbox 1799 1869 1936 1919; x_wconf 85' lang='grc' dir='ltr'>προ-</span> 
     </span>
    </p>
   </div>
   <div class='ocr_carea' id='block_1_20' title="bbox 353 1937 1936 2013">
    <p class='ocr_par' dir='ltr' id='par_1_20' title="bbox 353 1937 1936 2013">
     <span class='ocr_line' id='line_1_20' title="bbox 353 1937 1936 2013; baseline 0.003 -24"><span class='ocrx_word' id='word_1_176' title='bbox 353 1937 546 2008; x_wconf 75' lang='grc' dir='ltr'>θυμία,</span> <span class='ocrx_word' id='word_1_177' title='bbox 561 1941 754 2006; x_wconf 86' lang='grc' dir='ltr'>γέγονε</span> <span class='ocrx_word' id='word_1_178' title='bbox 789 1941 1152 2008; x_wconf 84' lang='grc' dir='ltr'>φόνοςπολὺς,</span> <span class='ocrx_word' id='word_1_179' title='bbox 1175 1943 1250 2006; x_wconf 82' lang='grc' dir='ltr'>ὡς</span> <span class='ocrx_word' id='word_1_180' title='bbox 1281 1946 1514 2012; x_wconf 83' lang='grc' dir='ltr'>φανῆναι</span> <span class='ocrx_word' id='word_1_181' title='bbox 1547 1941 1608 2006; x_wconf 77' lang='lat' dir='ltr'>H&#39;.</span> <span class='ocrx_word' id='word_1_182' title='bbox 1645 1943 1746 1996; x_wconf 66' lang='grc'>124</span> <span class='ocrx_word' id='word_1_183' title='bbox 1769 1940 1840 2013; x_wconf 87' lang='lat' dir='ltr'><strong>r.]</strong></span> <span class='ocrx_word' id='word_1_184' title='bbox 1873 1943 1936 1994; x_wconf 78' lang='grc' dir='ltr'>τὸ</span> 
     </span>
    </p>
   </div>
   <div class='ocr_carea' id='block_1_21' title="bbox 351 2027 1936 2106">
    <p class='ocr_par' dir='ltr' id='par_1_21' title="bbox 351 2027 1936 2106">
     <span class='ocr_line' id='line_1_21' title="bbox 351 2027 1936 2106; baseline 0.007 -27"><span class='ocrx_word' id='word_1_185' title='bbox 351 2027 560 2094; x_wconf 70' lang='grc' dir='ltr'>πλῆθος</span> <span class='ocrx_word' id='word_1_186' title='bbox 606 2031 717 2084; x_wconf 83' lang='grc' dir='ltr'>τῶν</span> <span class='ocrx_word' id='word_1_187' title='bbox 743 2035 1142 2102; x_wconf 72' lang='grc' dir='ltr'>ἀναιρεθέντων</span> <span class='ocrx_word' id='word_1_188' title='bbox 1191 2037 1330 2104; x_wconf 82' lang='grc' dir='ltr'>ὑπὲρ</span> <span class='ocrx_word' id='word_1_189' title='bbox 1370 2035 1714 2106; x_wconf 79' lang='grc' dir='ltr'>δισμυρίους,</span> <span class='ocrx_word' id='word_1_190' title='bbox 1765 2035 1936 2106; x_wconf 85' lang='grc' dir='ltr'>ἀρξα-</span> 
     </span>
    </p>
   </div>
   <div class='ocr_carea' id='block_1_22' title="bbox 357 2121 1934 2198">
    <p class='ocr_par' dir='ltr' id='par_1_22' title="bbox 357 2121 1934 2198">
     <span class='ocr_line' id='line_1_22' title="bbox 357 2121 1934 2198; baseline 0.004 -25"><span class='ocrx_word' id='word_1_191' title='bbox 357 2121 527 2188; x_wconf 83' lang='grc' dir='ltr'>μένου</span> <span class='ocrx_word' id='word_1_192' title='bbox 555 2123 656 2192; x_wconf 83' lang='grc' dir='ltr'>μέν</span> <span class='ocrx_word' id='word_1_193' title='bbox 701 2125 766 2178; x_wconf 90' lang='grc' dir='ltr'>ἐκ</span> <span class='ocrx_word' id='word_1_194' title='bbox 799 2126 1168 2198; x_wconf 80' lang='grc' dir='ltr'>Παλαιστίνης</span> <span class='ocrx_word' id='word_1_195' title='bbox 1206 2127 1426 2197; x_wconf 86' lang='grc' dir='ltr'>πρῶτον</span> <span class='ocrx_word' id='word_1_196' title='bbox 1459 2127 1552 2180; x_wconf 82' lang='grc' dir='ltr'>τοῦ</span> <span class='ocrx_word' id='word_1_197' title='bbox 1583 2127 1782 2192; x_wconf 83' lang='grc' dir='ltr'>δεινοῦ,</span> <span class='ocrx_word' id='word_1_198' title='bbox 1813 2122 1934 2180; x_wconf 78' lang='grc' dir='ltr'>εἶτα</span> 
     </span>
    </p>
   </div>
   <div class='ocr_carea' id='block_1_23' title="bbox 351 2215 1934 2292">
    <p class='ocr_par' dir='ltr' id='par_1_23' title="bbox 351 2215 1934 2292">
     <span class='ocr_line' id='line_1_23' title="bbox 351 2215 1934 2292; baseline 0.003 -24"><span class='ocrx_word' id='word_1_199' title='bbox 351 2215 648 2280; x_wconf 79' lang='grc' dir='ltr'>διαϐάντος</span> <span class='ocrx_word' id='word_1_200' title='bbox 685 2219 888 2288; x_wconf 86' lang='grc' dir='ltr'>Κοίλην</span> <span class='ocrx_word' id='word_1_201' title='bbox 933 2221 1136 2292; x_wconf 78' lang='grc' dir='ltr'>Συρίαν</span> <span class='ocrx_word' id='word_1_202' title='bbox 1185 2221 1280 2274; x_wconf 78' lang='grc' dir='ltr'>καὶ</span> <span class='ocrx_word' id='word_1_203' title='bbox 1307 2221 1566 2288; x_wconf 80' lang='grc' dir='ltr'>Φοινίκην</span> <span class='ocrx_word' id='word_1_204' title='bbox 1601 2224 1805 2285; x_wconf 79' lang='grc' dir='ltr'>πᾶσαν,</span> <span class='ocrx_word' id='word_1_205' title='bbox 1841 2221 1934 2274; x_wconf 75' lang='grc' dir='ltr'>καὶ</span> 
     </span>
    </p>
   </div>
   <div class='ocr_carea' id='block_1_24' title="bbox 351 2306 1934 2383">
    <p class='ocr_par' dir='ltr' id='par_1_24' title="bbox 351 2306 1934 2383">
     <span class='ocr_line' id='line_1_24' title="bbox 351 2306 1934 2383; baseline 0.004 -25"><span class='ocrx_word' id='word_1_206' title='bbox 351 2306 482 2358; x_wconf 83' lang='grc' dir='ltr'>ὅσαι</span> <span class='ocrx_word' id='word_1_207' title='bbox 507 2309 608 2374; x_wconf 81' lang='grc' dir='ltr'>τὴν</span> <span class='ocrx_word' id='word_1_208' title='bbox 633 2310 924 2376; x_wconf 73' lang='grc' dir='ltr'>Δαμασκὸν</span> <span class='ocrx_word' id='word_1_209' title='bbox 959 2311 1340 2377; x_wconf 79' lang='grc' dir='ltr'>ἀστυγείτονες</span> <span class='ocrx_word' id='word_1_210' title='bbox 1371 2311 1790 2383; x_wconf 79' lang='grc' dir='ltr'>περιχορεύουσι</span> <span class='ocrx_word' id='word_1_211' title='bbox 1833 2313 1934 2365; x_wconf 87' lang='grc' dir='ltr'>πό-</span> 
     </span>
    </p>
   </div>
   <div class='ocr_carea' id='block_1_25' title="bbox 355 2396 1934 2474">
    <p class='ocr_par' dir='ltr' id='par_1_25' title="bbox 355 2396 1934 2474">
     <span class='ocr_line' id='line_1_25' title="bbox 355 2396 1934 2474; baseline 0.003 -24"><span class='ocrx_word' id='word_1_212' title='bbox 355 2396 473 2460; x_wconf 75' lang='grc' dir='ltr'>λεις</span> <span class='ocrx_word' id='word_1_213' title='bbox 499 2401 594 2452; x_wconf 76' lang='grc' dir='ltr'>καὶ</span> <span class='ocrx_word' id='word_1_214' title='bbox 625 2400 808 2470; x_wconf 76' lang='grc' dir='ltr'>κῶμαι</span> <span class='ocrx_word' id='word_1_215' title='bbox 837 2402 1000 2472; x_wconf 85' lang='grc' dir='ltr'>μέχρι</span> <span class='ocrx_word' id='word_1_216' title='bbox 1021 2403 1200 2473; x_wconf 85' lang='grc' dir='ltr'>Τύρου</span> <span class='ocrx_word' id='word_1_217' title='bbox 1225 2405 1322 2457; x_wconf 76' lang='grc' dir='ltr'>καὶ</span> <span class='ocrx_word' id='word_1_218' title='bbox 1351 2404 1602 2468; x_wconf 84' lang='grc' dir='ltr'>Σιδῶνος,</span> <span class='ocrx_word' id='word_1_219' title='bbox 1633 2405 1728 2456; x_wconf 84' lang='grc' dir='ltr'>καὶ</span> <span class='ocrx_word' id='word_1_220' title='bbox 1753 2403 1852 2474; x_wconf 84' lang='grc' dir='ltr'>ὅση</span> <span class='ocrx_word' id='word_1_221' title='bbox 1871 2403 1934 2456; x_wconf 77' lang='grc' dir='ltr'>τὸ</span> 
     </span>
    </p>
   </div>
   <div class='ocr_carea' id='block_1_26' title="bbox 351 2489 1934 2566">
    <p class='ocr_par' dir='ltr' id='par_1_26' title="bbox 351 2489 1934 2566">
     <span class='ocr_line' id='line_1_26' title="bbox 351 2489 1934 2566; baseline 0.004 -24"><span class='ocrx_word' id='word_1_222' title='bbox 351 2489 484 2560; x_wconf 65' lang='grc' dir='ltr'>ὅρος</span> <span class='ocrx_word' id='word_1_223' title='bbox 509 2492 603 2544; x_wconf 72' lang='grc' dir='ltr'>τὸν</span> <span class='ocrx_word' id='word_1_224' title='bbox 632 2493 932 2562; x_wconf 79' lang='grc' dir='ltr'>Κάρμηλον</span> <span class='ocrx_word' id='word_1_225' title='bbox 969 2495 1289 2564; x_wconf 76' lang='grc' dir='ltr'>περικλύζει</span> <span class='ocrx_word' id='word_1_226' title='bbox 1333 2497 1600 2552; x_wconf 78' lang='grc' dir='ltr'>θάλασσα.</span> <span class='ocrx_word' id='word_1_227' title='bbox 1643 2497 1736 2549; x_wconf 80' lang='grc' dir='ltr'>Ἔν</span> <span class='ocrx_word' id='word_1_228' title='bbox 1764 2513 1934 2566; x_wconf 84' lang='grc' dir='ltr'>μετα-</span> 
     </span>
    </p>
   </div>
   <div class='ocr_carea' id='block_1_27' title="bbox 359 2578 1932 2658">
    <p class='ocr_par' dir='ltr' id='par_1_27' title="bbox 359 2578 1932 2658">
     <span class='ocr_line' id='line_1_27' title="bbox 359 2578 1932 2658; baseline 0.004 -25"><span class='ocrx_word' id='word_1_229' title='bbox 359 2578 514 2650; x_wconf 73' lang='grc' dir='ltr'>μέλῳ</span> <span class='ocrx_word' id='word_1_230' title='bbox 547 2581 594 2634; x_wconf 90' lang='grc' dir='ltr'>δ’</span> <span class='ocrx_word' id='word_1_231' title='bbox 627 2582 699 2636; x_wconf 80' lang='grc' dir='ltr'>αὖ</span> <span class='ocrx_word' id='word_1_232' title='bbox 741 2583 834 2637; x_wconf 79' lang='grc' dir='ltr'>τοῦ</span> <span class='ocrx_word' id='word_1_233' title='bbox 883 2585 1290 2655; x_wconf 82' lang='grc' dir='ltr'>προστάξαντος</span> <span class='ocrx_word' id='word_1_234' title='bbox 1339 2587 1624 2658; x_wconf 83' lang='grc' dir='ltr'>γεγονότος</span> <span class='ocrx_word' id='word_1_235' title='bbox 1652 2588 1932 2640; x_wconf 77' lang='grc' dir='ltr'>πέπαυται</span> 
     </span>
    </p>
   </div>
   <div class='ocr_carea' id='block_1_28' title="bbox 355 2671 636 2728">
    <p class='ocr_par' dir='ltr' id='par_1_28' title="bbox 355 2671 636 2728">
     <span class='ocr_line' id='line_1_28' title="bbox 355 2671 636 2728; baseline 0.011 -3"><span class='ocrx_word' id='word_1_236' title='bbox 355 2673 418 2725; x_wconf 77' lang='grc' dir='ltr'>τὸ</span> <span class='ocrx_word' id='word_1_237' title='bbox 441 2671 636 2728; x_wconf 67' lang='grc' dir='ltr'>δεινόν.</span> 
     </span>
    </p>
   </div>
   <div class='ocr_carea' id='block_1_29' title="bbox 427 2765 1936 2842">
    <p class='ocr_par' dir='ltr' id='par_1_29' title="bbox 427 2765 1936 2842">
     <span class='ocr_line' id='line_1_29' title="bbox 427 2765 1936 2842; baseline 0.003 -23"><span class='ocrx_word' id='word_1_238' title='bbox 427 2765 510 2820; x_wconf 76' lang='lat'>8&#39;.</span> <span class='ocrx_word' id='word_1_239' title='bbox 543 2766 734 2820; x_wconf 83' lang='grc' dir='ltr'>Ταῦτα</span> <span class='ocrx_word' id='word_1_240' title='bbox 770 2769 866 2822; x_wconf 75' lang='grc' dir='ltr'>καὶ</span> <span class='ocrx_word' id='word_1_241' title='bbox 895 2768 1070 2822; x_wconf 82' lang='grc' dir='ltr'>πλείω</span> <span class='ocrx_word' id='word_1_242' title='bbox 1101 2771 1238 2840; x_wconf 74' lang='grc' dir='ltr'>πρὸς</span> <span class='ocrx_word' id='word_1_243' title='bbox 1261 2769 1474 2834; x_wconf 83' lang='grc' dir='ltr'>τούτοις</span> <span class='ocrx_word' id='word_1_244' title='bbox 1499 2771 1664 2842; x_wconf 71' lang='grc' dir='ltr'>ἕτερα</span> <span class='ocrx_word' id='word_1_245' title='bbox 1687 2769 1936 2824; x_wconf 83' lang='grc' dir='ltr'>ὑπειπὼν</span> 
     </span>
    </p>
   </div>
   <div class='ocr_carea' id='block_1_30' title="bbox 357 2857 1934 2934">
    <p class='ocr_par' dir='ltr' id='par_1_30' title="bbox 357 2857 1934 2934">
     <span class='ocr_line' id='line_1_30' title="bbox 357 2857 1934 2934; baseline 0.001 -22"><span class='ocrx_word' id='word_1_246' title='bbox 357 2860 388 2912; x_wconf 80' lang='grc' dir='ltr'>δ</span> <span class='ocrx_word' id='word_1_247' title='bbox 417 2857 588 2922; x_wconf 74' lang='grc' dir='ltr'>καλὸς</span> <span class='ocrx_word' id='word_1_248' title='bbox 618 2859 1028 2929; x_wconf 81' lang='grc' dir='ltr'>’Δγαθάγγελος</span> <span class='ocrx_word' id='word_1_249' title='bbox 1060 2862 1234 2933; x_wconf 75' lang='grc' dir='ltr'>ᾤχετο</span> <span class='ocrx_word' id='word_1_250' title='bbox 1263 2863 1444 2920; x_wconf 82' lang='grc' dir='ltr'>ἀπιὼν</span> <span class='ocrx_word' id='word_1_251' title='bbox 1473 2865 1604 2934; x_wconf 81' lang='grc' dir='ltr'>περὶ</span> <span class='ocrx_word' id='word_1_252' title='bbox 1633 2865 1803 2934; x_wconf 81' lang='grc' dir='ltr'>μέσας</span> <span class='ocrx_word' id='word_1_253' title='bbox 1828 2881 1934 2917; x_wconf 87' lang='grc' dir='ltr'>που</span> 
     </span>
    </p>
   </div>
   <div class='ocr_carea' id='block_1_31' title="bbox 361 2951 1936 3028">
    <p class='ocr_par' dir='ltr' id='par_1_31' title="bbox 361 2951 1936 3028">
     <span class='ocr_line' id='line_1_31' title="bbox 361 2951 1936 3028; baseline 0.004 -25"><span class='ocrx_word' id='word_1_254' title='bbox 361 2951 588 3016; x_wconf 80' lang='grc' dir='ltr'>νύκτας,</span> <span class='ocrx_word' id='word_1_255' title='bbox 622 2951 779 3016; x_wconf 77' lang='grc' dir='ltr'>αὖθις</span> <span class='ocrx_word' id='word_1_256' title='bbox 825 2956 952 3018; x_wconf 77' lang='grc' dir='ltr'>τοὺς</span> <span class='ocrx_word' id='word_1_257' title='bbox 992 2957 1301 3026; x_wconf 75' lang='grc' dir='ltr'>ἡμετέρους</span> <span class='ocrx_word' id='word_1_258' title='bbox 1351 2957 1584 3028; x_wconf 86' lang='grc' dir='ltr'>δημίους</span> <span class='ocrx_word' id='word_1_259' title='bbox 1625 2957 1806 3010; x_wconf 87' lang='grc' dir='ltr'>λαθὼν</span> <span class='ocrx_word' id='word_1_260' title='bbox 1841 2959 1936 3011; x_wconf 74' lang='grc' dir='ltr'>καὶ</span> 
     </span>
    </p>
   </div>
   <div class='ocr_carea' id='block_1_32' title="bbox 360 3045 1934 3121">
    <p class='ocr_par' dir='ltr' id='par_1_32' title="bbox 360 3045 1934 3121">
     <span class='ocr_line' id='line_1_32' title="bbox 360 3045 1934 3121; baseline 0.003 -24"><span class='ocrx_word' id='word_1_261' title='bbox 360 3047 488 3108; x_wconf 79' lang='grc' dir='ltr'>τοὺς</span> <span class='ocrx_word' id='word_1_262' title='bbox 517 3045 814 3116; x_wconf 84' lang='grc' dir='ltr'>θηριώδεις</span> <span class='ocrx_word' id='word_1_263' title='bbox 839 3049 1108 3117; x_wconf 84' lang='grc' dir='ltr'>φύλακας,</span> <span class='ocrx_word' id='word_1_264' title='bbox 1157 3050 1320 3120; x_wconf 91' lang='grc' dir='ltr'>μόνον</span> <span class='ocrx_word' id='word_1_265' title='bbox 1366 3052 1466 3121; x_wconf 74' lang='grc' dir='ltr'>ἐμὲ</span> <span class='ocrx_word' id='word_1_266' title='bbox 1523 3049 1934 3111; x_wconf 81' lang='grc' dir='ltr'>καταλελοιπὼς</span> 
     </span>
    </p>
   </div>
   <div class='ocr_carea' id='block_1_33' title="bbox 359 3141 1936 3218">
    <p class='ocr_par' dir='ltr' id='par_1_33' title="bbox 359 3141 1936 3218">
     <span class='ocr_line' id='line_1_33' title="bbox 359 3141 1936 3218; baseline -0.011 -9"><span class='ocrx_word' id='word_1_267' title='bbox 359 3141 424 3208; x_wconf 68' lang='grc' dir='ltr'>τῇ</span> <span class='ocrx_word' id='word_1_268' title='bbox 471 3143 632 3210; x_wconf 78' lang='grc' dir='ltr'>στενῇ</span> <span class='ocrx_word' id='word_1_269' title='bbox 672 3141 766 3194; x_wconf 74' lang='grc' dir='ltr'>καὶ</span> <span class='ocrx_word' id='word_1_270' title='bbox 810 3141 956 3212; x_wconf 84' lang='grc' dir='ltr'>δεινῇ</span> <span class='ocrx_word' id='word_1_271' title='bbox 1003 3142 1252 3212; x_wconf 82' lang='grc' dir='ltr'>συνήθως</span> <span class='ocrx_word' id='word_1_272' title='bbox 1293 3143 1479 3218; x_wconf 83' lang='grc' dir='ltr'>ἐκείνῃ</span> <span class='ocrx_word' id='word_1_273' title='bbox 1507 3145 1686 3217; x_wconf 85' lang='grc' dir='ltr'>διαίτῃ</span> <span class='ocrx_word' id='word_1_274' title='bbox 1717 3142 1936 3214; x_wconf 81' lang='grc' dir='ltr'>χρώμε-</span> 
     </span>
    </p>
   </div>
   <div class='ocr_carea' id='block_1_34' title="bbox 361 3247 470 3284">
    <p class='ocr_par' dir='ltr' id='par_1_34' title="bbox 361 3247 470 3284">
     <span class='ocr_line' id='line_1_34' title="bbox 361 3247 470 3284; baseline 0 0"><span class='ocrx_word' id='word_1_275' title='bbox 361 3247 470 3284; x_wconf 82' lang='grc' dir='ltr'>νον.</span> 
     </span>
    </p>
   </div>
   <div class='ocr_carea' id='block_1_35' title="bbox 429 3319 1934 3396">
    <p class='ocr_par' dir='ltr' id='par_1_35' title="bbox 429 3319 1934 3396">
     <span class='ocr_line' id='line_1_35' title="bbox 429 3319 1934 3396; baseline 0.005 -22"><span class='ocrx_word' id='word_1_276' title='bbox 429 3319 492 3375; x_wconf 86' lang='lat' dir='ltr'><strong>l&#39;.</strong></span> <span class='ocrx_word' id='word_1_277' title='bbox 519 3323 584 3376; x_wconf 82' lang='lat' dir='ltr'>&#39;A</span> <span class='ocrx_word' id='word_1_278' title='bbox 597 3339 682 3392; x_wconf 89' lang='grc' dir='ltr'>ρτι</span> <span class='ocrx_word' id='word_1_279' title='bbox 715 3323 774 3376; x_wconf 79' lang='grc' dir='ltr'>δὲ</span> <span class='ocrx_word' id='word_1_280' title='bbox 806 3324 902 3376; x_wconf 79' lang='grc' dir='ltr'>τοῦ</span> <span class='ocrx_word' id='word_1_281' title='bbox 933 3326 1038 3394; x_wconf 81' lang='grc' dir='ltr'>μὲν</span> <span class='ocrx_word' id='word_1_282' title='bbox 1073 3325 1442 3394; x_wconf 80' lang='grc' dir='ltr'>ἐφεστηκότος</span> <span class='ocrx_word' id='word_1_283' title='bbox 1464 3325 1728 3396; x_wconf 79' lang='grc' dir='ltr'>λήξαντος</span> <span class='ocrx_word' id='word_1_284' title='bbox 1759 3329 1934 3392; x_wconf 80' lang='grc' dir='ltr'>ἐτους,</span> 
     </span>
    </p>
   </div>
   <div class='ocr_carea' id='block_1_36' title="bbox 359 3411 1936 3488">
    <p class='ocr_par' dir='ltr' id='par_1_36' title="bbox 359 3411 1936 3488">
     <span class='ocr_line' id='line_1_36' title="bbox 359 3411 1936 3488; baseline 0.004 -22"><span class='ocrx_word' id='word_1_285' title='bbox 359 3411 454 3466; x_wconf 80' lang='grc' dir='ltr'>τοῦ</span> <span class='ocrx_word' id='word_1_286' title='bbox 487 3415 544 3467; x_wconf 84' lang='grc' dir='ltr'>δὲ</span> <span class='ocrx_word' id='word_1_287' title='bbox 583 3415 712 3482; x_wconf 84' lang='grc' dir='ltr'>ἐξῆς</span> <span class='ocrx_word' id='word_1_288' title='bbox 757 3417 1188 3488; x_wconf 83' lang='grc' dir='ltr'>ἐνδημήσαντος,</span> <span class='ocrx_word' id='word_1_289' title='bbox 1220 3419 1290 3472; x_wconf 84' lang='grc' dir='ltr'>τὰ</span> <span class='ocrx_word' id='word_1_290' title='bbox 1325 3418 1616 3486; x_wconf 85' lang='grc' dir='ltr'>Ῥωμαίων</span> <span class='ocrx_word' id='word_1_291' title='bbox 1645 3421 1818 3472; x_wconf 75' lang='grc' dir='ltr'>ἐνόσει</span> <span class='ocrx_word' id='word_1_292' title='bbox 1841 3421 1936 3473; x_wconf 83' lang='grc' dir='ltr'>τοῦ</span> 
     </span>
    </p>
   </div>
   <div class='ocr_carea' id='block_1_37' title="bbox 359 3505 1938 3580">
    <p class='ocr_par' dir='ltr' id='par_1_37' title="bbox 359 3505 1938 3580">
     <span class='ocr_line' id='line_1_37' title="bbox 359 3505 1938 3580; baseline 0.004 -23"><span class='ocrx_word' id='word_1_293' title='bbox 359 3505 622 3570; x_wconf 65' lang='grc' dir='ltr'>εἰωθότος</span> <span class='ocrx_word' id='word_1_294' title='bbox 673 3508 936 3561; x_wconf 78' lang='grc' dir='ltr'>ἐπέκεινα</span> <span class='ocrx_word' id='word_1_295' title='bbox 970 3510 1276 3580; x_wconf 84' lang='grc' dir='ltr'>πράγματα</span> <span class='ocrx_word' id='word_1_296' title='bbox 1326 3509 1416 3564; x_wconf 82' lang='grc' dir='ltr'>διά</span> <span class='ocrx_word' id='word_1_297' title='bbox 1441 3527 1500 3564; x_wconf 86' lang='grc' dir='ltr'>τε</span> <span class='ocrx_word' id='word_1_298' title='bbox 1531 3512 1632 3580; x_wconf 78' lang='grc' dir='ltr'>τὴν</span> <span class='ocrx_word' id='word_1_299' title='bbox 1681 3513 1938 3564; x_wconf 72' lang='grc' dir='ltr'>εἰωθυῖαν</span> 
     </span>
    </p>
   </div>
   <div class='ocr_carea' id='block_1_38' title="bbox 363 3597 1938 3673">
    <p class='ocr_par' dir='ltr' id='par_1_38' title="bbox 363 3597 1938 3673">
     <span class='ocr_line' id='line_1_38' title="bbox 363 3597 1938 3673; baseline 0 -21"><span class='ocrx_word' id='word_1_300' title='bbox 363 3597 592 3668; x_wconf 81' lang='grc' dir='ltr'>Περσῶν</span> <span class='ocrx_word' id='word_1_301' title='bbox 617 3601 996 3671; x_wconf 77' lang='grc' dir='ltr'>ἐπικράτειαν,</span> <span class='ocrx_word' id='word_1_302' title='bbox 1027 3601 1096 3672; x_wconf 77' lang='grc' dir='ltr'>ἢν</span> <span class='ocrx_word' id='word_1_303' title='bbox 1123 3603 1224 3672; x_wconf 83' lang='grc' dir='ltr'>ήδη</span> <span class='ocrx_word' id='word_1_304' title='bbox 1257 3601 1720 3673; x_wconf 80' lang='grc' dir='ltr'>Καντακουζηνοῢ</span> <span class='ocrx_word' id='word_1_305' title='bbox 1751 3602 1938 3672; x_wconf 85' lang='grc' dir='ltr'>προδι-</span> 
     </span>
    </p>
   </div>
   <div class='ocr_carea' id='block_1_39' title="bbox 2033 1111 3608 1180">
    <p class='ocr_par' dir='ltr' id='par_1_39' title="bbox 2033 1111 3608 1180">
     <span class='ocr_line' id='line_1_39' title="bbox 2033 1111 3608 1180; baseline 0.004 -18"><span class='ocrx_word' id='word_1_306' title='bbox 2033 1111 2100 1164; x_wconf 84' lang='lat' dir='ltr'>ab</span> <span class='ocrx_word' id='word_1_307' title='bbox 2119 1111 2474 1166; x_wconf 65' lang='lat' dir='ltr'><strong>Antiochcnis</strong></span> <span class='ocrx_word' id='word_1_308' title='bbox 2492 1112 2556 1164; x_wconf 83' lang='lat' dir='ltr'>ad</span> <span class='ocrx_word' id='word_1_309' title='bbox 2579 1125 2758 1164; x_wconf 82' lang='lat' dir='ltr'><strong>ortum</strong></span> <span class='ocrx_word' id='word_1_310' title='bbox 2781 1113 2910 1166; x_wconf 83' lang='lat' dir='ltr'><strong>solis</strong></span> <span class='ocrx_word' id='word_1_311' title='bbox 2931 1113 3608 1180; x_wconf 82' lang='lat' dir='ltr'><strong>habitantibus,diabolico</strong></span> 
     </span>
    </p>
   </div>
   <div class='ocr_carea' id='block_1_40' title="bbox 2033 1204 3604 1276">
    <p class='ocr_par' dir='ltr' id='par_1_40' title="bbox 2033 1204 3604 1276">
     <span class='ocr_line' id='line_1_40' title="bbox 2033 1204 3604 1276; baseline 0.003 -20"><span class='ocrx_word' id='word_1_312' title='bbox 2033 1204 2264 1272; x_wconf 83' lang='lat' dir='ltr'><strong>quodam</strong></span> <span class='ocrx_word' id='word_1_313' title='bbox 2287 1205 2467 1258; x_wconf 76' lang='lat' dir='ltr'><strong>alllatu</strong></span> <span class='ocrx_word' id='word_1_314' title='bbox 2489 1205 2776 1273; x_wconf 89' lang='lat' dir='ltr'><strong>abreptum</strong></span> <span class='ocrx_word' id='word_1_315' title='bbox 2795 1205 3010 1276; x_wconf 67' lang='lat' dir='ltr'><strong>Egypti</strong></span> <span class='ocrx_word' id='word_1_316' title='bbox 3028 1215 3082 1259; x_wconf 90' lang='lat' dir='ltr'>et</span> <span class='ocrx_word' id='word_1_317' title='bbox 3098 1207 3308 1260; x_wconf 73' lang='lat' dir='ltr'><strong>Arabize</strong></span> <span class='ocrx_word' id='word_1_318' title='bbox 3323 1209 3604 1261; x_wconf 87' lang='lat' dir='ltr'><strong>dominum</strong></span> 
     </span>
    </p>
   </div>
   <div class='ocr_carea' id='block_1_41' title="bbox 2034 1293 3602 1365">
    <p class='ocr_par' dir='ltr' id='par_1_41' title="bbox 2034 1293 3602 1365">
     <span class='ocr_line' id='line_1_41' title="bbox 2034 1293 3602 1365; baseline 0.002 -20"><span class='ocrx_word' id='word_1_319' title='bbox 2034 1293 2270 1346; x_wconf 74' lang='lat' dir='ltr'>edidisse</span> <span class='ocrx_word' id='word_1_320' title='bbox 2305 1303 2663 1364; x_wconf 67' lang='lat' dir='ltr'><strong>praaceptum,</strong></span> <span class='ocrx_word' id='word_1_321' title='bbox 2705 1307 2784 1361; x_wconf 85' lang='grc' dir='ltr'>ιιι,</span> <span class='ocrx_word' id='word_1_322' title='bbox 2825 1297 3416 1365; x_wconf 69' lang='grc' dir='ltr'>ιιυοιιιυιιιιῖιιιίειίιιιιὶ</span> <span class='ocrx_word' id='word_1_323' title='bbox 3455 1299 3602 1350; x_wconf 77' lang='lat' dir='ltr'><strong>illam</strong></span> 
     </span>
    </p>
   </div>
   <div class='ocr_carea' id='block_1_42' title="bbox 2037 1385 3601 1456">
    <p class='ocr_par' dir='ltr' id='par_1_42' title="bbox 2037 1385 3601 1456">
     <span class='ocr_line' id='line_1_42' title="bbox 2037 1385 3601 1456; baseline 0.003 -18"><span class='ocrx_word' id='word_1_324' title='bbox 2037 1394 2232 1438; x_wconf 77' lang='lat' dir='ltr'><strong>terram</strong></span> <span class='ocrx_word' id='word_1_325' title='bbox 2259 1385 2526 1450; x_wconf 83' lang='lat' dir='ltr'><strong>habitent,</strong></span> <span class='ocrx_word' id='word_1_326' title='bbox 2543 1404 2734 1442; x_wconf 73' lang='lat' dir='ltr'><strong>(&quot;nues</strong></span> <span class='ocrx_word' id='word_1_327' title='bbox 2755 1390 3114 1456; x_wconf 86' lang='lat' dir='ltr'><strong>pubescentes</strong></span> <span class='ocrx_word' id='word_1_328' title='bbox 3131 1390 3476 1450; x_wconf 70' lang='lat' dir='ltr'><strong>tollerentur,</strong></span> <span class='ocrx_word' id='word_1_329' title='bbox 3499 1389 3601 1442; x_wconf 79' lang='lat' dir='ltr'><strong>nisi</strong></span> 
     </span>
    </p>
   </div>
   <div class='ocr_carea' id='block_1_43' title="bbox 2034 1478 3606 1548">
    <p class='ocr_par' dir='ltr' id='par_1_43' title="bbox 2034 1478 3606 1548">
     <span class='ocr_line' id='line_1_43' title="bbox 2034 1478 3606 1548; baseline 0.001 -20"><span class='ocrx_word' id='word_1_330' title='bbox 2034 1491 2182 1528; x_wconf 87' lang='lat' dir='ltr'><strong>suam</strong></span> <span class='ocrx_word' id='word_1_331' title='bbox 2215 1491 2337 1529; x_wconf 90' lang='lat' dir='ltr'>cum</span> <span class='ocrx_word' id='word_1_332' title='bbox 2367 1478 2608 1532; x_wconf 79' lang='lat' dir='ltr'>Arabum</span> <span class='ocrx_word' id='word_1_333' title='bbox 2641 1479 2903 1548; x_wconf 78' lang='lat' dir='ltr'>religione</span> <span class='ocrx_word' id='word_1_334' title='bbox 2935 1491 3231 1536; x_wconf 84' lang='lat' dir='ltr'><strong>mutarent.</strong></span> <span class='ocrx_word' id='word_1_335' title='bbox 3266 1481 3409 1532; x_wconf 80' lang='lat' dir='ltr'><strong>Dixit</strong></span> <span class='ocrx_word' id='word_1_336' title='bbox 3435 1483 3606 1546; x_wconf 75' lang='lat' dir='ltr'><strong>enim,</strong></span> 
     </span>
    </p>
   </div>
   <div class='ocr_carea' id='block_1_44' title="bbox 2035 1569 3610 1641">
    <p class='ocr_par' dir='ltr' id='par_1_44' title="bbox 2035 1569 3610 1641">
     <span class='ocr_line' id='line_1_44' title="bbox 2035 1569 3610 1641; baseline 0.003 -23"><span class='ocrx_word' id='word_1_337' title='bbox 2035 1583 2144 1619; x_wconf 87' lang='lat' dir='ltr'>non</span> <span class='ocrx_word' id='word_1_338' title='bbox 2183 1569 2382 1622; x_wconf 80' lang='lat' dir='ltr'><strong>decere</strong></span> <span class='ocrx_word' id='word_1_339' title='bbox 2425 1585 2557 1634; x_wconf 86' lang='lat' dir='ltr'><strong>eos,</strong></span> <span class='ocrx_word' id='word_1_340' title='bbox 2601 1571 2694 1639; x_wconf 87' lang='lat' dir='ltr'>qui</span> <span class='ocrx_word' id='word_1_341' title='bbox 2739 1571 2970 1640; x_wconf 83' lang='lat' dir='ltr'><strong>imperio</strong></span> <span class='ocrx_word' id='word_1_342' title='bbox 3013 1588 3134 1626; x_wconf 82' lang='lat' dir='ltr'>meo</span> <span class='ocrx_word' id='word_1_343' title='bbox 3177 1581 3436 1641; x_wconf 81' lang='lat' dir='ltr'><strong>pareant,</strong></span> <span class='ocrx_word' id='word_1_344' title='bbox 3483 1571 3610 1624; x_wconf 89' lang='lat' dir='ltr'><strong>reli-</strong></span> 
     </span>
    </p>
   </div>
   <div class='ocr_carea' id='block_1_45' title="bbox 2034 1659 3606 1732">
    <p class='ocr_par' dir='ltr' id='par_1_45' title="bbox 2034 1659 3606 1732">
     <span class='ocr_line' id='line_1_45' title="bbox 2034 1659 3606 1732; baseline 0.004 -22"><span class='ocrx_word' id='word_1_345' title='bbox 2034 1659 2252 1728; x_wconf 82' lang='lat' dir='ltr'><strong>gionem</strong></span> <span class='ocrx_word' id='word_1_346' title='bbox 2296 1677 2472 1714; x_wconf 84' lang='lat' dir='ltr'>meam</span> <span class='ocrx_word' id='word_1_347' title='bbox 2519 1674 2906 1716; x_wconf 70' lang='lat' dir='ltr'><strong>contemnere.</strong></span> <span class='ocrx_word' id='word_1_348' title='bbox 2961 1663 3096 1714; x_wconf 81' lang='lat' dir='ltr'><strong>Cum</strong></span> <span class='ocrx_word' id='word_1_349' title='bbox 3141 1663 3308 1732; x_wconf 83' lang='lat' dir='ltr'><strong>igitur</strong></span> <span class='ocrx_word' id='word_1_350' title='bbox 3349 1663 3606 1730; x_wconf 77' lang='lat' dir='ltr'><strong>peruiulti</strong></span> 
     </span>
    </p>
   </div>
   <div class='ocr_carea' id='block_1_46' title="bbox 2041 1735 3607 1820">
    <p class='ocr_par' dir='ltr' id='par_1_46' title="bbox 2041 1735 3607 1820">
     <span class='ocr_line' id='line_1_46' title="bbox 2041 1735 3607 1820; baseline 0.003 -18"><span class='ocrx_word' id='word_1_351' title='bbox 2041 1749 2362 1803; x_wconf 76' lang='lat' dir='ltr'><strong>resisterent</strong></span> <span class='ocrx_word' id='word_1_352' title='bbox 2407 1765 2503 1819; x_wconf 85' lang='lat' dir='ltr'>pro</span> <span class='ocrx_word' id='word_1_353' title='bbox 2557 1753 2826 1820; x_wconf 76' lang='lat' dir='ltr'><strong>religione</strong></span> <span class='ocrx_word' id='word_1_354' title='bbox 2877 1753 3093 1806; x_wconf 82' lang='lat' dir='ltr'><strong>fortiter</strong></span> <span class='ocrx_word' id='word_1_355' title='bbox 3140 1761 3196 1805; x_wconf 91' lang='lat' dir='ltr'>et</span> <span class='ocrx_word' id='word_1_356' title='bbox 3248 1769 3372 1806; x_wconf 89' lang='lat' dir='ltr'>cum</span> <span class='ocrx_word' id='word_1_357' title='bbox 3423 1735 3607 1806; x_wconf 78' lang='lat' dir='ltr'><strong>animo</strong></span> 
     </span>
    </p>
   </div>
   <div class='ocr_carea' id='block_1_47' title="bbox 2038 1841 3609 1906">
    <p class='ocr_par' dir='ltr' id='par_1_47' title="bbox 2038 1841 3609 1906">
     <span class='ocr_line' id='line_1_47' title="bbox 2038 1841 3609 1906; baseline 0.003 -12"><span class='ocrx_word' id='word_1_358' title='bbox 2038 1841 2339 1906; x_wconf 76' lang='lat' dir='ltr'><strong>bellicoso,</strong></span> <span class='ocrx_word' id='word_1_359' title='bbox 2386 1843 2558 1898; x_wconf 82' lang='lat' dir='ltr'><strong>multa</strong></span> <span class='ocrx_word' id='word_1_360' title='bbox 2601 1845 2779 1898; x_wconf 68' lang='lat' dir='ltr'><strong>caades</strong></span> <span class='ocrx_word' id='word_1_361' title='bbox 2817 1844 2954 1898; x_wconf 80' lang='lat' dir='ltr'><strong>facta</strong></span> <span class='ocrx_word' id='word_1_362' title='bbox 2996 1853 3100 1906; x_wconf 88' lang='lat' dir='ltr'><strong>est,</strong></span> <span class='ocrx_word' id='word_1_363' title='bbox 3129 1845 3202 1897; x_wconf 86' lang='lat' dir='ltr'>ita</span> <span class='ocrx_word' id='word_1_364' title='bbox 3245 1855 3305 1898; x_wconf 93' lang='lat' dir='ltr'>ut</span> <span class='ocrx_word' id='word_1_365' title='bbox 3346 1861 3609 1898; x_wconf 88' lang='lat' dir='ltr'><strong>numerus</strong></span> 
     </span>
    </p>
   </div>
   <div class='ocr_carea' id='block_1_48' title="bbox 2037 1933 3598 2006">
    <p class='ocr_par' dir='ltr' id='par_1_48' title="bbox 2037 1933 3598 2006">
     <span class='ocr_line' id='line_1_48' title="bbox 2037 1933 3598 2006; baseline 0.003 -20"><span class='ocrx_word' id='word_1_366' title='bbox 2037 1933 2456 1998; x_wconf 79' lang='lat' dir='ltr'><strong>interfectorum</strong></span> <span class='ocrx_word' id='word_1_367' title='bbox 2502 1943 2791 2004; x_wconf 82' lang='lat' dir='ltr'><strong>superaret</strong></span> <span class='ocrx_word' id='word_1_368' title='bbox 2831 1935 3026 2004; x_wconf 81' lang='lat' dir='ltr'><strong>viginti</strong></span> <span class='ocrx_word' id='word_1_369' title='bbox 3070 1937 3260 1990; x_wconf 88' lang='lat' dir='ltr'><strong>millia.</strong></span> <span class='ocrx_word' id='word_1_370' title='bbox 3305 1937 3598 2006; x_wconf 77' lang='lat' dir='ltr'>Postquam</span> 
     </span>
    </p>
   </div>
   <div class='ocr_carea' id='block_1_49' title="bbox 2037 2027 3604 2098">
    <p class='ocr_par' dir='ltr' id='par_1_49' title="bbox 2037 2027 3604 2098">
     <span class='ocr_line' id='line_1_49' title="bbox 2037 2027 3604 2098; baseline 0.001 -17"><span class='ocrx_word' id='word_1_371' title='bbox 2037 2027 2092 2081; x_wconf 92' lang='lat' dir='ltr'>in</span> <span class='ocrx_word' id='word_1_372' title='bbox 2139 2027 2426 2081; x_wconf 66' lang='lat' dir='ltr'><strong>Paliestina</strong></span> <span class='ocrx_word' id='word_1_373' title='bbox 2481 2029 2716 2096; x_wconf 88' lang='lat' dir='ltr'><strong>primum</strong></span> <span class='ocrx_word' id='word_1_374' title='bbox 2763 2028 3044 2096; x_wconf 89' lang='lat' dir='ltr'><strong>inceperat</strong></span> <span class='ocrx_word' id='word_1_375' title='bbox 3113 2029 3447 2098; x_wconf 77' lang='lat' dir='ltr'><strong>persecutio,</strong></span> <span class='ocrx_word' id='word_1_376' title='bbox 3485 2047 3604 2098; x_wconf 82' lang='lat' dir='ltr'><strong>per-</strong></span> 
     </span>
    </p>
   </div>
   <div class='ocr_carea' id='block_1_50' title="bbox 2035 2115 3605 2188">
    <p class='ocr_par' dir='ltr' id='par_1_50' title="bbox 2035 2115 3605 2188">
     <span class='ocr_line' id='line_1_50' title="bbox 2035 2115 3605 2188; baseline 0.002 -18"><span class='ocrx_word' id='word_1_377' title='bbox 2035 2119 2178 2170; x_wconf 74' lang='lat' dir='ltr'><strong>rexit</strong></span> <span class='ocrx_word' id='word_1_378' title='bbox 2217 2133 2314 2186; x_wconf 89' lang='lat' dir='ltr'>per</span> <span class='ocrx_word' id='word_1_379' title='bbox 2348 2115 2704 2188; x_wconf 74' lang='lat' dir='ltr'><strong>leesyriam</strong></span> <span class='ocrx_word' id='word_1_380' title='bbox 2725 2127 2781 2172; x_wconf 91' lang='lat' dir='ltr'>et</span> <span class='ocrx_word' id='word_1_381' title='bbox 2815 2119 3157 2172; x_wconf 70' lang='lat' dir='ltr'><strong>Phoeniciam</strong></span> <span class='ocrx_word' id='word_1_382' title='bbox 3198 2127 3361 2173; x_wconf 80' lang='lat' dir='ltr'><strong>totam</strong></span> <span class='ocrx_word' id='word_1_383' title='bbox 3395 2128 3605 2188; x_wconf 86' lang='lat' dir='ltr'><strong>etqnot</strong></span> 
     </span>
    </p>
   </div>
   <div class='ocr_carea' id='block_1_51' title="bbox 2035 2207 3604 2280">
    <p class='ocr_par' dir='ltr' id='par_1_51' title="bbox 2035 2207 3604 2280">
     <span class='ocr_line' id='line_1_51' title="bbox 2035 2207 3604 2280; baseline 0.001 -20"><span class='ocrx_word' id='word_1_384' title='bbox 2035 2207 2230 2262; x_wconf 72' lang='lat' dir='ltr'><strong>vicinm</strong></span> <span class='ocrx_word' id='word_1_385' title='bbox 2266 2209 2432 2263; x_wconf 85' lang='lat' dir='ltr'><strong>urbes</strong></span> <span class='ocrx_word' id='word_1_386' title='bbox 2467 2217 2522 2262; x_wconf 88' lang='lat' dir='ltr'>et</span> <span class='ocrx_word' id='word_1_387' title='bbox 2547 2207 2668 2278; x_wconf 83' lang='lat' dir='ltr'>pagi</span> <span class='ocrx_word' id='word_1_388' title='bbox 2703 2209 3026 2262; x_wconf 83' lang='lat' dir='ltr'><strong>Damascum</strong></span> <span class='ocrx_word' id='word_1_389' title='bbox 3063 2209 3406 2262; x_wconf 79' lang='lat' dir='ltr'><strong>circumdant</strong></span> <span class='ocrx_word' id='word_1_390' title='bbox 3433 2227 3604 2280; x_wconf 83' lang='lat' dir='ltr'><strong>usque</strong></span> 
     </span>
    </p>
   </div>
   <div class='ocr_carea' id='block_1_52' title="bbox 2035 2301 3606 2372">
    <p class='ocr_par' dir='ltr' id='par_1_52' title="bbox 2035 2301 3606 2372">
     <span class='ocr_line' id='line_1_52' title="bbox 2035 2301 3606 2372; baseline 0.003 -18"><span class='ocrx_word' id='word_1_391' title='bbox 2035 2301 2104 2354; x_wconf 82' lang='lat' dir='ltr'>ad</span> <span class='ocrx_word' id='word_1_392' title='bbox 2131 2301 2334 2372; x_wconf 83' lang='lat' dir='ltr'><strong>Tyrum</strong></span> <span class='ocrx_word' id='word_1_393' title='bbox 2383 2313 2440 2356; x_wconf 90' lang='lat' dir='ltr'>et</span> <span class='ocrx_word' id='word_1_394' title='bbox 2475 2301 2757 2366; x_wconf 84' lang='lat' dir='ltr'><strong>Sidonem,</strong></span> <span class='ocrx_word' id='word_1_395' title='bbox 2797 2311 2851 2357; x_wconf 89' lang='lat' dir='ltr'>et</span> <span class='ocrx_word' id='word_1_396' title='bbox 2893 2311 3155 2370; x_wconf 87' lang='lat' dir='ltr'><strong>quantum</strong></span> <span class='ocrx_word' id='word_1_397' title='bbox 3195 2319 3342 2357; x_wconf 83' lang='lat' dir='ltr'><strong>mare</strong></span> <span class='ocrx_word' id='word_1_398' title='bbox 3383 2301 3606 2358; x_wconf 62' lang='lat' dir='ltr'><strong>Carmeo</strong></span> 
     </span>
    </p>
   </div>
   <div class='ocr_carea' id='block_1_53' title="bbox 2037 2391 3610 2466">
    <p class='ocr_par' dir='ltr' id='par_1_53' title="bbox 2037 2391 3610 2466">
     <span class='ocr_line' id='line_1_53' title="bbox 2037 2391 3610 2466; baseline 0.004 -22"><span class='ocrx_word' id='word_1_399' title='bbox 2037 2391 2148 2444; x_wconf 91' lang='lat' dir='ltr'>lum</span> <span class='ocrx_word' id='word_1_400' title='bbox 2179 2401 2422 2444; x_wconf 89' lang='lat' dir='ltr'><strong>montem</strong></span> <span class='ocrx_word' id='word_1_401' title='bbox 2465 2393 2644 2446; x_wconf 89' lang='lat' dir='ltr'><strong>alluit.</strong></span> <span class='ocrx_word' id='word_1_402' title='bbox 2665 2391 2802 2446; x_wconf 90' lang='lat' dir='ltr'><strong>Cum</strong></span> <span class='ocrx_word' id='word_1_403' title='bbox 2833 2401 3126 2460; x_wconf 83' lang='lat' dir='ltr'><strong>tyrannum</strong></span> <span class='ocrx_word' id='word_1_404' title='bbox 3169 2393 3244 2448; x_wconf 76' lang='lat' dir='ltr'>rei</span> <span class='ocrx_word' id='word_1_405' title='bbox 3287 2395 3459 2465; x_wconf 89' lang='lat' dir='ltr'><strong>ipsius</strong></span> <span class='ocrx_word' id='word_1_406' title='bbox 3493 2409 3610 2466; x_wconf 75' lang='lat' dir='ltr'><strong>pte-</strong></span> 
     </span>
    </p>
   </div>
   <div class='ocr_carea' id='block_1_54' title="bbox 2035 2482 2712 2546">
    <p class='ocr_par' dir='ltr' id='par_1_54' title="bbox 2035 2482 2712 2546">
     <span class='ocr_line' id='line_1_54' title="bbox 2035 2482 2712 2546; baseline 0.006 -12"><span class='ocrx_word' id='word_1_407' title='bbox 2035 2482 2238 2536; x_wconf 89' lang='lat' dir='ltr'><strong>nileret</strong></span> <span class='ocrx_word' id='word_1_408' title='bbox 2257 2523 2272 2546; x_wconf 86' lang='lat'><strong>,</strong></span> <span class='ocrx_word' id='word_1_409' title='bbox 2311 2491 2490 2536; x_wconf 86' lang='lat' dir='ltr'><strong>terror</strong></span> <span class='ocrx_word' id='word_1_410' title='bbox 2527 2483 2712 2538; x_wconf 85' lang='lat' dir='ltr'><strong>desiit.</strong></span> 
     </span>
    </p>
   </div>
   <div class='ocr_carea' id='block_1_55' title="bbox 2105 2767 3606 2842">
    <p class='ocr_par' dir='ltr' id='par_1_55' title="bbox 2105 2767 3606 2842">
     <span class='ocr_line' id='line_1_55' title="bbox 2105 2767 3606 2842; baseline 0.003 -17"><span class='ocrx_word' id='word_1_411' title='bbox 2105 2767 2264 2840; x_wconf 64' lang='grc'>241</span> <span class='ocrx_word' id='word_1_412' title='bbox 2307 2767 2402 2824; x_wconf 82' lang='grc' dir='ltr'>ῙΧ.</span> <span class='ocrx_word' id='word_1_413' title='bbox 2443 2769 2736 2841; x_wconf 84' lang='lat' dir='ltr'><strong>Postquam</strong></span> <span class='ocrx_word' id='word_1_414' title='bbox 2773 2771 2888 2827; x_wconf 68' lang='lat' dir='ltr'><strong>lucc</strong></span> <span class='ocrx_word' id='word_1_415' title='bbox 2927 2780 2983 2827; x_wconf 91' lang='lat' dir='ltr'>et</span> <span class='ocrx_word' id='word_1_416' title='bbox 3023 2773 3249 2842; x_wconf 88' lang='lat' dir='ltr'><strong>insuper</strong></span> <span class='ocrx_word' id='word_1_417' title='bbox 3293 2775 3465 2830; x_wconf 87' lang='lat' dir='ltr'><strong>multa</strong></span> <span class='ocrx_word' id='word_1_418' title='bbox 3497 2773 3606 2830; x_wconf 78' lang='lat' dir='ltr'><strong>alia</strong></span> 
     </span>
    </p>
   </div>
   <div class='ocr_carea' id='block_1_56' title="bbox 2037 2859 3605 2935">
    <p class='ocr_par' dir='ltr' id='par_1_56' title="bbox 2037 2859 3605 2935">
     <span class='ocr_line' id='line_1_56' title="bbox 2037 2859 3605 2935; baseline 0.004 -22"><span class='ocrx_word' id='word_1_419' title='bbox 2037 2859 2286 2922; x_wconf 83' lang='lat' dir='ltr'><strong>dixisset.</strong></span> <span class='ocrx_word' id='word_1_420' title='bbox 2319 2861 2570 2916; x_wconf 84' lang='lat' dir='ltr'><strong>discessit</strong></span> <span class='ocrx_word' id='word_1_421' title='bbox 2612 2863 2790 2919; x_wconf 83' lang='lat' dir='ltr'><strong>bonus</strong></span> <span class='ocrx_word' id='word_1_422' title='bbox 2825 2865 3232 2935; x_wconf 77' lang='lat' dir='ltr'><strong>Agathangclus</strong></span> <span class='ocrx_word' id='word_1_423' title='bbox 3280 2866 3456 2920; x_wconf 75' lang='lat' dir='ltr'><strong>media</strong></span> <span class='ocrx_word' id='word_1_424' title='bbox 3489 2865 3605 2922; x_wconf 79' lang='lat' dir='ltr'><strong>fere</strong></span> 
     </span>
    </p>
   </div>
   <div class='ocr_carea' id='block_1_57' title="bbox 2035 2949 3604 3026">
    <p class='ocr_par' dir='ltr' id='par_1_57' title="bbox 2035 2949 3604 3026">
     <span class='ocr_line' id='line_1_57' title="bbox 2035 2949 3604 3026; baseline 0.004 -23"><span class='ocrx_word' id='word_1_425' title='bbox 2035 2959 2236 3014; x_wconf 89' lang='lat' dir='ltr'><strong>nocte,</strong></span> <span class='ocrx_word' id='word_1_426' title='bbox 2285 2949 2481 3008; x_wconf 73' lang='lat' dir='ltr'><strong>fallens</strong></span> <span class='ocrx_word' id='word_1_427' title='bbox 2528 2953 2728 3008; x_wconf 86' lang='lat' dir='ltr'><strong>iterum</strong></span> <span class='ocrx_word' id='word_1_428' title='bbox 2780 2955 3006 3012; x_wconf 89' lang='lat' dir='ltr'><strong>lictores</strong></span> <span class='ocrx_word' id='word_1_429' title='bbox 3052 2965 3271 3010; x_wconf 89' lang='lat' dir='ltr'><strong>nostros</strong></span> <span class='ocrx_word' id='word_1_430' title='bbox 3322 2971 3604 3026; x_wconf 67' lang='lat' dir='ltr'><strong>saevosque</strong></span> 
     </span>
    </p>
   </div>
   <div class='ocr_carea' id='block_1_58' title="bbox 2037 3041 3607 3120">
    <p class='ocr_par' dir='ltr' id='par_1_58' title="bbox 2037 3041 3607 3120">
     <span class='ocr_line' id='line_1_58' title="bbox 2037 3041 3607 3120; baseline 0.005 -24"><span class='ocrx_word' id='word_1_431' title='bbox 2037 3041 2336 3110; x_wconf 57' lang='lat' dir='ltr'><strong>custodes,“</strong></span> <span class='ocrx_word' id='word_1_432' title='bbox 2381 3058 2468 3099; x_wconf 87' lang='lat' dir='ltr'>me</span> <span class='ocrx_word' id='word_1_433' title='bbox 2507 3045 2689 3100; x_wconf 90' lang='lat' dir='ltr'><strong>solum</strong></span> <span class='ocrx_word' id='word_1_434' title='bbox 2729 3047 3083 3117; x_wconf 84' lang='lat' dir='ltr'><strong>relinquens,</strong></span> <span class='ocrx_word' id='word_1_435' title='bbox 3126 3049 3220 3118; x_wconf 90' lang='lat' dir='ltr'>qui</span> <span class='ocrx_word' id='word_1_436' title='bbox 3282 3057 3512 3120; x_wconf 74' lang='lat' dir='ltr'><strong>angusta</strong></span> <span class='ocrx_word' id='word_1_437' title='bbox 3550 3057 3607 3104; x_wconf 85' lang='lat' dir='ltr'>et</span> 
     </span>
    </p>
   </div>
   <div class='ocr_carea' id='block_1_59' title="bbox 2039 3133 3034 3212">
    <p class='ocr_par' dir='ltr' id='par_1_59' title="bbox 2039 3133 3034 3212">
     <span class='ocr_line' id='line_1_59' title="bbox 2039 3133 3034 3212; baseline 0.008 -27"><span class='ocrx_word' id='word_1_438' title='bbox 2039 3133 2270 3188; x_wconf 86' lang='lat' dir='ltr'><strong>terribili</strong></span> <span class='ocrx_word' id='word_1_439' title='bbox 2297 3134 2405 3190; x_wconf 86' lang='lat' dir='ltr'><strong>vita</strong></span> <span class='ocrx_word' id='word_1_440' title='bbox 2439 3147 2498 3190; x_wconf 89' lang='lat' dir='ltr'>ut</span> <span class='ocrx_word' id='word_1_441' title='bbox 2529 3151 2745 3207; x_wconf 87' lang='lat' dir='ltr'><strong>semper</strong></span> <span class='ocrx_word' id='word_1_442' title='bbox 2777 3141 3034 3212; x_wconf 64' lang='lat' dir='ltr'><strong>vexabar.</strong></span> 
     </span>
    </p>
   </div>
   <div class='ocr_carea' id='block_1_60' title="bbox 2109 3315 3608 3392">
    <p class='ocr_par' dir='ltr' id='par_1_60' title="bbox 2109 3315 3608 3392">
     <span class='ocr_line' id='line_1_60' title="bbox 2109 3315 3608 3392; baseline 0.007 -22"><span class='ocrx_word' id='word_1_443' title='bbox 2109 3315 2179 3372; x_wconf 81' lang='grc' dir='ltr'>Χ.</span> <span class='ocrx_word' id='word_1_444' title='bbox 2247 3315 2350 3371; x_wconf 89' lang='lat' dir='ltr'><strong>Ubi</strong></span> <span class='ocrx_word' id='word_1_445' title='bbox 2419 3325 2605 3370; x_wconf 83' lang='lat' dir='ltr'><strong>autem</strong></span> <span class='ocrx_word' id='word_1_446' title='bbox 2663 3328 2986 3387; x_wconf 63' lang='lat' dir='ltr'><strong>praesentem</strong></span> <span class='ocrx_word' id='word_1_447' title='bbox 3041 3337 3246 3375; x_wconf 82' lang='lat' dir='ltr'><strong>annum</strong></span> <span class='ocrx_word' id='word_1_448' title='bbox 3301 3323 3608 3392; x_wconf 77' lang='lat' dir='ltr'><strong>excipiebat</strong></span> 
     </span>
    </p>
   </div>
   <div class='ocr_carea' id='block_1_61' title="bbox 2042 3408 3604 3476">
    <p class='ocr_par' dir='ltr' id='par_1_61' title="bbox 2042 3408 3604 3476">
     <span class='ocr_line' id='line_1_61' title="bbox 2042 3408 3604 3476; baseline 0.006 -15"><span class='ocrx_word' id='word_1_449' title='bbox 2042 3408 2340 3476; x_wconf 88' lang='lat' dir='ltr'><strong>insequens</strong></span> <span class='ocrx_word' id='word_1_450' title='bbox 2363 3449 2376 3468; x_wconf 82' lang='lat'><strong>,</strong></span> <span class='ocrx_word' id='word_1_451' title='bbox 2413 3423 2501 3462; x_wconf 87' lang='lat' dir='ltr'>res</span> <span class='ocrx_word' id='word_1_452' title='bbox 2554 3409 2927 3463; x_wconf 77' lang='lat' dir='ltr'><strong>Romanorum</strong></span> <span class='ocrx_word' id='word_1_453' title='bbox 2961 3411 3102 3466; x_wconf 86' lang='lat' dir='ltr'><strong>ultra</strong></span> <span class='ocrx_word' id='word_1_454' title='bbox 3147 3414 3604 3470; x_wconf 85' lang='lat' dir='ltr'><strong>consuetudinem</strong></span> 
     </span>
    </p>
   </div>
   <div class='ocr_carea' id='block_1_62' title="bbox 2039 3500 3608 3570">
    <p class='ocr_par' dir='ltr' id='par_1_62' title="bbox 2039 3500 3608 3570">
     <span class='ocr_line' id='line_1_62' title="bbox 2039 3500 3608 3570; baseline 0.005 -16"><span class='ocrx_word' id='word_1_455' title='bbox 2039 3500 2385 3570; x_wconf 75' lang='lat' dir='ltr'><strong>:egrotabant</strong></span> <span class='ocrx_word' id='word_1_456' title='bbox 2433 3509 2490 3552; x_wconf 89' lang='lat' dir='ltr'>et</span> <span class='ocrx_word' id='word_1_457' title='bbox 2537 3511 2764 3570; x_wconf 88' lang='lat' dir='ltr'><strong>propter</strong></span> <span class='ocrx_word' id='word_1_458' title='bbox 2810 3515 3138 3557; x_wconf 81' lang='lat' dir='ltr'><strong>consuetum</strong></span> <span class='ocrx_word' id='word_1_459' title='bbox 3177 3505 3466 3562; x_wconf 80' lang='lat' dir='ltr'><strong>Persarum</strong></span> <span class='ocrx_word' id='word_1_460' title='bbox 3505 3509 3608 3562; x_wconf 88' lang='lat' dir='ltr'><strong>im-</strong></span> 
     </span>
    </p>
   </div>
   <div class='ocr_carea' id='block_1_63' title="bbox 2043 3591 3604 3666">
    <p class='ocr_par' dir='ltr' id='par_1_63' title="bbox 2043 3591 3604 3666">
     <span class='ocr_line' id='line_1_63' title="bbox 2043 3591 3604 3666; baseline 0.004 -20"><span class='ocrx_word' id='word_1_461' title='bbox 2043 3593 2254 3662; x_wconf 84' lang='lat' dir='ltr'><strong>perium</strong></span> <span class='ocrx_word' id='word_1_462' title='bbox 2279 3633 2292 3654; x_wconf 89' lang='lat'><strong>,</strong></span> <span class='ocrx_word' id='word_1_463' title='bbox 2326 3591 2471 3661; x_wconf 87' lang='lat' dir='ltr'><strong>quod</strong></span> <span class='ocrx_word' id='word_1_464' title='bbox 2504 3593 2616 3660; x_wconf 87' lang='lat' dir='ltr'><strong>jam</strong></span> <span class='ocrx_word' id='word_1_465' title='bbox 2655 3609 2752 3662; x_wconf 89' lang='lat' dir='ltr'>per</span> <span class='ocrx_word' id='word_1_466' title='bbox 2788 3593 3232 3650; x_wconf 82' lang='lat' dir='ltr'><strong>Cantacuzenum</strong></span> <span class='ocrx_word' id='word_1_467' title='bbox 3271 3599 3604 3666; x_wconf 88' lang='lat' dir='ltr'><strong>proditorem</strong></span> 
     </span>
    </p>
   </div>
   <div class='ocr_carea' id='block_1_64' title="bbox 359 3682 1940 3766">
    <p class='ocr_par' dir='ltr' id='par_1_64' title="bbox 359 3691 1940 3766">
     <span class='ocr_line' id='line_1_64' title="bbox 359 3691 1940 3766; baseline 0.002 -22"><span class='ocrx_word' id='word_1_468' title='bbox 359 3691 550 3755; x_wconf 79' lang='grc' dir='ltr'>δόντος</span> <span class='ocrx_word' id='word_1_469' title='bbox 607 3691 738 3764; x_wconf 75' lang='grc' dir='ltr'>ἄχρι</span> <span class='ocrx_word' id='word_1_470' title='bbox 783 3695 968 3746; x_wconf 86' lang='grc' dir='ltr'>πυλῶν</span> <span class='ocrx_word' id='word_1_471' title='bbox 999 3697 1305 3766; x_wconf 76' lang='grc' dir='ltr'>ἐσχήκεσαν</span> <span class='ocrx_word' id='word_1_472' title='bbox 1363 3695 1696 3760; x_wconf 76' lang='grc' dir='ltr'>Βυζαντίων,</span> <span class='ocrx_word' id='word_1_473' title='bbox 1737 3696 1814 3758; x_wconf 82' lang='grc' dir='ltr'>ὡς</span> <span class='ocrx_word' id='word_1_474' title='bbox 1864 3697 1940 3748; x_wconf 75' lang='grc' dir='ltr'>οἰ-</span> 
     </span>
    </p>
   </div>
   <div class='ocr_carea' id='block_1_65' title="bbox 2048 3682 3610 3766">
    <p class='ocr_par' dir='ltr' id='par_1_65' title="bbox 2048 3682 3610 3758">
     <span class='ocr_line' id='line_1_65' title="bbox 2048 3682 3610 3758; baseline 0.006 -22"><span class='ocrx_word' id='word_1_475' title='bbox 2048 3682 2370 3736; x_wconf 86' lang='lat' dir='ltr'><strong>obtinebant</strong></span> <span class='ocrx_word' id='word_1_476' title='bbox 2402 3699 2572 3752; x_wconf 90' lang='lat' dir='ltr'><strong>usque</strong></span> <span class='ocrx_word' id='word_1_477' title='bbox 2605 3683 2670 3736; x_wconf 89' lang='lat' dir='ltr'>ad</span> <span class='ocrx_word' id='word_1_478' title='bbox 2709 3695 2892 3752; x_wconf 84' lang='lat' dir='ltr'><strong>portas</strong></span> <span class='ocrx_word' id='word_1_479' title='bbox 2951 3685 3230 3756; x_wconf 71' lang='lat' dir='ltr'><strong>Byzantii,</strong></span> <span class='ocrx_word' id='word_1_480' title='bbox 3265 3699 3322 3740; x_wconf 94' lang='lat' dir='ltr'>ut</span> <span class='ocrx_word' id='word_1_481' title='bbox 3370 3689 3610 3758; x_wconf 85' lang='lat' dir='ltr'><strong>prOpriis</strong></span> 
     </span>
    </p>
   </div>
   <div class='ocr_carea' id='block_1_66' title="bbox 363 3781 1938 3854">
    <p class='ocr_par' dir='ltr' id='par_1_66' title="bbox 363 3781 1938 3854">
     <span class='ocr_line' id='line_1_66' title="bbox 363 3781 1938 3854; baseline 0.004 -23"><span class='ocrx_word' id='word_1_482' title='bbox 363 3781 538 3841; x_wconf 77' lang='grc' dir='ltr'>κείοις</span> <span class='ocrx_word' id='word_1_483' title='bbox 583 3781 722 3843; x_wconf 88' lang='grc' dir='ltr'>τέως</span> <span class='ocrx_word' id='word_1_484' title='bbox 781 3781 1056 3853; x_wconf 84' lang='grc' dir='ltr'>χρώμενοί</span> <span class='ocrx_word' id='word_1_485' title='bbox 1099 3801 1158 3836; x_wconf 88' lang='grc' dir='ltr'>τε</span> <span class='ocrx_word' id='word_1_486' title='bbox 1217 3784 1314 3837; x_wconf 72' lang='grc' dir='ltr'>καὶ</span> <span class='ocrx_word' id='word_1_487' title='bbox 1377 3784 1798 3854; x_wconf 81' lang='grc' dir='ltr'>καταχρώμενοι</span> <span class='ocrx_word' id='word_1_488' title='bbox 1863 3785 1938 3853; x_wconf 85' lang='grc' dir='ltr'>μὴ</span> 
     </span>
    </p>
   </div>
   <div class='ocr_carea' id='block_1_67' title="bbox 363 3873 1944 3944">
    <p class='ocr_par' dir='ltr' id='par_1_67' title="bbox 363 3873 1944 3944">
     <span class='ocr_line' id='line_1_67' title="bbox 363 3873 1944 3944; baseline 0.001 -20"><span class='ocrx_word' id='word_1_489' title='bbox 363 3874 688 3944; x_wconf 79' lang='grc' dir='ltr'>πράγμασιν</span> <span class='ocrx_word' id='word_1_490' title='bbox 709 3873 882 3926; x_wconf 85' lang='grc' dir='ltr'>ἆπασι</span> <span class='ocrx_word' id='word_1_491' title='bbox 917 3875 1099 3942; x_wconf 83' lang='grc' dir='ltr'>μόνον,</span> <span class='ocrx_word' id='word_1_492' title='bbox 1123 3875 1260 3928; x_wconf 82' lang='grc' dir='ltr'>ἀλλὰ</span> <span class='ocrx_word' id='word_1_493' title='bbox 1285 3875 1380 3928; x_wconf 77' lang='grc' dir='ltr'>καὶ</span> <span class='ocrx_word' id='word_1_494' title='bbox 1405 3879 1672 3942; x_wconf 84' lang='grc' dir='ltr'>γυναῖκας</span> <span class='ocrx_word' id='word_1_495' title='bbox 1700 3875 1796 3927; x_wconf 76' lang='grc' dir='ltr'>καὶ</span> <span class='ocrx_word' id='word_1_496' title='bbox 1819 3877 1944 3926; x_wconf 84' lang='grc' dir='ltr'>παῖ-</span> 
     </span>
    </p>
   </div>
   <div class='ocr_carea' id='block_1_68' title="bbox 359 3965 1939 4036">
    <p class='ocr_par' dir='ltr' id='par_1_68' title="bbox 359 3965 1939 4036">
     <span class='ocr_line' id='line_1_68' title="bbox 359 3965 1939 4036; baseline 0.001 -19"><span class='ocrx_word' id='word_1_497' title='bbox 359 3965 458 4028; x_wconf 79' lang='grc' dir='ltr'>ὃας</span> <span class='ocrx_word' id='word_1_498' title='bbox 487 3965 748 4036; x_wconf 78' lang='grc' dir='ltr'>ἀνδράσιν</span> <span class='ocrx_word' id='word_1_499' title='bbox 779 3967 916 4036; x_wconf 76' lang='grc' dir='ltr'>ὁμοῦ</span> <span class='ocrx_word' id='word_1_500' title='bbox 945 3967 1082 4036; x_wconf 87' lang='grc' dir='ltr'>πρὸς</span> <span class='ocrx_word' id='word_1_501' title='bbox 1111 3968 1220 4020; x_wconf 79' lang='grc' dir='ltr'>πᾶν</span> <span class='ocrx_word' id='word_1_502' title='bbox 1249 3967 1310 4019; x_wconf 81' lang='grc' dir='ltr'>τὸ</span> <span class='ocrx_word' id='word_1_503' title='bbox 1359 3967 1688 4034; x_wconf 84' lang='grc' dir='ltr'>βουλόμενον</span> <span class='ocrx_word' id='word_1_504' title='bbox 1713 3965 1939 4035; x_wconf 78' lang='grc' dir='ltr'>ἄγοντές</span> 
     </span>
    </p>
   </div>
   <div class='ocr_carea' id='block_1_69' title="bbox 363 4055 1942 4126">
    <p class='ocr_par' dir='ltr' id='par_1_69' title="bbox 363 4055 1942 4126">
     <span class='ocr_line' id='line_1_69' title="bbox 363 4055 1942 4126; baseline 0.001 -20"><span class='ocrx_word' id='word_1_505' title='bbox 363 4071 424 4108; x_wconf 83' lang='grc' dir='ltr'>τε</span> <span class='ocrx_word' id='word_1_506' title='bbox 451 4055 548 4107; x_wconf 78' lang='grc' dir='ltr'>καὶ</span> <span class='ocrx_word' id='word_1_507' title='bbox 595 4055 878 4124; x_wconf 84' lang='grc' dir='ltr'>φέροντες,</span> <span class='ocrx_word' id='word_1_508' title='bbox 911 4055 1011 4108; x_wconf 78' lang='grc' dir='ltr'>οὐκ</span> <span class='ocrx_word' id='word_1_509' title='bbox 1067 4055 1174 4120; x_wconf 74' lang='grc' dir='ltr'>ἔξω</span> <span class='ocrx_word' id='word_1_510' title='bbox 1220 4055 1428 4109; x_wconf 82' lang='grc' dir='ltr'>πόλεων</span> <span class='ocrx_word' id='word_1_511' title='bbox 1460 4055 1537 4118; x_wconf 81' lang='grc' dir='ltr'>ὡς</span> <span class='ocrx_word' id='word_1_512' title='bbox 1586 4055 1719 4125; x_wconf 84' lang='grc' dir='ltr'>πρὶν</span> <span class='ocrx_word' id='word_1_513' title='bbox 1783 4071 1942 4126; x_wconf 88' lang='grc' dir='ltr'>περι-</span> 
     </span>
    </p>
   </div>
   <div class='ocr_carea' id='block_1_70' title="bbox 365 4143 1942 4216">
    <p class='ocr_par' dir='ltr' id='par_1_70' title="bbox 365 4143 1942 4216">
     <span class='ocr_line' id='line_1_70' title="bbox 365 4143 1942 4216; baseline 0.001 -20"><span class='ocrx_word' id='word_1_514' title='bbox 365 4144 586 4208; x_wconf 87' lang='grc' dir='ltr'>θέοντές</span> <span class='ocrx_word' id='word_1_515' title='bbox 619 4161 680 4197; x_wconf 82' lang='grc' dir='ltr'>τε</span> <span class='ocrx_word' id='word_1_516' title='bbox 729 4147 827 4197; x_wconf 80' lang='grc' dir='ltr'>καὶ</span> <span class='ocrx_word' id='word_1_517' title='bbox 859 4143 1254 4213; x_wconf 85' lang='grc' dir='ltr'>παραθέοντες,</span> <span class='ocrx_word' id='word_1_518' title='bbox 1292 4144 1410 4199; x_wconf 81' lang='grc' dir='ltr'>ἀλλ’</span> <span class='ocrx_word' id='word_1_519' title='bbox 1440 4145 1588 4198; x_wconf 79' lang='grc' dir='ltr'>ἔνδον</span> <span class='ocrx_word' id='word_1_520' title='bbox 1621 4145 1722 4216; x_wconf 84' lang='grc' dir='ltr'>ήδη</span> <span class='ocrx_word' id='word_1_521' title='bbox 1754 4145 1942 4198; x_wconf 84' lang='grc' dir='ltr'>ποιού-</span> 
     </span>
    </p>
   </div>
   <div class='ocr_carea' id='block_1_71' title="bbox 367 4233 1944 4308">
    <p class='ocr_par' dir='ltr' id='par_1_71' title="bbox 367 4233 1944 4308">
     <span class='ocr_line' id='line_1_71' title="bbox 367 4233 1944 4308; baseline 0.001 -18"><span class='ocrx_word' id='word_1_522' title='bbox 367 4255 526 4306; x_wconf 81' lang='grc' dir='ltr'>μενοι</span> <span class='ocrx_word' id='word_1_523' title='bbox 585 4239 714 4301; x_wconf 83' lang='grc' dir='ltr'>τοὺς</span> <span class='ocrx_word' id='word_1_524' title='bbox 751 4239 1162 4308; x_wconf 82' lang='grc' dir='ltr'>συνοικισμοὺς,</span> <span class='ocrx_word' id='word_1_525' title='bbox 1213 4238 1336 4292; x_wconf 83' lang='grc' dir='ltr'>καθ’</span> <span class='ocrx_word' id='word_1_526' title='bbox 1365 4237 1562 4290; x_wconf 79' lang='grc' dir='ltr'>ὁπόσον</span> <span class='ocrx_word' id='word_1_527' title='bbox 1585 4239 1680 4290; x_wconf 76' lang='grc' dir='ltr'>καὶ</span> <span class='ocrx_word' id='word_1_528' title='bbox 1700 4233 1812 4292; x_wconf 75' lang='grc' dir='ltr'>οἷον</span> <span class='ocrx_word' id='word_1_529' title='bbox 1847 4240 1944 4292; x_wconf 83' lang='grc' dir='ltr'>καὶ</span> 
     </span>
    </p>
   </div>
   <div class='ocr_carea' id='block_1_72' title="bbox 361 4329 1946 4401">
    <p class='ocr_par' dir='ltr' id='par_1_72' title="bbox 361 4329 1946 4401">
     <span class='ocr_line' id='line_1_72' title="bbox 361 4329 1946 4401; baseline 0.001 -18"><span class='ocrx_word' id='word_1_530' title='bbox 361 4333 505 4384; x_wconf 80' lang='grc' dir='ltr'>ὅπου</span> <span class='ocrx_word' id='word_1_531' title='bbox 558 4333 656 4384; x_wconf 77' lang='grc' dir='ltr'>καὶ</span> <span class='ocrx_word' id='word_1_532' title='bbox 706 4333 798 4385; x_wconf 82' lang='grc' dir='ltr'>ὅτε</span> <span class='ocrx_word' id='word_1_533' title='bbox 857 4330 919 4384; x_wconf 75' lang='grc' dir='ltr'>τὸ</span> <span class='ocrx_word' id='word_1_534' title='bbox 975 4333 1074 4401; x_wconf 85' lang='grc' dir='ltr'>τῆς</span> <span class='ocrx_word' id='word_1_535' title='bbox 1104 4329 1284 4401; x_wconf 84' lang='grc' dir='ltr'>ψυχῆς</span> <span class='ocrx_word' id='word_1_536' title='bbox 1318 4329 1606 4399; x_wconf 72' lang='grc' dir='ltr'>ὀρεκτικὸν</span> <span class='ocrx_word' id='word_1_537' title='bbox 1659 4330 1946 4384; x_wconf 83' lang='grc' dir='ltr'>ὑπετίθετο</span> 
     </span>
    </p>
   </div>
   <div class='ocr_carea' id='block_1_73' title="bbox 365 4417 1946 4490">
    <p class='ocr_par' dir='ltr' id='par_1_73' title="bbox 365 4417 1946 4490">
     <span class='ocr_line' id='line_1_73' title="bbox 365 4417 1946 4490; baseline 0.003 -21"><span class='ocrx_word' id='word_1_538' title='bbox 365 4417 554 4484; x_wconf 66' lang='grc' dir='ltr'>σφίσιν</span> <span class='ocrx_word' id='word_1_539' title='bbox 605 4418 1062 4490; x_wconf 77' lang='grc' dir='ltr'>ἐπιτροπεύοντες</span> <span class='ocrx_word' id='word_1_540' title='bbox 1103 4421 1200 4472; x_wconf 79' lang='grc' dir='ltr'>καὶ</span> <span class='ocrx_word' id='word_1_541' title='bbox 1235 4418 1572 4482; x_wconf 82' lang='grc' dir='ltr'>δεσποτικῶς</span> <span class='ocrx_word' id='word_1_542' title='bbox 1625 4419 1946 4474; x_wconf 74' lang='grc' dir='ltr'>ἐπιτάττον-</span> 
     </span>
    </p>
   </div>
   <div class='ocr_carea' id='block_1_74' title="bbox 361 4525 480 4571">
    <p class='ocr_par' dir='ltr' id='par_1_74' title="bbox 361 4525 480 4571">
     <span class='ocr_line' id='line_1_74' title="bbox 361 4525 480 4571; baseline 0.017 -11"><span class='ocrx_word' id='word_1_543' title='bbox 361 4525 480 4571; x_wconf 77' lang='grc' dir='ltr'>τες.</span> 
     </span>
    </p>
   </div>
   <div class='ocr_carea' id='block_1_75' title="bbox 441 4601 1944 4674">
    <p class='ocr_par' dir='ltr' id='par_1_75' title="bbox 441 4601 1944 4674">
     <span class='ocr_line' id='line_1_75' title="bbox 441 4601 1944 4674; baseline 0.001 -19"><span class='ocrx_word' id='word_1_544' title='bbox 441 4603 542 4656; x_wconf 85' lang='lat' dir='ltr'>IA&#39;.</span> <span class='ocrx_word' id='word_1_545' title='bbox 583 4603 724 4672; x_wconf 80' lang='grc' dir='ltr'>Ἤδη</span> <span class='ocrx_word' id='word_1_546' title='bbox 756 4601 812 4655; x_wconf 85' lang='grc' dir='ltr'>δὲ</span> <span class='ocrx_word' id='word_1_547' title='bbox 844 4602 940 4654; x_wconf 84' lang='grc' dir='ltr'>τοῦ</span> <span class='ocrx_word' id='word_1_548' title='bbox 976 4602 1328 4670; x_wconf 76' lang='grc' dir='ltr'>φθινοπώρου</span> <span class='ocrx_word' id='word_1_549' title='bbox 1357 4603 1642 4674; x_wconf 87' lang='grc' dir='ltr'>λήγοντος,</span> <span class='ocrx_word' id='word_1_550' title='bbox 1669 4603 1802 4674; x_wconf 85' lang='grc' dir='ltr'>περί</span> <span class='ocrx_word' id='word_1_551' title='bbox 1839 4621 1944 4656; x_wconf 75' lang='lat' dir='ltr'>mu</span> 
     </span>
    </p>
   </div>
   <div class='ocr_carea' id='block_1_76' title="bbox 363 4692 1947 4766">
    <p class='ocr_par' dir='ltr' id='par_1_76' title="bbox 363 4692 1947 4766">
     <span class='ocr_line' id='line_1_76' title="bbox 363 4692 1947 4766; baseline 0.002 -21"><span class='ocrx_word' id='word_1_552' title='bbox 363 4692 438 4745; x_wconf 67' lang='grc' dir='ltr'>τὰ</span> <span class='ocrx_word' id='word_1_553' title='bbox 465 4693 607 4762; x_wconf 88' lang='grc' dir='ltr'>μέσα</span> <span class='ocrx_word' id='word_1_554' title='bbox 641 4695 772 4764; x_wconf 79' lang='grc' dir='ltr'>μιᾶς</span> <span class='ocrx_word' id='word_1_555' title='bbox 811 4692 920 4746; x_wconf 86' lang='grc' dir='ltr'>τῶν</span> <span class='ocrx_word' id='word_1_556' title='bbox 947 4693 1161 4748; x_wconf 80' lang='grc' dir='ltr'>νυκτῶν</span> <span class='ocrx_word' id='word_1_557' title='bbox 1187 4696 1324 4766; x_wconf 85' lang='grc' dir='ltr'>ἀκοή</span> <span class='ocrx_word' id='word_1_558' title='bbox 1343 4701 1428 4756; x_wconf 77' lang='grc' dir='ltr'>τις</span> <span class='ocrx_word' id='word_1_559' title='bbox 1464 4695 1730 4764; x_wconf 73' lang='grc' dir='ltr'>αἰφνίδιος</span> <span class='ocrx_word' id='word_1_560' title='bbox 1753 4696 1814 4746; x_wconf 83' lang='grc' dir='ltr'>τὸ</span> <span class='ocrx_word' id='word_1_561' title='bbox 1841 4694 1947 4748; x_wconf 86' lang='grc' dir='ltr'>Βυ-</span> 
     </span>
    </p>
   </div>
   <div class='ocr_carea' id='block_1_77' title="bbox 367 4778 1946 4852">
    <p class='ocr_par' dir='ltr' id='par_1_77' title="bbox 367 4778 1946 4852">
     <span class='ocr_line' id='line_1_77' title="bbox 367 4778 1946 4852; baseline 0 -18"><span class='ocrx_word' id='word_1_562' title='bbox 367 4779 590 4844; x_wconf 69' lang='grc' dir='ltr'>ζάντιον</span> <span class='ocrx_word' id='word_1_563' title='bbox 613 4783 954 4852; x_wconf 84' lang='grc' dir='ltr'>περιήχησεν</span> <span class='ocrx_word' id='word_1_564' title='bbox 983 4781 1148 4848; x_wconf 72' lang='grc' dir='ltr'>ἅπαν,</span> <span class='ocrx_word' id='word_1_565' title='bbox 1177 4778 1313 4835; x_wconf 74' lang='grc' dir='ltr'>εἶναι</span> <span class='ocrx_word' id='word_1_566' title='bbox 1339 4784 1550 4852; x_wconf 82' lang='grc' dir='ltr'>τείχους</span> <span class='ocrx_word' id='word_1_567' title='bbox 1592 4783 1744 4846; x_wconf 73' lang='grc' dir='ltr'>ἐντὸς</span> <span class='ocrx_word' id='word_1_568' title='bbox 1791 4783 1946 4852; x_wconf 80' lang='grc' dir='ltr'>βασι-</span> 
     </span>
    </p>
   </div>
   <div class='ocr_carea' id='block_1_78' title="bbox 367 4871 1949 4944">
    <p class='ocr_par' dir='ltr' id='par_1_78' title="bbox 367 4871 1949 4944">
     <span class='ocr_line' id='line_1_78' title="bbox 367 4871 1949 4944; baseline 0.003 -22"><span class='ocrx_word' id='word_1_569' title='bbox 367 4871 467 4922; x_wconf 84' lang='grc' dir='ltr'>λέα</span> <span class='ocrx_word' id='word_1_570' title='bbox 495 4872 865 4940; x_wconf 84' lang='grc' dir='ltr'>Παλαιολόγον</span> <span class='ocrx_word' id='word_1_571' title='bbox 905 4872 996 4926; x_wconf 80' lang='grc' dir='ltr'>τὸν</span> <span class='ocrx_word' id='word_1_572' title='bbox 1031 4873 1174 4940; x_wconf 82' lang='grc' dir='ltr'>νέον,</span> <span class='ocrx_word' id='word_1_573' title='bbox 1219 4874 1539 4944; x_wconf 85' lang='grc' dir='ltr'>συμμαχίας</span> <span class='ocrx_word' id='word_1_574' title='bbox 1581 4873 1764 4943; x_wconf 82' lang='grc' dir='ltr'>πάσης</span> <span class='ocrx_word' id='word_1_575' title='bbox 1793 4874 1949 4927; x_wconf 85' lang='grc' dir='ltr'>ἀλλο-</span> 
     </span>
    </p>
   </div>
   <div class='ocr_carea' id='block_1_79' title="bbox 369 4960 1948 5037">
    <p class='ocr_par' dir='ltr' id='par_1_79' title="bbox 369 4960 1948 5037">
     <span class='ocr_line' id='line_1_79' title="bbox 369 4960 1948 5037; baseline 0.005 -24"><span class='ocrx_word' id='word_1_576' title='bbox 369 4960 542 5031; x_wconf 70' lang='grc' dir='ltr'>φύλου</span> <span class='ocrx_word' id='word_1_577' title='bbox 597 4965 772 5036; x_wconf 77' lang='grc' dir='ltr'>χωρὶς</span> <span class='ocrx_word' id='word_1_578' title='bbox 818 4965 1124 5035; x_wconf 83' lang='grc' dir='ltr'>ἀφιγμένον</span> <span class='ocrx_word' id='word_1_579' title='bbox 1169 4969 1410 5034; x_wconf 85' lang='grc' dir='ltr'>τριταῖον</span> <span class='ocrx_word' id='word_1_580' title='bbox 1459 4967 1524 5020; x_wconf 87' lang='grc' dir='ltr'>ἐκ</span> <span class='ocrx_word' id='word_1_581' title='bbox 1573 4961 1799 5020; x_wconf 72' lang='grc' dir='ltr'>Τενέδου</span> <span class='ocrx_word' id='word_1_582' title='bbox 1849 4968 1948 5037; x_wconf 84' lang='grc' dir='ltr'>τῆς</span> 
     </span>
    </p>
   </div>
   <div class='ocr_carea' id='block_1_80' title="bbox 2045 3777 3610 3846">
    <p class='ocr_par' dir='ltr' id='par_1_80' title="bbox 2045 3777 3610 3846">
     <span class='ocr_line' id='line_1_80' title="bbox 2045 3777 3610 3846; baseline 0.004 -19"><span class='ocrx_word' id='word_1_583' title='bbox 2045 3785 2262 3830; x_wconf 88' lang='lat' dir='ltr'><strong>utentes</strong></span> <span class='ocrx_word' id='word_1_584' title='bbox 2318 3785 2370 3830; x_wconf 88' lang='lat' dir='ltr'>et</span> <span class='ocrx_word' id='word_1_585' title='bbox 2423 3777 2718 3832; x_wconf 87' lang='lat' dir='ltr'><strong>abutentes</strong></span> <span class='ocrx_word' id='word_1_586' title='bbox 2773 3791 2878 3829; x_wconf 90' lang='lat' dir='ltr'>non</span> <span class='ocrx_word' id='word_1_587' title='bbox 2931 3777 3110 3830; x_wconf 84' lang='lat' dir='ltr'><strong>solum</strong></span> <span class='ocrx_word' id='word_1_588' title='bbox 3153 3777 3319 3832; x_wconf 84' lang='lat' dir='ltr'><strong>rebus</strong></span> <span class='ocrx_word' id='word_1_589' title='bbox 3355 3781 3610 3846; x_wconf 82' lang='lat' dir='ltr'><strong>cunctis,</strong></span> 
     </span>
    </p>
   </div>
   <div class='ocr_carea' id='block_1_81' title="bbox 2043 3871 3610 3927">
    <p class='ocr_par' dir='ltr' id='par_1_81' title="bbox 2043 3871 3610 3927">
     <span class='ocr_line' id='line_1_81' title="bbox 2043 3871 3610 3927; baseline 0.004 -6"><span class='ocrx_word' id='word_1_590' title='bbox 2043 3871 2137 3922; x_wconf 84' lang='lat' dir='ltr'>sed</span> <span class='ocrx_word' id='word_1_591' title='bbox 2174 3871 2338 3924; x_wconf 81' lang='lat' dir='ltr'><strong>etiam</strong></span> <span class='ocrx_word' id='word_1_592' title='bbox 2377 3871 2632 3924; x_wconf 84' lang='lat' dir='ltr'><strong>mulieres</strong></span> <span class='ocrx_word' id='word_1_593' title='bbox 2668 3879 2722 3926; x_wconf 91' lang='lat' dir='ltr'>et</span> <span class='ocrx_word' id='word_1_594' title='bbox 2758 3871 2996 3925; x_wconf 83' lang='lat' dir='ltr'><strong>infantes</strong></span> <span class='ocrx_word' id='word_1_595' title='bbox 3031 3887 3162 3924; x_wconf 73' lang='lat' dir='ltr'><strong>una&#39;</strong></span> <span class='ocrx_word' id='word_1_596' title='bbox 3189 3887 3312 3924; x_wconf 89' lang='lat' dir='ltr'>eum</span> <span class='ocrx_word' id='word_1_597' title='bbox 3363 3871 3496 3924; x_wconf 81' lang='lat' dir='ltr'><strong>viris</strong></span> <span class='ocrx_word' id='word_1_598' title='bbox 3543 3875 3610 3927; x_wconf 72' lang='lat' dir='ltr'>nd</span> 
     </span>
    </p>
   </div>
   <div class='ocr_carea' id='block_1_82' title="bbox 2043 3959 3612 4029">
    <p class='ocr_par' dir='ltr' id='par_1_82' title="bbox 2043 3959 3612 4029">
     <span class='ocr_line' id='line_1_82' title="bbox 2043 3959 3612 4029; baseline 0.002 -17"><span class='ocrx_word' id='word_1_599' title='bbox 2043 3959 2312 4028; x_wconf 86' lang='lat' dir='ltr'><strong>quidlibet</strong></span> <span class='ocrx_word' id='word_1_600' title='bbox 2342 3969 2601 4029; x_wconf 82' lang='lat' dir='ltr'><strong>cogentes</strong></span> <span class='ocrx_word' id='word_1_601' title='bbox 2637 3970 2689 4016; x_wconf 88' lang='lat' dir='ltr'>et</span> <span class='ocrx_word' id='word_1_602' title='bbox 2721 3960 3008 4023; x_wconf 83' lang='lat' dir='ltr'><strong>ducentes,</strong></span> <span class='ocrx_word' id='word_1_603' title='bbox 3039 3977 3143 4013; x_wconf 90' lang='lat' dir='ltr'>non</span> <span class='ocrx_word' id='word_1_604' title='bbox 3175 3969 3326 4013; x_wconf 74' lang='lat' dir='ltr'><strong>extra</strong></span> <span class='ocrx_word' id='word_1_605' title='bbox 3358 3961 3521 4015; x_wconf 83' lang='lat' dir='ltr'><strong>nrbes</strong></span> <span class='ocrx_word' id='word_1_606' title='bbox 3555 3975 3612 4015; x_wconf 86' lang='lat' dir='ltr'>ut</span> 
     </span>
    </p>
   </div>
   <div class='ocr_carea' id='block_1_83' title="bbox 2043 4051 3610 4120">
    <p class='ocr_par' dir='ltr' id='par_1_83' title="bbox 2043 4051 3610 4120">
     <span class='ocr_line' id='line_1_83' title="bbox 2043 4051 3610 4120; baseline 0 -16"><span class='ocrx_word' id='word_1_607' title='bbox 2043 4063 2204 4104; x_wconf 82' lang='lat' dir='ltr'><strong>antea</strong></span> <span class='ocrx_word' id='word_1_608' title='bbox 2237 4061 2528 4105; x_wconf 85' lang='lat' dir='ltr'><strong>currentes</strong></span> <span class='ocrx_word' id='word_1_609' title='bbox 2558 4061 2613 4106; x_wconf 87' lang='lat' dir='ltr'>et</span> <span class='ocrx_word' id='word_1_610' title='bbox 2647 4062 3163 4120; x_wconf 64' lang='lat' dir='ltr'><strong>praetercurrentes,</strong></span> <span class='ocrx_word' id='word_1_611' title='bbox 3202 4053 3294 4106; x_wconf 85' lang='lat' dir='ltr'>sed</span> <span class='ocrx_word' id='word_1_612' title='bbox 3329 4051 3476 4106; x_wconf 89' lang='lat' dir='ltr'><strong>intus</strong></span> <span class='ocrx_word' id='word_1_613' title='bbox 3499 4053 3610 4120; x_wconf 84' lang='lat' dir='ltr'><strong>jam</strong></span> 
     </span>
    </p>
   </div>
   <div class='ocr_carea' id='block_1_84' title="bbox 2047 4143 3612 4213">
    <p class='ocr_par' dir='ltr' id='par_1_84' title="bbox 2047 4143 3612 4213">
     <span class='ocr_line' id='line_1_84' title="bbox 2047 4143 3612 4213; baseline 0.001 -17"><span class='ocrx_word' id='word_1_614' title='bbox 2047 4143 2293 4198; x_wconf 81' lang='lat' dir='ltr'><strong>colonias</strong></span> <span class='ocrx_word' id='word_1_615' title='bbox 2343 4145 2697 4198; x_wconf 82' lang='lat' dir='ltr'><strong>instituentes</strong></span> <span class='ocrx_word' id='word_1_616' title='bbox 2743 4155 3010 4213; x_wconf 86' lang='lat' dir='ltr'><strong>quantum</strong></span> <span class='ocrx_word' id='word_1_617' title='bbox 3065 4155 3118 4198; x_wconf 89' lang='lat' dir='ltr'>ct</span> <span class='ocrx_word' id='word_1_618' title='bbox 3162 4146 3396 4212; x_wconf 77' lang='lat' dir='ltr'><strong>qualiter</strong></span> <span class='ocrx_word' id='word_1_619' title='bbox 3429 4157 3482 4200; x_wconf 89' lang='lat' dir='ltr'>et</span> <span class='ocrx_word' id='word_1_620' title='bbox 3521 4145 3612 4198; x_wconf 85' lang='lat' dir='ltr'>ubi</span> 
     </span>
    </p>
   </div>
   <div class='ocr_carea' id='block_1_85' title="bbox 2044 4233 3612 4310">
    <p class='ocr_par' dir='ltr' id='par_1_85' title="bbox 2044 4233 3612 4310">
     <span class='ocr_line' id='line_1_85' title="bbox 2044 4233 3612 4310; baseline 0.004 -23"><span class='ocrx_word' id='word_1_621' title='bbox 2044 4243 2100 4288; x_wconf 89' lang='lat' dir='ltr'>et</span> <span class='ocrx_word' id='word_1_622' title='bbox 2125 4233 2348 4303; x_wconf 83' lang='lat' dir='ltr'><strong>quando</strong></span> <span class='ocrx_word' id='word_1_623' title='bbox 2375 4235 2591 4290; x_wconf 89' lang='lat' dir='ltr'><strong>animus</strong></span> <span class='ocrx_word' id='word_1_624' title='bbox 2623 4235 2894 4290; x_wconf 84' lang='lat' dir='ltr'><strong>suadebat</strong></span> <span class='ocrx_word' id='word_1_625' title='bbox 2927 4248 3182 4307; x_wconf 76' lang='lat' dir='ltr'><strong>regentes</strong></span> <span class='ocrx_word' id='word_1_626' title='bbox 3209 4239 3612 4310; x_wconf 78' lang='lat' dir='ltr'><strong>imperioseque</strong></span> 
     </span>
    </p>
   </div>
   <div class='ocr_carea' id='block_1_86' title="bbox 2045 4328 2440 4396">
    <p class='ocr_par' dir='ltr' id='par_1_86' title="bbox 2045 4328 2440 4396">
     <span class='ocr_line' id='line_1_86' title="bbox 2045 4328 2440 4396; baseline 0 -14"><span class='ocrx_word' id='word_1_627' title='bbox 2045 4328 2440 4396; x_wconf 82' lang='lat' dir='ltr'><strong>gubernantes.</strong></span> 
     </span>
    </p>
   </div>
   <div class='ocr_carea' id='block_1_87' title="bbox 2121 4589 3626 4663">
    <p class='ocr_par' dir='ltr' id='par_1_87' title="bbox 2121 4589 3626 4663">
     <span class='ocr_line' id='line_1_87' title="bbox 2121 4589 3626 4663; baseline 0.001 -17"><span class='ocrx_word' id='word_1_628' title='bbox 2121 4589 2213 4646; x_wconf 80' lang='lat' dir='ltr'>XI.</span> <span class='ocrx_word' id='word_1_629' title='bbox 2245 4593 2490 4646; x_wconf 85' lang='lat' dir='ltr'><strong>Brumali</strong></span> <span class='ocrx_word' id='word_1_630' title='bbox 2519 4603 2768 4662; x_wconf 87' lang='lat' dir='ltr'><strong>tempore</strong></span> <span class='ocrx_word' id='word_1_631' title='bbox 2791 4595 2902 4663; x_wconf 70' lang='lat' dir='ltr'>iam</span> <span class='ocrx_word' id='word_1_632' title='bbox 2931 4593 3216 4648; x_wconf 84' lang='lat' dir='ltr'><strong>desinente</strong></span> <span class='ocrx_word' id='word_1_633' title='bbox 3245 4593 3424 4648; x_wconf 89' lang='lat' dir='ltr'><strong>media</strong></span> <span class='ocrx_word' id='word_1_634' title='bbox 3455 4604 3626 4648; x_wconf 80' lang='lat' dir='ltr'><strong>nocte</strong></span> 
     </span>
    </p>
   </div>
   <div class='ocr_carea' id='block_1_88' title="bbox 2047 4680 3616 4752">
    <p class='ocr_par' dir='ltr' id='par_1_88' title="bbox 2047 4680 3616 4752">
     <span class='ocr_line' id='line_1_88' title="bbox 2047 4680 3616 4752; baseline 0 -16"><span class='ocrx_word' id='word_1_635' title='bbox 2047 4680 2192 4736; x_wconf 81' lang='lat' dir='ltr'><strong>fama</strong></span> <span class='ocrx_word' id='word_1_636' title='bbox 2247 4681 2536 4736; x_wconf 87' lang='lat' dir='ltr'><strong>subitanea</strong></span> <span class='ocrx_word' id='word_1_637' title='bbox 2565 4681 2888 4752; x_wconf 82' lang='lat' dir='ltr'><strong>Byzantium</strong></span> <span class='ocrx_word' id='word_1_638' title='bbox 2926 4682 3118 4735; x_wconf 89' lang='lat' dir='ltr'><strong>urbem</strong></span> <span class='ocrx_word' id='word_1_639' title='bbox 3143 4682 3376 4750; x_wconf 86' lang='lat' dir='ltr'><strong>replevit</strong></span> <span class='ocrx_word' id='word_1_640' title='bbox 3400 4723 3414 4744; x_wconf 84' lang='grc'>,</span> <span class='ocrx_word' id='word_1_641' title='bbox 3473 4681 3616 4736; x_wconf 85' lang='lat' dir='ltr'><strong>intra</strong></span> 
     </span>
    </p>
   </div>
   <div class='ocr_carea' id='block_1_89' title="bbox 2052 4769 3617 4841">
    <p class='ocr_par' dir='ltr' id='par_1_89' title="bbox 2052 4769 3617 4841">
     <span class='ocr_line' id='line_1_89' title="bbox 2052 4769 3617 4841; baseline 0 -17"><span class='ocrx_word' id='word_1_642' title='bbox 2052 4785 2242 4826; x_wconf 86' lang='lat' dir='ltr'><strong>muros</strong></span> <span class='ocrx_word' id='word_1_643' title='bbox 2266 4771 2378 4841; x_wconf 75' lang='lat' dir='ltr'>jam</span> <span class='ocrx_word' id='word_1_644' title='bbox 2411 4785 2535 4825; x_wconf 86' lang='lat' dir='ltr'><strong>esse</strong></span> <span class='ocrx_word' id='word_1_645' title='bbox 2581 4769 2862 4839; x_wconf 84' lang='lat' dir='ltr'><strong>juniorem</strong></span> <span class='ocrx_word' id='word_1_646' title='bbox 2913 4770 3276 4840; x_wconf 69' lang='lat' dir='ltr'><strong>Palmologum</strong></span> <span class='ocrx_word' id='word_1_647' title='bbox 3313 4773 3617 4839; x_wconf 79' lang='lat' dir='ltr'><strong>imperatu-</strong></span> 
     </span>
    </p>
   </div>
   <div class='ocr_carea' id='block_1_90' title="bbox 2051 4863 3628 4932">
    <p class='ocr_par' dir='ltr' id='par_1_90' title="bbox 2051 4863 3628 4932">
     <span class='ocr_line' id='line_1_90' title="bbox 2051 4863 3628 4932; baseline 0.001 -15"><span class='ocrx_word' id='word_1_648' title='bbox 2051 4879 2190 4928; x_wconf 86' lang='lat' dir='ltr'><strong>rem,</strong></span> <span class='ocrx_word' id='word_1_649' title='bbox 2228 4863 2472 4932; x_wconf 86' lang='lat' dir='ltr'><strong>quicum</strong></span> <span class='ocrx_word' id='word_1_650' title='bbox 2505 4863 2712 4918; x_wconf 74' lang='lat' dir='ltr'><strong>auxilio</strong></span> <span class='ocrx_word' id='word_1_651' title='bbox 2751 4863 2939 4932; x_wconf 87' lang='lat' dir='ltr'><strong>populi</strong></span> <span class='ocrx_word' id='word_1_652' title='bbox 2987 4866 3210 4918; x_wconf 80' lang='lat' dir='ltr'><strong>externi</strong></span> <span class='ocrx_word' id='word_1_653' title='bbox 3227 4864 3389 4919; x_wconf 87' lang='lat' dir='ltr'><strong>tertio</strong></span> <span class='ocrx_word' id='word_1_654' title='bbox 3431 4863 3518 4917; x_wconf 90' lang='lat' dir='ltr'>die</span> <span class='ocrx_word' id='word_1_655' title='bbox 3554 4879 3628 4918; x_wconf 74' lang='lat' dir='ltr'><strong>ex</strong></span> 
     </span>
    </p>
   </div>
   <div class='ocr_carea' id='block_1_91' title="bbox 2051 4954 3614 5025">
    <p class='ocr_par' dir='ltr' id='par_1_91' title="bbox 2051 4954 3614 5025">
     <span class='ocr_line' id='line_1_91' title="bbox 2051 4954 3614 5025; baseline -0.001 -15"><span class='ocrx_word' id='word_1_656' title='bbox 2051 4955 2272 5010; x_wconf 85' lang='lat' dir='ltr'><strong>Tenedo</strong></span> <span class='ocrx_word' id='word_1_657' title='bbox 2309 4954 2486 5009; x_wconf 88' lang='lat' dir='ltr'><strong>insula</strong></span> <span class='ocrx_word' id='word_1_658' title='bbox 2515 4955 3002 5016; x_wconf 83' lang='lat' dir='ltr'><strong>venisset.itinere-</strong></span> <span class='ocrx_word' id='word_1_659' title='bbox 3027 4957 3145 5025; x_wconf 86' lang='lat' dir='ltr'><strong>ipso</strong></span> <span class='ocrx_word' id='word_1_660' title='bbox 3177 4957 3336 5024; x_wconf 87' lang='lat' dir='ltr'><strong>plane</strong></span> <span class='ocrx_word' id='word_1_661' title='bbox 3377 4955 3614 5018; x_wconf 80' lang='lat' dir='ltr'><strong>occulto,</strong></span> 
     </span>
    </p>
   </div>
   <div class='ocr_carea' id='block_1_92' title="bbox 365 5032 1940 5126">
    <p class='ocr_par' dir='ltr' id='par_1_92' title="bbox 365 5032 1940 5126">
     <span class='ocr_line' id='line_1_92' title="bbox 365 5032 1940 5126; baseline 0.004 -22"><span class='ocrx_word' id='word_1_662' title='bbox 365 5055 560 5125; x_wconf 81' lang='grc' dir='ltr'>νήσου,</span> <span class='ocrx_word' id='word_1_663' title='bbox 590 5032 824 5124; x_wconf 77' lang='grc' dir='ltr'>μηδενὸς</span> <span class='ocrx_word' id='word_1_664' title='bbox 853 5032 1186 5126; x_wconf 84' lang='grc' dir='ltr'>αἰσθομένου</span> <span class='ocrx_word' id='word_1_665' title='bbox 1208 5032 1302 5109; x_wconf 73' lang='grc' dir='ltr'>τὸν</span> <span class='ocrx_word' id='word_1_666' title='bbox 1339 5055 1618 5122; x_wconf 79' lang='grc' dir='ltr'>εἴσπλουν,</span> <span class='ocrx_word' id='word_1_667' title='bbox 1655 5032 1940 5125; x_wconf 73' lang='grc' dir='ltr'>μεγίσταίς</span> 
     </span>
    </p>
   </div>
   <div class='ocr_carea' id='block_1_93' title="bbox 2048 5032 3614 5126">
    <p class='ocr_par' dir='ltr' id='par_1_93' title="bbox 2055 5045 3614 5116">
     <span class='ocr_line' id='line_1_93' title="bbox 2055 5045 3614 5116; baseline 0 -15"><span class='ocrx_word' id='word_1_668' title='bbox 2055 5047 2276 5102; x_wconf 89' lang='lat' dir='ltr'><strong>duobus</strong></span> <span class='ocrx_word' id='word_1_669' title='bbox 2309 5045 2624 5116; x_wconf 75' lang='lat' dir='ltr'><strong>permagnis</strong></span> <span class='ocrx_word' id='word_1_670' title='bbox 2659 5045 2966 5100; x_wconf 85' lang='lat' dir='ltr'><strong>biremibus</strong></span> <span class='ocrx_word' id='word_1_671' title='bbox 2995 5055 3161 5116; x_wconf 86' lang='lat' dir='ltr'><strong>atque</strong></span> <span class='ocrx_word' id='word_1_672' title='bbox 3197 5047 3436 5102; x_wconf 86' lang='lat' dir='ltr'><strong>sedecim</strong></span> <span class='ocrx_word' id='word_1_673' title='bbox 3487 5049 3614 5101; x_wconf 87' lang='lat' dir='ltr'><strong>uni-</strong></span> 
     </span>
    </p>
   </div>
   <div class='ocr_carea' id='block_1_94' title="bbox 369 5147 1948 5219">
    <p class='ocr_par' dir='ltr' id='par_1_94' title="bbox 369 5147 1948 5219">
     <span class='ocr_line' id='line_1_94' title="bbox 369 5147 1948 5219; baseline 0.002 -22"><span class='ocrx_word' id='word_1_674' title='bbox 369 5147 474 5218; x_wconf 83' lang='grc' dir='ltr'>μὲν</span> <span class='ocrx_word' id='word_1_675' title='bbox 501 5147 760 5218; x_wconf 86' lang='grc' dir='ltr'>τριήρεσι</span> <span class='ocrx_word' id='word_1_676' title='bbox 793 5148 960 5213; x_wconf 84' lang='grc' dir='ltr'>δυοῖν,</span> <span class='ocrx_word' id='word_1_677' title='bbox 1018 5149 1280 5219; x_wconf 86' lang='grc' dir='ltr'>μονήρεσι</span> <span class='ocrx_word' id='word_1_678' title='bbox 1308 5147 1354 5200; x_wconf 89' lang='grc' dir='ltr'>δ’</span> <span class='ocrx_word' id='word_1_679' title='bbox 1399 5148 1698 5202; x_wconf 81' lang='grc' dir='ltr'>ἑκκαίδεκα</span> <span class='ocrx_word' id='word_1_680' title='bbox 1737 5149 1828 5201; x_wconf 75' lang='grc' dir='ltr'>διὰ</span> <span class='ocrx_word' id='word_1_681' title='bbox 1854 5151 1948 5200; x_wconf 85' lang='grc' dir='ltr'>τοῦ</span> 
     </span>
    </p>
   </div>
   <div class='ocr_carea' id='block_1_95' title="bbox 365 5235 1950 5312">
    <p class='ocr_par' dir='ltr' id='par_1_95' title="bbox 365 5235 1950 5312">
     <span class='ocr_line' id='line_1_95' title="bbox 365 5235 1950 5312; baseline 0.001 -20"><span class='ocrx_word' id='word_1_682' title='bbox 365 5239 511 5310; x_wconf 77' lang='grc' dir='ltr'>πρὸς</span> <span class='ocrx_word' id='word_1_683' title='bbox 553 5239 630 5292; x_wconf 81' lang='grc' dir='ltr'>ἐω</span> <span class='ocrx_word' id='word_1_684' title='bbox 657 5240 883 5310; x_wconf 82' lang='grc' dir='ltr'>λιμένος</span> <span class='ocrx_word' id='word_1_685' title='bbox 923 5241 1016 5294; x_wconf 74' lang='grc' dir='ltr'>καὶ</span> <span class='ocrx_word' id='word_1_686' title='bbox 1067 5240 1298 5312; x_wconf 88' lang='grc' dir='ltr'>νεωρίου</span> <span class='ocrx_word' id='word_1_687' title='bbox 1351 5241 1732 5306; x_wconf 81' lang='grc' dir='ltr'>εἰσελάσαντα,</span> <span class='ocrx_word' id='word_1_688' title='bbox 1779 5235 1855 5296; x_wconf 82' lang='grc' dir='ltr'>ὧν</span> <span class='ocrx_word' id='word_1_689' title='bbox 1895 5243 1950 5294; x_wconf 82' lang='grc' dir='ltr'>αἱ</span> 
     </span>
    </p>
   </div>
   <div class='ocr_carea' id='block_1_96' title="bbox 369 5313 1952 5404">
    <p class='ocr_par' dir='ltr' id='par_1_96' title="bbox 369 5313 1952 5404">
     <span class='ocr_line' id='line_1_96' title="bbox 369 5313 1952 5404; baseline 0.001 -20"><span class='ocrx_word' id='word_1_690' title='bbox 369 5333 476 5399; x_wconf 74' lang='grc' dir='ltr'>μὲν</span> <span class='ocrx_word' id='word_1_691' title='bbox 524 5332 736 5384; x_wconf 74' lang='grc' dir='ltr'>οἴκοθεν</span> <span class='ocrx_word' id='word_1_692' title='bbox 781 5327 924 5403; x_wconf 81' lang='grc' dir='ltr'>ἦσαν</span> <span class='ocrx_word' id='word_1_693' title='bbox 969 5331 1118 5404; x_wconf 79' lang='grc' dir='ltr'>αὐτῷ</span> <span class='ocrx_word' id='word_1_694' title='bbox 1150 5313 1772 5404; x_wconf 81' lang='grc' dir='ltr'>προνεναυπηγημέναι,</span> <span class='ocrx_word' id='word_1_695' title='bbox 1809 5335 1864 5386; x_wconf 88' lang='grc' dir='ltr'>αί</span> <span class='ocrx_word' id='word_1_696' title='bbox 1907 5331 1952 5386; x_wconf 78' lang='grc' dir='ltr'>δ’</span> 
     </span>
    </p>
   </div>
   <div class='ocr_carea' id='block_1_97' title="bbox 365 5423 1954 5496">
    <p class='ocr_par' dir='ltr' id='par_1_97' title="bbox 365 5423 1954 5496">
     <span class='ocr_line' id='line_1_97' title="bbox 365 5423 1954 5496; baseline -0.001 -20"><span class='ocrx_word' id='word_1_697' title='bbox 365 5425 438 5476; x_wconf 82' lang='grc' dir='ltr'>ἐκ</span> <span class='ocrx_word' id='word_1_698' title='bbox 468 5423 698 5479; x_wconf 87' lang='grc' dir='ltr'>Τενέδου</span> <span class='ocrx_word' id='word_1_699' title='bbox 729 5443 788 5480; x_wconf 89' lang='grc' dir='ltr'>τε</span> <span class='ocrx_word' id='word_1_700' title='bbox 832 5427 925 5478; x_wconf 78' lang='grc' dir='ltr'>καὶ</span> <span class='ocrx_word' id='word_1_701' title='bbox 963 5425 1172 5480; x_wconf 79' lang='grc' dir='ltr'>Λέσϐου</span> <span class='ocrx_word' id='word_1_702' title='bbox 1209 5427 1302 5480; x_wconf 79' lang='grc' dir='ltr'>καὶ</span> <span class='ocrx_word' id='word_1_703' title='bbox 1349 5427 1572 5496; x_wconf 82' lang='grc' dir='ltr'>Λήμνου</span> <span class='ocrx_word' id='word_1_704' title='bbox 1608 5427 1752 5478; x_wconf 85' lang='grc' dir='ltr'>κατά</span> <span class='ocrx_word' id='word_1_705' title='bbox 1789 5425 1954 5494; x_wconf 84' lang='grc' dir='ltr'>μέρος</span> 
     </span>
    </p>
   </div>
   <div class='ocr_carea' id='block_1_98' title="bbox 365 5512 1958 5588">
    <p class='ocr_par' dir='ltr' id='par_1_98' title="bbox 365 5512 1958 5588">
     <span class='ocr_line' id='line_1_98' title="bbox 365 5512 1958 5588; baseline 0.001 -20"><span class='ocrx_word' id='word_1_706' title='bbox 365 5515 760 5586; x_wconf 76' lang='grc' dir='ltr'>ἠθροισμέναι,</span> <span class='ocrx_word' id='word_1_707' title='bbox 805 5519 903 5574; x_wconf 77' lang='grc' dir='ltr'>καὶ</span> <span class='ocrx_word' id='word_1_708' title='bbox 957 5520 1010 5572; x_wconf 83' lang='grc' dir='ltr'>εί</span> <span class='ocrx_word' id='word_1_709' title='bbox 1058 5535 1200 5582; x_wconf 85' lang='grc' dir='ltr'>τινες</span> <span class='ocrx_word' id='word_1_710' title='bbox 1242 5512 1354 5572; x_wconf 87' lang='grc' dir='ltr'>είεν</span> <span class='ocrx_word' id='word_1_711' title='bbox 1397 5519 1699 5588; x_wconf 84' lang='grc' dir='ltr'>αὐτόνομον</span> <span class='ocrx_word' id='word_1_712' title='bbox 1738 5515 1958 5570; x_wconf 86' lang='grc' dir='ltr'>διαιτὼ-</span> 
     </span>
    </p>
   </div>
   <div class='ocr_carea' id='block_1_99' title="bbox 369 5604 1956 5680">
    <p class='ocr_par' dir='ltr' id='par_1_99' title="bbox 369 5604 1956 5680">
     <span class='ocr_line' id='line_1_99' title="bbox 369 5604 1956 5680; baseline 0 -22"><span class='ocrx_word' id='word_1_713' title='bbox 369 5623 532 5676; x_wconf 86' lang='grc' dir='ltr'>μενοι</span> <span class='ocrx_word' id='word_1_714' title='bbox 587 5607 724 5678; x_wconf 86' lang='grc' dir='ltr'>βίον,</span> <span class='ocrx_word' id='word_1_715' title='bbox 760 5610 856 5678; x_wconf 82' lang='grc' dir='ltr'>ὅγε</span> <span class='ocrx_word' id='word_1_716' title='bbox 903 5611 1010 5680; x_wconf 86' lang='grc' dir='ltr'>μὴν</span> <span class='ocrx_word' id='word_1_717' title='bbox 1059 5607 1516 5680; x_wconf 76' lang='grc' dir='ltr'>Καντακουζηνὸς</span> <span class='ocrx_word' id='word_1_718' title='bbox 1569 5609 1628 5660; x_wconf 89' lang='grc' dir='ltr'>ἐν</span> <span class='ocrx_word' id='word_1_719' title='bbox 1668 5607 1806 5678; x_wconf 85' lang='grc' dir='ltr'>ἀκοῇ</span> <span class='ocrx_word' id='word_1_720' title='bbox 1863 5604 1956 5660; x_wconf 82' lang='grc' dir='ltr'>τοῦ</span> 
     </span>
    </p>
   </div>
   <div class='ocr_carea' id='block_1_100' title="bbox 369 5696 1960 5769">
    <p class='ocr_par' dir='ltr' id='par_1_100' title="bbox 369 5696 1960 5769">
     <span class='ocr_line' id='line_1_100' title="bbox 369 5696 1960 5769; baseline 0 -21"><span class='ocrx_word' id='word_1_721' title='bbox 369 5699 756 5767; x_wconf 69' lang='grc' dir='ltr'>γεγενημένου</span> <span class='ocrx_word' id='word_1_722' title='bbox 786 5700 1084 5768; x_wconf 87' lang='grc' dir='ltr'>γενόμενος</span> <span class='ocrx_word' id='word_1_723' title='bbox 1133 5699 1238 5764; x_wconf 72' lang='grc' dir='ltr'>ἔξω</span> <span class='ocrx_word' id='word_1_724' title='bbox 1281 5697 1380 5769; x_wconf 84' lang='grc' dir='ltr'>μέν</span> <span class='ocrx_word' id='word_1_725' title='bbox 1411 5698 1519 5750; x_wconf 87' lang='grc' dir='ltr'>τῶν</span> <span class='ocrx_word' id='word_1_726' title='bbox 1549 5696 1841 5766; x_wconf 84' lang='grc' dir='ltr'>βασιλείων</span> <span class='ocrx_word' id='word_1_727' title='bbox 1869 5697 1960 5748; x_wconf 84' lang='grc' dir='ltr'>οὐ·</span> 
     </span>
    </p>
   </div>
   <div class='ocr_carea' id='block_1_101' title="bbox 359 5787 1958 5872">
    <p class='ocr_par' dir='ltr' id='par_1_101' title="bbox 359 5787 1958 5872">
     <span class='ocr_line' id='line_1_101' title="bbox 359 5787 1958 5872; baseline 0 -32"><span class='ocrx_word' id='word_1_728' title='bbox 359 5789 532 5872; x_wconf 49' lang='grc' dir='ltr'>ιδαμῆ</span> <span class='ocrx_word' id='word_1_729' title='bbox 573 5789 954 5861; x_wconf 81' lang='grc' dir='ltr'>ἐξεληλυθέναι</span> <span class='ocrx_word' id='word_1_730' title='bbox 1001 5791 1258 5859; x_wconf 80' lang='grc' dir='ltr'>ἐγνώκει,</span> <span class='ocrx_word' id='word_1_731' title='bbox 1301 5789 1486 5854; x_wconf 87' lang='grc' dir='ltr'>δείσας</span> <span class='ocrx_word' id='word_1_732' title='bbox 1535 5789 1636 5860; x_wconf 79' lang='grc' dir='ltr'>τήν</span> <span class='ocrx_word' id='word_1_733' title='bbox 1680 5789 1790 5844; x_wconf 82' lang='grc' dir='ltr'>τῶν</span> <span class='ocrx_word' id='word_1_734' title='bbox 1853 5787 1958 5840; x_wconf 84' lang='grc' dir='ltr'>Βυ-</span> 
     </span>
    </p>
   </div>
   <div class='ocr_carea' id='block_1_102' title="bbox 2059 5137 3626 5208">
    <p class='ocr_par' dir='ltr' id='par_1_102' title="bbox 2059 5137 3626 5208">
     <span class='ocr_line' id='line_1_102' title="bbox 2059 5137 3626 5208; baseline 0 -16"><span class='ocrx_word' id='word_1_735' title='bbox 2059 5139 2308 5194; x_wconf 83' lang='lat' dir='ltr'><strong>remibus</strong></span> <span class='ocrx_word' id='word_1_736' title='bbox 2347 5153 2445 5208; x_wconf 84' lang='lat' dir='ltr'>per</span> <span class='ocrx_word' id='word_1_737' title='bbox 2485 5147 2706 5207; x_wconf 86' lang='lat' dir='ltr'><strong>portum</strong></span> <span class='ocrx_word' id='word_1_738' title='bbox 2744 5139 2876 5192; x_wconf 88' lang='lat' dir='ltr'><strong>solis</strong></span> <span class='ocrx_word' id='word_1_739' title='bbox 2913 5147 3096 5192; x_wconf 85' lang='lat' dir='ltr'><strong>ortum</strong></span> <span class='ocrx_word' id='word_1_740' title='bbox 3136 5153 3330 5194; x_wconf 86' lang='lat' dir='ltr'><strong>versus</strong></span> <span class='ocrx_word' id='word_1_741' title='bbox 3367 5137 3532 5192; x_wconf 89' lang='lat' dir='ltr'><strong>situm</strong></span> <span class='ocrx_word' id='word_1_742' title='bbox 3570 5148 3626 5192; x_wconf 87' lang='lat' dir='ltr'>et</span> 
     </span>
    </p>
   </div>
   <div class='ocr_carea' id='block_1_103' title="bbox 2059 5230 3630 5302">
    <p class='ocr_par' dir='ltr' id='par_1_103' title="bbox 2059 5230 3630 5302">
     <span class='ocr_line' id='line_1_103' title="bbox 2059 5230 3630 5302; baseline -0.004 -16"><span class='ocrx_word' id='word_1_743' title='bbox 2059 5247 2158 5302; x_wconf 86' lang='lat' dir='ltr'>per</span> <span class='ocrx_word' id='word_1_744' title='bbox 2190 5231 2406 5286; x_wconf 84' lang='lat' dir='ltr'><strong>navalia</strong></span> <span class='ocrx_word' id='word_1_745' title='bbox 2432 5239 2624 5284; x_wconf 86' lang='lat' dir='ltr'><strong>vectus</strong></span> <span class='ocrx_word' id='word_1_746' title='bbox 2651 5238 2768 5294; x_wconf 86' lang='lat' dir='ltr'><strong>est,</strong></span> <span class='ocrx_word' id='word_1_747' title='bbox 2805 5245 3039 5298; x_wconf 84' lang='lat' dir='ltr'><strong>quarum</strong></span> <span class='ocrx_word' id='word_1_748' title='bbox 3069 5231 3295 5284; x_wconf 83' lang='lat' dir='ltr'><strong>navium</strong></span> <span class='ocrx_word' id='word_1_749' title='bbox 3327 5231 3446 5284; x_wconf 67' lang='lat' dir='ltr'><strong>aliae</strong></span> <span class='ocrx_word' id='word_1_750' title='bbox 3475 5230 3630 5283; x_wconf 71' lang='lat' dir='ltr'><strong>domi</strong></span> 
     </span>
    </p>
   </div>
   <div class='ocr_carea' id='block_1_104' title="bbox 2058 5319 3626 5390">
    <p class='ocr_par' dir='ltr' id='par_1_104' title="bbox 2058 5319 3626 5390">
     <span class='ocr_line' id='line_1_104' title="bbox 2058 5319 3626 5390; baseline -0.003 -14"><span class='ocrx_word' id='word_1_751' title='bbox 2058 5329 2218 5376; x_wconf 87' lang='lat' dir='ltr'><strong>erant</strong></span> <span class='ocrx_word' id='word_1_752' title='bbox 2248 5329 2606 5386; x_wconf 58' lang='lat' dir='ltr'><strong>constructa,</strong></span> <span class='ocrx_word' id='word_1_753' title='bbox 2642 5321 2764 5374; x_wconf 73' lang='lat' dir='ltr'><strong>aliae</strong></span> <span class='ocrx_word' id='word_1_754' title='bbox 2803 5319 2964 5390; x_wconf 66' lang='grc'>242</span> <span class='ocrx_word' id='word_1_755' title='bbox 3002 5334 3070 5373; x_wconf 84' lang='lat' dir='ltr'><strong>ex</strong></span> <span class='ocrx_word' id='word_1_756' title='bbox 3107 5320 3332 5375; x_wconf 85' lang='lat' dir='ltr'><strong>Tenedo</strong></span> <span class='ocrx_word' id='word_1_757' title='bbox 3359 5331 3410 5376; x_wconf 86' lang='lat' dir='ltr'>et</span> <span class='ocrx_word' id='word_1_758' title='bbox 3451 5321 3626 5373; x_wconf 85' lang='lat' dir='ltr'><strong>Lesbo</strong></span> 
     </span>
    </p>
   </div>
   <div class='ocr_carea' id='block_1_105' title="bbox 2059 5409 3626 5482">
    <p class='ocr_par' dir='ltr' id='par_1_105' title="bbox 2059 5409 3626 5482">
     <span class='ocr_line' id='line_1_105' title="bbox 2059 5409 3626 5482; baseline -0.004 -14"><span class='ocrx_word' id='word_1_759' title='bbox 2059 5423 2114 5468; x_wconf 88' lang='lat' dir='ltr'>et</span> <span class='ocrx_word' id='word_1_760' title='bbox 2143 5413 2436 5468; x_wconf 69' lang='lat' dir='ltr'><strong>Lemno-ex</strong></span> <span class='ocrx_word' id='word_1_761' title='bbox 2463 5413 2958 5482; x_wconf 67' lang='lat' dir='ltr'><strong>parte-conductae;</strong></span> <span class='ocrx_word' id='word_1_762' title='bbox 2981 5421 3038 5468; x_wconf 88' lang='lat' dir='ltr'>et</span> <span class='ocrx_word' id='word_1_763' title='bbox 3069 5413 3114 5467; x_wconf 90' lang='lat' dir='ltr'>si</span> <span class='ocrx_word' id='word_1_764' title='bbox 3148 5413 3242 5482; x_wconf 87' lang='lat' dir='ltr'>qui</span> <span class='ocrx_word' id='word_1_765' title='bbox 3277 5413 3520 5466; x_wconf 88' lang='lat' dir='ltr'><strong>liberam.</strong></span> <span class='ocrx_word' id='word_1_766' title='bbox 3543 5409 3626 5462; x_wconf 79' lang='lat' dir='ltr'>vi-</span> 
     </span>
    </p>
   </div>
   <div class='ocr_carea' id='block_1_106' title="bbox 2059 5499 3629 5573">
    <p class='ocr_par' dir='ltr' id='par_1_106' title="bbox 2059 5499 3629 5573">
     <span class='ocr_line' id='line_1_106' title="bbox 2059 5499 3629 5573; baseline -0.004 -15"><span class='ocrx_word' id='word_1_767' title='bbox 2059 5515 2172 5558; x_wconf 78' lang='lat' dir='ltr'>tam</span> <span class='ocrx_word' id='word_1_768' title='bbox 2219 5504 2478 5573; x_wconf 75' lang='lat' dir='ltr'><strong>agebant.</strong></span> <span class='ocrx_word' id='word_1_769' title='bbox 2522 5501 2766 5558; x_wconf 89' lang='lat' dir='ltr'><strong>Cantacu</strong></span> <span class='ocrx_word' id='word_1_770' title='bbox 2789 5517 2986 5568; x_wconf 83' lang='lat' dir='ltr'><strong>zenus,</strong></span> <span class='ocrx_word' id='word_1_771' title='bbox 3009 5515 3297 5573; x_wconf 86' lang='lat' dir='ltr'><strong>postquam</strong></span> <span class='ocrx_word' id='word_1_772' title='bbox 3334 5517 3456 5571; x_wconf 67' lang='lat' dir='ltr'><strong>quae</strong></span> <span class='ocrx_word' id='word_1_773' title='bbox 3487 5499 3629 5552; x_wconf 84' lang='lat' dir='ltr'><strong>facta</strong></span> 
     </span>
    </p>
   </div>
   <div class='ocr_carea' id='block_1_107' title="bbox 2059 5593 3624 5665">
    <p class='ocr_par' dir='ltr' id='par_1_107' title="bbox 2059 5593 3624 5665">
     <span class='ocr_line' id='line_1_107' title="bbox 2059 5593 3624 5665; baseline -0.004 -15"><span class='ocrx_word' id='word_1_774' title='bbox 2059 5604 2224 5650; x_wconf 86' lang='lat' dir='ltr'><strong>erant</strong></span> <span class='ocrx_word' id='word_1_775' title='bbox 2255 5595 2464 5658; x_wconf 80' lang='lat' dir='ltr'><strong>audiit,</strong></span> <span class='ocrx_word' id='word_1_776' title='bbox 2499 5609 2530 5649; x_wconf 88' lang='lat' dir='ltr'>e</span> <span class='ocrx_word' id='word_1_777' title='bbox 2568 5595 2718 5665; x_wconf 74' lang='lat' dir='ltr'><strong>regia</strong></span> <span class='ocrx_word' id='word_1_778' title='bbox 2751 5596 2902 5650; x_wconf 78' lang='lat' dir='ltr'><strong>exire</strong></span> <span class='ocrx_word' id='word_1_779' title='bbox 2933 5597 3095 5665; x_wconf 79' lang='lat' dir='ltr'><strong>plane</strong></span> <span class='ocrx_word' id='word_1_780' title='bbox 3131 5595 3388 5656; x_wconf 81' lang='lat' dir='ltr'><strong>nolebat,</strong></span> <span class='ocrx_word' id='word_1_781' title='bbox 3425 5593 3624 5662; x_wconf 81' lang='lat' dir='ltr'>Byzan-</span> 
     </span>
    </p>
   </div>
   <div class='ocr_carea' id='block_1_108' title="bbox 2067 5687 3624 5756">
    <p class='ocr_par' dir='ltr' id='par_1_108' title="bbox 2067 5687 3624 5756">
     <span class='ocr_line' id='line_1_108' title="bbox 2067 5687 3624 5756; baseline -0.006 -14"><span class='ocrx_word' id='word_1_782' title='bbox 2067 5689 2312 5744; x_wconf 87' lang='lat' dir='ltr'><strong>tinorum</strong></span> <span class='ocrx_word' id='word_1_783' title='bbox 2343 5687 2712 5743; x_wconf 76' lang='lat' dir='ltr'><strong>extimescens</strong></span> <span class='ocrx_word' id='word_1_784' title='bbox 2747 5687 3014 5756; x_wconf 85' lang='lat' dir='ltr'><strong>impetum</strong></span> <span class='ocrx_word' id='word_1_785' title='bbox 3037 5729 3050 5750; x_wconf 89' lang='grc'>,</span> <span class='ocrx_word' id='word_1_786' title='bbox 3086 5689 3180 5755; x_wconf 88' lang='lat' dir='ltr'>qui</span> <span class='ocrx_word' id='word_1_787' title='bbox 3218 5693 3378 5738; x_wconf 88' lang='lat' dir='ltr'><strong>antea</strong></span> <span class='ocrx_word' id='word_1_788' title='bbox 3409 5697 3624 5752; x_wconf 76' lang='lat' dir='ltr'><strong>magno-</strong></span> 
     </span>
    </p>
   </div>
   <div class='ocr_carea' id='block_1_109' title="bbox 2065 5782 3656 5852">
    <p class='ocr_par' dir='ltr' id='par_1_109' title="bbox 2065 5782 3656 5852">
     <span class='ocr_line' id='line_1_109' title="bbox 2065 5782 3656 5852; baseline -0.006 -18"><span class='ocrx_word' id='word_1_789' title='bbox 2065 5799 2200 5852; x_wconf 89' lang='lat' dir='ltr'><strong>pere</strong></span> <span class='ocrx_word' id='word_1_790' title='bbox 2249 5782 2355 5838; x_wconf 84' lang='lat' dir='ltr'><strong>sibi</strong></span> <span class='ocrx_word' id='word_1_791' title='bbox 2403 5783 2774 5838; x_wconf 83' lang='lat' dir='ltr'><strong>irascerentur</strong></span> <span class='ocrx_word' id='word_1_792' title='bbox 2815 5789 2872 5834; x_wconf 89' lang='lat' dir='ltr'>et</span> <span class='ocrx_word' id='word_1_793' title='bbox 2915 5787 3142 5848; x_wconf 83' lang='lat' dir='ltr'><strong>prepter</strong></span> <span class='ocrx_word' id='word_1_794' title='bbox 3183 5791 3282 5838; x_wconf 87' lang='lat' dir='ltr'><strong>ea,</strong></span> <span class='ocrx_word' id='word_1_795' title='bbox 3319 5789 3440 5843; x_wconf 77' lang='lat' dir='ltr'><strong>qua:</strong></span> <span class='ocrx_word' id='word_1_796' title='bbox 3471 5787 3656 5830; x_wconf 82' lang='lat' dir='ltr'><strong>antea.</strong></span> 
     </span>
    </p>
   </div>
  </div>
