3994 6204
367 307 460 362 ιιι
1587 316 2005 378 NICEPIIORI
2045 319 2428 383 GREGORBE

3504 320 3611 386 21?.

364 416 498 477 dixi.
522 425 575 472 et
607 418 733 488 quia
770 424 976 490 patrias
1009 425 1292 496 religionis
1314 427 1462 496 leges
1484 429 1932 499 contempsisset,

2042 435 2273 498 ςαντίων
2316 437 2520 506 ὁρμὴν,
2549 436 2930 507 ἠρεθισμένων
2981 433 3149 488 πάλαι
3206 430 3454 502 σφοδρῶς
3490 431 3613 484 κατ’

368 510 643 577 simulque
677 510 1048 571 Romanorum
1076 519 1393 572 relictorum
1421 518 1730 574 libertatem
1753 520 1938 574 abole-

366 599 731 673 vit,ip~osque
750 609 801 660 in
821 609 1110 663 servitium
1137 609 1359 664 tradidit
1381 610 1636 665 barbaris
1657 611 1940 666 hostibus-

363 707 471 759 que
523 694 818 754 luereticis.
857 700 1004 754 Misit
1032 702 1180 755 enim
1214 717 1323 757 non
1355 702 1652 757 admodum
1685 703 1939 758 volunta-

365 786 479 839 rios
508 802 540 842 e
566 789 712 855 regia
729 800 784 846 et
817 795 1145 848 convocavit
1175 806 1403 850 senatus
1423 797 1721 866 principes,
1740 813 1936 852 eorum

366 885 422 930 ut
456 881 687 935 consilio
724 893 974 938 uteretur
1010 886 1153 939 inter
1190 887 1483 941 Catelanos
1522 888 1616 941 diu
1661 888 1770 959 jam
1808 904 1934 942 cum

362 984 430 1023 eo
467 971 776 1028 habitantes
809 991 1040 1031 numero
1083 988 1330 1039 centum,
1375 980 1422 1032 si
1459 995 1585 1033 cum
1620 980 1790 1034 armis
1834 996 1935 1047 pu-

362 1079 535 1133 gnans
551 1064 730 1118 adiret
748 1069 925 1136 regios
947 1084 1134 1123 muros
1159 1069 1495 1140 Palaaologus
1521 1071 1676 1140 imp.,
1697 1087 1836 1127 neve
1862 1070 1937 1125 illi

268 1176 273 1182 ·
361 1156 548 1224 potius
577 1169 771 1213 contra
800 1176 926 1215 eum
959 1162 1216 1215 auxiliari
1249 1172 1581 1233 cogerentur
1609 1164 1793 1219 liberi.
1831 1163 1937 1218 Sed

362 1245 475 1299 Deo
512 1260 619 1300 non
650 1246 955 1317 opitulante.
988 1249 1171 1303 omnia
1198 1259 1328 1305 sunt
1363 1250 1714 1319 pessumdata
1742 1268 1755 1315 ;
1793 1251 1940 1303 insc-

360 1340 552 1406 quenti
585 1342 734 1395 enim
766 1341 856 1395 die
891 1342 1178 1413 Byzantini
1213 1359 1339 1397 cum
1378 1359 1446 1397 eo
1485 1342 1707 1397 fortiter
1740 1342 1936 1397 urbem

358 1434 636 1488 obsident.
690 1434 753 1487 Et
802 1437 1121 1504 priusquam
1173 1437 1287 1491 duo
1340 1436 1442 1489 toti
1492 1435 1612 1490 dies
1661 1436 1939 1506 prmterie-

360 1535 529 1589 runt,
560 1526 861 1581 sarmentis
899 1528 1086 1583 multis
1120 1529 1485 1585 incendentes
1517 1543 1639 1582 eam
1662 1568 1678 1593 ,
1709 1544 1833 1598 quae
1869 1526 1937 1580 ad

358 1615 770 1672 Blachernense
800 1619 1065 1689 templum
1094 1636 1312 1675 sacrum
1346 1619 1501 1674 ducit
1534 1628 1747 1690 portam
1777 1632 1939 1688 aper-

360 1718 470 1762 tam
508 1708 791 1765 inferioris
826 1712 1018 1781 palatii
1050 1752 1064 1776 ,
1103 1712 1280 1767 eﬂ'uso
1313 1713 1519 1780 impetu
1556 1710 1935 1777 incurrebant,

2041 525 2230 592 αὑτοῦ,
2260 527 2331 582 τά
2353 544 2414 582 τε
2444 526 2581 584 ἄλλα
2611 527 2787 580 ὁπόσα
2812 526 3077 590 πολλάκις
3107 523 3278 594 ἔφθην
3303 525 3496 586 εἰπὼν,
3516 521 3613 575 καὶ

2040 619 2124 672 ὅτι
2155 618 2283 683 τούς
2318 637 2380 674 τε
2417 621 2518 690 τῆς
2550 620 2838 682 εὐσεϐείας
2876 619 3141 686 πατρίους
3180 615 3615 684 καταπεπάτηκε

2040 712 2264 779 νόμους,
2286 713 2382 766 καὶ
2404 714 2506 784 τὴν
2523 706 2631 767 τῶν
2653 712 3155 780 έναπολειφθέντων
3174 709 3293 781 ἅμα
3327 707 3616 775 Ῥωμαίων

2040 806 2363 878 ἐλευθερίαν
2407 806 2744 877 ἀφελόμενος
2783 804 3062 859 δουλεύειν
3122 792 3322 863 αὐτοὺς
3365 797 3616 854 ἐδεδώκει

2042 900 2343 971 βαρϐάροις
2370 902 2465 956 καὶ
2497 901 2756 953 ἀσεϐέσιν
2782 900 3016 970 ἐχθροῖς.
3054 896 3284 966 Πέμψας
3325 893 3369 947 δ’
3392 892 3486 946 οὖν
3515 891 3617 960 τὴν

2040 996 2305 1064 ταχίστην
2340 994 2491 1056 ἐντὸς
2510 994 2798 1064 βασιλείων
2832 991 2895 1066 [ί.
2927 992 3032 1047 124
3060 989 3139 1063 mi
3175 990 3237 1043 οὐ
3275 986 3423 1057 μάλα
3463 984 3618 1036 ἑκόν-

2041 1105 2139 1150 τας
2175 1087 2418 1153 ἀθροίζει
2464 1088 2594 1145 τοὺς
2617 1088 2717 1156 τῆς
2772 1085 3080 1153 συγκλήτου
3132 1078 3493 1151 προύχοντας,
3523 1076 3617 1128 ἵνα

2040 1195 2097 1230 τε
2140 1179 2454 1248 συμμάχοις
2486 1178 2667 1247 χρῷτο
2695 1178 2790 1230 καὶ
2819 1177 3002 1238 αύτοίς
3035 1175 3174 1244 μετά
3193 1172 3305 1225 τῶν
3328 1173 3389 1223 ὲκ
3416 1166 3615 1220 πολλοῦ

2043 1269 2439 1324 συνοικούντων
2466 1270 2615 1334 αὐτῷ
2650 1269 3004 1331 Κατελάνων,
3037 1269 3119 1328 είς
3148 1260 3341 1319 ἑκατὸν
3375 1260 3621 1329 ἀνηγμέ-

2041 1378 2148 1414 νων
2173 1361 2263 1414 τὸν
2297 1360 2558 1432 ἀριθμὸν,
2591 1359 2756 1414 ὁπότε
2797 1359 2941 1412 ὲπίοι
2998 1357 3099 1411 σὺν
3145 1355 3334 1417 ὅπλοις
3375 1351 3622 1417 πολεμη-

2043 1454 2207 1506 σείων
2240 1453 2426 1520 κύκλῳ
2451 1454 2519 1507 τὰ
2547 1452 2797 1523 βασίλεια
2821 1450 2977 1520 τείχη
3015 1446 3383 1513 Παλαιολόγος
3404 1444 3434 1495 ό
3457 1442 3620 1509 βασι-

1998 1534 2005 1537 ’
2038 1548 2189 1610 λεὺς,
2232 1548 2326 1600 καὶ
2359 1548 2448 1602 ἵνα
2474 1547 2549 1617 μὴ
2580 1547 2775 1616 ἐκείνῳ
2813 1543 3016 1615 μᾶλλον
3041 1543 3162 1597 κατ’
3195 1540 3362 1596 αὑτοῦ
3398 1552 3620 1605 συμμα-

2041 1643 2158 1711 χεῖν
2190 1641 2622 1709 ἀναγκασθῶσιν
2651 1640 2933 1709 ἐλεύθεροι
2963 1634 3323 1700 δντες.⁹Αλλά
3353 1631 3450 1684 τοῦ
3479 1626 3618 1683 Θεοῦ

2046 1730 2121 1800 μὴ
2153 1732 2549 1799 συναιρομένου
2595 1728 2664 1782 τά
2707 1729 2887 1783 πάντα
2935 1725 3365 1793 ἀπέστραπται.
3401 1719 3483 1789 Τῇ
3512 1717 3617 1785 γὰρ

360 1802 417 1848 et
481 1794 779 1851 Castellum
830 1799 977 1867 quod
1032 1800 1226 1854 dicunt
1274 1810 1647 1870 expugnatum
1704 1798 1934 1869 diripie-

2046 1791 2326 1890 δστεραία
2356 1791 3057 1892 περιστρατοπεδεύσαντες
3091 1791 3210 1887 ἅμα
3236 1811 3389 1883 αὐτῷ
3414 1809 3619 1869 πάντες

359 1886 491 1943 bant
536 1895 598 1942 ut
642 1889 826 1947 libuit.
863 1891 958 1947 llis
996 1893 1069 1945 ita
1105 1893 1276 1962 gestis
1320 1907 1447 1948 cum
1500 1892 1554 1947 in
1616 1894 1764 1961 regia
1794 1893 1939 1947 mola

360 1994 586 2047 prorsus
626 1980 773 2034 nulla
808 1992 981 2048 esset,
997 1983 1174 2036 farina
1195 1982 1412 2038 triticea
1435 1991 1491 2039 et
1524 1980 1680 2051 panis
1712 1994 1939 2052 propter

357 2072 723 2127 calamitatem
759 2072 921 2147 243
956 2075 1240 2145 inopinato
1277 2079 1628 2145 ingruentem
1675 2094 1784 2133 non
1810 2095 1941 2148 sup-

359 2166 646 2234 petebant,
682 2181 864 2236 neque
897 2166 943 2219 is
973 2169 1067 2236 qui
1118 2183 1214 2236 per
1244 2169 1488 2241 singulos
1534 2172 1651 2227 dies
1682 2188 1939 2228 necessa-

358 2261 479 2316 rius
508 2273 630 2317 erat
655 2270 913 2331 sumptus
934 2301 950 2326 ,
983 2272 1038 2317 et
1064 2262 1229 2317 simul
1260 2279 1510 2319 murmur
1541 2275 1598 2320 et
1623 2279 1762 2335 quas
1788 2267 1940 2321 intus

361 2352 468 2407 sibi
501 2353 737 2407 invicem
776 2352 1030 2408 fecerunt
1063 2354 1245 2408 callidi
1285 2356 1359 2409 illi
1397 2357 1503 2409 viri
1535 2358 1936 2412 insusurratio-

358 2459 459 2498 nes
511 2454 566 2497 et
595 2441 977 2498 Cantacuzeuo
998 2444 1157 2500 factae
1209 2445 1629 2503 criminationes
1684 2464 1932 2517 magnam

358 2536 656 2590 movebant
702 2535 1071 2601 seditionem,
1112 2540 1382 2607 cogebant
1426 2538 1607 2595 fmdus
1653 2555 1780 2594 cum
1832 2542 1935 2595 Pa-

357 2626 586 2695 l:eologo
615 2625 751 2695 imp.
789 2626 944 2693 prius
977 2626 1114 2679 inire
1136 2667 1152 2691 ,
1183 2643 1349 2696 quam
1403 2645 1491 2684 res
1545 2630 1690 2684 ferre
1737 2632 1935 2685 erude-

355 2717 615 2772 lissimas.
637 2718 774 2772 Cum
802 2718 968 2787 igitur
987 2719 1175 2789 paucis
1194 2720 1389 2775 diebus
1412 2737 1499 2776 res
1518 2721 1626 2776 illa:
1643 2723 1717 2776 ita
1746 2730 1934 2777 essent

355 2813 687 2873 eoustitutrr,
718 2819 774 2864 et
807 2809 1014 2864 ftedere
1060 2818 1117 2865 ut
1145 2826 1316 2882 penes
1334 2822 1629 2883 utrumque
1654 2826 1800 2869 esset
1829 2814 1934 2869 im-

352 2901 567 2973 perium
599 2904 928 2968 sanxissent,
970 2903 1090 2957 sine
1145 2904 1460 2974 suSpicione
1508 2921 1631 2960 sese
1694 2907 1929 2963 invicem

353 2995 584 3051 adibant
634 2996 1211 3065 consuetudinemque
1240 3008 1643 3053 contraxerunt
1685 3000 1829 3054 intra
1874 3010 1930 3056 et

352 3096 507 3144 extra
542 3088 787 3159 regiam;
823 3091 1179 3159 quamobrem
1207 3091 1554 3160 perturbatio
1578 3094 1926 3161 ettumultus

355 3183 724 3239 movebantur
753 3184 1051 3239 admodum
1097 3185 1398 3241 insidiosos
1423 3202 1640 3256 semper
1679 3188 1933 3259 Byzanti-

354 3274 480 3337 nis,
507 3274 602 3345 qui
635 3276 900 3331 conviciis
935 3277 1416 3349 persequebantur
1446 3279 1627 3349 ipsum
1656 3279 1935 3336 Cantacu-

357 3381 555 3421 zenum
579 3408 593 3430 ,
623 3370 718 3439 qui
754 3383 880 3422 eum
920 3370 1098 3423 adorti
1134 3381 1322 3425 essent
1357 3379 1523 3439 atque
1559 3373 1933 3438 minabantur,

360 3473 421 3513 se
456 3474 588 3513 suos
621 3440 831 3527 gladios
864 3460 929 3514 ad
965 3462 1143 3531 ipsum
1182 3461 1633 3517 interficiendum
1669 3480 1791 3518 esse
1824 3464 1930 3518 tin-

356 3557 569 3614 cturos,
590 3549 695 3603 nisi
725 3551 1216 3607 celerrime.vestes
1241 3554 1418 3623 regias
1444 3570 1568 3608 cum
1602 3554 1793 3608 habitu
1818 3570 1939 3608 mo-

357 3641 571 3696 nastico
603 3655 861 3697 mutaret.
885 3643 1125 3714 Indeque
1154 3656 1267 3712 poet
1298 3662 1403 3700 non
1434 3647 1636 3701 multos
1666 3647 1785 3701 dies
1814 3648 1940 3702 reli-

358 3734 479 3803 quit
524 3744 686 3788 noctu
737 3735 1020 3804 palatium,
1046 3739 1301 3792 tuonachi
1349 3751 1498 3793 veste
1538 3739 1783 3806 indutus,
1830 3757 1937 3795 una

358 3840 483 3881 cum
518 3841 709 3892 uxore,
740 3828 856 3897 ipse
885 3828 1121 3899 Joasaph
1146 3832 1566 3900 cognominatus
1589 3874 1603 3900 ,
1637 3833 1721 3886 illa
1751 3842 1935 3887 autem

358 3917 629 3990 Eugenia.
672 3920 797 3991 Ipse
837 3924 889 3974 in
927 3921 1320 3991 Manganorum
1356 3926 1753 3979 monasterium
1792 3925 1939 3981 refu-

357 4009 578 4078 giebat,
627 4010 717 4064 illa
759 4020 942 4065 autem
993 4011 1048 4064 in
1099 4011 1150 4065 id
1211 4013 1360 4082 quod
1410 4015 1638 4069 Marthae
1708 4017 1935 4071 dicitur.

359 4101 748 4170 Sequebantur
795 4118 891 4156 eos
937 4119 1048 4157 non
1097 4105 1275 4159 solum
1324 4121 1388 4160 ea
1440 4107 1623 4161 omnia
1675 4124 1799 4178 qua:
1866 4111 1935 4167 ad

2047 1914 2336 1976 Βυζάντιοι
2386 1913 2722 1985 ἐρρωμένως
2757 1909 3138 1979 ἐπολιόρκουν.
3170 1905 3282 1960 Καὶ
3323 1905 3457 1973 πρὶν
3487 1900 3618 1960 ὅλας

2046 2006 2140 2061 δύο
2185 2006 2480 2077 παρελθεῖν
2518 2005 2754 2076 ἡμέρας,
2806 2003 3104 2072 φρυγάνοις
3155 1996 3371 2060 πολλοῖς
3408 2007 3620 2062 πυρπο-

2046 2097 2316 2167 λήοαντες
2358 2098 2462 2166 τὴν
2504 2095 2642 2166 πρὸς
2690 2094 2782 2147 τὸν
2810 2096 2871 2149 ὲν
2902 2090 3255 2182 χΒλαχέρναις
3284 2086 3438 2182 θετον.
3461 2077 3619 2182 ,νεὼν

2046 2188 2414 2257 ἀνοιγομένην
2444 2186 2621 2252 πύλην
2647 2185 2744 2239 τοῦ
2769 2172 3231 2240 κάτωπαλατίου,
3258 2172 3621 2246 ενίσερρύησαν

2045 2282 2263 2351 ἀσχέτῳ
2315 2281 2487 2351 ῥύμῃ,
2539 2282 2636 2333 καὶ
2683 2279 2745 2331 τὸ
2789 2276 3090 2332 Καστέλιον
3131 2271 3278 2326 οὕτω
3323 2267 3620 2336 λεγόμενον

2046 2373 2574 2444 ὲξηνδραποδίοαντό
2610 2388 2671 2425 τε
2702 2368 2801 2424 καὶ
2825 2368 3169 2437 διενείμαντο
3200 2362 3345 2421 κατά
3368 2360 3508 2428 σφᾶς
3543 2355 3620 2416 ὡς

2044 2468 2354 2521 ὲὸούλοντο.
2398 2465 2606 2518 Τούτου
2647 2464 2692 2517 δ’
2739 2461 2887 2517 οὕτω
2938 2456 3377 2526 συνενεχθέντος,
3428 2447 3620 2516 ἐπειδὴ

2045 2560 2338 2633 βασιλείων
2395 2558 2546 2621 ὲντδς
2599 2556 2765 2626 μύλος
2823 2554 2921 2623 μὲν
2965 2552 3172 2622 ἥκιστα
3209 2541 3300 2616 ἧν,
3332 2537 3620 2610 ἀλευραδὲ

2043 2656 2139 2708 καὶ
2185 2652 2342 2722 ἄρτοι
2389 2649 2560 2704 διὰτὸ
2595 2649 2693 2717 τῆς
2718 2646 3005 2717 συμφορᾶς
3039 2636 3394 2733 ἀδόκητονᾲού
3422 2648 3618 2733 Δπροιεμ-

2042 2746 2374 2816 κονόμηντο,
2398 2743 2434 2814 ἦ
2482 2758 2541 2796 τε
2585 2741 2713 2795 καθ’
2751 2738 2965 2809 ἡμέραν
3004 2733 3218 2800 δαπάνη
3245 2728 3340 2783 τοῦ
3379 2723 3619 2795 πλήθους

2040 2838 2261 2892 ἔνδοθεν
2291 2835 2673 2906 ἀπαραίτητον
2701 2832 2805 2901 τὴν
2825 2828 3090 2900 χορηγίαν
3122 2823 3347 2916 ἀπῄτει,
3502 2816 3619 2916 ἅμα

2039 2932 2068 2980 ὁ
2099 2925 2422 2995 γογγυσμὸς
2461 2927 2558 2976 καὶ⁸
2604 2924 2653 2975 οί
2692 2920 2830 2991 πρὸς
2857 2917 3124 2987 ἀλλήλους
3152 2909 3481 3003 ψιθυρισμοί.
3507 2909 3620 3003 τῶν

2038 3017 2190 3079 ἐντὸς
2222 3011 2586 3083 πολυτρόπων
2625 3010 2851 3063 ἐκείνων
2880 3005 3092 3077 ἀνδρῶν
3123 3004 3228 3057 καὶ.
3263 3002 3320 3054 al.
3348 2996 3492 3051 κατά
3522 2996 3619 3087 τού

2044 3104 2511 3175 Καντακουζηνοῦ
2546 3103 2808 3172 λοιδορίαι
2856 3098 3061 3169 πολλὴν
3099 3096 3291 3150 ὢδινον
3342 3091 3446 3162 τὴν
3493 3104 3599 3142 κατ

2044 3198 2211 3255 αὑτοῦ
2253 3198 2493 3266 κίνησιν,
2517 3196 2599 3256 είς
2630 3193 2873 3258 ἀνάγκας
2919 3188 3133 3258 ήλασαν
3180 3179 3508 3236 σπείσασθαι
3541 3175 3623 3242 τῷ

2042 3291 2283 3362 γαμϐρῷ
2316 3289 2413 3342 καὶ
2450 3286 2662 3359 βασιλεῖ
2692 3281 3072 3349 Παλαιολόγῳ,
3102 3276 3234 3343 πρὶν
3263 3275 3297 3342 ἢ
3325 3272 3521 3326 παθεῖν
3551 3270 3623 3322 τὰ

2041 3386 2341 3455 ἀνήκεστα.
2386 3380 2647 3450 Βραχέων
2680 3372 2775 3431 οὖν
2819 3374 2970 3437 ἐντὸς
3019 3366 3247 3443 ἡμερῶν
3283 3365 3483 3420 οὑτωσὶ
3507 3362 3621 3415 τῶν

2041 3477 2389 3548 πραγμάτων
2419 3471 2646 3525 ἐκείνων
2672 3467 3082 3523 συνελαθέντων
3108 3462 3333 3517 καὶτῶν
3372 3456 3619 3514 σπονδῶν

2042 3572 2135 3623 ἐπὶ
2168 3569 2247 3636 τῷ
2281 3566 2590 3635 βασιλεύειν
2634 3561 2803 3631 ἄμφω
2843 3555 3249 3630 γεγενημένων,
3284 3551 3619 3636 ἀνυπόπτως

2041 3659 2144 3729 ἤδη
2175 3634 2490 3727 προσῄεσαν
2517 3651 2612 3705 καὶ⁵
2639 3649 2881 3718 ὡμίλουν
2906 3644 3155 3713 ἀλλήλοις
3188 3638 3299 3694 τῶν
3330 3634 3621 3729 βασιλείων

2041 3725 2391 3805 οἴκων-ἔνδον
2421 3744 2545 3815 ἅμα,
2578 3744 2671 3797 καὶ
2704 3742 2840 3807 ἐξωο
2874 3738 2958 3795 διὸ
2992 3736 3089 3789 κα)⁸
3130 3730 3392 3800 σύγχυσίς
3418 3743 3481 3779 τε
3523 3725 3621 3778 καὶ

2045 3843 2277 3911 θόρυόος
2311 3841 2581 3908 ἠγείρετο
2603 3833 2811 3904 σφόδρα
2865 3830 3078 3899 ἄσημος
3117 3825 3261 3880 κατά
3304 3822 3363 3875 τὸ
3393 3818 3620 3889 συνεχὲς

2044 3936 2182 4007 πρὸς
2228 3932 2543 3996 Βυζαντίων
2577 3929 2720 3983 κατά
2771 3924 3065 3996 πρόσωπόν
3123 3936 3183 3975 τε
3234 3917 3330 3971 καὶ
3382 3912 3616 4007 ἀναιδῶς

2042 4005 2428 4097 λοιδορούντων
2471 4021 2637 4077 αὐτὸν
2672 4012 3127 4082 Καντακουζηνὸν
3157 4011 3253 4065 καὶ
3306 4005 3618 4097 ἐπιπηδώνέ

2039 4136 2148 4173 των
2174 4096 2346 4187 αύτῷ.
2372 4117 2469 4169 καὶ
2501 4116 2558 4166 ὲν
2580 4111 2938 4180 ἐπαγγελίαις
2959 4108 3130 4161 ὄντων
3154 4105 3297 4158 κατὰ
3322 4102 3420 4171 τῆς
3446 4096 3615 4152 αύτοῦ

362 4193 535 4248 vitam
584 4196 1001 4248 sustentandam
1055 4199 1366 4252 necessaria
1418 4210 1581 4264 sunt,
1625 4202 1721 4256 sed
1770 4204 1936 4257 etiam

2042 4210 2258 4277 σφαγῆς
2290 4202 2360 4260 τά
2409 4205 2529 4258 ῐδια.
2569 4203 2802 4273 βάπτειν
2848 4200 3002 4268 ξίφη,
3033 4200 3082 4250 εί
3112 4195 3193 4266 μὴ
3220 4193 3320 4260 τὴν
3350 4190 3620 4258 ταχίστην

360 4303 707 4358 quaecunque
750 4288 805 4341 in
841 4286 1003 4358 244
1040 4291 1190 4354 regio
1228 4293 1426 4345 aerario
1478 4295 1732 4362 repositae
1778 4309 1936 4353 erant

2042 4302 2180 4373 πρὸς
2228 4301 2291 4353 τὸ
2330 4298 2615 4370 μοναδικὸν
2667 4297 2768 4363 τὴν
2810 4293 3085 4364 βασίλειον
3137 4287 3345 4359 ἀμείψῃ
3396 4285 3618 4353 στολήν.

360 4380 565 4437 divitiae
590 4380 779 4435 faciles
812 4388 1053 4450 portatu,
1082 4380 1381 4452 Palaeologo
1412 4384 1544 4454 imp.
1576 4385 1821 4458 ipsorum
1853 4406 1936 4445 sa-

2046 4395 2247 4448 Ἔνθεν
2275 4411 2359 4447 τοι
2383 4394 2479 4445 καὶ
2510 4393 2629 4459 μετ’
2661 4392 2720 4442 οὐ
2750 4386 2957 4448 πολλὰς
2980 4384 3078 4446 τὰς
3106 4385 3317 4452 ἡμέρας
3343 4378 3492 4449 ἐξῄει
3518 4374 3615 4428 τοῦ

358 4472 462 4528 Mli
497 4473 899 4544 ριόερίοἱαιιιθ.
1971 4487 2009 4539 D
2040 4487 2328 4550 παλατίου,
2359 4487 2422 4539 τὸ
2454 4484 2743 4555 μοναδικδν
2772 4478 3153 4551 ἠμφιεσμένος
3179 4476 3388 4545 σχῆμα,
3430 4470 3523 4535 ξύν
3551 4485 3617 4535 γε

358 4571 428 4640 τῇ
461 4568 714 4641 ὁμοζύγῳ
744 4569 959 4630 νυκτὸς,
992 4569 1157 4633 αὐτὸς
1206 4568 1307 4638 μὲν
1346 4570 1591 4641 Ἰωάσαφ.
1636 4580 2084 4648 μετονομασθεὶς,
2123 4581 2159 4649 ἡ
2188 4579 2237 4631 δ’
2293 4576 2547 4644 Εὐγενία,
2610 4576 2709 4628 καὶ
2752 4577 2781 4627 ό
2814 4574 2913 4642 μὲν
2964 4573 3046 4632 είς
3106 4568 3204 4640 τὴν
3238 4568 3348 4619 τῶν
3383 4563 3616 4632 Μαγγά-

324 4659 470 4735 ἔνων
519 4664 689 4735 μονὴν
727 4667 1085 4733 μετοικήσας.
1160 4664 1194 4734 ἡ
1245 4664 1291 4718 δ’
1345 4666 1426 4728 εὶς
1485 4665 1584 4735 τὴν
1620 4671 1721 4733 τῆς
1770 4673 1999 4742 Μάρθας
2042 4673 2244 4727 οὑτωσὶ
2276 4665 2653 4738 κεκλημένηνζ
2682 4668 2881 4725 Εἵπετο
2921 4665 2968 4720 δ’
3001 4666 3190 4725 αὐτοῖς
3229 4661 3303 4732 μὴ
3358 4660 3521 4730 μόνον
3555 4659 3617 4710 ἆ-

361 4756 525 4811 πανθ’
566 4756 668 4810 ὅσα
712 4755 852 4826 πρὸς
908 4758 970 4808 τὸ
1002 4754 1101 4825 ζῇν
1162 4757 1462 4825 ἀναγκαῖα,
1498 4757 1636 4812 ἀλλὰ
1697 4763 1793 4816 καὶ
1842 4766 1963 4828 ὅσος
2000 4768 2113 4828 τοῖς
2170 4764 2469 4833 βασιλικοῖς
2536 4762 2809 4831 ταμιείοις
2867 4758 3024 4828 ἔτυχε
3058 4758 3200 4819 τέως
3251 4752 3618 4824 ἠθροισμένος

362 4851 616 4917 πλοῦτος,
648 4851 905 4918 καθάπαξ
931 4851 1078 4916 ἆπας
1109 4853 1414 4925 συλλήϐδην
1438 4857 1615 4910 εἰπεῖν
1643 4859 1929 4928 ἀγώγιμος
1972 4861 2153 4930 σφίσιν
2214 4860 2400 4912 εἵπετο
2434 4860 2529 4913 καὶ
2573 4857 2757 4921 αὐτὸς,
2800 4852 3173 4920 Παλαιολόγου
3217 4849 3311 4903 τοῦ
3344 4845 3614 4916 βασιλέως

360 4943 599 5007 ἐνδόντος
620 4942 762 4995 αίδοῖ
787 4943 883 4996 τοῦ
912 4944 1132 5014 κήδους.
2284 4937 2306 4952 ’

436 5039 555 5095 Xll.
620 5039 729 5099 Sed
775 5040 1024 5096 breviter
1069 5040 1302 5095 dicenda
1346 5050 1478 5095 sunt
1519 5058 1650 5113 quze-
1682 5048 1934 5117 eontige~

359 5140 493 5186 runt
517 5144 582 5185 eo
613 5138 858 5198 tempore
884 5131 1178 5185 Philotheo
1214 5131 1540 5195 patriarchae
1564 5174 1577 5195 ,
1609 5135 1698 5188 cui
1734 5135 1933 5191 Cocci-

361 5241 437 5279 no
486 5238 793 5294 cognomen
822 5232 964 5279 erat.
1007 5224 1102 5277 list
1131 5232 1315 5278 autem
1349 5227 1529 5280 oratio
1563 5229 1731 5296 paulo
1765 5230 1935 5284 altius

2114 5047 2174 5120 ll.
2211 5047 2315 5101 125
2346 5047 2420 5119 εκ]
2452 5043 2553 5099 IB'.
2599 5044 2761 5097 Ἀλλὰ
2792 5025 3013 5096 λεκτέον
3053 5043 3185 5111 ἡμῖν
3214 5039 3488 5109 ἐνζβραχεῖ
3519 5039 3616 5091 καλ

2040 5141 2138 5191 ὅσα
2170 5138 2470 5209 τηνικαῦτα
2498 5137 2875 5206 συμπέπτωκε
2917 5134 3234 5205 πατριάρχῃ
3264 5130 3503 5200 Φιλοθέῳ
3535 5130 3613 5198 τῷ

2042 5230 2465 5299 έπικεκλημένῳ
2517 5227 2810 5294 Κοκκίνῳ⁸
2869 5226 2975 5296 χρὴ
3016 5227 3123 5294 γὰρ
3152 5222 3383 5278 ἐνταῦθα
3416 5223 3615 5291 μικρὸν

360 5316 666 5386 repetenda
692 5316 781 5379 iis,
805 5314 1011 5385 quibus
1037 5314 1295 5370 audiendi
1321 5316 1657 5371 desiderium
1681 5329 1788 5384 est,
1811 5336 1934 5391 quae

362 5407 650 5478 castigatio
678 5407 867 5463 divina
897 5408 1062 5462 etiam
1099 5407 1165 5465 εἰη
1213 5422 1340 5460 eum
1377 5409 1606 5465 irruerit
1639 5411 1706 5464 ad
1740 5428 1934 5482 repre-

361 5499 711 5557 hendendam
731 5501 969 5569 ineptam
988 5499 1469 5571 perniciosamque
1489 5505 1934 5558 ostentationem.

351 5589 476 5649 :Res
501 5600 622 5647 erat
655 5593 790 5648 haec.
824 5592 1038 5647 Accidit
1075 5593 1129 5649 in
1167 5595 1497 5649 monasterio
1561 5596 1705 5664 quod
1739 5595 1934 5650 Crataei

364 5682 594 5750 dicitur,
633 5694 696 5739 ut
728 5700 944 5740 sacrum
985 5688 1350 5754 fragmentum
1385 5704 1415 5741 a
1446 5689 1626 5756 capite
1658 5702 1834 5757 usque
1871 5690 1936 5741 λιι
1966 5680 1977 5691 ’

367 5772 535 5846 pedes
553 5775 830 5845 exemplar
846 5776 1114 5833 exhibens
1133 5777 1506 5833 membrorum
1522 5776 1939 5845 omniuminvc-

2040 5320 2426 5388 ἀναδραμόντα
2458 5319 2537 5388 τῷ
2568 5320 2712 5390 λόγῳ
2740 5319 2911 5386 δεῖξαι
2942 5314 3020 5381 οἷς
3057 5319 3277 5371 ἀκούειν
3308 5320 3495 5386 ἔφεσις
3523 5318 3613 5370 οἵα

2042 5416 2133 5465 καὶ
2163 5411 2338 5482 τούτῳ
2393 5411 2581 5465 θεόθεν
2630 5413 2696 5465 ὲκ
2726 5411 2820 5464 τοῦ
2856 5412 3041 5481 σχεδὸν
3077 5411 3347 5481 ἐνέσκηψε
3391 5412 3621 5469 παιδεία,

2038 5506 2175 5574 πρὸς
2207 5506 2430 5573 ἔλεγχον
2452 5503 2553 5572 τῆς
2579 5504 2809 5573 ἀκαίρου
2843 5504 2937 5558 καὶ⁵
2960 5505 3239 5575 σφαλερᾶς
3262 5506 3610 5575 καυχήσεως.

2040 5597 2208 5666 Ἔσχε
2234 5597 2344 5665 γὰρ
2377 5597 2598 5650 οὑτωσί.
2645 5596 2892 5664 Ἐγένετο
2941 5597 3082 5650 κατά
3109 5600 3207 5667 τὴν
3236 5600 3406 5669 μονὴν
3431 5599 3464 5668 ἦ
3515 5597 3610 5650 τοῦ

2040 5685 2323 5756 Κραταιοῦ
2356 5686 2736 5755 ἐπικέκληται,
2787 5687 3040 5756 λείψανον
3087 5688 3231 5757 ἱερὸν
3263 5690 3326 5740 ἐκ
3366 5686 3611 5755 κεφαλῆς

2039 5777 2167 5845 ἄχρι
2195 5774 2373 5829 ποδῶν
2410 5776 2673 5840 ἁνενδεῶς
2707 5777 2816 5830 τῶν
2853 5778 3032 5847 μελῶν
3076 5777 3331 5832 ἁπάντων
3364 5776 3485 5847 ἔχον
3514 5777 3607 5829 εύ-
