3994 6204
324 206 429 260 ⁸225

324 246 407 268 ὧδε

1512 205 1946 281 Lvtceruout
1987 220 2376 284 esseom

3473 232 3578 296 216

328 321 581 372 fanorum
616 319 711 386 qui
763 316 905 373 forte
938 319 1152 374 invitati
1185 321 1363 374 forent
1407 339 1532 376 cum
1583 323 1702 393 ipso
1747 340 1902 379 sacra

2016 331 2274 396 λέσοντες.
2299 335 2409 387 Καὶ
2437 334 2610 389 ταῦτα
2645 336 2746 405 μὲν
2783 337 2906 406 τῇδέ
2949 354 3025 407 πη
3067 335 3383 408 κεχώρηκεν
3408 357 3422 372 ·
3455 342 3579 413 ἇρτι

328 407 551 462 facturi.
598 407 666 462 Et
710 410 826 463 haec
873 410 1097 479 quidem
1141 412 1214 464 ita
1259 411 1372 466 fere
1420 424 1731 469 cesserunt.
1778 415 1899 469 Mox

325 509 512 553 autem
563 499 616 554 in
647 501 852 571 vigiliis
885 501 994 556 diei
1052 504 1199 563 festi.
1231 519 1340 572 quo
1403 506 1691 571 oportebat
1744 523 1903 562 sacra

328 592 522 656 obire,
571 594 760 646 omnia
825 593 1087 648 solitariis
1163 595 1269 648 illis
1339 596 1464 650 inde
1534 614 1562 650 a
1631 599 1906 653 matutino

331 700 508 753 usque
532 684 599 738 ad
630 686 1005 754 vespertinum
1043 695 1259 753 tempus
1289 691 1736 758 occupatis,quze
1765 706 1907 759 opus

329 783 489 828 erant
519 775 735 829 abunde
770 777 1217 844 suppeditabant;
1270 790 1460 834 sancto
1487 790 1672 835 autem
1703 783 1904 851 cuique

335 867 581 933 homini,
611 868 900 936 sanctique
927 869 1090 939 hujus
1121 871 1230 923 Deo
1261 873 1422 926 unico
1449 890 1677 942 prorsus
1705 876 1909 945 impro-

329 959 572 1012 bandum
597 971 714 1012 erat
741 975 802 1012 ac
837 960 1062 1015 minime
1091 962 1376 1016 ferendum
1409 965 1505 1017 has
1529 981 1619 1020 res
1650 975 1908 1021 tractatas

326 1065 451 1104 esse
523 1051 778 1103 manibus
835 1053 1081 1104 virorum
1139 1054 1370 1108 deorum
1421 1055 1687 1110 falsorum
1769 1059 1908 1112 mul-

332 1142 626 1195 titudinem
683 1143 985 1198 colentium
1036 1144 1197 1216 247
1249 1148 1455 1216 quique
1505 1149 1577 1202 ita
1628 1150 1907 1218 impietate

330 1230 592 1284 diuturna
641 1240 698 1284 et
753 1232 853 1300 ipsi
912 1233 1271 1290 vehementer
1321 1239 1612 1294 constricti
1669 1251 1724 1294 et
1768 1240 1908 1294 alios

329 1321 397 1375 ad
448 1335 568 1375 eam
603 1337 704 1376 suo
743 1326 998 1393 exemplo
1039 1327 1396 1381 adducerent.
1435 1329 1702 1396 Quocirca
1740 1332 1906 1385 etiam

331 1422 494 1468 nocte
529 1413 622 1468 illa
654 1415 759 1469 sub
792 1417 1044 1470 auditum
1071 1419 1181 1490 jam
1212 1420 1477 1490 gallorum
1509 1435 1731 1477 cantum
1769 1424 1908 1476 fama

330 1505 582 1574 quaedam
609 1507 751 1561 clam
783 1524 881 1577 per
909 1510 1100 1563 urbem
1134 1501 1397 1582 serpebat
1431 1515 1635 1569 moenia
1668 1514 1910 1568 intrasse

2005 423 2062 476 δὲ
2086 425 2186 492 τῆς
2216 427 2424 494 ἡμέρας
2447 429 2717 497 ἐνστάσης
2747 431 2804 481 ὲν
2923 429 3020 498 τὴν
3048 431 3345 498 ὑστεραίαν
3371 431 3475 484 ἔδει
3507 435 3580 487 τὰ

2005 517 2105 586 τῆς
2142 519 2453 587 ἱερουργίας
2481 520 2773 583 τελεῖσθαι,
2820 523 3002 575 πάντα
3038 523 3137 591 μὲν
3165 519 3234 592 ἦν
3263 527 3382 586 ταῖς
3411 542 3578 594 μονα-

2007 607 2231 670 ζούσαις
2263 608 2498 670 ἐκείναις
2527 610 2696 664 ’έωθεν
2745 615 2802 675 ἐς
2831 613 3070 683 ἑσπέραν
3105 615 3396 677 πονούσαις
3428 617 3580 668 ἀνεν-

2007 700 2104 752 δεᾶ
2138 703 2203 752 τὰ
2255 703 2354 767 τῆς
2388 703 2600 771 χρείας,
2637 704 2716 773 τῷ
2735 705 2792 758 δὲ
2826 706 2966 774 ἁγίῳ
3019 707 3114 759 καὶ
3146 707 3226 774 τῷ
3269 707 3373 759 τοῦ
3422 708 3577 774 ἁγίου

2013 793 2161 860 μόνῳ
2213 793 2329 859 Θεῷ
2385 795 2738 850 παντάπασιν
2785 798 3102 850 ἀνένδεκτόν
3148 815 3206 850 τε
3238 799 3332 850 καὶ
3378 799 3580 868 ἥκιστα

2010 884 2236 936 ἀνεκτὸν
2298 885 2389 936 ὑπ’
2439 885 2652 955 ἀνδρῶν
2715 887 2992 940 πολυθέων
3032 888 3127 941 καὶ
3194 887 3336 940 οὕτω
3384 889 3580 940 δυσσε-

2011 975 2130 1042 ϐείᾳ
2183 978 2370 1045 μακρᾷ
2422 978 2602 1030 αὐτῶν
2651 995 2711 1030 τε
2764 979 3041 1048 κραταιῶς
3085 979 3359 1048 ἐχομένων
3387 980 3480 1032 καὶ
3529 980 3584 1030 ὲ-

2009 1068 2188 1137 τέροις
2225 1069 2418 1121 αἰτίων
2476 1071 2562 1121 ἀεὶ
2619 1070 2920 1139 γινομένων
2960 1073 3059 1139 τὴν
3111 1070 3442 1138 αὐτουργίαν
3487 1088 3581 1121 πε-

2012 1162 2249 1232 πρᾶχθαι
2285 1165 2376 1216 τοῦ
2437 1166 2820 1232 προκειμένου.
2869 1164 2960 1218 Διδ
3011 1165 3105 1218 καὶ
3159 1168 3259 1235 τῆς
3306 1167 3497 1224 νυκτὸς
3532 1167 3588 1216 ἐ-

2014 1257 2200 1324 κείνης
2258 1259 2380 1325 περὶ
2417 1257 2515 1320 τὰς
2552 1257 2929 1324 ἀλεκτρυόνων
2970 1258 3070 1327 ἠδη
3100 1257 3396 1325 γενομένης
3416 1256 3582 1326 ᾠδὰς,

2018 1349 2174 1416 φήμη
2203 1364 2286 1408 τις
2305 1349 2482 1417 ἠσυχῆ
2520 1350 2763 1418 περιέθει
2811 1349 2910 1418 τὴν
2956 1349 3133 1411 πόλιν,
3185 1349 3334 1400 ἔνδον
3391 1349 3589 1416 τειχῶν

2020 1433 2359 1498 τὸνβασιλέα
2415 1436 2777 1504 Παλαιολόγον
2828 1439 3290 1508 είσκεχωρηκέναι
3341 1437 3429 1489 διὰ
3477 1438 3589 1489 τῶν

2019 1525 2322 1579 θαλαττίων
2353 1527 2445 1580 τοῦ
2482 1528 2712 1599 νεωρίου
2744 1529 2930 1580 πυλῶν
2956 1529 3066 1581 τῶν
3109 1529 3248 1598 πρὸς
3290 1529 3366 1580 ἕω
3416 1545 3585 1598 ταχυ-

332 1597 700 1666 Ρθιεεοιοευιη
768 1601 1160 1671 ἰηιρθτθιοτειη
1218 1623 1314 1675 ρετ
1396 1609 1703 1664 ῐηδνὶῑῖῐιὶθε
1748 1623 1912 1661 ﬂava-
1945 1647 1986 1703 Β
2018 1617 2344 1682 ναυτούσαις
2400 1597 2660 1691 μονήρεσι
2705 1621 2797 1673 καὶ
2845 1622 3087 1690 διήρεσιν
3126 1597 3188 1672 ὲκ
3224 1621 3450 1672 Τενέδου
3495 1621 3589 1672 καὶ

332 1689 470 1743 Ιίυιη
502 1702 691 1760 portas
722 1693 789 1746 ad
822 1695 1096 1750 orientem
1129 1707 1472 1765 spectantes,
1503 1700 1784 1754 celeribus
1816 1716 1912 1753 na—

335 1781 495 1837 vibus
523 1785 863 1839 uniremibus
887 1797 941 1840 et
969 1787 1289 1844 biremibus
1311 1806 1377 1845 ex
1400 1791 1624 1846 Tenedo
1647 1804 1703 1846 et
1729 1793 1910 1846 Imbro

336 1887 401 1924 ac
437 1872 650 1926 triremi
695 1875 818 1928 navi
864 1881 969 1930 una
1016 1877 1236 1934 duabus
1281 1881 1536 1935 noctibus
1581 1881 1911 1949 duobusque

337 1961 535 2018 diebus
573 1973 700 2020 ante
732 1981 798 2019 ex
835 1965 1062 2023 Tenedo
1099 1971 1452 2040 navigatione
1492 1973 1764 2027 instituta.
1802 1971 1911 2025 Τυ-

338 2054 548 2112 multus
577 2054 744 2124 igitur
779 2069 1069 2128 propterea
1103 2061 1322 2116 tenebat
1350 2063 1682 2133 Byzantinos
1715 2062 1914 2134 gaudio

336 2155 393 2202 ct
411 2162 650 2203 maerore
669 2149 947 2213 mistus,et
964 2152 1232 2222 quidquid
1258 2156 1309 2208 in
1341 2156 1542 2209 talibus
1560 2155 1808 2210 accidere
1827 2170 1913 2208 so-

336 2239 432 2301 let,
453 2237 574 2292 aliis
597 2238 667 2293 ob
690 2249 896 2293 metum
916 2256 1127 2295 summa
1155 2243 1521 2312 trepidatione
1555 2245 1912 2313 fugientibus.

343 2328 470 2383 aliis
500 2331 640 2384 lucri
677 2347 842 2386 causa
873 2333 1235 2388 vehementer
1269 2337 1751 2404 persequentibus.
1782 2336 1912 2390 0m-

344 2421 500 2474 nium
537 2437 670 2475 vero
702 2423 937 2477 maxime
969 2435 1152 2480 metus
1183 2427 1404 2480 tenebat
1434 2429 1788 2483 Philotheum
1824 2443 1915 2496 pa-

340 2513 662 2575 triarcham,
699 2530 811 2568 non
871 2531 1004 2570 sane
1064 2518 1362 2573 mediocris
1415 2531 1709 2590 propterea
1763 2521 1913 2589 quod

340 2607 550 2660 factum
610 2606 746 2661 illud
807 2622 910 2662 nec
965 2609 1190 2680 opinato
1225 2622 1278 2664 et
1331 2623 1560 2681 repente
1615 2612 1912 2667 acciderat.

344 2697 566 2752 Etenim
611 2699 705 2768 qui
750 2698 866 2753 lteri
908 2715 966 2754 se
1002 2702 1246 2772 iactabat
1283 2717 1610 2758 consecrare
1645 2703 1912 2772 templum

337 2790 405 2844 ad
441 2790 758 2847 ﬁrmandam
779 2792 1150 2847 Palamiticam
1173 2795 1432 2860 hzeresin,
1453 2795 1794 2866 irreligiosus
1818 2795 1917 2848 lto-

337 2883 427 2937 die
475 2884 627 2939 visus
673 2893 759 2939 est
803 2896 860 2940 et
907 2871 1397 2941 vehbmentissime
1432 2888 1682 2956 profecto
1716 2887 1828 2942 Deo
1860 2896 1916 2941 et

2022 1709 2250 1780 Ἴμϐρου
2289 1713 2382 1764 καὶ
2411 1715 2630 1784 τριήρει
2667 1715 2789 1783 μιᾷ,
2822 1713 2968 1766 δυοῖν
2988 1711 3354 1781 νυχθημέροιν
3389 1712 3590 1783 πρότε-

2020 1820 2114 1873 ρον
2145 1805 2209 1856 ὲκ
2245 1805 2472 1858 Τενέδου
2513 1807 2606 1858 τὸν
2639 1805 2872 1858 ἔκπλουν
2923 1804 3285 1869 πεποιηκότα.
3349 1802 3590 1874 Θόρυϐος

2015 1894 2110 1949 οῦν
2136 1896 2225 1949 διὰ
2262 1897 2420 1950 τοῦτο
2452 1898 2685 1967 κατέσχε
2716 1898 2842 1960 τοὺς
2891 1895 3223 1960 Βυζαντίους
3277 1896 3438 1965 ἡδονῇ
3494 1898 3592 1949 καὶ

2017 1987 2164 2058 λύπῃ
2198 1987 2534 2057 σύμμικτος,
2564 1988 2658 2040 καὶ
2683 1987 2783 2040 ὅσα
2837 1989 2894 2039 ἐν
2918 1989 3028 2048 τοῖς
3055 1985 3319 2046 τοιούτοις
3353 2001 3416 2036 συ
3429 1983 3591 2047 116a?-

2017 2093 2128 2130 νειν
2161 2078 2342 2138 εἴωθε,
2373 2077 2484 2130 τῶν
2517 2077 2616 2146 μὲν
2655 2077 2745 2129 διὰ
2785 2076 2954 2144 φόϐον
2984 2077 3227 2146 ἀσχέτως
3257 2074 3587 2142 φευγόντων,

2017 2167 2126 2220 τῶν
2163 2168 2218 2220 δὲ
2239 2169 2328 2222 διὰ
2355 2169 2544 2239 κέρδος
2573 2167 2845 2237 λαμπρῶς
2875 2167 3208 2221 διωκόντων.
3250 2166 3474 2219 Πάντων
3531 2164 3588 2216 δὲ

2021 2260 2253 2328 μάλιστα
2280 2259 2443 2324 φόϐος
2475 2259 2703 2327 κατέσχε
2730 2259 2820 2310 τὸν
2853 2259 3198 2326 πατριάρχην
3223 2258 3472 2310 Φιλόθεον
3525 2256 3588 2308 ού

2023 2352 2167 2404 πάνυ
2218 2353 2413 2421 μικρὸς
2460 2352 2547 2404 διὰ
2569 2351 2631 2403 τὸ
2659 2350 2802 2404 πάνυ
2829 2349 2924 2402 τοῦ
2952 2349 3363 2420 συμπτώματος
3416 2347 3591 2418 ἀπρό-

2017 2459 2182 2496 οπτον
2216 2444 2310 2496 καὶ
2343 2442 2642 2511 αἰφνίδιον·
2698 2441 2794 2494 καὶ
2821 2441 2929 2511 γὰρ
2957 2444 2984 2494 ὁ
3017 2441 3144 2511 χθὲς
3192 2439 3597 2511 βρενθυόμενος

2019 2531 2308 2602 καθιεροῦν
2339 2533 2430 2584 τὸν
2463 2531 2588 2584 ναὸν
2641 2532 2718 2592 είς
2758 2530 3050 2599 βεϐαίωσιν
3117 2529 3219 2598 τῆς
3257 2528 3589 2597 Παλαμικῆς

2017 2623 2280 2694 αἱρέσεως
2310 2622 2520 2692 ἀνίερος
2546 2622 2782 2692 τήμερον
2801 2619 2957 2688 ὤφθη
2995 2622 3089 2672 καὶ
3125 2621 3272 2690 μάλα
3304 2636 3358 2670 τι
3379 2617 3585 2687 σφόδρα

2018 2713 2153 2767 Θεοῦ
2183 2715 2274 2766 καὶ
2320 2711 2620 2784 ἱερωσύνης
2649 2710 2889 2775 ἀνάξιος.
2934 2711 3102 2764 ’Ὀθεν
3144 2711 3266 2762 ἐπεὶ⁵
3303 2709 3378 2778 μὴ
3434 2708 3592 2760 λελο-

2019 2806 2254 2876 γισμένα
2281 2805 2541 2875 πράττειν
2575 2802 2708 2875 μηδὲ
2757 2802 2971 2855 συνέσει
3008 2803 3363 2871 προσήκοντα
3414 2801 3586 2868 παρέ-

2021 2913 2209 2967 χουσιν
2231 2895 2282 2947 οἱ
2313 2894 2546 2946 τοιοῦτοι
2583 2892 2788 2963 καιροὶ,
2826 2894 2921 2946 καὶ
2958 2891 3177 2959 μάλισθ’
3207 2893 3295 2944 ὅτε
3331 2890 3426 2943 καὶ
3460 2890 3588 2958 θεή-

338 2978 650 3033 sacerdotio
707 2977 986 3048 indignus.
1022 2978 1203 3044 Quare
1265 2979 1524 3048 quoniam
1589 2995 1699 3034 non
1764 2980 1910 3051 cogi-

2021 2991 2178 3052 λατός
2230 3006 2313 3052 τις
2371 2986 2588 3040 ὲλαύνοι
2644 2987 2854 3056 πληγὴ,
2916 2986 3109 3054 ἐξέστη
3146 2985 3240 3038 καὶ
3283 2975 3435 3046 οὗτος
3491 2981 3587 3033 τοῦ

342 3079 455 3124 tata
514 3084 676 3140 agere
731 3084 830 3124 nec
885 3072 1082 3123 rationi
1137 3071 1528 3125 convenientia
1584 3073 1914 3142 permittunt

2021 3081 2362 3141 καθεστῶτος
2417 3079 2580 3142 εὐθὺς
2641 3079 3013 3148 φρονήματος,
3073 3079 3168 3130 καὶ
3215 3075 3590 3144 ξιιννενοηκῶς

345 3162 476 3218 talia
533 3171 814 3230 tempora,
877 3170 932 3216 et
985 3165 1292 3232 praesertim
1341 3179 1465 3218 cum
1518 3163 1683 3217 etiam
1735 3165 1910 3220 divina

2017 3171 2330 3226 ἀνύποπτον
2361 3169 2519 3235 μόνον
2551 3165 2692 3222 εἶναι
2739 3170 2832 3222 τὸν
2883 3169 2976 3222 ἐπὶ
3037 3168 3243 3235 θάτερα
3296 3168 3592 3237 κρυπτῆρα

343 3251 881 3325 ηυιεᾶαῐπίιηρειιὶι
933 3256 1112 3324 plaga,
1163 3255 1373 3309 exstitit
1425 3263 1481 3310 et
1528 3257 1616 3311 hic
1665 3257 1771 3312 lixa
1807 3267 1920 3311 sta-

345 3345 440 3399 tim
490 3344 826 3414 cogitatione
855 3355 909 3399 ct
957 3347 1256 3400 arbitratus
1311 3347 1688 3416 insuspectum
1742 3348 1906 3402 modo

343 3451 466 3490 esse
495 3452 620 3491 eum
651 3453 813 3506 quem
847 3438 902 3492 in
933 3438 1056 3492 aliis
1090 3439 1392 3494 reconditis
1425 3441 1674 3510 partibus
1710 3441 1914 3493 divina:

346 3529 645 3599 Sapientia:
683 3531 961 3599 appellant
997 3531 1245 3596 furnum,
1287 3534 1380 3586 ubi
1420 3533 1586 3586 etiam
1628 3548 1737 3601 quo
1776 3531 1915 3586 divi-

346 3637 476 3674 num
509 3621 780 3677 adeuntes
813 3623 1083 3692 baptisma
1120 3623 1331 3678 condiri
1369 3633 1652 3694 unguento
1682 3638 1915 3678 consue-

347 3724 462 3768 tum
498 3722 603 3778 est,
630 3715 739 3784 igni
776 3725 1084 3784 praeparant
1117 3717 1568 3787 quinquennibus
1601 3717 1796 3787 spatiis
1829 3717 1914 3770 vel

343 3808 512 3860 etiam
568 3806 824 3876 pluribus
878 3808 1110 3863 fortasse
1164 3821 1221 3864 et
1275 3810 1584 3863 minoribus
1637 3808 1914 3863 interdum

347 3895 512 3968 248
558 3897 862 3951 secundum
900 3899 1239 3953 voluntatem
1281 3908 1338 3953 et
1375 3899 1734 3969 indigentiam
1773 3897 1914 3952 alio-

344 4004 466 4041 rum
518 3989 625 4042 alio
676 4003 924 4058 tempore
981 3991 1411 4045 constitutorum
1446 3991 1909 4060 patriarcharum,

2021 3264 2158 3332 μέρη
2195 3263 2290 3330 τῆς
2322 3260 2414 3314 τοῦ
2444 3261 2577 3314 Θεοῦ
2611 3261 2803 3329 σοφίας
2841 3259 3134 3330 λεγόμενον
3163 3258 3419 3330 φοῦρνον,
3457 3258 3594 3311 ἔνθα

2018 3356 2112 3406 καὶ
2145 3347 2189 3422 ᾧ
2219 3353 2345 3415 τοὺς
2379 3351 2455 3421 τῷ
2488 3352 2616 3422 θείῳ
2667 3352 2994 3421 προσιόντας
3045 3351 3384 3422 βαπτίσματι
3441 3349 3593 3419 χρίε-

2024 3445 2147 3496 σθαι
2187 3444 2342 3513 μύρῳ
2373 3443 2711 3514 νενόμισται,
2756 3443 2983 3511 ἕψουσιν
3029 3444 3087 3496 ὲν
3143 3444 3593 3512 πενταετηρικαίς

2024 3535 2293 3605 περιόδοις
2327 3535 2359 3605 ἢ
2400 3536 2493 3587 καὶ
2526 3534 2772 3587 πλείοσιν
2807 3535 2938 3598 ἴσως
3004 3536 3098 3588 καὶ
3149 3535 3372 3605 ἥττοσιν
3419 3533 3592 3586 ἐνίοτε

2027 3629 2168 3680 κατὰ
2201 3626 2298 3695 τὴν
2322 3627 2430 3679 τῶν
2452 3626 2630 3680 ἄλλοτ’
2673 3626 2847 3679 ἄλλων
2875 3627 3131 3696 βούλησιν
3163 3629 3256 3678 καὶ
3278 3624 3466 3692 χρείαν
3487 3640 3595 3676 πα-

2023 3719 2321 3786 τριαρχῶν,
2353 3717 2409 3768 ὲν
2443 3715 2622 3786 τούτῳ
2647 3717 2834 3786 φυγὼν
2861 3717 3165 3786 ὑπότρομος
3193 3715 3257 3786 If.
3275 3715 3375 3768 i26
3406 3713 3480 3786 tu]
3502 3717 3597 3768 καὶ

2018 3810 2276 3880 περιδεὴς
2305 3811 2332 3861 ὁ
2359 3809 2487 3878 χθὲς
2517 3811 2752 3878 διωκτης
2783 3808 2990 3877 θρασὺς
3016 3810 3108 3860 ἐπὶ
3133 3807 3353 3869 πολλαῖς
3384 3807 3594 3876 ἐκρύπ-

2012 3916 2134 3951 τετο
2167 3901 2282 3960 ταῖς
2315 3900 2584 3970 ἡμέραις,
2619 3896 2994 3968 ἡχρειιιμένος
3023 3899 3117 3950 καὶ
3183 3897 3328 3968 μάλα
3384 3897 3593 3963 ἀπαγο-

2019 3989 2189 4061 ρεύων
2222 3989 2285 4041 τὸ
2307 3988 2427 4058 ζῇν.

343 4081 449 4135 hoc
484 4091 727 4150 tempore
767 4084 977 4152 fugiens
1011 4084 1406 4139 tremebundus
1463 4084 1556 4153 qui
1624 4083 1739 4137 heri
1784 4093 2097 4152 persecutOr
2156 4081 2460 4137 acerrimus
2489 4082 2687 4147 fuerat,
2717 4080 2768 4133 iu
2807 4080 3009 4134 multos
3042 4079 3162 4135 dies
3191 4095 3314 4136 sese
3345 4080 3587 4135 abscon-

346 4174 536 4238 debat,
572 4174 844 4227 inutiliter
874 4186 1167 4232 conterens
1195 4187 1250 4230 ct
1281 4179 1437 4230 valde
1469 4177 1782 4231 detrectans
1815 4176 2003 4229 vitam.

419 4265 562 4320 XIV.
606 4265 764 4320 Licet
821 4270 987 4336 igitur
1022 4269 1406 4322 ratiocinando
1442 4270 1663 4324 studere
1696 4268 1910 4334 assequi

2090 4263 2190 4319 IA'.
2228 4264 2479 4332 Ἔξεστιν
2503 4262 2597 4319 οὖν
2634 4263 3049 4333 συλλογίζεσθαι
3090 4265 3209 4328 πῶς
3248 4265 3317 4318 τὰ
3346 4264 3471 4336 χθὲς
3498 4266 3594 4320 καὶ

345 4357 624 4427 quomodo
660 4357 909 4426 vulgatas
960 4357 1075 4412 heri
1117 4367 1172 4411 et
1226 4360 1630 4414 nudiustertius
1668 4359 1908 4428 superbo

343 4465 497 4504 more
513 4464 542 4502 a
564 4447 851 4502 Philetheo
868 4461 1058 4505 contra
1072 4450 1232 4519 justas
1252 4450 1376 4504 ﬁdei
1402 4451 1907 4521 hominesjactatio-

343 4551 445 4591 nes
474 4537 796 4592 etscurrilis
832 4537 1029 4607 linguae
1067 4539 1291 4596 facetias
1343 4543 1658 4610 coarguerit
1696 4556 1803 4594 non
1843 4540 1920 4598 ita.

343 4629 517 4682 multo
536 4639 660 4699 poSt
689 4629 833 4683 Deus
864 4630 1071 4700 justum
1104 4632 1158 4686 in
1187 4632 1453 4700 judicium
1492 4643 1686 4689 vocato
1721 4648 1788 4686 eo
1823 4634 1913 4702 qui

343 4721 692 4775 manifestam
731 4721 987 4791 injuriam
1025 4723 1186 4777 nimis
1220 4723 1484 4792 jactabat,
1513 4724 1685 4794 magis
1725 4732 1911 4776 autem

343 4817 509 4868 etiam
561 4813 803 4882 jactabat
858 4823 1014 4877 tum,
1064 4816 1308 4886 iactabat
1355 4831 1487 4870 vero
1541 4818 1708 4870 etiant
1757 4817 1913 4884 prius

353 4921 517 4975 quam
542 4914 681 4968 tum,
707 4914 763 4958 et
791 4906 962 4976 jactat
997 4909 1347 4964 continenter
1377 4909 1482 4964 sibi
1519 4909 1621 4978 ipsi
1658 4919 1714 4962 et
1746 4918 1911 4978 quot-

345 5002 480 5062 quot
513 4994 658 5049 circa
694 5010 819 5048 eum
859 5007 913 5050 et
955 5012 1080 5051 cum
1118 5015 1185 5054 eo
1223 5010 1510 5055 versantur
1548 5003 1780 5055 Palama:
1816 5016 1911 5056 se-

345 5095 606 5140 ctatores.
683 5086 817 5151 Quis
879 5099 1060 5143 autem
1122 5106 1290 5146 sanus
1357 5102 1659 5162 praesumet
1717 5108 1911 5146 nume-

350 5194 471 5232 rare
504 5188 694 5247 aperta
730 5195 826 5248 pro
871 5181 942 5236 iis
975 5199 1192 5242 semper
1241 5183 1382 5237 facta
1429 5183 1697 5238 divinitus
1745 5200 1907 5254 ιιι-δυο

346 5271 652 5336 menta,ita
701 5281 761 5325 ut
809 5274 1078 5339 judicium
1131 5292 1366 5344 pronum
1399 5276 1464 5330 ad
1497 5277 1908 5330 conversionem

347 5360 516 5414 animi
553 5361 672 5416 sit?
700 5361 834 5427 Quis
884 5381 994 5418 non
1035 5366 1266 5418 miretur
1300 5365 1494 5420 videns
1539 5368 1907 5421 constantiam

347 5467 458 5507 non
507 5452 830 5510 llectendam
877 5465 944 5511 ad
997 5458 1413 5527 agnoscendum
1453 5475 1609 5514 suum
1642 5461 1910 5515 errorem?

347 5543 416 5599 Et
446 5545 562 5603 ha:c
590 5548 813 5618 quidem
848 5550 951 5604 hoc
980 5549 1140 5604 modo
1167 5559 1318 5619 gesta
1346 5560 1500 5604 sunt.

2023 4355 2213 4426 πρώην
2247 4355 2386 4425 μετὰ
2434 4355 2668 4425 σοϐαροῦ
2698 4355 2791 4408 τοῦ
2836 4355 2998 4426 ἤθους
3047 4355 3476 4426 δημοσιευθέντα
3510 4356 3592 4424 τῷ

2017 4449 2254 4518 «annos,»
2301 4447 2776 4520 μεγαλαυχήματα
2809 4448 2952 4500 κατά
3003 4449 3113 4501 τῶν
3161 4447 3593 4516 ὀρθοδοξούντων

2020 4542 2114 4594 καὶ
2162 4541 2260 4603 τὰς
2313 4541 2410 4610 τῆς
2458 4537 2879 4607 βωμολοχούσης
2923 4537 3172 4606 γλώττης
3221 4539 3592 4607 εὐτραπελίας

2017 4632 2242 4702 ἤλεγξεν
2273 4634 2372 4684 οὐκ
2411 4631 2490 4694 είς
2519 4632 2742 4698 μακρὰν
2776 4630 2976 4692 ὁΘεὸς,
3008 4631 3224 4682 δικαίαν
3269 4633 3367 4699 τὴν
3408 4631 3592 4696 κρίσιν

2019 4722 2332 4789 ἐπενεγκὼν
2384 4724 2461 4792 τῷ
2494 4721 2768 4790 περιφανῆ
2819 4721 2915 4791 τὴν
2962 4721 3177 4773 ἀδικίαν
3232 4722 3312 4783 είς
3345 4721 3404 4772 τὸ
3458 4720 3592 4790 ὕψος

2017 4815 2328 4884 λαλήσαντι,
2367 4816 2569 4884 μᾶλλον
2598 4813 2655 4866 δὲ
2683 4813 2976 4884 λαλήσαντι
3007 4813 3108 4884 μὲν
3133 4815 3224 4866 καὶ
3253 4815 3392 4876 τότε,
3426 4813 3596 4883 λαλή-

2019 4925 2171 4963 σαντι
2231 4908 2288 4960 δὲ
2336 4911 2430 4961 καὶ
2471 4907 2740 4980 πρότερον
2787 4905 2818 4975 ἦ
2860 4905 2981 4957 τότε
3040 4907 3135 4957 καὶ
3185 4906 3521 4977 μεθύστερον
3559 4908 3590 4974 ἧ

2015 5005 2158 5068 τότε,
2205 5003 2302 5056 καὶ
2349 5005 2597 5056 λαλοῦντι
2643 4999 2912 5071 διηνεκῶς
2957 5000 3109 5068 αὑτῴ
3162 5003 3257 5051 καὶ
3301 5001 3414 5052 ὅσοι
3452 4999 3592 5068 ἀμφ’

2014 5097 2175 5148 αὐτὸν
2223 5096 2320 5151 καὶ
2369 5097 2466 5148 σὺν
2518 5091 2671 5164 αύτῷ
2722 5091 3092 5162 Παλαμισταί.
3143 5089 3238 5152 Τίς
3287 5090 3332 5143 δ’
3376 5093 3480 5144 οὐκ
3525 5091 3592 5143 ἂν

2015 5189 2238 5244 ἀπείποι
2277 5187 2601 5257 βουλόμενος
2631 5183 2892 5251 ἀριθμεῖν
2929 5184 3054 5244 τοὺς
3089 5183 3412 5248 περιφανεῖς
3467 5183 3591 5235 κατ’

2015 5277 2195 5330 αὐτῶν
2228 5278 2314 5328 ἀεὶ
2346 5277 2663 5344 γινομένους
2701 5273 2883 5326 θεόθεν
2915 5272 3167 5346 ἐλέγχους
3195 5272 3337 5325 ὥστε
3368 5273 3592 5325 σύνεσιν

2017 5372 2167 5438 σχεῖν
2219 5372 2300 5431 είς
2354 5371 2734 5439 ἐπιστροφήν-ε
2792 5365 2886 5427 Τις
2935 5365 2980 5417 δ’
3020 5365 3120 5417 οὑκ
3170 5364 3236 5417 ἂν
3281 5365 3588 5437 ἐκπλαγείη

2019 5461 2230 5529 βλέπων
2263 5459 2325 5511 τὸ
2355 5461 2608 5529 ἀκαμπὲς
2639 5456 2826 5520 auiath
2851 5456 2946 5508 καὶ
2989 5457 3386 5527 ἁνεπίστροφον
3423 5458 3502 5521 είς
3530 5457 3593 5512 τὸ

2017 5554 2114 5621 τὴν
2172 5553 2442 5622 σφετέραν
2495 5554 2736 5605 συνεῖναι
2774 5547 3046 5612 ’.πλάνην;
3095 5547 3205 5611 Καὶ
3262 5548 3436 5600 ταῦτα
3490 5548 3593 5618 μὲν

2011 5644 2202 5698 τοῦτον
2231 5645 2352 5713 ἔσχε
2385 5643 2476 5696 τὸν
2500 5643 2719 5713 τρόπον.
