3994 6204
135 301 215 362 Eii
1130 304 1578 364 BYZANTIN:E
1619 307 1724 365 ηιξ

1830 306 2002 366 »ΗιίΕ
2041 305 2185 366 LIB.
2230 305 2450 368 ΧΧίΧ.
3271 307 3376 370 218

190 419 279 473 IE'.
311 417 433 470 Τῶν
471 417 518 471 δ’
562 419 722 471 υἱέων
755 419 1221 486 Καντακουζηνοῦ
1272 420 1552 481 Ματθαϊος
1585 422 1685 488 μὲν
1719 473 1724 485 γ

1864 420 1980 476 XV.
2025 419 2294 478 Filiorum
2325 429 2507 472 autem
2535 414 2906 472 Cantacuzeni
2938 415 3228 470 Mattbmus
3255 418 3379 485 qui-

139 517 158 567 ὁ
209 509 454 581 βασιλεὺς
508 509 810 581 διατρίϐων
877 512 1038 580 ἔτυχε
1105 510 1412 572 τηνικαῦτα
1473 511 1530 571 ἐς
1587 511 1690 564 ὅσα

142 606 366 660 ἐπέκεινα
403 603 791 672 Διδυμοτείγου
812 621 870 656 τε
906 607 1005 656 καὶ
1034 604 1408 674 Ὀρεστιάδος,
1431 604 1690 674 Μανουὴλ

140 697 174 750 δ’
207 697 231 749 ὁ
276 693 392 764 μετ’
444 694 682 756 ἐκεῖνον,
714 693 982 761 δεσπότης
1010 693 1072 745 τὸ
1108 694 1325 763 ἀξίωμα
1355 692 1450 754 ὢν,
1489 695 1546 756 ὲς
1584 696 1691 746 Πε-

140 788 460 859 λοπόννησον,
491 787 741 853 πέμπτον
778 785 897 848 ἔτος
930 786 1030 855 ἤδη
1069 786 1178 838 τῶν
1206 786 1325 837 ἐκεῖ
1362 785 1692 854 Ῥωμαϊκῶν

143 881 330 951 χωρίων
375 878 469 932 καὶ
517 877 730 930 πόλεων
786 879 885 949 τὴν
935 878 1243 948 ἐπιτροπὴν
1281 878 1521 931 διοικῶν.
1560 877 1619 930 Ὀ
1649 878 1694 928 δ’

144 972 219 1027 εει
269 973 498 1042 θυγατρὶ
546 972 819 1042 γαμϐρὸς,
880 973 1088 1025 Κόντου
1141 971 1490 1042 Κεφαληνίας
1540 971 1691 1034 παῖς,

145 1069 278 1122 Λίνου
330 1067 431 1135 τῆς
481 1067 690 1129 πόλεως
733 1062 802 1136 ἦν
836 1067 1154 1136 ἐπίτροπος.
1189 1067 1282 1118 καὶ
1333 1066 1386 1116 εἴ
1430 1082 1482 1116 τι
1536 1063 1699 1134 πέριξ

146 1164 328 1230 ὑπῆρχε
354 1159 553 1229 χωρίον
596 1157 942 1228 βαρϐαρικῆς
987 1158 1168 1209 ἀθῶον
1203 1157 1283 1208 ἔτι
1323 1155 1694 1225 καταδρομῆς.

147 1251 246 1302 Τῶν
285 1249 339 1302 δὲ
381 1247 827 1315 γυναικαδέλφων
878 1245 1401 1314 σεϐαστοκρατόρων
1445 1242 1698 1309 Ἰωάννης

151 1344 228 1409 μὲν
252 1340 405 1410 ἔτυχε
448 1339 528 1407 τῷ
559 1336 914 1407 Παλαιολόγῳ
951 1338 1089 1396 τέως
1128 1336 1587 1402 συνδιαιτώμενος
1623 1332 1699 1403 τῷ

151 1434 350 1504 βασιλεῖ,
381 1430 580 1499 τειχῶν
613 1429 926 1493 Βυζαντίων
978 1428 1152 1492 ἐντὸς,
1208 1427 1403 1497 ἅτερος
1455 1427 1502 1478 δ’
1563 1423 1703 1496 ἦρχε

154 1527 322 1596 Βιζύης
350 1529 379 1579 ὁ
423 1523 681 1593 Μανουὴλ
729 1525 794 1575 ὲκ
851 1521 1050 1573 πολλοῦ
1083 1521 1182 1591 τὴν
1223 1523 1529 1592 ἐπιτροπὴν
1561 1519 1706 1586 εἰλη-

155 1620 244 1689 φὼς
283 1619 417 1688 πρὸς
447 1616 541 1670 τοῦ
572 1614 1034 1681 Καντακουζηνιῦ
1056 1633 1070 1647 ο
1106 1617 1156 1668 al
1203 1614 1392 1666 λοιπαὶ
1424 1613 1468 1664 δ’
1499 1612 1704 1664 ὑπέκυ-

157 1717 237 1781 ,ξαν
263 1710 613 1779 Παλαιολόγῳ
633 1707 711 1776 τῷ
736 1707 952 1776 βασιλεῖ
975 1709 1174 1762 ὁπόσαι
1210 1709 1379 1778 μήπω
1407 1706 1704 1777 βαρϐάροις

161 1809 473 1880 meamea:
502 1807 711 1870 πόλεις.

212 1901 314 1968 ις’.
356 1901 562 1970 Μηνῶν
592 1901 636 1952 δ’
672 1902 839 1969 ἐγγὺς
885 1902 1034 1954 δυοῖν
1080 1897 1284 1968 μεταξῦ
1316 1891 1709 1965 παρερρυηκό-

162 2009 242 2044 των
266 1986 401 2062 ἧκεν
445 1994 510 2044 ὲκ
544 1992 772 2044 Τενέδου
814 1992 910 2044 καὶ
952 1995 978 2044 ὁ
1014 1989 1320 2048 Κάλλιστος
1364 1983 1508 2036 οὕτω
1553 1982 1708 2050 λεγό-

170 2103 310 2155 μενος,
364 2083 719 2154 πατριάρχης
776 2084 872 2152 μὲν
923 2078 1064 2135 εἶναι
1109 2075 1503 2155 Ασυγχωρηθεὶς
1551 2072 1710 2135 αὖθις

172 2152 272 2246 πρὸς
293 2152 793 2242 Παλαιολόγουγτοῦ
833 2152 1121 2244 βασιλέωςξ
1159 2173 1253 2225 ire
1285 2167 1602 2239 ἐζηλωκὼς.
1635 2165 1711 2226 ὡς

171 2272 328 2336 ἔδοξεν,
358 2271 502 2339 ὑπὲρ
553 2269 745 2332 αὐτοῦ.
788 2271 861 2338 μὴ
901 2267 1272 2335 στεργόμενος
1304 2262 1348 2314 δ’
1375 2256 1492 2323 οὖν,
1528 2260 1578 2310 εί
1634 2259 1709 2326 μὴ

170 2366 223 2416 τά
241 2365 364 2418 κατά
403 2362 659 2432 βούλησιν
687 2359 833 2430 δρῴη
872 2357 1044 2426 αὐτῷ.
1088 2355 1146 2409 Ὀ
1175 2355 1275 2423 μὲν
1312 2352 1421 2421 γάρ
1455 2348 1712 2402 ἐϐούλετο

175 2460 358 2520 πάντας,
387 2454 696 2524 συλλήϐδην
731 2454 926 2514 εἰπεῖν,
956 2448 1292 2508 ἐπισκόπους
1331 2445 1428 2498 καὶ
1468 2443 1714 2510 πρεσϐυ-

185 2549 324 2618 τέρους
375 2548 480 2618 τῆς
539 2545 905 2613 ὲπισκοπικῆς
965 2540 1217 2595 καθελεῖν
1271 2538 1468 2602 ἀξίας*
1505 2533 1719 2605 βασιλεῖ

187 2640 217 2690 δ’
247 2641 325 2692 οὑκ
365 2635 437 2710 ἦν
488 2635 602 2691 οὐδ’
649 2635 899 2690 ὁπωσοῦν
955 2632 1208 2692 ἀνεκτὸν,
1241 2630 1289 2682 εἰ
1346 2628 1421 2698 μὴ
1465 2625 1718 2696 ἀλλήλοις

191 2732 318 2800 ἁςῶσι
345 2731 740 2800 τάγκλήματα,
776 2727 1051 2787 συνιόντες
1078 2727 1160 2786 είς
1189 2722 1270 2776 ἓν.
1310 2720 1444 2790 Ὀψέ
1488 2735 1553 2787 γε
1611 2716 1718 2787 μὴν

191 2824 254 2877 καὶ
295 2823 490 2892 σφόδρα
558 2827 720 2890 μόγις
765 2819 798 2889 ἡ
847 2818 943 2870 τοῦ
1003 2815 1274 2885 βασιλέως
1328 2810 1720 2882 φιλάνθρωπος

187 2915 390 2982 νενίκηκε
427 2912 708 2983 βούλησις.
745 2911 819 2964 Οὐ
850 2909 1049 2971 τελέως
1081 2908 1204 2978 μὲν,
1236 2907 1490 2975 νενίκηκε
1515 2903 1561 2956 δ’
1599 2896 1720 2956 οὖν.

188 3006 280 3070 Τοῖς
325 2993 424 3077 μὲν
471 3005 583 3076 γὰρ
635 3004 960 3064 ἐπισκόποις
997 3002 1094 3053 καὶ
1141 3001 1291 3054 ἄκων
1342 3001 1370 3052 ὁ
1420 2994 1724 3057 Κάλλιστος

1798 513 1921 567 deni
1979 528 2072 565 rex
2129 523 2242 566 tum
2295 510 2438 564 forte
2489 509 2814 563 versabatur
2857 508 2910 560 in
2952 507 3018 559 iis
3058 507 3376 575 regionibus

1796 621 1919 674 qua:
1991 605 2134 658 ultra
2213 601 2655 673 Didymotichum
2709 610 2766 654 et
2831 600 3212 663 Orestiadem;
3264 598 3376 652 Ma-

1797 697 1924 752 nucl
1971 711 2102 749 vero
2142 695 2234 763 qui
2274 693 2551 748 seetmdus
2589 693 2656 746 ab
2687 692 2780 746 illo
2815 702 2958 754 erat,
2993 701 3255 762 tyrannus
3287 689 3376 742 di-

1797 793 2028 862 gnitatc,
2061 789 2114 842 in
2145 788 2308 860 249
2323 787 2702 857 Peloponneso
2733 788 2929 855 quinto
2955 789 3064 855 jam
3099 799 3243 838 anno
3271 783 3382 836 llo-

1799 899 2088 940 manorum
2119 883 2194 936 ibi
2223 881 2632 951 provinciarum
2663 888 2718 932 et
2743 879 2961 932 urbium
2991 878 3378 947 praefecturam

1799 975 2242 1029 administrabat.
2293 969 2516 1025 Sororis
2567 971 2793 1022 maritus
2821 968 2981 1022 Couti
3031 966 3381 1036 Cephallaniae

1803 1068 1948 1122 ﬁlius
1984 1065 2112 1121 [Eni
2147 1065 2301 1119 urbis
2331 1071 2451 1118 erat
2491 1061 2807 1131 praefectus,
2842 1069 2899 1114 et
2920 1060 2965 1113 si
3003 1074 3107 1128 qua
3143 1058 3382 1112 circum-

1811 1161 1960 1214 circa
2005 1168 2127 1213 erat
2173 1167 2316 1211 terra
2363 1156 2722 1208 barbarorum
2768 1152 2950 1206 adhuc
2990 1151 3284 1205 invasione
3317 1149 3386 1201 li-

1802 1254 1957 1306 bera.
1993 1251 2249 1305 Fratrum
2299 1248 2488 1302 uxoris
2525 1244 2794 1315 principis
2853 1244 3382 1298 sebastocratorum.

1803 1343 2044 1398 Joannes
2065 1340 2290 1410 quidem
2314 1337 2598 1405 Palmologi
2619 1339 2766 1405 regis
2793 1344 2905 1388 tum
2923 1334 3062 1387 forte
3087 1340 3390 1387 consuetu-

1806 1436 1935 1490 dine
1965 1435 2224 1488 utebatur
2251 1436 2396 1486 intra
2431 1430 2634 1486 muenia
2664 1428 2958 1500 Byzantina
2986 1444 2999 1480 :
3030 1426 3169 1479 alter
3199 1433 3385 1477 autem

1805 1529 1986 1584 Bizuaa
2047 1536 2284 1597 praeerat
2339 1525 2553 1580 Manuel
2589 1539 2619 1576 e
2674 1523 2836 1591 longo
2901 1531 3149 1587 tempore
3221 1517 3387 1570 tutela

1809 1629 2064 1690 suscepta
2086 1637 2117 1674 a
2143 1619 2551 1674 Cantacuzcno.
2579 1615 2825 1684 Reliquae
2859 1612 3166 1679 Paizeologo
3213 1609 3390 1676 impe-

1811 1715 1980 1769 ratori
2007 1713 2276 1781 parebant
2305 1719 2577 1781 quotquot
2605 1708 2846 1762 nondum
2885 1705 3104 1759 tradite
3135 1700 3389 1757 barbaris

1740 1793 1784 1848 Β
1814 1807 1982 1860 urbes
2010 1813 2328 1874 supersunt.

1881 1895 2019 1952 XVI.
2057 1895 2335 1949 Mensibus
2369 1892 2588 1947 interim
2620 1889 2836 1942 duobus
2864 1887 2979 1941 fere
3011 1884 3392 1954 praeterlapsis

1811 1988 1960 2043 venit
1990 2002 2059 2041 ex
2079 1984 2300 2039 Tenedo
2346 1984 2510 2038 etiam
2569 1982 2846 2042 Callistus,
2881 1994 3045 2048 quem
3094 1976 3390 2045 appellant,

1813 2079 2129 2150 patriarcha
2160 2077 2497 2132 constitutus
2525 2090 2718 2128 rursus
2736 2089 2765 2126 a
2790 2071 3096 2139 Palmologo
3125 2069 3282 2136 imp.,
3306 2073 3394 2118 ut-

1812 2184 1940 2244 pote
1971 2172 2134 2226 rebus
2162 2171 2279 2240 ejus
2321 2177 2381 2223 ut
2414 2167 2706 2221 videbatur
2735 2165 2988 2222 studens.
3014 2175 3191 2230 neque
3217 2171 3396 2214 tamen

1813 2263 1864 2320 ei
1907 2271 2165 2332 acceptus
2219 2261 2323 2315 nisi
2355 2276 2422 2316 ex
2454 2261 2576 2330 ejus
2605 2268 2792 2328 ageret
2817 2257 3072 2311 arbitrio.
3133 2254 3232 2308 llic
3253 2253 3401 2307 enim

1813 2356 2034 2412 volebat
2063 2369 2256 2409 oumes
2285 2353 2342 2406 in
2377 2352 2694 2406 universmn
2731 2349 3023 2419 episcopos
3062 2354 3119 2402 et
3147 2346 3404 2400 sacerdo-

1817 2458 1900 2504 tes
1945 2448 2243 2518 episcopali
2289 2445 2602 2501 sacerdotio
2653 2457 2877 2498 exuere.
2907 2441 3207 2510 Imperator
3268 2452 3406 2492 con-

1817 2543 2030 2600 sentire
2089 2541 2292 2603 noluit,
2352 2537 2460 2594 nisi
2523 2534 2918 2591 convenientes
2970 2530 3027 2584 in
3087 2543 3257 2583 unum
3299 2525 3405 2581 sibi

1820 2637 2054 2693 invicem
2091 2633 2436 2688 remitterent
2458 2628 2709 2684 crimina.
2747 2625 2883 2680 Sero
2908 2622 3132 2693 quidem
3162 2630 3218 2674 et
3241 2633 3408 2688 aeger-

1821 2731 1962 2784 rime
1992 2725 2344 2797 imperatoris
2367 2724 2669 2776 humanum
2704 2717 2837 2772 vicit
2864 2715 3177 2774 consilium.
3218 2725 3398 2780 neque

1822 2821 1973 2878 omni
2007 2835 2075 2874 ex
2115 2826 2288 2888 parte,
2311 2825 2366 2870 at
2391 2814 2522 2869 vicit
2550 2829 2566 2878 ;
2597 2809 2874 2880 episcopis
2899 2809 3046 2862 enim
3079 2805 3163 2858 vel
3201 2803 3407 2856 invitus

1823 2915 2072 2970 Calixtus
2102 2925 2310 2966 morem
2355 2907 2602 2979 gerebat,
2631 2900 2954 2972 patriarcha:
3003 2911 3136 2952 vero
3180 2901 3303 2964 post
3345 2906 3407 2946 se

1825 3016 2007 3062 creato
2043 3003 2329 3059 Philotheo
2359 2997 2686 3068 cognomine
2720 2992 2960 3048 Coccino
2999 3003 3228 3060 prorsus
3255 2985 3409 3039 nullo

185 3075 458 3162 ἐσπείσατο,
480 3097 562 3166 τῷ
614 3097 670 3149 δὲ
716 3095 855 3166 μετά
886 3111 951 3161 γι
1002 3093 1167 3146 αὐτὸν
1213 3089 1722 3161 πατριαρχεὺσαντι

1830 3099 2014 3154 modo.
2042 3096 2148 3153 Sed
2177 3094 2388 3150 eisdem
2442 3086 2720 3159 episcopis
2782 3084 3097 3139 convocatis
3127 3078 3289 3148 250
3315 3075 3409 3145 qui

184 3192 397 3263 Κολαίνῳ
424 3190 501 3260 τῷ
525 3187 760 3255 Φιλοθέῳ
788 3186 1067 3255 λεγομένῳ
1095 3185 1155 3236 τὸ
1185 3185 1447 3254 παράπαν
1485 3180 1722 3248 οὐδαμῆ.

183 3285 290 3340 ἀ).λά
311 3287 436 3349 τοὺς
461 3283 662 3345 αὐτοὺς
689 3280 1025 3337 ἐπισκόπους
1054 3273 1432 3346 συνηθροικὼς
1459 3272 1510 3325 οἳ
1532 3271 1724 3324 τοῦτον

184 3378 262 3447 μὲν
306 3381 510 3448 πέρυσι
552 3375 654 3442 τῆς
699 3372 1099 3441 πατριαρχείας
1161 3368 1394 3433 ὲξῶσαν,
1437 3367 1646 3418 ικεῐνον
1679 3361 1725 3414 δ’

181 3471 479 3534 ἀνθεῖλοντο,
540 3467 604 3520 δι’
677 3466 860 3520 αὐτῶν
931 3464 1124 3533 ἐκείνῳ
1199 3461 1298 3531 τὴν
1373 3458 1718 3523 ὲπεξέλευσιν

183 3567 460 3632 εἰργασται.
504 3563 615 3615 Καὶ
645 3561 899 3629 καθαιρεῖ
949 3557 1050 3626 μὲν
1090 3554 1253 3608 αὑτὸν
1296 3553 1394 3623 τῆς
1427 3548 1728 3631 ἱερωσύνης

184 3657 290 3724 ὁμοῦ
314 3660 378 3727 τῇ
416 3656 517 3724 τῆς
551 3653 710 3716 ἀξίας
756 3651 958 3716 ἐλπίδι,
987 3646 1265 3716 ἐπιτίθησι
1313 3646 1369 3696 δὲ
1416 3645 1509 3696 καὶ
1540 3643 1734 3709 ἀφορι-

190 3747 304 3810 σθεὶς
355 3743 453 3799 ὑπ’
515 3744 731 3797 ἐκείνου
785 3741 918 3812 πρὶν
964 3739 1058 3792 καὶ
1101 3737 1266 3800 αὐτὸς
1313 3731 1618 3801 ἀφορισμὸν
1670 3733 1734 3780 ἐκ

187 3840 316 3906 Θεοῦ,
351 3838 546 3909 μοιχόν
575 3853 636 3890 τε
669 3834 964 3889 ἀποκαλῶν
1004 3831 1101 3884 καὶ
1144 3827 1348 3900 λῃστὴν
1379 3827 1478 3879 καὶ
1505 3823 1734 3894 ἅρπαγα

187 3935 262 4000 τῆς
303 3932 532 4004 μηδαμῆ
565 3927 953 4000 προσηκούσης
996 3923 1155 3988 ἀξίας
1196 3920 1370 3989 αὐτῷ.
1410 3916 1520 3971 Καὶ
1561 3913 1736 3967 ταῦτα

187 4023 267 4091 μὲν
290 4024 480 4075 τοῦτον
512 4019 638 4088 ἔσχε
665 4019 756 4070 τὸν
788 4015 1010 4086 τρόπον.

243 4116 330 4169 lZ'.
378 4113 529 4180 Ἐγὼ
559 4112 603 4164 δ’
633 4111 727 4162 ἐπὶ
771 4107 986 4168 τούτοις
1014 4105 1092 4175 τῷ
1144 4102 1358 4174 βασιλεῖ
1400 4099 1740 4172 προσεληλυ-

185 4210 270 4272 θὼς
298 4211 391 4264 καὶ
442 4204 767 4275 ἀπειληφὼς
820 4203 945 4273 ἰδίᾳ,
978 4201 1074 4253 καὶ
1115 4201 1215 4252 ὅσα
1252 4195 1525 4268 δήπουθεν
1570 4191 1741 4262 ἐχρῆν

184 4303 460 4373 ὡμιληκὼς
504 4301 647 4368 ὑπὲρ
695 4297 804 4350 τῶν
843 4296 1002 4349 θείων
1033 4294 1134 4364 τῆς
1179 4288 1510 4358 Ἐκκλησίας
1539 4285 1744 4355 δογμά-

184 4411 290 4461 των,
324 4399 415 4449 καὶ
445 4392 544 4464 τὴν
571 4391 710 4458 πρὸς
737 4387 830 4442 τοῦ
875 4384 1338 4454 Καντακουζηνοῦ
1374 4382 1470 4437 καὶ⁸
1506 4380 1745 4448 Παλαμᾶ

1831 3195 1978 3247 hunc
2004 3199 2163 3244 antea
2189 3183 2554 3257 patriarcltatu
2580 3189 2870 3241 exuerant,
2888 3176 3155 3243 illumque
3195 3172 3247 3224 in
3292 3169 3413 3240 ejus

1826 3286 2007 3339 locum
2038 3279 2392 3339 suﬂ'ecerant,
2414 3289 2511 3345 per
2547 3274 2648 3327 bos
2678 3271 2751 3325 illi
2789 3283 3004 3340 pix-nam
3037 3263 3327 3334 irrogavit.
3358 3269 3415 3314 et

1830 3371 2082 3443 spoliavit
2108 3383 2231 3424 eum
2267 3364 2577 3422 sacerdOtio
2604 3362 2765 3416 simul
2813 3369 2868 3414 et
2896 3373 2994 3427 spe
3027 3354 3416 3424 recuperandae

1832 3461 2133 3533 dignitatis.
2189 3459 2355 3513 Addit
2403 3456 2567 3512 etiam
2602 3454 2621 3526 (
2653 3449 3165 3508 excommunicatus
3211 3449 3280 3500 ab
3323 3445 3417 3498 illo

1833 3568 1959 3613 ante
1987 3569 2042 3611 et
2067 3554 2204 3624 ipse)
2228 3549 2853 3608 excommunicationem
2887 3542 3157 3597 divinitus
3191 3540 3412 3598 factam,

1835 3647 2110 3703 moechum
2170 3642 2456 3713 appellans
2518 3638 2670 3691 illum
2721 3645 2774 3690 et
2825 3633 3094 3687 latronem
3133 3636 3190 3682 et
3235 3633 3420 3694 rapto-

1836 3756 1950 3796 rem
1975 3741 2095 3809 ejus
2123 3751 2230 3806 qua
2255 3733 2478 3787 minime
2512 3730 2711 3800 dignus
2732 3735 2880 3782 esset
2903 3721 3210 3794 potestatis.
3242 3720 3420 3786 Atque

1840 3835 1954 3888 tunc
1979 3830 2200 3902 quidem
2236 3829 2318 3882 sic
2367 3841 2424 3880 se
2485 3824 2786 3879 habebant.

1912 4100 2076 4157 XVII.
2099 4097 2208 4168 Ego
2231 4110 2362 4150 vero
2409 4093 2478 4147 de
2523 4091 2612 4146 bis
2650 4089 2816 4144 rebus
2866 4086 3252 4156 imperatorem
3296 4091 3430 4132 con-

1845 4195 1969 4251 veni
2010 4191 2361 4263 privatim,et
2403 4192 2668 4255 quantum
2706 4180 2897 4249 utique
2935 4190 3074 4246 opus
3116 4182 3235 4228 erat
3280 4170 3432 4225 locu-

1847 4299 1936 4345 tus
1955 4302 2072 4344 sum
2091 4285 2159 4341 de
2185 4281 2387 4338 divinis
2413 4278 2669 4334 Ecclesiae
2701 4269 3077 4344 dogmatibus,
3098 4265 3370 4321 etfaciam
3399 4277 3431 4316 a

1848 4384 2236 4439 Cantacuzeno
2259 4387 2314 4432 et
2334 4375 2552 4430 Palama
2575 4369 2797 4442 pietatis
2835 4360 3276 4420 immutationem
3318 4369 3434 4409 me-

185 4453 522 4560 καινοντομίαν
575 4453 673 4556 της
726 4470 1008 4544 εὐσεϐείας
1031 4479 1414 4550 γεγενημένην
1461 4477 1724 4544 ἐκτραγῳ⁴

1853 4477 2058 4531 morari
2087 4484 2142 4528 et
2163 4471 2334 4540 adjeci
2367 4469 2550 4539 qualia
2577 4465 2694 4519 haec
2719 4469 2852 4517 sunt
2881 4472 3004 4528 quae
3024 4455 3117 4508 Dei
3143 4453 3434 4507 moverunt

2834 4551 2846 4560 .
3125 4558 3138 4560 _
3180 4539 3430 4560 ,ΜΛ-,Μ

182 4584 351 4651 δήσας,
376 4582 444 4654 [ί.
466 4581 570 4638 126
601 4577 680 4650 υ.]
719 4578 814 4631 καὶ
837 4574 1098 4645 προσθεὶς
1126 4573 1200 4634 ὡς
1231 4569 1387 4624 ταῦτ’
1414 4568 1563 4621 ἐστιν
1585 4565 1619 4620 ἃ
1648 4566 1744 4635 τὴν

182 4675 264 4729 τοῦ
287 4674 421 4728 Θεοῦ
463 4675 754 4740 κεκίνηκεν
778 4667 949 4740 ὀργὴν
975 4667 1116 4720 κατὰ
1157 4663 1253 4718 τοῦ
1282 4655 1746 4728 Καντακουςηνοῦ

182 4767 246 4828 ὡς
282 4765 528 4836 αἰσχρῶς
572 4763 673 4831 τῆς
719 4762 1002 4832 βασιλείας
1056 4757 1284 4829 ῥιφῆναι
1335 4754 1431 4806 καὶ
1475 4750 1615 4820 πρὸς
1643 4749 1750 4800 τῶν

183 4861 523 4927 φαυλοτάτων
573 4855 1003 4925 ὲξουδενωθῆναι
1057 4849 1351 4922 λαμπρῶς,
1377 4848 1573 4901 ἔπειτα
1607 4859 1748 4912 παρ-

182 4951 332 5022 ῄνουν
369 4951 727 5022 ἀνειληφέναι
774 4948 1052 5001 πεσοῦσαν
1101 4948 1200 5014 τὴν
1235 4943 1471 5014 πάτριον
1515 4939 1615 5006 τῆς
1656 4933 1752 4989 τοῦ

183 5046 305 5101 Θεοῦ
342 5044 678 5114 Ἑκκλησίας
723 5041 1058 5112 εὐπρέπειαν
1106 5035 1366 5106 καὶπρὸς
1421 5031 1483 5084 τὸ
1523 5030 1754 5099 ἀρχαῖον

183 5138 476 5204 ἀναγαγεῖν
528 5135 770 5203 ἀξίωμα,
804 5135 852 5186 εί
896 5131 972 5202 μὴ
1021 5129 1266 5202 βούλοιτο
1312 5127 1408 5180 καὶ
1439 5123 1601 5185 αὐτὸς
1641 5124 1756 5184 τοῖς

182 5230 385 5294 ὁμοίοις
436 5227 794 5297 περιπίπτειν
827 5224 1043 5284 δεινοῖς.
1078 5222 1212 5274 Θεοῦ
1240 5221 1348 5290 γὰρ
1378 5217 1613 5279 διδόντος
1656 5215 1757 5284 τὴν

182 5320 446 5392 πατρῴαν
476 5320 626 5389 αὐτῷ
665 5316 944 5387 βασιλείαν
972 5315 1226 5382 ἀπονητὶ,
1245 5311 1446 5382 χρῆναι
1474 5309 1568 5362 καὶ
1592 5305 1757 5360 αὑτὸν

181 5415 493 5466 ἀποδιδόναι
545 5414 644 5483 τὴν
709 5410 934 5478 πάτριον
986 5406 1273 5460 εὗσέϐειαν
1327 5403 1406 5471 τῷ
1461 5401 1602 5469 Θεῷ,
1662 5397 1758 5451 τοῦ

182 5505 320 5554 πάνυ
358 5517 416 5553 τι
457 5498 695 5568 χαλεποῦ
743 5499 803 5548 τὸ
850 5496 992 5550 πάνυ
1032 5511 1086 5548 τι
1125 5494 1324 5565 ῥᾷστον
1360 5489 1754 5557 ἀλλαξάμενον.

191 5592 478 5645 Ἐντεῦθεν
519 5592 628 5660 γάρ
675 5589 876 5654 ἐξεῖναι
921 5590 1020 5639 τοῦ
1052 5584 1241 5638 λοιποῦ
1297 5583 1631 5651 συλλήπτορι
1691 5582 1759 5650 τῇ

183 5684 388 5739 ἀνωθεν
440 5684 738 5753 κεχρῆσθαι
769 5682 920 5753 δεξιᾷ
953 5681 1090 5752 πρὸς
1137 5679 1354 5732 άπασαν
1394 5675 1596 5746 πρᾶξιν
1625 5673 1761 5742 ὁμοῦ

190 5777 282 5833 καὶ
324 5775 552 5848 βουλήν.
584 5776 728 5848 Πρὸς
755 5776 822 5852 δὴ
845 5774 1022 5831 ταῦτα
1065 5777 1157 5827 καὶ
1193 5773 1261 5826 τὰ
1301 5772 1525 5830 τοιαῦτα
1570 5769 1763 5842 βούλη-

1850 4570 1987 4624 iram
2009 4567 2063 4620 in
2100 4564 2569 4619 Cantacuzenum,
2603 4564 2665 4609 ut
2702 4551 2939 4619 turpiter
2978 4558 3148 4614 regno
3172 4539 3433 4608 expulsus

1847 4673 1956 4719 eta
1991 4655 2246 4730 pessimis
2297 4650 2615 4706 hominibus
2663 4647 2862 4699 mirum
2898 4641 2952 4694 in
3015 4634 3240 4689 modum
3287 4636 3437 4681 esset

1851 4729 2217 4820 contemptus.
2270 4743 2476 4800 Deinde
2511 4737 2770 4794 hortabar
2823 4743 2882 4787 ut
2935 4729 3175 4798 erigeret
3240 4735 3436 4776 rursus

1850 4817 2366 4915 lapsam‘paternam
2425 4835 2624 4889 divinae
2667 4828 2926 4882 Ecclesia:
2963 4817 3345 4877 auctoritatem
3379 4820 3436 4867 et

1855 4910 1921 4994 ad
1947 4910 2232 5008 pristinam
2265 4929 2586 5001 dignitatem
2607 4931 2890 4978 revocaret
2911 4918 3014 4972 nisi
3045 4914 3209 4970 vellet
3235 4920 3292 4966 et
3320 4910 3436 4979 ipse

1855 5032 1912 5086 in
1946 5029 2135 5085 eadem
2166 5023 2404 5080 incidere
2432 5016 2702 5090 pericula.
2736 5013 2871 5068 Nam
2908 5024 3033 5064 cum
3073 5008 3218 5061 Deus
3253 5013 3437 5072 pater-

1857 5137 1990 5176 num
2040 5121 2089 5174 ei
2121 5119 2240 5172 sine
2298 5114 2484 5168 labore
2535 5109 2784 5164 dedisset
2831 5103 3146 5173 imperium.
3183 5105 3440 5166 oportere

1858 5214 2022 5270 etiam
2051 5208 2280 5264 reddere
2316 5207 2492 5276 ipsum
2553 5204 2662 5257 Deo
2713 5199 2916 5254 avitam
2974 5195 3228 5264 pietatem
3292 5199 3444 5259 post-

1859 5322 2022 5378 quam
2057 5299 2373 5358 dilﬁcillima
2425 5296 2701 5351 facillimis
2757 5297 3046 5347 mntasnet.
3117 5286 3255 5340 liinc
3293 5282 3441 5338 enim

1865 5401 1980 5454 ﬂeri
2006 5407 2064 5451 ut
2100 5396 2286 5450 liceret
2311 5391 2368 5445 in
2397 5397 2675 5458 posterum
2704 5386 2957 5452 adiutore
3008 5380 3086 5435 uti
3126 5377 3319 5432 divino
3342 5389 3446 5428 nu-

1864 5493 2012 5548 mine
2033 5488 2099 5543 ad
2132 5499 2350 5541 omnem
2384 5492 2440 5538 et
2469 5481 2743 5535 actionem
2776 5484 2835 5531 et
2859 5473 3180 5529 consilium.
3209 5469 3289 5526 Ad
3326 5468 3446 5522 haec

1864 5596 1919 5640 et
1947 5582 2144 5639 similia
2197 5573 2562 5643 persuadendi
2617 5572 2727 5626 vim
2780 5569 2938 5640 251
2976 5565 3234 5622 habentia
3313 5574 3446 5615 sane

1867 5676 2116 5739 multam,
2152 5687 2276 5728 cum
2299 5680 2621 5738 cognossem
2664 5679 2766 5734 ego
2804 5661 3078 5717 eﬂicacem
3115 5657 3304 5724 utique
3345 5652 3448 5704 im-

1869 5776 2054 5838 petum
2085 5779 2202 5821 csse
2230 5761 2453 5817 minime
2477 5758 2616 5814 adeo
2651 5769 2933 5829 magnum,
2971 5749 3148 5807 labori
3197 5747 3444 5802 laborem

3649 6127 3850 6178 Δ
