3994 6204
528 249 637 313 219

1722 254 2139 316 NlCEl’llORl
2178 254 2564 316 GliEGOlizﬁ

3676 253 3801 316 220
3832 268 3839 271 ‘

529 369 733 423 iterum
756 364 943 422 addidi
976 373 1033 422 et
1056 366 1143 422 bis
1159 367 1420 436 deinceps
1440 376 1497 425 et
1525 376 1610 423 ter
1645 378 1951 439 quaterque
1979 387 2104 425 eum

2227 389 2297 425 rw
2351 372 2452 441 μὲν
2507 371 2701 441 ἔχοντα
2769 371 2912 423 πάνυ
2964 368 3166 437 πολλὴν
3220 369 3481 434 ἐγνωκὼς
3526 368 3659 437 ἐγὼ,
3690 371 3796 443 εμ-

531 458 869 511 conveniens
899 468 956 511 et
1013 472 1081 512 ex
1135 468 1265 513 ante
1313 458 1476 513 dictis
1530 461 1927 529 consequentia
1983 475 2108 514 cum

535 547 864 604 dexteritate
912 549 1161 610 studens.
1194 549 1379 619 rogavi
1451 560 1637 603 utrum
1697 565 1728 605 e
1786 551 2003 604 duobus
2058 553 2110 606 ei

446 688 449 689 ν
536 643 679 696 forte
738 640 1005 709 perlicere
1060 638 1351 709 placerem
1386 639 1441 694 Si
1495 641 1679 694 minus
1731 644 2110 707 securitatem,

536 733 634 788 tali
666 733 779 787 otio
831 748 918 786 res
978 731 1176 786 darent
1241 733 1376 787 satis
1420 733 1808 799 sufﬁcientem,
1833 736 2016 791 edicto
2058 748 2115 791 ct

534 832 810 891 prtecepto
830 822 1136 877 efﬁcaciore
1170 822 1409 877 firmaret
1438 836 1724 891 parentum
1759 835 1812 880 et
1845 828 2113 896 majorum

536 932 760 971 suorum
797 916 1051 983 pietatem
1083 924 1139 969 et
1166 915 1219 968 in
1242 915 1532 984 pristinum
1563 917 1712 971 illum
1741 919 1852 974 Πυο
1888 918 2112 989 (lignum

537 1018 738 1062 statum
765 1007 1098 1066 restitueret,
1131 1008 1382 1062 reﬁceret
1421 1019 1603 1063 autem
1645 1027 1767 1078 qua:
1807 1014 2114 1079 perniciose

538 1110 663 1169 post
691 1108 923 1154 mortem
984 1099 1158 1167 patris
1199 1100 1546 1170 irrepsissent
1592 1118 1760 1156 noxas
1809 1113 1865 1156 et
1916 1105 2115 1160 damna

536 1207 675 1245 nova
707 1204 762 1246 et
803 1207 833 1245 a
889 1192 1090 1247 divinis
1136 1193 1403 1261 dogmatis
1457 1195 1829 1251 abstralientia
1878 1198 2113 1253 animos.

539 1280 634 1334 Sin
655 1293 836 1337 autem
866 1283 1216 1337 securitatem
1252 1296 1442 1339 nactus
1482 1285 1733 1340 idoneam
1772 1286 1826 1340 in
1888 1304 2114 1347 accura—

539 1373 735 1426 tiorem
766 1389 967 1428 vocare
1013 1374 1456 1443 disquisitionem
1489 1379 1653 1433 vellet
1686 1379 1884 1448 injuste
1950 1380 2114 1434 simul

538 1478 603 1517 ac
630 1464 898 1519 violenter
929 1466 1077 1520 illata
1126 1466 1442 1536 blasphema
1494 1480 1550 1524 et
1585 1471 1830 1527 inaudita
1882 1473 2115 1527 adunca

539 1554 723 1609 divina
742 1556 1008 1621 Ecclesia,
1037 1555 1404 1613 Cantacuzeni
1451 1570 1505 1612 et
1536 1560 1767 1615 Palamzre
1798 1563 2001 1632 scripta
2029 1576 2114 1616 me

2213 464 2460 532 πρακτόν
2484 479 2547 531 γε
2591 463 2698 532 μὴν
2746 464 2927 533 ὁρμὴν
2957 461 3157 531 ἥκιστα
3203 460 3350 515 πάνυ
3379 461 3606 532 πολλὴν,
3644 464 3796 533 πόνῳ

2215 556 2377 608 πόνον
2406 552 2563 621 αὖθις
2595 554 2973 624 προσεθέμην.
3007 555 3103 610 καὶ
3137 554 3222 613 δὶς
3247 554 3378 622 ἑξῆς
3411 555 3506 608 καὶ
3532 556 3656 623 τρὶς
3699 564 3797 610 καὶ

2212 649 2468 715 τετράκις
2520 647 2671 717 αὐτῴ
2704 648 2947 717 προσιὼν
2996 649 3097 702 καὶ
3142 647 3210 701 τὰ
3250 649 3365 710 τοῖς
3398 649 3797 718 προρρηθεῖσιν
3870 683 3875 688 -

2214 738 2487 792 ἀκόλουθα
2562 737 2753 802 δεξιῶς
2825 738 3032 807 ὁμιλῶν
3105 737 3443 792 κατανεῦσαι
3519 740 3797 809 πεποίηκα

2215 825 2359 878 δυοῖν
2406 827 2668 894 ὁπότερον
2716 825 2882 879 ἕλοιτ’
2912 826 2979 878 ἂν
3026 825 3449 894 διαπράξασθαι.
3495 827 3558 880 Ei
3597 829 3698 896 μὲν
3732 830 3795 881 ού

2214 914 2470 967 διδόντων
2498 914 2683 967 ἄδειαν
2732 917 2798 985 τῇ
2835 915 3061 984 τοιαύτῃ
3107 914 3272 984 σχολῇ
3302 914 3412 967 τῶν
3445 918 3799 986 πραγμάτων

2216 1004 2272 1064 ες
2297 1020 2358 1071 γε
2394 1007 2452 1057 τὸ
2496 1005 2679 1057 ἱκανὸν
2710 1005 3066 1073 ἀποχρῶσαν,
3107 1006 3508 1075 προγράμματι
3538 1005 3668 1072 γοῦν
3697 1010 3797 1062 καὶ

2217 1098 2514 1168 προστάξει
2560 1099 2975 1170 δραστικωτέρᾳ
3031 1097 3337 1167 βεϐαιῶσαι
3390 1099 3489 1166 μὲν
3533 1099 3631 1169 τὴν
3684 1101 3797 1152 τῶν

2217 1191 2424 1256 γονέων
2456 1208 2514 1243 τε
2549 1192 2645 1243 καὶ
2675 1191 2958 1262 προγόνων
2986 1190 3152 1243 αὑτοῦ
3192 1207 3256 1259 γε
3285 1190 3570 1244 εὐσέϐειαν
3610 1194 3706 1246 καὶ
3740 1194 3799 1254 ἐς

2216 1283 2318 1351 τὴν
2348 1283 2483 1351 πρὶν
2513 1282 2732 1352 ἐκείνην
2767 1282 3051 1352 θεοπρεπῆ
3083 1283 3423 1336 κατάστασιν
3452 1284 3796 1353 ἀνενεγκεῖν,

2218 1373 2507 1442 ἀκυρῶσαι
2538 1372 2595 1425 δὲ
2627 1374 2728 1436 τὰς
2770 1374 2909 1440 μετά
2939 1371 3198 1442 τελευτὴν
3235 1371 3332 1425 τοῦ
3375 1374 3585 1443 πατρὸς
3628 1373 3797 1425 αὑτοῦ

2218 1465 2728 1535 παρεισφθαρείσας
2755 1464 2979 1534 κηλῖδας
3012 1465 3109 1517 καὶ
3152 1464 3334 1535 κῆρας
3365 1468 3650 1532 νεοφανεῖς
3699 1465 3803 1517 καὶ

2217 1556 2331 1616 τοῖς
2385 1552 2550 1616 θείοις
2601 1553 3014 1622 ἀποτροπαίους
3069 1552 3362 1622 δόγμασιν.
3400 1554 3463 1606 El
3515 1552 3560 1606 δ’
3611 1554 3799 1617 ἀδείας

537 1655 787 1715 paratum
818 1662 940 1701 esse
977 1648 1251 1719 simillime
1311 1651 1601 1706 ostendere
1649 1653 1927 1725 sigillalim
1979 1654 2114 1709 nihil

2227 1646 2624 1716 ἐπειλημμένος
2655 1646 2753 1716 τῆς
2793 1644 3183 1718 προσηκούσης
3207 1645 3456 1710 ἐξετάσει
3488 1644 3803 1719 τελεωτέρα⁵

539 1737 631 1791 illa
665 1753 856 1792 sanum
885 1750 940 1793 et
968 1740 1188 1794 salubre
1218 1741 1441 1805 inferre,
1461 1742 1555 1797 sed
1584 1754 1739 1798 natas
1767 1760 1887 1798 esse
1906 1756 1959 1800 et
1989 1762 2121 1800 con-

539 1829 694 1884 ﬂzrtas
719 1831 789 1885 ab
820 1832 890 1886 iis
908 1832 1267 1887 versicolores
1290 1842 1346 1888 et
1374 1836 1742 1892 multiformes
1767 1845 2117 1906 portentosas

539 1923 864 1977 novationes
900 1925 1182 1979 notionum
1235 1935 1290 1980 et
1327 1928 1655 1997 syllabarum
1688 1938 1744 1983 ct
1797 1929 2114 1993 verborum,

540 2017 844 2070 secundum
878 2032 1017 2084 quas
1045 2018 1368 2074 novationes
1388 2030 1703 2075 sanctorum
1761 2022 2116 2077 corradentes

541 2108 843 2162 sententias
898 2117 1268 2178 corruperunt
1313 2116 1368 2162 et
1422 2112 1764 2177 mutilarunt,
1808 2128 1962 2166 suam
2010 2112 2118 2165 illis

541 2199 908 2255 admiscentes
936 2201 1179 2271 undique
1205 2201 1366 2255 simul
1385 2211 1441 2256 et
1458 2201 1660 2270 ubique
1682 2206 2112 2271 perversitatem.

2223 1739 2512 1809 βουληθείη
2561 1738 2763 1793 διδόναι
2806 1739 2875 1791 ea
2917 1738 3260 1808 τυραννικῶς
3293 1736 3431 1809 ὁμοῦ
3467 1744 3560 1795 καὶ
3608 1741 3802 1810 βιαίως

2223 1829 2671 1901 παρεισαχθέντα
2723 1830 3026 1902 βλάσφημά
3069 1849 3128 1884 τε
3176 1833 3272 1887 καὶ
3318 1833 3555 1903 νεοφανῆ
3589 1838 3655 1906 τῇ
3705 1832 3804 1889 τοῦ

2222 1924 2361 1978 Θεοῦ
2412 1924 2713 1995 Ἐκκλησία⁴
2743 1926 3043 1995 γράμματα
3078 1925 3213 1996 πρός
3260 1942 3316 1977 τε
3351 1925 3445 1980 τοῦ
3484 1928 3809 1982 Καντακου-

2222 2016 2391 2086 ζηνοῦ
2423 2018 2521 2070 καὶ
2548 2017 2643 2071 τοῦ
2693 2016 2946 2087 Παλαμᾶ,
2990 2018 3226 2087 ἑτοίμως
3260 2018 3403 2087 ἔχειν
3433 2018 3533 2089 ἐμὲ
3567 2023 3712 2073 κατὰ
3742 2023 3808 2072 τὸ

2224 2109 2367 2165 πάνυ
2399 2126 2453 2161 τι
2488 2111 2689 2179 ῥᾷστον
2716 2108 2989 2162 δεικνύειν
3030 2109 3153 2163 καθ’
3197 2110 3405 2164 ἕκαστα
3452 2112 3804 2182 μηδένκύγιές

2228 2202 2452 2271 μηδαμῆ
2503 2200 2847 2270 ἐπαγόμενα,
2878 2201 2994 2256 ἀλλ’
3028 2203 3397 2270 ἐκπεφυκέναι
3439 2205 3533 2257 καὶ
3583 2222 3807 2273 συμπε-

543 2294 750 2363 φύρθαι
782 2297 1039 2360 ποικίλας
1069 2297 1254 2359 αὐτοῖς
1295 2297 1392 2349 καὶ
1469 2298 1770 2362 πολυειδεῖς
1796 2299 1893 2362 τὰς
1953 2298 2406 2369 τερατομόρφους
2447 2299 2805 2367 καινοτομίας
2854 2299 2965 2351 τῶν
3013 2298 3238 2352 ἐννοιῶν
3268 2300 3367 2354 καὶ⁸
3431 2299 3543 2353 τῶν
3606 2301 3811 2355 συλλα-

545 2391 655 2444 ϐῶν
713 2394 810 2445 καὶ
884 2393 995 2445 τῶν
1051 2391 1250 2457 λέξεων
1322 2393 1446 2447 καθ’
1511 2393 1715 2456 ὁπόσας
1775 2394 1885 2447 τῶν
1941 2394 2114 2462 ἁγίων
2154 2394 2547 2464 ἐρανισάμενοι
2589 2396 2780 2465 ῥήσεις
2851 2393 3233 2464 παρέφθειράν
3284 2411 3346 2446 τε
3396 2396 3492 2448 καὶ
3555 2413 3809 2467 παρακεο

544 2489 769 2556 κόφσσι,
797 2488 895 2558 τὴν
936 2489 1145 2543 ἑαυτῶν
1192 2489 1378 2552 αὐτοῖς
1408 2490 1875 2559 ἀνακεραννύντες
1908 2492 2247 2563 πανταχόθεν
2279 2490 2398 2557 ἅμα
2427 2492 2524 2543 καὶ
2555 2488 2875 2543 παντάπασι
2907 2488 3235 2558 μοχθηρίαν.

614 2580 800 2635 XVIII.
830 2581 992 2651 252
1023 2582 1147 2637 Haec
1173 2589 1229 2636 et
1288 2580 1486 2637 similia
1549 2591 1836 2653 postquam
1896 2583 2007 2638 dixi
2063 2594 2119 2638 et

546 2674 819 2742 persuasi,
853 2677 991 2730 clam
1029 2689 1116 2729 res
1163 2675 1324 2729 allata
1357 2674 1426 2729 ad
1483 2674 1690 2730 alienas
1722 2691 1887 2731 aures
1938 2684 1995 2732 et
2021 2681 2120 2730 all-

543 2765 821 2819 vers-arias
852 2776 960 2819 tam
990 2764 1057 2819 ad
1089 2764 1351 2821 invidiam
1371 2780 1534 2835 quam
1566 2766 1632 2819 ad
1663 2767 1914 2835 timorem
1944 2767 2123 2822 addu-

543 2855 625 2910 xit
685 2856 915 2912 minime
966 2857 1301 2921 ferendum;
1346 2858 1585 2919 maxime
1638 2874 1766 2915 vero
1823 2861 2123 2929 perterruit

545 2951 793 3005 omnium
825 2961 882 3004 et
917 2951 1259 3019 exasperavit
1319 2966 1407 3006 res
1443 2950 1889 3009 Cantacuzeuum
1920 2955 2122 3010 divinae

2298 2584 2407 2637 ΠΡ.
2444 2581 2631 2635 Ταῦτα
2661 2582 2724 2650 δὴ
2751 2582 2848 2639 καὶ
2871 2582 3078 2635 τοιαῦτ’
3111 2581 3248 2651 ἐμοῦ
3288 2598 3351 2649 γε
3387 2583 3675 2654 εἰρηκότος
3704 2588 3806 2640 καὶ

2225 2671 2573 2734 πεπεικότος,
2598 2670 2777 2738 λάθρα
2823 2668 3117 2735 ἐξέπιπτεν
3158 2672 3242 2733 είς
3291 2672 3462 2734 ἀκοὰς
3512 2672 3808 2745 ἀλλοτρίας

2226 2765 2320 2818 καὶ
2347 2762 2679 2825 ἀντιθέτους,
2712 2762 2968 2833 καὶπρὸς
3006 2760 3071 2833 [ί.
3103 2763 3207 2817 127
3244 2762 3317 2835 r.]
3348 2761 3546 2832 φθόνον
3569 2768 3664 2818 καί
3696 2767 3801 2835 φό-

2228 2854 2321 2907 ϐον
2359 2852 2617 2923 ἠρέθιζεν
2656 2852 2860 2922 ἥκιστα
2905 2851 2969 2923 δὴ
3019 2852 3283 2924 φορητόν.
3330 2853 3583 2907 Μάλιστα
3614 2855 3661 2907 δ’
3702 2855 3803 2909 οῦν

2230 2943 2487 2998 ἁπάντων
2528 2942 2795 3013 ἐξέπληξε
2826 2959 2886 2995 τε
2937 2943 3032 2995 καὶ
3061 2944 3294 3013 ἐξέμηνε
3347 2944 3805 3018 Καντακουζηνὸν

545 3040 809 3096 Ecclesiae
835 3048 1044 3108 pestem
1092 3046 1148 3092 et
1200 3039 1547 3095 defensorem
1598 3043 1778 3101 omnis
1832 3046 2121 3111 pravitatis

2227 3037 2317 3091 τὸν
2348 3037 2451 3105 τῆς
2496 3034 2593 3088 τοῦ
2627 3036 2760 3089 Θεοῦ
2810 3034 3139 3106 Ἐκκλησίας
3188 3037 3417 3107 ὀλεθρον
3441 3043 3537 3092 καὶ
3569 3040 3807 3108 356mm-

545 3129 855 3184 ardentem.
896 3127 1003 3194 Qui
1044 3128 1309 3183 nimirum
1362 3128 1527 3184 etiam
1570 3130 1805 3196 veritus,
1827 3147 1895 3185 ne
1951 3148 2122 3197 mine,

546 3235 671 3275 cum
702 3234 805 3275 nec
835 3222 949 3290 ipse
979 3230 1244 3292 tyrannus
1285 3230 1450 3286 esset,
1486 3238 1588 3278 nec
1639 3238 1943 3295 prmeeptor
1991 3240 2126 3280 suus

543 3312 765 3368 adesset
804 3313 1073 3376 Palatinas.
1101 3322 1418 3383 superarent
1456 3325 1511 3369 et
1565 3316 1829 3371 ell‘cctum
1859 3318 2126 3376 baberent

546 3422 611 3461 ea
642 3422 764 3476 quae
793 3406 1092 3463 deliberata
1140 3418 1317 3467 erant.
1349 3409 1491 3463 clam
1520 3425 1715 3479 magno
1764 3426 1889 3465 cum
1939 3413 2123 3467 studio

546 3495 800 3569 Hyrcano
819 3513 1024 3570 genero
1048 3509 1104 3554 et
1134 3499 1373 3555 barbaro
1401 3501 1454 3555 in
1495 3501 1805 3572 Bithyniam
1837 3504 1998 3558 missa
2028 3520 2123 3572 pe-

543 3594 731 3656 cunia,
758 3608 878 3662 quae
909 3593 1042 3648 satis
1060 3601 1207 3648 esset
1229 3593 1299 3647 ad
1322 3593 1655 3663 implendam
1692 3594 1840 3649 illius
1873 3598 2122 3653 dextram

545 3693 605 3739 et
625 3692 888 3749 mentem,
919 3686 1195 3755 persuasit
1226 3695 1286 3741 ut
1345 3684 1583 3741 liberum
1621 3687 1865 3741 mitteret
1919 3687 2126 3756 Byzan-

548 3773 685 3830 tium
706 3774 975 3828 Palamam
1031 3776 1317 3845 pravitatis
1368 3783 1625 3845 tutorem,
1659 3786 1721 3831 ut
1747 3778 1966 3847 adjutor
1999 3795 2123 3848 per.

547 3881 709 3920 verso
747 3866 864 3935 ipse
895 3865 1054 3921 ﬁeret
1088 3867 1350 3938 dogmati.
1386 3867 1541 3935 Quod
1573 3869 1736 3924 etiam
1755 3869 1916 3925 nobis
1944 3872 2121 3925 visum

545 3967 628 4014 est
655 3960 838 4028 potius
862 3975 1025 4030 quam
1059 3959 1160 4025 illi,
1197 3960 1414 4015 melius.
1451 3960 1584 4015 Nam
1617 3961 1685 4017 ad
1714 3964 2002 4032 praesentia
2032 3980 2120 4018 or-

532 4061 729 4105 torum
751 4066 819 4106 ex
840 4051 1049 4120 pudore
1075 4053 1370 4108 criminum
1413 4067 1538 4109 cum
1560 4054 1804 4111 nondum
1841 4057 2126 4126 insupera-

546 4141 658 4196 bile
687 4152 834 4198 esset
864 4144 1131 4199 auxilium
1159 4144 1549 4211 Cantacuzeni,
1583 4149 1678 4202 sed
1710 4150 1880 4215 magis
1939 4159 2124 4221 tyran-

549 4233 734 4287 nicum
760 4243 819 4288 et
872 4237 1028 4290 valde
1083 4237 1352 4305 ineptum,
1380 4253 1491 4293 non
1552 4239 1964 4308 relinquebatur
2012 4242 2122 4311 jam

2224 3132 2327 3201 τὴν
2352 3131 2451 3200 τῆς
2479 3130 2606 3198 ὅλης
2639 3128 2839 3193 κακίας
2862 3131 3149 3198 διάπυρον.
3180 3131 3275 3192 Ὃς
3299 3133 3475 3200 δήπου
3499 3134 3594 3186 καὶ
3616 3134 3805 3196 δείσας

2230 3225 2307 3294 μὴ
2339 3221 2457 3285 νῦν,
2480 3223 2643 3277 ὁπότε
2681 3221 2812 3291 μήτ’
2846 3222 3014 3287 αὐτὸς
3052 3222 3370 3296 τυραννοίη,
3396 3222 3527 3292 μήθ’
3573 3228 3602 3278 ὁ
3636 3227 3803 3280 αὑτοῦ

2230 3316 2599 3384 μυσταγωγὸς
2638 3316 2844 3385 παρείη
2874 3316 3170 3385 Παλαμᾶς,
3208 3315 3462 3388 ὑπέρσχῃ
3504 3318 3602 3387 καὶ
3625 3318 3807 3389 πέρας

2228 3410 2331 3479 σχῇ
2364 3410 2431 3462 τὰ
2457 3407 2890 3480 βεϐουλευμένα,
2928 3409 3105 3479 λάθρα
3140 3408 3239 3462 σὺν
3280 3408 3451 3480 πολλῇ
3486 3414 3552 3480 τῇ
3590 3415 3800 3484 σπουδῇ

2227 3499 2536 3569 πεπομφὼς
2573 3496 2830 3570 ’Υρκαύᾦ
2868 3498 2945 3570 τῷ
2972 3500 3208 3571 γαμϐρῷ
3236 3502 3332 3555 καὶ
3362 3501 3635 3573 βαρϐάρῳ.
3663 3506 3803 3575 χρή·

2229 3609 2377 3661 ματα
2412 3593 2546 3663 πρὸς
2574 3593 2833 3649 Βιθυνίαν
2859 3596 2961 3663 τὴν
2990 3594 3201 3648 ἐκείνου
3233 3592 3416 3658 δεξιὰν
3446 3596 3541 3649 καὶ
3568 3597 3801 3666 γνώμην

2229 3681 2431 3745 ἱκανῶς
2480 3681 2673 3752 έχοντα
2732 3683 3038 3751 ἐμπιπλᾷν,
3089 3682 3353 3737 πέπεικεν
3406 3683 3697 3752 ἐλεύθερον
3743 3687 3802 3749 ἐς

2227 3771 2520 3837 Βυζάντιον
2569 3774 2890 3827 ἀποστεῖλαι
2954 3774 3219 3844 Παλαμᾶν
3287 3773 3378 3827 τὸν
3440 3774 3543 3844 τῆς
3599 3779 3800 3843 κακίας

2228 3863 2563 3932 προστάτην,
2608 3862 2719 3930 ἵνα,
2763 3862 2856 3915 τὸν
2899 3862 3156 3931 δεύτερον
3210 3866 3379 3931 φάναι
3438 3862 3626 3929 πλοῦν,
3664 3881 3801 3933 συμο

2230 3956 2405 4025 μαχία
2427 3972 2513 4017 τις
2538 3955 2615 4025 τῷ
2645 3955 2870 4027 πονηρῷ
2898 3954 3030 4024 γοῦν
3056 3955 3220 4018 αὐτὸς
3258 3955 3514 4027 γίγνηται
3541 3955 3806 4025 δόγματι.

2234 4051 2299 4100 Ὃ
2328 4049 2393 4119 δὴ
2416 4049 2509 4101 καὶ
2539 4050 2672 4118 ἡμῖν
2696 4048 2844 4115 εδοξε
2869 4048 3071 4119 μᾶλλον
3095 4048 3131 4118 ἢ
3162 4050 3363 4119 ἐκείνῳ
3388 4048 3628 4117 βέλτιον·
3665 4053 3811 4117 np’);

2225 4140 2334 4207 γὰρ
2363 4142 2609 4204 παρόντα
2631 4141 2742 4194 τῶν
2769 4142 2870 4211 τῆς
2891 4140 3157 4213 αἰσχύνης
3178 4143 3513 4210 κινουμένων
3535 4143 3809 4213 ἐλέγχων.

2227 4231 2330 4283 οὐκ
2362 4229 2531 4302 οὔσης
2565 4233 2670 4303 ἤδη
2696 4232 2797 4302 τῆς
2831 4234 3046 4303 ἀμάχου
3077 4232 3397 4303 συμμαχίας
3449 4233 3545 4287 τοῦ
3584 4236 3813 4290 Κανταο

548 4334 847 4395 ρι-αιιοκιυε
876 4326 1188 4394 ίυεαιιιιίιιε
1216 4328 1428 4383 homini
1463 4330 1523 4386 in
1555 4330 1706 4386 omni
1749 4332 2023 4387 sententia
2067 4343 2121 4387 et

2227 4324 2517 4395 κουζηνοῦ,
2553 4327 2752 4397 μᾶλλον
2782 4325 2843 4379 δὲ
2880 4326 2983 4395 τῆς
3011 4329 3342 4396 τυραννικῆς
3374 4327 3468 4381 καὶ
3492 4327 3627 4393 ,λίαν
3674 4331 3807 4383 ἀτό-

547 4415 761 4477 ratione
787 4417 1106 4487 perturbatae
1130 4430 1187 4475 et
1208 4419 1467 4477 omnibus
1495 4420 1551 4475 in
1578 4420 1744 4477 rebus
1772 4421 1978 4491 inepto.

619 4690 762 4755 XIX.
782 4689 865 4745 Ad
888 4689 1005 4744 haec
1030 4688 1237 4743 Helena
1262 4687 1581 4757 imperatrix
1601 4689 1921 4760 Byzantium
1950 4688 2127 4745 Tene-

552 4786 626 4840 do
664 4783 908 4854 profecta
945 4780 1229 4850 Palaeologi
1276 4782 1529 4852 conjugis
1580 4790 1638 4836 et
1674 4782 1808 4851 imp.
1870 4781 1926 4834 in
1984 4782 2128 4837 hanc

551 4894 669 4935 rem
698 4876 1118 4946 propensionem
1149 4876 1421 4937 cohibuit,
1457 4888 1635 4941 neque
1670 4874 1793 4942 ipsa
1825 4873 1934 4928 ullo
1965 4873 2129 4929 modo

553 4971 742 5026 volens
770 4971 1133 5025 Cantacuzeni
1174 4971 1344 5040 patris
1375 4966 1688 5039 ignominiae
1733 4984 1857 5021 cum
1891 4968 1993 5022 ista
2031 4984 2128 5022 ex-

556 5064 867 5120 secratione
928 5062 1091 5134 253
1147 5061 1410 5117 constitui
1468 5058 1842 5129 speetatricem
1874 5099 1890 5123 ,
1952 5076 2130 5129 neque

556 5157 804 5228 profecto
830 5157 983 5213 illius
1004 5156 1148 5227 apud
1180 5157 1349 5225 ipsam
1396 5154 1567 5209 factas
1586 5153 1961 5208 clandestinus
1990 5154 2133 5209 indi-

555 5251 806 5306 cationes
832 5261 885 5305 et
918 5250 1324 5306 admonitiones
1367 5245 1557 5301 irritas
1612 5246 1879 5315 repellere
1923 5246 2127 5303 valens.

556 5341 625 5396 Et
656 5347 760 5398 hoc
784 5352 907 5399 erat
922 5342 1071 5411 quod
1103 5338 1360 5395 Ecclesiae
1391 5346 1446 5391 et
1471 5337 1785 5391 divinorum
1833 5337 2129 5408 aliquando

558 5438 876 5506 dogmatum
931 5433 1200 5504 repressit
1252 5440 1438 5486 Veram
1491 5430 1941 5485 constitutionem
2005 5446 2130 5485 cum

556 5542 684 5583 meo
713 5528 815 5581 hac
845 5527 899 5580 in
922 5540 982 5580 re
1011 5522 1215 5579 studio.
1248 5522 1387 5577 Puto
1419 5522 1528 5576 Deo
1571 5522 1967 5591 comprobante
2010 5536 2135 5589 per-

562 5618 846 5675 fectiorem
869 5615 1036 5671 etiam
1073 5616 1278 5673 factam
1316 5627 1439 5670 esse
1467 5613 1537 5668 de
1568 5615 1771 5684 pietate
1803 5614 2130 5669 certantium

565 5711 1049 5775 exanimationem.
1102 5710 1222 5768 Non
1278 5710 1428 5767 enim
1471 5723 1664 5765 eorum
1718 5708 1810 5778 qui
1864 5705 2134 5777 incipiunt

2155 4414 2198 4468 ι)
2228 4431 2354 4480 που,
2394 4414 2495 4468 οὐκ
2539 4414 2773 4468 ἐλείπετ’
2807 4415 2873 4468 ἂν
2920 4413 3001 4468 ἔτι
3052 4415 3323 4484 πρόφασις
3354 4414 3648 4486 ἀποφυγῆς
3687 4419 3804 4471 οὐδ’

2226 4507 2453 4572 ἡτισοῦν
2504 4506 2583 4576 τῷ
2636 4508 2736 4579 τὴν
2790 4506 3018 4577 γνώμην
3067 4509 3161 4562 καὶ
3217 4506 3397 4561 πάντα
3432 4507 3637 4576 τρόπον
3685 4511 3808 4563 δια-

2229 4600 2448 4671 στρόφῳ
2476 4604 2569 4655 καὶ
2606 4604 2785 4657 πάντα
2813 4602 3023 4673 ἀτόπῳ.

2300 4693 2403 4746 ΙΘ’.
2447 4692 2588 4745 Ἀλλ’
2615 4696 2707 4746 ἐπὶ
2750 4694 2963 4757 τούτοις
2995 4697 3026 4765 ή
3061 4693 3276 4764 βασιλὶς
3318 4694 3506 4763 Ἑλένη
3537 4695 3677 4765 πρὸς
3705 4695 3815 4747 Βυ-

2231 4784 2448 4850 ζάντιον
2495 4789 2557 4838 ἐκ
2585 4786 2815 4840 Τενέδου
2867 4788 3145 4856 ἀφιγμένη
3181 4785 3277 4856 τὴν
3310 4787 3388 4847 είς
3438 4785 3594 4837 τοῦτο
3631 4788 3813 4856 ῥοπὴν

2231 4876 2542 4943 ἀνεχαίτισε
2568 4876 2659 4928 τοῦ
2692 4874 2929 4941 συζύγου
2974 4875 3071 4927 καὶ
3104 4874 3372 4943 βασιλέως
3410 4873 3811 4941 Παὶιαιοὶόγου.

2236 4967 2362 5037 μήτ’
2406 4968 2545 5037 αὑτὴ
2582 4967 2809 5037 μηδαμῆ
2854 4965 3156 5036 βουλομένη
3198 4968 3295 5031 τῆς
3347 4965 3813 5035 Καντακουζηνοῦ

2233 5058 2327 5111 τοῦ
2380 5058 2587 5130 πατρὸς
2636 5057 2902 5128 αἰσχύνης
2956 5057 3054 5109 σύν
3090 5073 3153 5124 γε
3199 5056 3276 5125 τῷ
3310 5058 3580 5124 πρέποντι
3609 5055 3820 5109 ἀναθέ-

2237 5168 2369 5220 ματι
2420 5148 2761 5220 καταστῆναί
2823 5167 2940 5210 πως
2994 5149 3287 5218 αὐτήκοος,
3352 5149 3488 5216 μήτε
3551 5147 3659 5216 μὴν
3709 5148 3820 5211 τὰς

2233 5243 2441 5296 ἐκείνου
2494 5243 2625 5311 παρ’
2673 5242 2846 5310 αὐτὴν
2887 5241 3175 5310 γινομένας
3224 5236 3490 5308 λαθραίας
3545 5236 3823 5307 μηνύσεις

2235 5339 2331 5392 καὶ
2358 5336 2742 5406 παρακλήσεις
2776 5335 2989 5397 ἀτελεῖς
3023 5330 3477 5404 παρακρούεσθαι
3502 5329 3818 5399 δυναμένη.

2237 5433 2347 5486 Καὶ
2375 5428 2522 5483 τοῦτ’
2548 5426 2614 5499 ἦν
2645 5427 2673 5480 ὃ
2710 5428 2809 5498 τὴν
2851 5428 2949 5496 τῆς
2991 5426 3316 5495 Ἑκκλησίας
3368 5424 3465 5477 καὶ
3503 5424 3613 5476 τῶν
3647 5422 3825 5475 θείων

2236 5524 2371 5582 τέως
2426 5520 2716 5590 δογμάτων
2779 5518 3004 5570 ἔσϐεσεν
3064 5517 3443 5586 ἐπανόρθωσιν
3510 5516 3651 5581 μετά
3714 5514 3827 5582 τῆς

2237 5613 2374 5683 ἐμῆς
2409 5615 2465 5675 ἐς
2494 5613 2652 5666 τοῦτο
2686 5611 2944 5678 σπουδῆς,
2973 5608 3127 5677 οἶμαι
3158 5607 3253 5661 τοῦ
3304 5607 3440 5661 Θεοῦ
3471 5608 3824 5679 τελεωτέραν

2237 5706 2320 5757 ἔτι
2374 5704 2627 5773 γενέσθαι
2679 5702 2775 5774 τὴν
2828 5701 2936 5755 τῶν
2976 5701 3116 5770 ὑπὲρ
3168 5700 3453 5764 εὐσεϐείας
3502 5697 3827 5753 ἀθλούντων
