3994 6204
511 230 620 295 223

1727 237 2143 299 NICEI’HORI
2180 233 2564 297 GREGOIixﬁ

3673 234 3781 305 224

512 355 649 417 puto
681 346 1084 419 longitudinem
1119 365 1221 405 nos
1249 348 1565 406 describere
1592 350 1753 422 picta:
1784 367 1963 420 nuper
1991 350 2092 406 sub

2207 347 2381 418 μῆκος
2406 347 2499 400 καὶ
2528 345 2733 408 πλάτος
2765 345 2911 413 ἡμᾶς
2942 344 3335 413 ἀφηγήσασθαι
3389 345 3486 415 τῆς
3530 345 3636 398 ὑπ’)
3678 347 3781 418 τὴν

514 434 643 490 tecti
674 435 838 507 hujus
865 451 1162 493 concavam
1191 440 1541 510 superficiem
1583 450 1786 496 sanctae
1842 443 2092 513 imaginis

2197 438 2407 510 κυρτὴν
2455 436 2606 499 ἐντὸς
2651 437 2978 504 ἐπιφάνειαν
3027 436 3121 490 τοῦ
3160 437 3361 507 ὀρόφου
3405 438 3594 491 τούτου
3640 455 3781 506 γρα-

514 525 797 594 sapientiae
826 528 968 596 ejus.
1002 530 1095 598 qui
1159 530 1318 593 inest,
1366 529 1456 585 Dei
1512 531 1814 589 Salvatoris
1864 532 2095 590 Christi.

512 620 647 675 Esse
678 625 824 675 enim
860 625 963 679 hoc
993 641 1211 696 quoque
1238 630 1475 695 posteris
1501 629 1803 699 jucundum
1837 640 1969 700 puto
1995 646 2096 685 au-

515 713 929 770 ditu.utctiam
997 733 1158 785 supra
1212 721 1394 773 statim
1449 721 1518 775 ab
1566 722 1725 777 initio
1788 725 2093 788 primarum

437 851 451 865 ,
514 800 681 870 hujus
711 803 951 859 historia:
981 809 1355 863 narrationum
1389 810 1605 866 illarum
1681 825 1986 869 nostrarum
2041 824 2096 869 et

514 892 784 947 librorum
816 905 1050 951 stantem
1089 899 1143 953 in
1187 902 1439 956 columna
1495 915 1728 959 statuam
1777 918 2091 975 equestrem

511 1001 716 1040 :cneam
761 988 1137 1045 describentes
1172 1009 1272 1047 nos
1318 996 1610 1063 gratiﬁcari
1646 999 1957 1052 hominibus
2003 1016 2094 1053 sa-

511 1077 873 1145 pientioribus
901 1097 1093 1137 sumus
1140 1085 1415 1141 arbitrati.
1449 1087 1551 1156 Ipsi
1597 1100 1747 1144 certe
1795 1107 1894 1145 nos
1948 1092 2094 1148 illius

508 1169 635 1225 facti
661 1184 1000 1240 Spectatores
1026 1186 1083 1230 et
1116 1181 1322 1233 nostris
1363 1184 1636 1250 permensi
1667 1184 1809 1239 hanc
1840 1188 2093 1243 manibus

508 1261 769 1319 facillime
803 1275 909 1319 tam
951 1268 1044 1321 diu
1071 1275 1549 1341 composuerimus
1578 1292 1710 1339 rem,
1742 1279 1983 1346 quandiu
2014 1280 2090 1333 ibi

506 1367 629 1407 eam
659 1356 937 1425 sigillatim
971 1364 1346 1428 exposuimus.
1382 1366 1513 1420 Esse
1542 1368 1689 1421 enim
1719 1370 1938 1439 dignam
1962 1386 2091 1426 cou-

508 1449 773 1517 tcmplatu
802 1451 1076 1515 existimo,
1097 1456 1140 1508 si
1181 1458 1305 1525 quis
1335 1474 1402 1513 ex
1430 1460 1694 1516 inferiore
1728 1463 1847 1518 loco
1871 1480 2091 1520 sursum

511 1550 742 1607 spectet,
803 1558 981 1612 neque
1044 1549 1216 1612 possit
1281 1560 1596 1605 accuratam
1676 1556 2088 1623 proportionem

510 1631 749 1698 partium
781 1648 880 1701 per
903 1634 1069 1704 256
1114 1639 1305 1692 oculos
1346 1644 1721 1697 transmittere
1744 1646 1932 1710 menti,
1964 1662 2087 1701 cum

511 1697 585 1774 ita
614 1721 685 1774 sit
710 1697 1020 1792 comparata
1049 1726 1159 1789 illa,
1187 1738 1246 1782 ut
1272 1729 1593 1801 plerumque
1614 1742 1925 1803 spectantes
1949 1736 2092 1793 inter
2125 1697 2167 1756 Β

507 1819 565 1865 et
592 1825 684 1866 res
699 1821 972 1880 spectatas
1002 1816 1341 1887 interpositis
1373 1820 1479 1876 loci
1504 1824 1808 1880 intervallis
1846 1829 2091 1884 animum

506 1899 679 1966 fallat,
718 1918 841 1972 quae
868 1914 1053 1961 tamen
1113 1910 1390 1978 applicata
1448 1924 1708 1969 caeterum
1758 1918 2004 1989 undique
2038 1931 2095 1977 et

506 1996 863 2073 quocunque
904 1999 1067 2053 modo
1122 2010 1272 2064 sunt,
1333 2012 1394 2057 ut
1449 2005 1702 2061 veritatis
1754 2012 1979 2081 vestigia
2037 2024 2095 2068 et

505 2078 746 2155 speciem
787 2089 1231 2162 qualemcunque
1295 2095 1556 2162 eiliciant,
1590 2108 1647 2153 et
1715 2101 1839 2156 talis
1881 2078 2093 2161 fraudis

505 2178 732 2234 morbos
752 2192 969 2236 sauent.
1003 2182 1146 2238 Sunt
1166 2186 1314 2239 enim
1347 2187 1476 2242 inde
1505 2205 1537 2243 a
1575 2193 1783 2248 vertice
1819 2211 1995 2264 usque
2022 2198 2091 2253 ad

505 2283 775 2324 summam
827 2272 1072 2341 barbam,
1103 2276 1317 2331 labrum
1343 2279 1469 2334 dico
1500 2283 1774 2356 superius,
1809 2288 2092 2356 spithama:

506 2360 563 2417 in
624 2363 1026 2431 longitudinem
1106 2351 1559 2444 duodetriginta,
1629 2377 1684 2432 in
1739 2351 2089 2438 latitudinem

505 2457 950 2526 quatuordecim,
1005 2460 1303 2533 digitorum
1352 2477 1535 2523 autem
1587 2473 1797 2540 primus
1858 2485 1983 2530 octo
2035 2486 2091 2531 et

506 2546 791 2605 dimidiam
825 2552 879 2606 in
912 2554 1309 2626 longitudinem
1355 2559 1613 2625 habebat,
1642 2572 1697 2618 et
1721 2548 1918 2635 reliqui
1965 2582 2091 2636 pro-

508 2642 919 2711 portionaliter;
954 2649 1240 2704 oculorum
1267 2661 1379 2707 tres
1395 2651 1506 2708 fere
1525 2654 1826 2721 spithamas
1853 2658 2090 2713 habebat

506 2741 758 2804 uterque,
783 2751 952 2792 nasus
974 2748 1155 2795 autem
1191 2757 1333 2816 pene
1375 2754 1523 2799 octo.
1554 2744 1649 2801 [iis
1701 2750 1772 2803 ita
1831 2758 2087 2821 tanquam

502 2825 797 2882 elementis
849 2830 1169 2899 propositis.
1226 2832 1355 2888 licet
1409 2834 1561 2901 hinc,
1619 2850 1891 2910 quotquot
1963 2854 2091 2897 sunt

508 2915 785 2986 pictorum
809 2921 1190 2989 iucundiores,
1221 2925 1384 2979 etiam
1415 2927 1733 2996 qualitatem
1762 2941 2087 2988 cteterorum

510 3010 904 3075 membrorum,
921 3021 978 3067 et
1004 3015 1239 3081 partium
1266 3025 1322 3071 et
1352 3017 1516 3073 simul
1541 3023 1707 3075 totius
1733 3025 1982 3093 corporis
2007 3027 2089 3079 di—
2115 3036 2160 3095 ο

506 3098 649 3153 vina!
695 3100 848 3155 illius
901 3102 1209 3160 Salvatoris
1235 3116 1430 3162 statuae
1461 3110 1528 3163 ad
1561 3115 1892 3181 symmetriae
1923 3116 2088 3171 ratio-

507 3206 634 3246 nem
662 3191 820 3248 factae
853 3192 1059 3261 formas,
1095 3208 1301 3267 quanta
1342 3199 1455 3255 fere
1494 3204 1585 3267 sit,
1612 3205 1797 3258 statim
1829 3207 2086 3277 colligere

509 3280 931 3352 longitudinem.
996 3287 1125 3341 Haec
1165 3288 1433 3360 descripsi
1481 3292 1536 3346 in
1595 3292 1846 3349 notitiam
1890 3312 2085 3353 eorum

505 3372 602 3442 qui
635 3373 775 3428 forte
798 3375 853 3429 in
895 3375 1041 3431 illam
1097 3379 1359 3447 incidant,
1391 3383 1651 3450 optimam
1712 3386 1853 3443 hanc
1909 3390 2087 3447 sciens

506 3450 651 3520 viam
690 3480 811 3522 esse
847 3468 917 3523 ad
963 3484 1151 3525 rerum
1208 3472 1520 3539 scientiam,
1550 3476 1674 3530 etsi
1722 3479 1817 3547 qui
1877 3480 1931 3533 in
2000 3481 2088 3537 bis

506 3558 926 3617 considerantes
954 3573 1247 3618 versentur
1274 3565 1403 3620 libri
1441 3568 1717 3636 sapientes
1753 3572 2087 3641 prospicien-

508 3652 620 3718 tize,
654 3653 904 3707 utetiam
954 3655 1239 3712 Aristoteli
1283 3657 1481 3727 placet.
1533 3659 1670 3714 Dicit
1730 3662 1820 3715 ille
1865 3664 2085 3732 quidem

506 3760 728 3801 sensum
761 3763 827 3802 ex
860 3747 1154 3803 multarum
1188 3764 1371 3804 rerum
1406 3751 1600 3820 peritia
1638 3751 1799 3819 etlici,
1832 3757 2085 3823 peritiam

504 3822 690 3892 autem
723 3838 991 3909 principia
1026 3839 1327 3909 disciplinae
1362 3843 1631 3915 cujusque
1663 3854 1719 3899 et
1759 3822 2002 3914 praebere
2031 3858 2087 3903 et

505 3929 854 3986 conﬁrmare.
887 3931 1049 4002 25³1
1082 3931 1220 3986 Hinc
1246 3932 1396 3987 enim
1438 3942 1494 3988 et
1522 3933 1661 3989 varii
1693 3934 1968 3992 ﬂuxerunt
1996 3953 2086 3993 sa-

505 4022 727 4091 pientiae
754 4022 959 4087 fontes,
989 4034 1046 4079 et
1072 4034 1289 4080 veteres
1328 4026 1743 4097 disciplinarum
1769 4029 2087 4087 inventores

505 4121 563 4166 et
589 4113 894 4170 caelestium
918 4124 976 4170 et
1000 4118 1343 4172 terrestrium
1391 4134 1580 4173 rerum
1624 4121 1877 4176 notitiam
1926 4138 2088 4177 erue—

508 4213 660 4268 runt,
690 4214 749 4259 et
783 4209 1061 4259 variarum
1116 4218 1174 4262 et
1209 4209 1631 4263 multiformium
1684 4227 1869 4266 rerum
1921 4224 2086 4283 atque

390 4328 397 4335 ο
503 4295 814 4351 orationum
871 4297 1156 4364 doctrinae,
1215 4302 1394 4370 quoad
1468 4303 1587 4371 ejus
1650 4301 1765 4357 ﬁeri
1844 4313 2078 4374 poterat,

2197 531 2392 601 φείσης
2438 514 2640 600 ἀρτίως
2685 530 2849 596 ἁγίας
2889 530 3100 593 είκόνος
3128 533 3227 599 τῆς
3277 530 3644 585 ἐνυποστάτου
3690 548 3782 584 σο-

2198 621 2327 692 φίας
2359 621 2516 685 Θεοῦ,
2555 619 2621 692 [ί.
2654 620 2757 676 106
2806 619 2886 694 υ.]
2934 621 3027 675 τοῦ
3053 623 3303 693 Σωτῆρος
3336 622 3480 690 λέγω
3509 620 3775 693 Χριστοῦ.

2196 708 2355 769 Εἶναι
2388 714 2496 786 γὰρ
2527 718 2622 768 καὶ
2662 715 2820 768 τοῦτο
2868 719 2981 779 τοῖς
3020 717 3293 785 ὀψιγόνοις
3324 717 3590 785 ἐράσμιον
3619 712 3777 783 οἶμαι

2194 806 2475 875 ἀκρόαμα,
2510 807 2763 877 καθάπερ
2806 807 2871 876 δὴ
2917 809 3015 862 καὶ
3044 810 3305 878 ἀνωτέρω
3361 826 3456 861 που
3486 808 3597 860 τῶν
3629 812 3780 877 πρώ-

2193 916 2302 952 των
2327 898 2427 968 τῆς
2455 900 2698 970 ἱστορίας
2730 902 2996 970 ταυτησὶν
3027 901 3318 972 ἡμετέρων
3348 902 3572 955 ἐκείνων
3601 900 3777 969 λόγων

2194 993 2291 1046 καὶ
2347 991 2548 1062 βίϐλων
2605 992 2767 1054 εὐθὺς
2821 996 2880 1047 ἐν
2937 994 3236 1064 προθύροις
3301 996 3392 1046 τὸν
3447 994 3542 1047 ἐπὶ
3594 994 3776 1055 κίονος

2194 1080 2405 1135 ἑστῶτα
2439 1081 2805 1153 δεδηλωκότες
2838 1083 3080 1151 ἔφιππον
3114 1084 3407 1155 ἀνδριάντα
3447 1084 3683 1154 χαλκοῦν
3712 1080 3774 1136 εὖ

2196 1178 2368 1228 ποιεῖν
2418 1178 2533 1237 τοῖς
2582 1177 2969 1248 συνετωτέροις
3010 1178 3296 1247 ἐδόξαμεν,
3327 1179 3484 1232 αὐτοί
3515 1194 3578 1245 γε
3608 1179 3776 1247 ἡμεῖς

2194 1267 2405 1322 ἐκείνου
2453 1268 2743 1337 γεγονότες
2792 1270 3062 1323 αὐτόπται
3106 1270 3203 1324 καὶ
3231 1272 3353 1332 ταῖς
3402 1271 3635 1332 οἰκείαις
3669 1286 3774 1337 με-

2192 1360 2496 1429 τρήσαντες
2568 1359 2760 1413 τοῦτον
2817 1362 3029 1431 χερσὶν,
3092 1363 3185 1416 ἐπὶ
3237 1363 3296 1416 τὸ
3364 1363 3564 1433 ῥᾷστον
3628 1362 3773 1422 τέως

2195 1450 2611 1519 συνενεχθέντος
2649 1451 2746 1505 τοῦ
2806 1452 3154 1521 πράγματος,
3205 1453 3282 1517 ὡς
3337 1454 3452 1506 ἐκεῖ
3493 1470 3595 1505 που
3647 1452 3774 1505 καθ’

2192 1536 2398 1591 ἕκαστα
2433 1538 2813 1609 διειλήφαμεν.
2847 1535 2995 1593 Εἶναι
3049 1540 3159 1611 γὰρ
3206 1541 3561 1611 ἀξιοζήτητον
3587 1538 3772 1610 οἶμαι,

2194 1627 2248 1680 εί
2266 1645 2352 1692 τις
2395 1628 2644 1683 κάτωθεν
2688 1630 2789 1700 μὲν
2840 1633 2922 1692 είς
2970 1630 3104 1701 ὕψος
3134 1633 3307 1704 ὁρῴη,
3359 1633 3434 1704 μὴ
3469 1634 3687 1686 δύναιτο
3714 1633 3775 1686 δέ

2195 1720 2293 1791 τὴν
2324 1722 2528 1793 ἀκριὸἧ
2584 1723 2933 1794 συμμετρίαν
2995 1724 3062 1777 δι’
3128 1724 3306 1793 ὅψεως
3368 1728 3773 1795 παραπέμπειν

2194 1813 2272 1883 τῷ
2295 1813 2392 1884 νῷ,
2422 1814 2725 1883 πεφυκυίας
2755 1815 2855 1885 μὲν
2882 1816 2958 1878 ὼς
2987 1816 3057 1869 τὰ
3091 1817 3261 1872 πολλὰ
3281 1819 3393 1878 τοῖς
3428 1817 3631 1886 μεταξὺ
3658 1817 3772 1871 τῶν

2194 1906 2450 1977 ὁρώντων
2498 1906 2595 1960 καὶ
2626 1908 2923 1978 ὁρωμένων
2957 1911 3205 1971 τοπικοῖς
3230 1909 3594 1980 διαστήμασιν
3626 1910 3776 1963 άπα-

2193 1998 2410 2062 τᾶσθαι,
2442 2000 2740 2071 ἐφιεμένης
2773 2000 2818 2053 δ’
2850 2000 3024 2063 ἄλλως
3067 2001 3394 2073 ὀθενδήποτε
3438 2004 3534 2056 καὶ
3583 2006 3775 2056 ὁπωσ-

2193 2090 2397 2161 δήποτε
2428 2091 2711 2158 συλλέγειν
2755 2110 2816 2146 τε
2846 2094 2945 2164 τῆς
2977 2094 3242 2162 ἀληθείας
3278 2094 3402 2165 ίχνη
3431 2095 3524 2148 καὶ
3553 2096 3775 2158 εἰκόνας

2190 2182 2491 2236 ὁποιασοῦν
2538 2185 2637 2237 καὶ
2669 2186 2741 2238 τά
2789 2185 2893 2256 τῆς
2935 2187 3195 2259 τοιαύτης
3246 2189 3517 2259 ἰατρεύειν
3549 2190 3775 2259 ἀπάτης

2190 2274 2497 2344 νοσήματα.
2540 2276 2700 2330 Ἔστι
2728 2277 2838 2348 γὰρ
2868 2277 2929 2332 τὸ
2969 2279 3034 2332 ἐκ
3060 2279 3306 2351 κορυφῆς
3332 2280 3461 2350 ἄχρι
3504 2280 3773 2349 πώγωνος

2190 2366 2361 2437 ἄκρου
2403 2367 2548 2438 φημὶ
2573 2368 2675 2438 τῆς
2714 2370 2931 2441 ὑπήνης
2963 2370 3239 2442 σπιθαμαὶ
3275 2372 3450 2443 μῆκος
3492 2371 3595 2442 μὲν
3619 2371 3773 2425 ὀκτὼ

2189 2460 2285 2512 καὶ
2326 2461 2520 2527 εῐκοσι,
2564 2461 2769 2527 πλάτος
2806 2461 2864 2517 δὲ
2916 2464 3446 2534 τεσσαρεσκαίδεκα,
3480 2462 3770 2518 δακτύλων

2188 2550 2234 2604 δ’
2267 2551 2296 2601 ὁ
2332 2552 2433 2622 μὲν
2463 2553 2678 2624 πρῶτος
2704 2554 2851 2607 ὀκτὼ
2895 2554 2993 2608 καὶ
3019 2555 3281 2626 ἡμισείας
3309 2556 3370 2610 τὺ
3402 2556 3600 2626 μῆκος,
3636 2556 3688 2609 oi
3720 2557 3772 2609 δ’

2188 2643 2341 2696 ἄλλοι
2399 2647 2543 2699 κατὰ
2594 2645 2658 2700 τὸ
2706 2647 3011 2713 ἀνάλογον·
3045 2648 3155 2702 τῶν
3211 2648 3259 2703 δ’
3315 2647 3611 2718 ὀφθαλμῶν
3662 2649 3769 2701 ἀνά

2187 2730 2358 2797 τριῶν
2384 2733 2672 2802 ἑκάτερος,
2703 2736 2737 2804 ὴ
2771 2733 2827 2787 δέ
2875 2735 2962 2806 ῥὶς
2994 2734 3228 2803 ἔγγιστα
3267 2735 3436 2791 ὀκτώ.
3467 2736 3687 2790 Τούτων
3720 2736 3772 2789 δ’

2187 2822 2366 2885 οὕτως
2405 2824 2660 2893 καθάπερ
2708 2826 2992 2896 στοιχείων
3030 2826 3293 2881 δοθέντων
3327 2826 3539 2892 ἔξεστιν
3582 2827 3770 2880 ἐντεῦ-

2189 2915 2303 2981 θεν,
2343 2915 2532 2968 ὀπόσοι
2579 2920 2932 2989 χαριέστεροι
2984 2918 3094 2971 τῶν
3148 2920 3481 2990 ζωγράφων,
3520 2918 3613 2972 καὶ
3665 2919 3768 2990 τὴν

2189 3006 2296 3058 τῶν
2327 3005 2505 3060 ἄλλων
2540 3007 2718 3077 μελῶν
2743 3008 2839 3061 καὶ
2872 3009 3060 3080 μερῶν
3096 3011 3191 3062 καὶ
3222 3009 3345 3079 ἅμα
3376 3009 3475 3080 τῆς
3504 3008 3600 3062 τοῦ
3632 3026 3770 3063 παν-

2186 3097 2281 3161 τὸς
2336 3097 2591 3167 σώματος
2637 3098 2984 3163 διαπλάσεως
3044 3100 3145 3170 τῆς
3207 3101 3362 3163 θείας
3409 3103 3630 3171 ἐκείνης
3669 3101 3765 3154 τοῦ

2189 3191 2439 3261 Σωτῆρος
2467 3191 2674 3254 είκόνος
2701 3192 2845 3245 κατὰ
2871 3194 2931 3245 τὸ
2960 3192 3064 3263 τῆς
3114 3194 3466 3266 συμμετρίας
3502 3195 3769 3263 ἀνάλογον

2188 3280 2289 3351 ὅση
2332 3283 2416 3345 τίς
2443 3283 2593 3336 ἐστιν
2620 3282 2784 3346 εὐθὺς
2833 3282 3250 3352 συλλογίζεσθαι
3288 3286 3463 3355 μῆκος
3497 3288 3594 3340 καὶ
3628 3289 3767 3342 πλά-

2187 3389 2302 3436 τος.
2369 3375 2480 3427 Καὶ
2543 3374 2714 3427 ταῦτα
2786 3375 3006 3445 διῆλθον
3074 3377 3372 3450 ἐμπειρίας
3441 3379 3605 3434 ἕνεκα
3659 3379 3771 3435 τῶν

2190 3462 2654 3533 ἐντυγχανόντων,
2700 3463 2998 3536 κράτιστον
3027 3465 3187 3530 είδὼς
3217 3468 3431 3535 ἐφόδιον
3461 3467 3542 3531 εἰς
3571 3486 3634 3536 γε
3666 3469 3772 3539 τὴν

2187 3554 2297 3607 τῶν
2335 3555 2507 3608 ὄντων
2557 3557 2872 3626 ἐπιστήμην
2920 3558 3015 3609 καὶ
3045 3557 3100 3612 εί
3134 3575 3281 3617 τινες
3307 3554 3421 3612 εἷεν
3460 3562 3645 3624 αὐτοῖς
3674 3565 3765 3614 ἐν·

2188 3647 2552 3717 θεωρούμενοι
2608 3646 2761 3716 λόγοι
2814 3650 2971 3715 σοφοὶ
3013 3648 3113 3715 τῆς
3170 3651 3452 3721 προνοίας,
3487 3652 3629 3705 καθὰ
3675 3657 3771 3708 καὶ

2199 3733 2562 3804 ’Δριστοτέλει
2593 3735 2762 3791 δοκεῖ.
2789 3737 2930 3804 Φησὶ
2960 3740 3068 3808 γάρ
3096 3738 3327 3806 ἐκεῖνος,
3370 3740 3627 3809 αἴσθησιν
3665 3743 3769 3811 μὲν

2186 3827 2477 3896 ἐμπειρίας
2527 3824 2672 3882 εἶναι
2722 3830 3039 3900 ποιητικὴν,
3070 3830 3171 3902 τὴν
3221 3831 3268 3883 δ’
3303 3834 3606 3904 ἐμπειρίαν
3657 3835 3769 3888 τῶν

2188 3920 2323 3989 πρὸς
2354 3920 2669 3991 ἐπιστήμην
2699 3921 2882 3992 ἀρχῶν
2915 3922 3258 3995 παρεκτικὴν
3282 3925 3347 3977 ἐκ
3382 3925 3638 3997 διαδοχῆς
3671 3929 3772 3981 καὶ

2188 4013 2560 4083 συλλήπτριαν
2610 4014 2878 4082 γίνεσθαι.
2946 4014 3235 4069 Ἐντεῦθεν
3300 4017 3410 4086 γὰρ
3460 4018 3523 4071 αἴ
3557 4036 3620 4073 τε
3672 4037 3774 4074 πο-

2185 4104 2414 4168 λυειδεῖς
2459 4106 2742 4177 ἐρρύησαν
2780 4107 2883 4177 τῆς
2913 4109 3107 4178 σοφίας
3137 4112 3335 4181 πηγαὶ,
3365 4112 3456 4164 καὶ
3502 4113 3551 4164 οἱ
3593 4114 3771 4169 πάλαι

2184 4197 2284 4265 τῆς
2313 4199 2628 4269 ἐπιστήμης
2654 4201 2949 4270 ἐφευρεταὶ
2988 4202 3096 4256 τῶν
3125 4219 3185 4256 τε
3227 4204 3487 4275 αἰθερίων
3533 4206 3630 4258 καὶ
3671 4223 3773 4259 πε-

2191 4291 2412 4360 ριγείων
2461 4290 2564 4358 τὴν
2624 4292 2828 4358 γνῶσιν
2882 4293 3180 4363 ἠρύσαντο,
3241 4296 3337 4348 καὶ
3386 4295 3487 4365 τῆς
3534 4313 3601 4363 γε
3658 4297 3773 4353 τῶν

504 4402 669 4442 ansas
741 4400 1118 4459 sumpserunt.
1179 4368 1344 4460 Esto;
1400 4368 1509 4464 ego
1563 4409 1696 4450 vero
1752 4368 2077 4453 ad-nexum

2191 4385 2447 4439 ποικίλων
2501 4388 2595 4438 καὶ
2644 4387 3009 4441 παντοδαπῶν
3047 4390 3392 4460 πραγμάτων
3439 4406 3498 4442 τε
3552 4390 3649 4443 καὶ
3682 4391 3773 4443 λόε-

502 4478 671 4536 redeo
697 4481 983 4538 orationis.

574 4754 768 4813 XXIV.
801 4756 937 4812 Nam
985 4755 1081 4826 qui
1107 4757 1415 4828 patriarcha
1447 4757 1630 4814 fuerat
1651 4759 1927 4827 Callistus,
1961 4772 2087 4833 post

503 4859 659 4905 suam
690 4849 1324 4906 excommunicationcm
1385 4859 1446 4906 et
1486 4850 1884 4907 clandestinam
1935 4855 2084 4909 illam

505 4939 563 4995 in
608 4937 910 4995 Galaticam
956 4938 1278 4996 Latinorum
1315 4942 1624 4998 custodiam
1682 4941 1889 5013 fugam,
1923 4944 2087 5014 paulo

508 5041 666 5104 poste
697 5032 948 5089 idoneam
996 5037 1344 5093 occasionem
1381 5044 1599 5102 nactus,
1622 5034 1761 5090 clam
1786 5036 1915 5091 inde
1961 5051 2090 5092 eva-

508 5125 582 5181 sit
602 5133 659 5180 et
689 5124 971 5182 Tenedum
1003 5128 1127 5183 navi
1152 5128 1386 5194 abierat,
1417 5127 1723 5199 Palmologo
1753 5128 1890 5197 imp.
1916 5128 2089 5200 grati-

513 5216 775 5273 tlcaturus
788 5227 842 5273 et
869 5233 968 5288 pro
990 5218 1138 5273 dono
1158 5219 1307 5273 omni
1322 5219 1558 5289 vigentis
1579 5222 1631 5273 in
1660 5221 1845 5274 animo
1871 5221 2089 5278 habitus

510 5311 760 5382 prabens
791 5313 1043 5368 ardorem
1104 5321 1159 5368 et
1202 5327 1260 5367 re
1313 5312 1428 5382 ipsa
1477 5328 1637 5367 suum
1690 5313 1910 5370 fervens
1959 5330 2091 5384 erga

512 5404 668 5462 illum
720 5404 1018 5460 ostendens
1055 5405 1415 5473 studium;et
1471 5420 1758 5473 enarrans,
1808 5408 2089 5476 quomodo

514 5496 710 5552 liceret
741 5495 851 5551 frui
896 5496 1263 5568 patriarchica
1308 5504 1574 5566 potestate
1604 5505 1659 5552 et
1693 5496 1857 5551 simul
1893 5496 2094 5553 Cauta-

519 5588 719 5643 cuzeni
764 5588 1047 5657 regnantis
1095 5587 1481 5643 benevolentia
1529 5596 1583 5642 et
1635 5587 2021 5649 beneﬁcentia,
2046 5589 2091 5642 si

524 5678 691 5733 vellet
714 5677 1041 5749 participem
1084 5677 1262 5734 facere
1296 5692 1355 5735 se
1396 5670 1826 5734 renuntiationis
1858 5677 1926 5733 de
1958 5675 2093 5732 Mat-

2181 4492 2294 4544 γων
2341 4475 2722 4539 διδασκαλίας,
2745 4477 2869 4529 ὅσον
2908 4479 3156 4546 ἐφικτὸν,
3197 4480 3296 4543 τὰς
3326 4481 3584 4550 ἀφορμὰς
3618 4482 3773 4535 άνει-

2181 4567 2446 4638 λήφεοαν.
2480 4565 2626 4624 Εἶεν.
2674 4567 2815 4637 Ἐγὼ
2851 4567 2895 4621 δ’
2933 4571 3015 4633 είς
3032 4570 3124 4624 τὸν
3154 4571 3347 4642 εἱρμὸν
3377 4573 3639 4642 ἐπάνειμι
3670 4573 3771 4627 τοῦ

2182 4660 2367 4730 λόγου.

2257 4756 2384 4811 KA'.
2425 4758 2483 4811 '0
2507 4759 2617 4829 γάρ
2664 4775 2747 4811 τοι
2772 4759 3220 4830 πατριαρχεύσας
3274 4761 3572 4822 Κάλλιστος
3625 4761 3771 4828 μετὰ

2185 4843 2284 4913 τὴν
2311 4845 2477 4898 αὑτοῦ
2532 4845 2858 4916 καθαίρεσιν
2890 4848 2986 4900 καὶ
3030 4849 3123 4900 τὸν
3151 4849 3234 4910 είς
3268 4848 3329 4899 τὸ
3359 4847 3773 4916 Γαλατώνυμον

2187 4934 2252 5008 [ί.
2287 4937 2390 4991 129
2420 4936 2494 5010 r.]
2525 4940 2788 5009 φρούριον
2820 4940 2926 4992 τῶν
2952 4940 3201 4992 Λατίνων
3228 4940 3491 5010 λαθραῖον
3519 4940 3771 5010 δρασμὸν

2188 5031 2417 5097 ἐκεῖνον,
2456 5029 2651 5100 καιροῦ
2684 5030 2824 5099 μετὰ
2864 5032 3058 5100 χρόνον
3087 5033 3211 5084 τινὰ
3241 5030 3426 5101 τυχὼν
3456 5030 3634 5101 λάθρα
3664 5032 3772 5085 κάς

2189 5123 2371 5178 κεῖθεν
2399 5122 2547 5195 ἐξῄει
2577 5127 2672 5179 καὶ
2703 5125 2760 5187 ἐς
2785 5124 3013 5177 Τένεδον
3037 5110 3501 5189 κατεπεπλεύκει,
3535 5126 3780 5180 Παλαιο-

2189 5214 2333 5284 λόγῳ
2389 5214 2467 5285 τῷ
2510 5213 2724 5284 βασιλεῖ
2755 5214 3114 5285 χαριζόμενός
3144 5232 3205 5268 τε
3267 5217 3361 5268 καὶ
3413 5215 3535 5268 ἀντὶ
3589 5214 3776 5286 δώρου

2191 5307 2395 5370 παντὸς
2427 5307 2486 5359 τὸ
2510 5307 2607 5376 τῆς
2661 5307 2722 5359 ἐν
2771 5307 2974 5377 καρδίᾳ
3024 5305 3480 5377 θαλαμευομένης
3527 5307 3780 5376 σχέσεως

2190 5394 2436 5466 κομίζων
2475 5394 2761 5464 διάπυρον,
2792 5395 2883 5448 τὸν
2937 5394 3079 5464 ὺπέρ
3110 5394 3279 5449 αὑτοῦ
3319 5395 3567 5466 δηλονότι
3605 5394 3777 5463 ζῆλον

2192 5487 2376 5557 ἔργοις
2397 5486 2601 5551 αὐτοῖς,
2627 5487 2719 5540 καὶ
2744 5486 3125 5558 ἀφηγούμενος
3155 5488 3301 5550 ὅπως
3327 5488 3446 5553 ἐξὸν
3476 5486 3780 5542 ἀπολαύειν

2192 5582 2292 5650 τῆς
2324 5582 2733 5651 πατριαρχικῆς
2762 5580 3013 5647 ἐξουσίας
3066 5583 3162 5634 καὶ
3188 5580 3307 5648 ἅμα
3336 5584 3435 5652 τῆς
3456 5582 3780 5653 Καντακου-

2197 5670 2363 5744 ζηνοῦ
2412 5671 2791 5743 βασιλεύοντος
2820 5672 3107 5742 εὐμενείας
3134 5673 3226 5726 καὶ
3260 5673 3603 5743 εὐεργέτιδος
3634 5674 3782 5741 γνῶ-
