  <div class='ocr_page' id='page_1' title='image "/cluster/home/n/w/nwhite01/storage/ocr_20150623/149/hvd.32044073498818/116.png"; bbox 0 0 3994 6204; ppageno 0'>
   <div class='ocr_carea' id='block_1_1' title="bbox 129 287 232 350">
    <p class='ocr_par' dir='ltr' id='par_1_1' title="bbox 129 287 232 350">
     <span class='ocr_line' id='line_1_1' title="bbox 129 287 232 350; baseline 0 0"><span class='ocrx_word' id='word_1_1' title='bbox 129 287 232 350; x_wconf 67' lang='grc' dir='ltr'><strong>Ξίἓό</strong></span> 
     </span>
    </p>
   </div>
   <div class='ocr_carea' id='block_1_2' title="bbox 1153 286 2447 352">
    <p class='ocr_par' dir='ltr' id='par_1_2' title="bbox 1153 286 2447 352">
     <span class='ocr_line' id='line_1_2' title="bbox 1153 286 2447 352; baseline 0.005 -6"><span class='ocrx_word' id='word_1_2' title='bbox 1153 287 1596 348; x_wconf 69' lang='grc' dir='ltr'><strong>ΒΥΖΛΝΤΙΝᾸΞ</strong></span> <span class='ocrx_word' id='word_1_3' title='bbox 1631 286 2020 347; x_wconf 70' lang='lat' dir='ltr'><strong>HISTORle</strong></span> <span class='ocrx_word' id='word_1_4' title='bbox 2053 287 2196 352; x_wconf 86' lang='lat' dir='ltr'><strong>LIB.</strong></span> <span class='ocrx_word' id='word_1_5' title='bbox 2229 289 2447 352; x_wconf 78' lang='lat' dir='ltr'><strong>XXIX.</strong></span> 
     </span>
    </p>
   </div>
   <div class='ocr_carea' id='block_1_3' title="bbox 3297 291 3402 356">
    <p class='ocr_par' dir='ltr' id='par_1_3' title="bbox 3297 291 3402 356">
     <span class='ocr_line' id='line_1_3' title="bbox 3297 291 3402 356; baseline 0.048 -5"><span class='ocrx_word' id='word_1_6' title='bbox 3297 291 3402 356; x_wconf 77' lang='lat'><strong>£26</strong></span> 
     </span>
    </p>
   </div>
   <div class='ocr_carea' id='block_1_4' title="bbox 139 403 1698 479">
    <p class='ocr_par' dir='ltr' id='par_1_4' title="bbox 139 403 1698 476">
     <span class='ocr_line' id='line_1_4' title="bbox 139 403 1698 476; baseline 0 -19"><span class='ocrx_word' id='word_1_7' title='bbox 139 421 255 476; x_wconf 82' lang='grc' dir='ltr'><strong>μης,</strong></span> <span class='ocrx_word' id='word_1_8' title='bbox 307 405 358 457; x_wconf 81' lang='grc' dir='ltr'><strong>εί</strong></span> <span class='ocrx_word' id='word_1_9' title='bbox 413 403 668 456; x_wconf 74' lang='grc' dir='ltr'><strong>ἐϐούλετο</strong></span> <span class='ocrx_word' id='word_1_10' title='bbox 722 407 1000 457; x_wconf 81' lang='grc' dir='ltr'><strong>κοινωνεῖν</strong></span> <span class='ocrx_word' id='word_1_11' title='bbox 1037 403 1188 474; x_wconf 79' lang='grc' dir='ltr'><strong>αὐτῷ</strong></span> <span class='ocrx_word' id='word_1_12' title='bbox 1233 405 1336 472; x_wconf 76' lang='grc' dir='ltr'><strong>τῆς</strong></span> <span class='ocrx_word' id='word_1_13' title='bbox 1373 405 1518 476; x_wconf 78' lang='grc' dir='ltr'><strong>ὑπὲρ</strong></span> <span class='ocrx_word' id='word_1_14' title='bbox 1549 407 1698 459; x_wconf 69' lang='lat' dir='ltr'><strong>Mat-</strong></span> 
     </span>
    </p>
   </div>
   <div class='ocr_carea' id='block_1_5' title="bbox 1804 403 3405 479">
    <p class='ocr_par' dir='ltr' id='par_1_5' title="bbox 1814 403 3405 479">
     <span class='ocr_line' id='line_1_5' title="bbox 1814 403 3405 479; baseline 0.006 -21"><span class='ocrx_word' id='word_1_15' title='bbox 1814 403 1958 458; x_wconf 73' lang='lat' dir='ltr'><strong>thzeo</strong></span> <span class='ocrx_word' id='word_1_16' title='bbox 1985 405 2136 471; x_wconf 81' lang='lat' dir='ltr'><strong>regio</strong></span> <span class='ocrx_word' id='word_1_17' title='bbox 2175 405 2288 458; x_wconf 81' lang='lat' dir='ltr'><strong>lilio</strong></span> <span class='ocrx_word' id='word_1_18' title='bbox 2320 407 2520 470; x_wconf 74' lang='lat' dir='ltr'><strong>factm;</strong></span> <span class='ocrx_word' id='word_1_19' title='bbox 2551 403 2640 460; x_wconf 88' lang='lat' dir='ltr'><strong>hic</strong></span> <span class='ocrx_word' id='word_1_20' title='bbox 2665 419 2796 460; x_wconf 89' lang='lat' dir='ltr'><strong>vero</strong></span> <span class='ocrx_word' id='word_1_21' title='bbox 2825 417 3066 462; x_wconf 68' lang='lat' dir='ltr'><strong>extrema</strong></span> <span class='ocrx_word' id='word_1_22' title='bbox 3091 408 3198 479; x_wconf 87' lang='lat' dir='ltr'><strong>pati</strong></span> <span class='ocrx_word' id='word_1_23' title='bbox 3231 411 3405 466; x_wconf 81' lang='lat' dir='ltr'><strong>ntale-</strong></span> 
     </span>
    </p>
   </div>
   <div class='ocr_carea' id='block_1_6' title="bbox 137 493 1708 576">
    <p class='ocr_par' dir='ltr' id='par_1_6' title="bbox 137 493 1708 576">
     <span class='ocr_line' id='line_1_6' title="bbox 137 493 1708 576; baseline 0.001 -27"><span class='ocrx_word' id='word_1_24' title='bbox 137 497 278 549; x_wconf 74' lang='grc' dir='ltr'><strong>δαίου</strong></span> <span class='ocrx_word' id='word_1_25' title='bbox 307 493 407 548; x_wconf 90' lang='grc' dir='ltr'><strong>τοῦ</strong></span> <span class='ocrx_word' id='word_1_26' title='bbox 433 495 552 548; x_wconf 83' lang='grc' dir='ltr'><strong>υίοῦ</strong></span> <span class='ocrx_word' id='word_1_27' title='bbox 574 495 862 566; x_wconf 81' lang='grc' dir='ltr'><strong>βασιλικῆς</strong></span> <span class='ocrx_word' id='word_1_28' title='bbox 895 496 1280 567; x_wconf 79' lang='grc' dir='ltr'><strong>ἀναρρήσεως,</strong></span> <span class='ocrx_word' id='word_1_29' title='bbox 1307 501 1334 550; x_wconf 79' lang='grc' dir='ltr'>ὁ</span> <span class='ocrx_word' id='word_1_30' title='bbox 1362 498 1418 552; x_wconf 83' lang='grc' dir='ltr'><strong>δὲ</strong></span> <span class='ocrx_word' id='word_1_31' title='bbox 1444 499 1510 552; x_wconf 74' lang='grc' dir='ltr'><strong>τὰ</strong></span> <span class='ocrx_word' id='word_1_32' title='bbox 1540 499 1708 576; x_wconf 48' lang='grc' dir='ltr'><strong>ἔσκαι-</strong></span> 
     </span>
    </p>
   </div>
   <div class='ocr_carea' id='block_1_7' title="bbox 137 588 1708 662">
    <p class='ocr_par' dir='ltr' id='par_1_7' title="bbox 137 588 1708 662">
     <span class='ocr_line' id='line_1_7' title="bbox 137 588 1708 662; baseline 0.001 -20"><span class='ocrx_word' id='word_1_33' title='bbox 137 607 196 642; x_wconf 84' lang='grc' dir='ltr'><strong>τα</strong></span> <span class='ocrx_word' id='word_1_34' title='bbox 223 590 460 658; x_wconf 83' lang='grc' dir='ltr'><strong>πάσχειν</strong></span> <span class='ocrx_word' id='word_1_35' title='bbox 509 588 716 652; x_wconf 83' lang='grc' dir='ltr'><strong>εἵλετο,</strong></span> <span class='ocrx_word' id='word_1_36' title='bbox 767 589 878 643; x_wconf 85' lang='grc' dir='ltr'><strong>τῶν</strong></span> <span class='ocrx_word' id='word_1_37' title='bbox 931 591 1206 661; x_wconf 85' lang='grc' dir='ltr'><strong>πατρῴων</strong></span> <span class='ocrx_word' id='word_1_38' title='bbox 1258 592 1708 662; x_wconf 76' lang='grc' dir='ltr'><strong>ἀντιποιούμενος</strong></span> 
     </span>
    </p>
   </div>
   <div class='ocr_carea' id='block_1_8' title="bbox 137 679 1706 754">
    <p class='ocr_par' dir='ltr' id='par_1_8' title="bbox 137 679 1706 754">
     <span class='ocr_line' id='line_1_8' title="bbox 137 679 1706 754; baseline 0.002 -20"><span class='ocrx_word' id='word_1_39' title='bbox 137 679 286 734; x_wconf 79' lang='grc' dir='ltr'><strong>αὑτοῦ</strong></span> <span class='ocrx_word' id='word_1_40' title='bbox 319 681 568 734; x_wconf 82' lang='grc' dir='ltr'><strong>δικαίων.</strong></span> <span class='ocrx_word' id='word_1_41' title='bbox 622 681 730 732; x_wconf 78' lang='grc' dir='ltr'><strong>Καὶ</strong></span> <span class='ocrx_word' id='word_1_42' title='bbox 757 683 807 734; x_wconf 77' lang='grc' dir='ltr'><strong>εἰ</strong></span> <span class='ocrx_word' id='word_1_43' title='bbox 836 682 912 752; x_wconf 80' lang='grc' dir='ltr'><strong>μὴ</strong></span> <span class='ocrx_word' id='word_1_44' title='bbox 945 682 1182 754; x_wconf 69' lang='grc' dir='ltr'><strong>λαθραία</strong></span> <span class='ocrx_word' id='word_1_45' title='bbox 1213 687 1358 754; x_wconf 75' lang='grc' dir='ltr'><strong>φυγῇ</strong></span> <span class='ocrx_word' id='word_1_46' title='bbox 1393 684 1492 754; x_wconf 80' lang='grc' dir='ltr'><strong>τὴν</strong></span> <span class='ocrx_word' id='word_1_47' title='bbox 1528 701 1706 754; x_wconf 84' lang='grc' dir='ltr'><strong>σωτη-</strong></span> 
     </span>
    </p>
   </div>
   <div class='ocr_carea' id='block_1_9' title="bbox 138 773 1706 848">
    <p class='ocr_par' dir='ltr' id='par_1_9' title="bbox 138 773 1706 848">
     <span class='ocr_line' id='line_1_9' title="bbox 138 773 1706 848; baseline 0.003 -24"><span class='ocrx_word' id='word_1_48' title='bbox 138 773 248 840; x_wconf 76' lang='grc' dir='ltr'><strong>ρίαν</strong></span> <span class='ocrx_word' id='word_1_49' title='bbox 279 773 540 842; x_wconf 72' lang='grc' dir='ltr'><strong>ὲπόριζεν</strong></span> <span class='ocrx_word' id='word_1_50' title='bbox 593 773 794 842; x_wconf 85' lang='grc' dir='ltr'><strong>ἐαυτῷ,</strong></span> <span class='ocrx_word' id='word_1_51' title='bbox 833 775 1070 844; x_wconf 75' lang='grc' dir='ltr'><strong>τάχιστα</strong></span> <span class='ocrx_word' id='word_1_52' title='bbox 1103 775 1169 828; x_wconf 78' lang='grc' dir='ltr'>ἂν</span> <span class='ocrx_word' id='word_1_53' title='bbox 1227 777 1422 847; x_wconf 78' lang='grc' dir='ltr'><strong>εἱρκτὴ</strong></span> <span class='ocrx_word' id='word_1_54' title='bbox 1457 778 1706 848; x_wconf 76' lang='grc' dir='ltr'><strong>ζοφώδης</strong></span> 
     </span>
    </p>
   </div>
   <div class='ocr_carea' id='block_1_10' title="bbox 137 861 1700 944">
    <p class='ocr_par' dir='ltr' id='par_1_10' title="bbox 137 861 1700 944">
     <span class='ocr_line' id='line_1_10' title="bbox 137 861 1700 944; baseline 0.007 -31"><span class='ocrx_word' id='word_1_55' title='bbox 137 863 222 914; x_wconf 74' lang='grc' dir='ltr'><strong>καὶ</strong></span> <span class='ocrx_word' id='word_1_56' title='bbox 249 861 486 914; x_wconf 73' lang='grc' dir='ltr'><strong>θανάτου</strong></span> <span class='ocrx_word' id='word_1_57' title='bbox 541 861 718 930; x_wconf 80' lang='grc' dir='ltr'>βιαίου</span> <span class='ocrx_word' id='word_1_58' title='bbox 773 864 970 928; x_wconf 87' lang='grc' dir='ltr'><strong>γείτων</strong></span> <span class='ocrx_word' id='word_1_59' title='bbox 1027 867 1242 944; x_wconf 68' lang='grc' dir='ltr'><strong>ἐδέχετρ</strong></span> <span class='ocrx_word' id='word_1_60' title='bbox 1293 869 1486 921; x_wconf 80' lang='grc' dir='ltr'><strong>τοῦτον</strong></span> <span class='ocrx_word' id='word_1_61' title='bbox 1517 869 1700 932; x_wconf 76' lang='grc' dir='ltr'><strong>εὐθύς,</strong></span> 
     </span>
    </p>
   </div>
   <div class='ocr_carea' id='block_1_11' title="bbox 139 957 1706 1034">
    <p class='ocr_par' dir='ltr' id='par_1_11' title="bbox 139 957 1706 1034">
     <span class='ocr_line' id='line_1_11' title="bbox 139 957 1706 1034; baseline 0.004 -26"><span class='ocrx_word' id='word_1_62' title='bbox 139 959 234 1008; x_wconf 73' lang='grc' dir='ltr'><strong>Καὶ</strong></span> <span class='ocrx_word' id='word_1_63' title='bbox 265 957 352 1008; x_wconf 80' lang='grc' dir='ltr'><strong>ἶνα</strong></span> <span class='ocrx_word' id='word_1_64' title='bbox 387 959 488 1008; x_wconf 87' lang='grc' dir='ltr'><strong>τάν</strong></span> <span class='ocrx_word' id='word_1_65' title='bbox 533 961 684 1026; x_wconf 79' lang='grc' dir='ltr'><strong>μέσῳ</strong></span> <span class='ocrx_word' id='word_1_66' title='bbox 719 961 992 1026; x_wconf 76' lang='grc' dir='ltr'><strong>συντέμω,</strong></span> <span class='ocrx_word' id='word_1_67' title='bbox 1029 960 1150 1012; x_wconf 82' lang='grc' dir='ltr'><strong>ὅλον</strong></span> <span class='ocrx_word' id='word_1_68' title='bbox 1179 959 1428 1013; x_wconf 77' lang='grc' dir='ltr'><strong>ἐνιαυτὸν</strong></span> <span class='ocrx_word' id='word_1_69' title='bbox 1457 964 1572 1014; x_wconf 81' lang='grc' dir='ltr'><strong>ἐκεῖ</strong></span> <span class='ocrx_word' id='word_1_70' title='bbox 1591 963 1706 1034; x_wconf 83' lang='grc' dir='ltr'><strong>διη-</strong></span> 
     </span>
    </p>
   </div>
   <div class='ocr_carea' id='block_1_12' title="bbox 135 1047 1704 1121">
    <p class='ocr_par' dir='ltr' id='par_1_12' title="bbox 135 1047 1704 1121">
     <span class='ocr_line' id='line_1_12' title="bbox 135 1047 1704 1121; baseline 0.006 -23"><span class='ocrx_word' id='word_1_71' title='bbox 135 1047 306 1098; x_wconf 82' lang='grc' dir='ltr'><strong>νυκότι</strong></span> <span class='ocrx_word' id='word_1_72' title='bbox 355 1049 424 1099; x_wconf 85' lang='grc' dir='ltr'><strong>τά</strong></span> <span class='ocrx_word' id='word_1_73' title='bbox 459 1049 509 1099; x_wconf 77' lang='grc' dir='ltr'><strong>τ’</strong></span> <span class='ocrx_word' id='word_1_74' title='bbox 553 1049 688 1102; x_wconf 73' lang='grc' dir='ltr'><strong>ἄλλα</strong></span> <span class='ocrx_word' id='word_1_75' title='bbox 729 1048 836 1121; x_wconf 87' lang='grc' dir='ltr'><strong>[τεΙ</strong></span> <span class='ocrx_word' id='word_1_76' title='bbox 873 1051 1022 1120; x_wconf 82' lang='grc' dir='ltr'><strong>αὐτῷ</strong></span> <span class='ocrx_word' id='word_1_77' title='bbox 1063 1051 1221 1104; x_wconf 87' lang='grc' dir='ltr'><strong>πάντ’</strong></span> <span class='ocrx_word' id='word_1_78' title='bbox 1253 1053 1450 1121; x_wconf 82' lang='grc' dir='ltr'><strong>ἐδρᾶτο</strong></span> <span class='ocrx_word' id='word_1_79' title='bbox 1497 1055 1564 1106; x_wconf 73' lang='grc' dir='ltr'><strong>τὰ.</strong></span> <span class='ocrx_word' id='word_1_80' title='bbox 1595 1071 1704 1106; x_wconf 88' lang='grc' dir='ltr'><strong>πα-</strong></span> 
     </span>
    </p>
   </div>
   <div class='ocr_carea' id='block_1_13' title="bbox 136 1139 1706 1213">
    <p class='ocr_par' dir='ltr' id='par_1_13' title="bbox 136 1139 1706 1213">
     <span class='ocr_line' id='line_1_13' title="bbox 136 1139 1706 1213; baseline 0.005 -25"><span class='ocrx_word' id='word_1_81' title='bbox 136 1139 412 1208; x_wconf 73' lang='grc' dir='ltr'><strong>τριάρχαις</strong></span> <span class='ocrx_word' id='word_1_82' title='bbox 463 1139 654 1208; x_wconf 68' lang='grc' dir='ltr'><strong>ἔθιμα,</strong></span> <span class='ocrx_word' id='word_1_83' title='bbox 687 1143 782 1194; x_wconf 75' lang='grc' dir='ltr'><strong>καὶ</strong></span> <span class='ocrx_word' id='word_1_84' title='bbox 813 1141 930 1208; x_wconf 72' lang='grc' dir='ltr'><strong>ἅμα</strong></span> <span class='ocrx_word' id='word_1_85' title='bbox 955 1144 1174 1210; x_wconf 59' lang='grc' dir='ltr'><strong>γραςοὰς</strong></span> <span class='ocrx_word' id='word_1_86' title='bbox 1202 1144 1303 1195; x_wconf 86' lang='grc' dir='ltr'><strong>οὐκ</strong></span> <span class='ocrx_word' id='word_1_87' title='bbox 1337 1143 1532 1212; x_wconf 73' lang='grc' dir='ltr'><strong>ἡμέλει</strong></span> <span class='ocrx_word' id='word_1_88' title='bbox 1561 1146 1706 1213; x_wconf 79' lang='grc' dir='ltr'><strong>πέμ-</strong></span> 
     </span>
    </p>
   </div>
   <div class='ocr_carea' id='block_1_14' title="bbox 139 1231 1703 1306">
    <p class='ocr_par' dir='ltr' id='par_1_14' title="bbox 139 1231 1703 1306">
     <span class='ocr_line' id='line_1_14' title="bbox 139 1231 1703 1306; baseline 0.005 -26"><span class='ocrx_word' id='word_1_89' title='bbox 139 1247 240 1280; x_wconf 85' lang='grc' dir='ltr'><strong>πων</strong></span> <span class='ocrx_word' id='word_1_90' title='bbox 271 1231 614 1294; x_wconf 74' lang='grc' dir='ltr'><strong>Βυζαντίοις,</strong></span> <span class='ocrx_word' id='word_1_91' title='bbox 649 1233 774 1286; x_wconf 82' lang='grc' dir='ltr'><strong>ὅσαι</strong></span> <span class='ocrx_word' id='word_1_92' title='bbox 821 1233 920 1303; x_wconf 76' lang='grc' dir='ltr'><strong>τὴν</strong></span> <span class='ocrx_word' id='word_1_93' title='bbox 951 1236 1032 1296; x_wconf 88' lang='grc' dir='ltr'><strong>είς</strong></span> <span class='ocrx_word' id='word_1_94' title='bbox 1081 1234 1248 1288; x_wconf 78' lang='grc' dir='ltr'><strong>αὑτὸν</strong></span> <span class='ocrx_word' id='word_1_95' title='bbox 1295 1235 1703 1306; x_wconf 79' lang='grc' dir='ltr'><strong>ὲξετραγῴδουν</strong></span> 
     </span>
    </p>
   </div>
   <div class='ocr_carea' id='block_1_15' title="bbox 139 1322 1702 1396">
    <p class='ocr_par' dir='ltr' id='par_1_15' title="bbox 139 1322 1702 1396">
     <span class='ocr_line' id='line_1_15' title="bbox 139 1322 1702 1396; baseline 0.004 -21"><span class='ocrx_word' id='word_1_96' title='bbox 139 1322 362 1384; x_wconf 77' lang='grc' dir='ltr'><strong>ἀδικίαν,</strong></span> <span class='ocrx_word' id='word_1_97' title='bbox 414 1326 508 1376; x_wconf 77' lang='grc' dir='ltr'><strong>καὶ</strong></span> <span class='ocrx_word' id='word_1_98' title='bbox 561 1325 750 1394; x_wconf 74' lang='grc' dir='ltr'><strong>μοιχὸν</strong></span> <span class='ocrx_word' id='word_1_99' title='bbox 801 1327 900 1394; x_wconf 78' lang='grc' dir='ltr'><strong>μὲν</strong></span> <span class='ocrx_word' id='word_1_100' title='bbox 932 1328 1186 1396; x_wconf 82' lang='grc' dir='ltr'><strong>προφανῆ</strong></span> <span class='ocrx_word' id='word_1_101' title='bbox 1226 1327 1412 1380; x_wconf 85' lang='grc' dir='ltr'><strong>καλῶν</strong></span> <span class='ocrx_word' id='word_1_102' title='bbox 1449 1329 1702 1382; x_wconf 72' lang='grc' dir='ltr'><strong>Φιλόθεον</strong></span> 
     </span>
    </p>
   </div>
   <div class='ocr_carea' id='block_1_16' title="bbox 139 1417 1701 1488">
    <p class='ocr_par' dir='ltr' id='par_1_16' title="bbox 139 1417 1701 1488">
     <span class='ocr_line' id='line_1_16' title="bbox 139 1417 1701 1488; baseline 0.006 -22"><span class='ocrx_word' id='word_1_103' title='bbox 139 1417 212 1466; x_wconf 57' lang='grc' dir='ltr'><strong>τὶν</strong></span> <span class='ocrx_word' id='word_1_104' title='bbox 239 1417 534 1480; x_wconf 75' lang='grc' dir='ltr'><strong>Κόκκινον,</strong></span> <span class='ocrx_word' id='word_1_105' title='bbox 569 1419 835 1488; x_wconf 70' lang='grc' dir='ltr'><strong>προδότας</strong></span> <span class='ocrx_word' id='word_1_106' title='bbox 863 1421 920 1474; x_wconf 84' lang='grc' dir='ltr'><strong>δὲ</strong></span> <span class='ocrx_word' id='word_1_107' title='bbox 943 1421 1044 1488; x_wconf 80' lang='grc' dir='ltr'><strong>τῆς</strong></span> <span class='ocrx_word' id='word_1_108' title='bbox 1071 1422 1178 1472; x_wconf 70' lang='grc' dir='ltr'><strong>τῶν</strong></span> <span class='ocrx_word' id='word_1_109' title='bbox 1201 1421 1450 1475; x_wconf 78' lang='grc' dir='ltr'>κανόνων</span> <span class='ocrx_word' id='word_1_110' title='bbox 1485 1425 1580 1474; x_wconf 74' lang='grc' dir='ltr'><strong>καὶ</strong></span> <span class='ocrx_word' id='word_1_111' title='bbox 1615 1424 1701 1476; x_wconf 87' lang='grc' dir='ltr'><strong>νό-</strong></span> 
     </span>
    </p>
   </div>
   <div class='ocr_carea' id='block_1_17' title="bbox 141 1507 1702 1586">
    <p class='ocr_par' dir='ltr' id='par_1_17' title="bbox 141 1507 1702 1586">
     <span class='ocr_line' id='line_1_17' title="bbox 141 1507 1702 1586; baseline 0.008 -30"><span class='ocrx_word' id='word_1_112' title='bbox 141 1527 238 1575; x_wconf 72' lang='grc' dir='ltr'><strong>μων</strong></span> <span class='ocrx_word' id='word_1_113' title='bbox 275 1507 533 1572; x_wconf 79' lang='grc' dir='ltr'><strong>ἐξουσίας</strong></span> <span class='ocrx_word' id='word_1_114' title='bbox 573 1515 700 1572; x_wconf 72' lang='grc' dir='ltr'><strong>τοὺς</strong></span> <span class='ocrx_word' id='word_1_115' title='bbox 734 1513 1071 1575; x_wconf 74' lang='grc' dir='ltr'><strong>ἐπισκόπους</strong></span> <span class='ocrx_word' id='word_1_116' title='bbox 1103 1515 1198 1566; x_wconf 70' lang='grc' dir='ltr'><strong>καὶ</strong></span> <span class='ocrx_word' id='word_1_117' title='bbox 1233 1513 1368 1567; x_wconf 86' lang='grc' dir='ltr'><strong>Θεοῦ</strong></span> <span class='ocrx_word' id='word_1_118' title='bbox 1423 1531 1702 1586; x_wconf 74' lang='grc' dir='ltr'><strong>καταφροο</strong></span> 
     </span>
    </p>
   </div>
   <div class='ocr_carea' id='block_1_18' title="bbox 139 1603 1702 1678">
    <p class='ocr_par' dir='ltr' id='par_1_18' title="bbox 139 1603 1702 1678">
     <span class='ocr_line' id='line_1_18' title="bbox 139 1603 1702 1678; baseline 0.008 -30"><span class='ocrx_word' id='word_1_119' title='bbox 139 1605 298 1664; x_wconf 63' lang='grc' dir='ltr'><strong>νητὰς.</strong></span> <span class='ocrx_word' id='word_1_120' title='bbox 345 1603 428 1654; x_wconf 68' lang='grc' dir='ltr'><strong>ὅτι</strong></span> <span class='ocrx_word' id='word_1_121' title='bbox 463 1606 584 1662; x_wconf 80' lang='grc' dir='ltr'><strong>ταῖς</strong></span> <span class='ocrx_word' id='word_1_122' title='bbox 618 1603 926 1670; x_wconf 78' lang='grc' dir='ltr'><strong>βασιλικαῖς</strong></span> <span class='ocrx_word' id='word_1_123' title='bbox 967 1605 1287 1670; x_wconf 80' lang='grc' dir='ltr'><strong>ὑπείξαντες</strong></span> <span class='ocrx_word' id='word_1_124' title='bbox 1322 1608 1414 1660; x_wconf 84' lang='grc' dir='ltr'><strong>καὶ</strong></span> <span class='ocrx_word' id='word_1_125' title='bbox 1441 1609 1702 1678; x_wconf 80' lang='grc' dir='ltr'><strong>ἡττηθέν-</strong></span> 
     </span>
    </p>
   </div>
   <div class='ocr_carea' id='block_1_19' title="bbox 141 1693 1700 1770">
    <p class='ocr_par' dir='ltr' id='par_1_19' title="bbox 141 1693 1700 1770">
     <span class='ocr_line' id='line_1_19' title="bbox 141 1693 1700 1770; baseline 0.006 -28"><span class='ocrx_word' id='word_1_126' title='bbox 141 1709 212 1753; x_wconf 80' lang='grc' dir='ltr'><strong>τες</strong></span> <span class='ocrx_word' id='word_1_127' title='bbox 239 1693 446 1754; x_wconf 71' lang='grc' dir='ltr'><strong>ἀδίκοις</strong></span> <span class='ocrx_word' id='word_1_128' title='bbox 473 1696 710 1764; x_wconf 78' lang='grc' dir='ltr'>δωρεαῖς</span> <span class='ocrx_word' id='word_1_129' title='bbox 759 1700 1020 1766; x_wconf 85' lang='grc' dir='ltr'><strong>συνέχεαν</strong></span> <span class='ocrx_word' id='word_1_130' title='bbox 1051 1699 1120 1752; x_wconf 88' lang='grc' dir='ltr'><strong>τά</strong></span> <span class='ocrx_word' id='word_1_131' title='bbox 1151 1716 1208 1752; x_wconf 87' lang='grc' dir='ltr'><strong>τε</strong></span> <span class='ocrx_word' id='word_1_132' title='bbox 1237 1701 1336 1770; x_wconf 80' lang='grc' dir='ltr'><strong>τῆς</strong></span> <span class='ocrx_word' id='word_1_133' title='bbox 1371 1700 1700 1769; x_wconf 84' lang='grc' dir='ltr'><strong>Ἐκκλησίας</strong></span> 
     </span>
    </p>
   </div>
   <div class='ocr_carea' id='block_1_20' title="bbox 143 1785 1698 1862">
    <p class='ocr_par' dir='ltr' id='par_1_20' title="bbox 143 1785 1698 1862">
     <span class='ocr_line' id='line_1_20' title="bbox 143 1785 1698 1862; baseline 0.006 -28"><span class='ocrx_word' id='word_1_134' title='bbox 143 1785 418 1852; x_wconf 73' lang='grc' dir='ltr'><strong>πράγματα</strong></span> <span class='ocrx_word' id='word_1_135' title='bbox 449 1789 544 1837; x_wconf 79' lang='grc' dir='ltr'><strong>καὶ</strong></span> <span class='ocrx_word' id='word_1_136' title='bbox 569 1788 705 1856; x_wconf 81' lang='grc' dir='ltr'><strong>πρός</strong></span> <span class='ocrx_word' id='word_1_137' title='bbox 729 1805 792 1854; x_wconf 89' lang='grc' dir='ltr'><strong>γε</strong></span> <span class='ocrx_word' id='word_1_138' title='bbox 817 1789 880 1857; x_wconf 82' lang='grc' dir='ltr'><strong>δὴ</strong></span> <span class='ocrx_word' id='word_1_139' title='bbox 907 1791 973 1842; x_wconf 78' lang='grc' dir='ltr'><strong>τὰ</strong></span> <span class='ocrx_word' id='word_1_140' title='bbox 1013 1793 1112 1860; x_wconf 78' lang='grc' dir='ltr'><strong>τῆς</strong></span> <span class='ocrx_word' id='word_1_141' title='bbox 1140 1791 1368 1860; x_wconf 81' lang='grc' dir='ltr'><strong>ἐννόμου</strong></span> <span class='ocrx_word' id='word_1_142' title='bbox 1393 1791 1698 1862; x_wconf 78' lang='grc' dir='ltr'><strong>βασιλείας.</strong></span> 
     </span>
    </p>
   </div>
   <div class='ocr_carea' id='block_1_21' title="bbox 143 1879 1702 1949">
    <p class='ocr_par' dir='ltr' id='par_1_21' title="bbox 143 1879 1702 1949">
     <span class='ocr_line' id='line_1_21' title="bbox 143 1879 1702 1949; baseline 0.003 -18"><span class='ocrx_word' id='word_1_143' title='bbox 143 1879 231 1931; x_wconf 70' lang='grc' dir='ltr'><strong>Καὶ</strong></span> <span class='ocrx_word' id='word_1_144' title='bbox 263 1879 354 1931; x_wconf 75' lang='grc' dir='ltr'><strong>ἐπὶ</strong></span> <span class='ocrx_word' id='word_1_145' title='bbox 389 1879 608 1942; x_wconf 76' lang='grc' dir='ltr'><strong>τούτοις</strong></span> <span class='ocrx_word' id='word_1_146' title='bbox 645 1881 950 1949; x_wconf 80' lang='grc' dir='ltr'><strong>ἀναϐἐματί</strong></span> <span class='ocrx_word' id='word_1_147' title='bbox 997 1899 1057 1934; x_wconf 88' lang='grc' dir='ltr'><strong>τε</strong></span> <span class='ocrx_word' id='word_1_148' title='bbox 1105 1883 1303 1946; x_wconf 78' lang='grc' dir='ltr'><strong>αὐτοὺς</strong></span> <span class='ocrx_word' id='word_1_149' title='bbox 1351 1879 1702 1937; x_wconf 81' lang='grc' dir='ltr'><strong>καθυπέόαλε</strong></span> 
     </span>
    </p>
   </div>
   <div class='ocr_carea' id='block_1_22' title="bbox 145 1971 1703 2044">
    <p class='ocr_par' dir='ltr' id='par_1_22' title="bbox 145 1971 1703 2044">
     <span class='ocr_line' id='line_1_22' title="bbox 145 1971 1703 2044; baseline 0.005 -24"><span class='ocrx_word' id='word_1_150' title='bbox 145 1971 218 2020; x_wconf 71' lang='grc' dir='ltr'><strong>καὶ</strong></span> <span class='ocrx_word' id='word_1_151' title='bbox 241 1971 512 2040; x_wconf 81' lang='grc' dir='ltr'><strong>χωρισμῷ</strong></span> <span class='ocrx_word' id='word_1_152' title='bbox 534 1971 692 2024; x_wconf 86' lang='grc' dir='ltr'><strong>Θεοῦ.</strong></span> <span class='ocrx_word' id='word_1_153' title='bbox 727 1973 798 2026; x_wconf 79' lang='grc' dir='ltr'><strong>Ἀ</strong></span> <span class='ocrx_word' id='word_1_154' title='bbox 830 1973 894 2042; x_wconf 79' lang='grc' dir='ltr'><strong>δὴ</strong></span> <span class='ocrx_word' id='word_1_155' title='bbox 937 1973 1106 2043; x_wconf 72' lang='grc' dir='ltr'><strong>συχνὰ</strong></span> <span class='ocrx_word' id='word_1_156' title='bbox 1138 1975 1230 2027; x_wconf 62' lang='grc' dir='ltr'><strong>καὶ⁵</strong></span> <span class='ocrx_word' id='word_1_157' title='bbox 1260 1975 1418 2044; x_wconf 88' lang='grc' dir='ltr'><strong>δίκην</strong></span> <span class='ocrx_word' id='word_1_158' title='bbox 1443 1975 1614 2044; x_wconf 85' lang='grc' dir='ltr'><strong>βελῶν</strong></span> <span class='ocrx_word' id='word_1_159' title='bbox 1639 1977 1703 2028; x_wconf 84' lang='grc' dir='ltr'><strong>ὲκ</strong></span> 
     </span>
    </p>
   </div>
   <div class='ocr_carea' id='block_1_23' title="bbox 147 2059 1702 2134">
    <p class='ocr_par' dir='ltr' id='par_1_23' title="bbox 147 2059 1702 2134">
     <span class='ocr_line' id='line_1_23' title="bbox 147 2059 1702 2134; baseline 0.003 -23"><span class='ocrx_word' id='word_1_160' title='bbox 147 2059 348 2111; x_wconf 79' lang='grc' dir='ltr'><strong>τινὲδου</strong></span> <span class='ocrx_word' id='word_1_161' title='bbox 399 2062 737 2128; x_wconf 74' lang='grc' dir='ltr'><strong>πεμπόμενα</strong></span> <span class='ocrx_word' id='word_1_162' title='bbox 799 2061 1014 2130; x_wconf 81' lang='grc' dir='ltr'><strong>βλέπων</strong></span> <span class='ocrx_word' id='word_1_163' title='bbox 1069 2062 1097 2114; x_wconf 85' lang='grc' dir='ltr'><strong>ό</strong></span> <span class='ocrx_word' id='word_1_164' title='bbox 1133 2061 1236 2130; x_wconf 86' lang='grc' dir='ltr'><strong>τῆς</strong></span> <span class='ocrx_word' id='word_1_165' title='bbox 1289 2063 1702 2134; x_wconf 86' lang='grc' dir='ltr'><strong>πατριαρχικῆς</strong></span> 
     </span>
    </p>
   </div>
   <div class='ocr_carea' id='block_1_24' title="bbox 153 2151 1704 2224">
    <p class='ocr_par' dir='ltr' id='par_1_24' title="bbox 153 2151 1704 2224">
     <span class='ocr_line' id='line_1_24' title="bbox 153 2151 1704 2224; baseline 0.006 -25"><span class='ocrx_word' id='word_1_166' title='bbox 153 2151 370 2215; x_wconf 66' lang='grc' dir='ltr'><strong>ἐξουσίας</strong></span> <span class='ocrx_word' id='word_1_167' title='bbox 409 2153 960 2222; x_wconf 80' lang='grc' dir='ltr'><strong>άρτιὲπειλημμὲνος</strong></span> <span class='ocrx_word' id='word_1_168' title='bbox 987 2154 1258 2218; x_wconf 81' lang='grc' dir='ltr'><strong>Κόκκινος</strong></span> <span class='ocrx_word' id='word_1_169' title='bbox 1287 2156 1591 2224; x_wconf 80' lang='grc' dir='ltr'><strong>ἠγανάκτει</strong></span> <span class='ocrx_word' id='word_1_170' title='bbox 1642 2173 1704 2208; x_wconf 85' lang='grc' dir='ltr'><strong>τε</strong></span> 
     </span>
    </p>
   </div>
   <div class='ocr_carea' id='block_1_25' title="bbox 155 2243 1702 2316">
    <p class='ocr_par' dir='ltr' id='par_1_25' title="bbox 155 2243 1702 2316">
     <span class='ocr_line' id='line_1_25' title="bbox 155 2243 1702 2316; baseline 0.006 -24"><span class='ocrx_word' id='word_1_171' title='bbox 155 2243 224 2292; x_wconf 76' lang='lat' dir='ltr'><strong>nl</strong></span> <span class='ocrx_word' id='word_1_172' title='bbox 245 2244 766 2314; x_wconf 78' lang='grc' dir='ltr'><strong>ἀντιμηχανώμενος</strong></span> <span class='ocrx_word' id='word_1_173' title='bbox 816 2247 918 2299; x_wconf 78' lang='grc' dir='ltr'><strong>οὐκ</strong></span> <span class='ocrx_word' id='word_1_174' title='bbox 949 2247 1148 2316; x_wconf 75' lang='grc' dir='ltr'><strong>ἡμέλει</strong></span> <span class='ocrx_word' id='word_1_175' title='bbox 1188 2247 1258 2301; x_wconf 83' lang='grc' dir='ltr'><strong>τὰ</strong></span> <span class='ocrx_word' id='word_1_176' title='bbox 1289 2249 1404 2302; x_wconf 84' lang='grc' dir='ltr'><strong>ῐσα.</strong></span> <span class='ocrx_word' id='word_1_177' title='bbox 1441 2249 1702 2315; x_wconf 85' lang='grc' dir='ltr'><strong>Συνάγων</strong></span> 
     </span>
    </p>
   </div>
   <div class='ocr_carea' id='block_1_26' title="bbox 151 2335 1704 2406">
    <p class='ocr_par' dir='ltr' id='par_1_26' title="bbox 151 2335 1704 2406">
     <span class='ocr_line' id='line_1_26' title="bbox 151 2335 1704 2406; baseline 0.005 -20"><span class='ocrx_word' id='word_1_178' title='bbox 151 2335 234 2406; x_wconf 67' lang='grc' dir='ltr'><strong>γὶρ</strong></span> <span class='ocrx_word' id='word_1_179' title='bbox 263 2337 382 2400; x_wconf 69' lang='grc' dir='ltr'><strong>τοὺς</strong></span> <span class='ocrx_word' id='word_1_180' title='bbox 427 2339 849 2406; x_wconf 81' lang='grc' dir='ltr'><strong>πλησιοχώρους</strong></span> <span class='ocrx_word' id='word_1_181' title='bbox 907 2340 1266 2404; x_wconf 78' lang='grc' dir='ltr'><strong>ἐπισκόπους,</strong></span> <span class='ocrx_word' id='word_1_182' title='bbox 1299 2339 1396 2393; x_wconf 75' lang='grc' dir='ltr'><strong>καὶ</strong></span> <span class='ocrx_word' id='word_1_183' title='bbox 1441 2341 1556 2396; x_wconf 85' lang='grc' dir='ltr'><strong>ὅσοι</strong></span> <span class='ocrx_word' id='word_1_184' title='bbox 1601 2343 1704 2394; x_wconf 87' lang='grc' dir='ltr'><strong>Βυ-</strong></span> 
     </span>
    </p>
   </div>
   <div class='ocr_carea' id='block_1_27' title="bbox 155 2429 1702 2502">
    <p class='ocr_par' dir='ltr' id='par_1_27' title="bbox 155 2429 1702 2502">
     <span class='ocr_line' id='line_1_27' title="bbox 155 2429 1702 2502; baseline 0.004 -23"><span class='ocrx_word' id='word_1_185' title='bbox 155 2429 314 2498; x_wconf 73' lang='grc' dir='ltr'><strong>ζαντίῳ</strong></span> <span class='ocrx_word' id='word_1_186' title='bbox 359 2429 796 2501; x_wconf 79' lang='grc' dir='ltr'><strong>ἐνδιατρίϐοντες</strong></span> <span class='ocrx_word' id='word_1_187' title='bbox 865 2431 1054 2499; x_wconf 76' lang='grc' dir='ltr'><strong>ἔτυχον</strong></span> <span class='ocrx_word' id='word_1_188' title='bbox 1086 2431 1537 2502; x_wconf 85' lang='grc' dir='ltr'><strong>ὀπωσδηποτοῦν,</strong></span> <span class='ocrx_word' id='word_1_189' title='bbox 1594 2433 1702 2502; x_wconf 72' lang='grc' dir='ltr'><strong>ψη-</strong></span> 
     </span>
    </p>
   </div>
   <div class='ocr_carea' id='block_1_28' title="bbox 167 2521 1704 2596">
    <p class='ocr_par' dir='ltr' id='par_1_28' title="bbox 167 2521 1704 2596">
     <span class='ocr_line' id='line_1_28' title="bbox 167 2521 1704 2596; baseline 0.004 -25"><span class='ocrx_word' id='word_1_190' title='bbox 167 2521 366 2592; x_wconf 71' lang='grc' dir='ltr'><strong>ςειματα</strong></span> <span class='ocrx_word' id='word_1_191' title='bbox 397 2523 634 2586; x_wconf 78' lang='grc' dir='ltr'><strong>ἐξετίθει</strong></span> <span class='ocrx_word' id='word_1_192' title='bbox 675 2539 734 2576; x_wconf 87' lang='grc' dir='ltr'><strong>τε</strong></span> <span class='ocrx_word' id='word_1_193' title='bbox 792 2525 886 2576; x_wconf 80' lang='grc' dir='ltr'><strong>καὶ</strong></span> <span class='ocrx_word' id='word_1_194' title='bbox 917 2523 1190 2592; x_wconf 81' lang='grc' dir='ltr'><strong>διέπεμπε</strong></span> <span class='ocrx_word' id='word_1_195' title='bbox 1221 2525 1476 2596; x_wconf 84' lang='grc' dir='ltr'><strong>πανταχῆ</strong></span> <span class='ocrx_word' id='word_1_196' title='bbox 1509 2525 1704 2578; x_wconf 81' lang='grc' dir='ltr'><strong>ἀναϐέ-</strong></span> 
     </span>
    </p>
   </div>
   <div class='ocr_carea' id='block_1_29' title="bbox 174 2613 1701 2682">
    <p class='ocr_par' dir='ltr' id='par_1_29' title="bbox 174 2613 1701 2682">
     <span class='ocr_line' id='line_1_29' title="bbox 174 2613 1701 2682; baseline 0.004 -18"><span class='ocrx_word' id='word_1_197' title='bbox 174 2615 271 2676; x_wconf 64' lang='lat' dir='ltr'><strong>pati</strong></span> <span class='ocrx_word' id='word_1_198' title='bbox 291 2629 342 2664; x_wconf 87' lang='grc' dir='ltr'><strong>τε</strong></span> <span class='ocrx_word' id='word_1_199' title='bbox 395 2613 494 2664; x_wconf 74' lang='grc' dir='ltr'><strong>καὶ</strong></span> <span class='ocrx_word' id='word_1_200' title='bbox 541 2613 838 2682; x_wconf 79' lang='grc' dir='ltr'><strong>ἁφορισμῷ</strong></span> <span class='ocrx_word' id='word_1_201' title='bbox 871 2613 1323 2682; x_wconf 81' lang='grc' dir='ltr'><strong>παραπέμποντα</strong></span> <span class='ocrx_word' id='word_1_202' title='bbox 1373 2614 1701 2670; x_wconf 85' lang='grc' dir='ltr'><strong>Κάλλιστον.</strong></span> 
     </span>
    </p>
   </div>
   <div class='ocr_carea' id='block_1_30' title="bbox 175 2701 1703 2775">
    <p class='ocr_par' dir='ltr' id='par_1_30' title="bbox 175 2701 1703 2775">
     <span class='ocr_line' id='line_1_30' title="bbox 175 2701 1703 2775; baseline 0.001 -19"><span class='ocrx_word' id='word_1_203' title='bbox 175 2701 380 2770; x_wconf 78' lang='grc' dir='ltr'><strong>Ἐτεμπε</strong></span> <span class='ocrx_word' id='word_1_204' title='bbox 411 2703 468 2757; x_wconf 79' lang='grc' dir='ltr'><strong>δὲ</strong></span> <span class='ocrx_word' id='word_1_205' title='bbox 501 2704 742 2773; x_wconf 78' lang='grc' dir='ltr'><strong>μάλιστα</strong></span> <span class='ocrx_word' id='word_1_206' title='bbox 795 2706 905 2766; x_wconf 80' lang='grc' dir='ltr'><strong>τοῖς</strong></span> <span class='ocrx_word' id='word_1_207' title='bbox 957 2705 1016 2758; x_wconf 86' lang='grc' dir='ltr'><strong>ἐν</strong></span> <span class='ocrx_word' id='word_1_208' title='bbox 1053 2704 1205 2772; x_wconf 80' lang='grc' dir='ltr'><strong>Ἀθῳ</strong></span> <span class='ocrx_word' id='word_1_209' title='bbox 1251 2703 1328 2774; x_wconf 86' lang='grc' dir='ltr'><strong>τῷ</strong></span> <span class='ocrx_word' id='word_1_210' title='bbox 1379 2703 1495 2775; x_wconf 74' lang='grc' dir='ltr'><strong>ὄρει</strong></span> <span class='ocrx_word' id='word_1_211' title='bbox 1537 2705 1703 2774; x_wconf 82' lang='grc' dir='ltr'><strong>μονά-</strong></span> 
     </span>
    </p>
   </div>
   <div class='ocr_carea' id='block_1_31' title="bbox 175 2791 1704 2866">
    <p class='ocr_par' dir='ltr' id='par_1_31' title="bbox 175 2791 1704 2866">
     <span class='ocr_line' id='line_1_31' title="bbox 175 2791 1704 2866; baseline 0.003 -23"><span class='ocrx_word' id='word_1_212' title='bbox 175 2791 294 2854; x_wconf 68' lang='lat' dir='ltr'><strong>Caesi</strong></span> <span class='ocrx_word' id='word_1_213' title='bbox 313 2796 378 2848; x_wconf 73' lang='grc' dir='ltr'><strong>τὰ</strong></span> <span class='ocrx_word' id='word_1_214' title='bbox 399 2795 620 2848; x_wconf 83' lang='grc' dir='ltr'><strong>τοιαῦτα</strong></span> <span class='ocrx_word' id='word_1_215' title='bbox 643 2798 993 2866; x_wconf 73' lang='grc' dir='ltr'><strong>ψηφίσματα,</strong></span> <span class='ocrx_word' id='word_1_216' title='bbox 1023 2797 1424 2866; x_wconf 84' lang='grc' dir='ltr'><strong>παραγγέλλων</strong></span> <span class='ocrx_word' id='word_1_217' title='bbox 1454 2797 1548 2850; x_wconf 86' lang='grc' dir='ltr'><strong>ἐπὶ</strong></span> <span class='ocrx_word' id='word_1_218' title='bbox 1575 2797 1704 2849; x_wconf 84' lang='grc' dir='ltr'><strong>τού-</strong></span> 
     </span>
    </p>
   </div>
   <div class='ocr_carea' id='block_1_32' title="bbox 171 2887 1705 2960">
    <p class='ocr_par' dir='ltr' id='par_1_32' title="bbox 171 2887 1705 2960">
     <span class='ocr_line' id='line_1_32' title="bbox 171 2887 1705 2960; baseline 0.005 -24"><span class='ocrx_word' id='word_1_219' title='bbox 171 2902 261 2946; x_wconf 81' lang='grc' dir='ltr'><strong>τοις</strong></span> <span class='ocrx_word' id='word_1_220' title='bbox 285 2887 398 2955; x_wconf 77' lang='grc' dir='ltr'><strong>μηδ’</strong></span> <span class='ocrx_word' id='word_1_221' title='bbox 421 2891 468 2942; x_wconf 84' lang='grc' dir='ltr'><strong>εί</strong></span> <span class='ocrx_word' id='word_1_222' title='bbox 509 2887 804 2960; x_wconf 79' lang='grc' dir='ltr'><strong>βουληθείη</strong></span> <span class='ocrx_word' id='word_1_223' title='bbox 858 2889 990 2958; x_wconf 87' lang='grc' dir='ltr'><strong>παρ’</strong></span> <span class='ocrx_word' id='word_1_224' title='bbox 1027 2893 1270 2954; x_wconf 80' lang='grc' dir='ltr'><strong>ἐκείνους</strong></span> <span class='ocrx_word' id='word_1_225' title='bbox 1315 2892 1508 2960; x_wconf 80' lang='grc' dir='ltr'><strong>φοιτᾷν</strong></span> <span class='ocrx_word' id='word_1_226' title='bbox 1557 2890 1705 2959; x_wconf 74' lang='grc' dir='ltr'><strong>δέκεο</strong></span> 
     </span>
    </p>
   </div>
   <div class='ocr_carea' id='block_1_33' title="bbox 169 2979 1700 3066">
    <p class='ocr_par' dir='ltr' id='par_1_33' title="bbox 169 2979 1700 3066">
     <span class='ocr_line' id='line_1_33' title="bbox 169 2979 1700 3066; baseline 0.004 -38"><span class='ocrx_word' id='word_1_227' title='bbox 169 2979 266 3066; x_wconf 42' lang='grc' dir='ltr'><strong>σφι</strong></span> <span class='ocrx_word' id='word_1_228' title='bbox 291 2981 490 3048; x_wconf 85' lang='grc' dir='ltr'><strong>τοῦτον,</strong></span> <span class='ocrx_word' id='word_1_229' title='bbox 525 2981 611 3035; x_wconf 83' lang='grc' dir='ltr'><strong>ἆτ’</strong></span> <span class='ocrx_word' id='word_1_230' title='bbox 636 2981 724 3036; x_wconf 80' lang='grc' dir='ltr'><strong>ἐπ’</strong></span> <span class='ocrx_word' id='word_1_231' title='bbox 751 2983 1064 3053; x_wconf 83' lang='grc' dir='ltr'><strong>ἐγκλήμασι</strong></span> <span class='ocrx_word' id='word_1_232' title='bbox 1091 2985 1522 3048; x_wconf 86' lang='grc' dir='ltr'><strong>Μασαλιανικοῖς</strong></span> <span class='ocrx_word' id='word_1_233' title='bbox 1552 2983 1700 3035; x_wconf 85' lang='grc' dir='ltr'><strong>ἐννό-</strong></span> 
     </span>
    </p>
   </div>
   <div class='ocr_carea' id='block_1_34' title="bbox 1817 494 3410 564">
    <p class='ocr_par' dir='ltr' id='par_1_34' title="bbox 1817 494 3410 564">
     <span class='ocr_line' id='line_1_34' title="bbox 1817 494 3410 564; baseline 0.004 -17"><span class='ocrx_word' id='word_1_234' title='bbox 1817 494 1909 548; x_wconf 89' lang='lat' dir='ltr'><strong>bat</strong></span> <span class='ocrx_word' id='word_1_235' title='bbox 1951 495 2122 562; x_wconf 87' lang='lat' dir='ltr'><strong>patria</strong></span> <span class='ocrx_word' id='word_1_236' title='bbox 2155 494 2262 550; x_wconf 88' lang='lat' dir='ltr'><strong>sibi</strong></span> <span class='ocrx_word' id='word_1_237' title='bbox 2326 495 2448 564; x_wconf 86' lang='lat' dir='ltr'><strong>jura</strong></span> <span class='ocrx_word' id='word_1_238' title='bbox 2487 495 2897 562; x_wconf 86' lang='lat' dir='ltr'><strong>vindicans;et</strong></span> <span class='ocrx_word' id='word_1_239' title='bbox 2949 498 3056 552; x_wconf 86' lang='lat' dir='ltr'><strong>nisi</strong></span> <span class='ocrx_word' id='word_1_240' title='bbox 3112 498 3410 555; x_wconf 81' lang='lat' dir='ltr'><strong>clandesti-</strong></span> 
     </span>
    </p>
   </div>
   <div class='ocr_carea' id='block_1_35' title="bbox 1815 585 3418 655">
    <p class='ocr_par' dir='ltr' id='par_1_35' title="bbox 1815 585 3418 655">
     <span class='ocr_line' id='line_1_35' title="bbox 1815 585 3418 655; baseline 0.004 -17"><span class='ocrx_word' id='word_1_241' title='bbox 1815 599 1884 638; x_wconf 88' lang='lat' dir='ltr'><strong>na</strong></span> <span class='ocrx_word' id='word_1_242' title='bbox 1949 585 2074 654; x_wconf 79' lang='lat' dir='ltr'><strong>fuga</strong></span> <span class='ocrx_word' id='word_1_243' title='bbox 2129 585 2360 638; x_wconf 87' lang='lat' dir='ltr'><strong>salutem</strong></span> <span class='ocrx_word' id='word_1_244' title='bbox 2426 586 2750 655; x_wconf 72' lang='lat' dir='ltr'><strong>praebuisset</strong></span> <span class='ocrx_word' id='word_1_245' title='bbox 2804 587 2930 648; x_wconf 84' lang='lat' dir='ltr'><strong>sibi,</strong></span> <span class='ocrx_word' id='word_1_246' title='bbox 2965 589 3252 643; x_wconf 88' lang='lat' dir='ltr'><strong>celerrime</strong></span> <span class='ocrx_word' id='word_1_247' title='bbox 3315 590 3418 644; x_wconf 72' lang='lat' dir='ltr'><strong>ille</strong></span> 
     </span>
    </p>
   </div>
   <div class='ocr_carea' id='block_1_36' title="bbox 1817 678 3402 750">
    <p class='ocr_par' dir='ltr' id='par_1_36' title="bbox 1817 678 3402 750">
     <span class='ocr_line' id='line_1_36' title="bbox 1817 678 3402 750; baseline 0.003 -20"><span class='ocrx_word' id='word_1_248' title='bbox 1817 678 2064 731; x_wconf 83' lang='lat' dir='ltr'><strong>inclusus</strong></span> <span class='ocrx_word' id='word_1_249' title='bbox 2104 687 2250 732; x_wconf 87' lang='lat' dir='ltr'><strong>esset</strong></span> <span class='ocrx_word' id='word_1_250' title='bbox 2303 679 2358 732; x_wconf 90' lang='lat' dir='ltr'><strong>in</strong></span> <span class='ocrx_word' id='word_1_251' title='bbox 2389 680 2666 744; x_wconf 78' lang='lat' dir='ltr'><strong>tenebras,</strong></span> <span class='ocrx_word' id='word_1_252' title='bbox 2696 689 2749 732; x_wconf 80' lang='lat' dir='ltr'><strong>et</strong></span> <span class='ocrx_word' id='word_1_253' title='bbox 2781 681 2974 734; x_wconf 88' lang='lat' dir='ltr'><strong>mortis</strong></span> <span class='ocrx_word' id='word_1_254' title='bbox 2999 681 3248 735; x_wconf 68' lang='lat' dir='ltr'><strong>violenta:</strong></span> <span class='ocrx_word' id='word_1_255' title='bbox 3273 697 3402 750; x_wconf 90' lang='lat' dir='ltr'><strong>pro-</strong></span> 
     </span>
    </p>
   </div>
   <div class='ocr_carea' id='block_1_37' title="bbox 1819 769 3400 842">
    <p class='ocr_par' dir='ltr' id='par_1_37' title="bbox 1819 769 3400 842">
     <span class='ocr_line' id='line_1_37' title="bbox 1819 769 3400 842; baseline 0.003 -20"><span class='ocrx_word' id='word_1_256' title='bbox 1819 771 2062 839; x_wconf 87' lang='lat' dir='ltr'><strong>pinquus</strong></span> <span class='ocrx_word' id='word_1_257' title='bbox 2087 769 2240 824; x_wconf 90' lang='lat' dir='ltr'><strong>locus</strong></span> <span class='ocrx_word' id='word_1_258' title='bbox 2267 771 2444 838; x_wconf 87' lang='lat' dir='ltr'><strong>ipsum</strong></span> <span class='ocrx_word' id='word_1_259' title='bbox 2479 773 2660 826; x_wconf 89' lang='lat' dir='ltr'><strong>statim</strong></span> <span class='ocrx_word' id='word_1_260' title='bbox 2693 774 3218 842; x_wconf 76' lang='lat' dir='ltr'><strong>cxcepisset.Atque</strong></span> <span class='ocrx_word' id='word_1_261' title='bbox 3243 783 3302 826; x_wconf 88' lang='lat' dir='ltr'><strong>ut</strong></span> <span class='ocrx_word' id='word_1_262' title='bbox 3329 776 3400 826; x_wconf 89' lang='lat' dir='ltr'><strong>ab</strong></span> 
     </span>
    </p>
   </div>
   <div class='ocr_carea' id='block_1_38' title="bbox 1817 861 3396 934">
    <p class='ocr_par' dir='ltr' id='par_1_38' title="bbox 1817 861 3396 934">
     <span class='ocr_line' id='line_1_38' title="bbox 1817 861 3396 934; baseline 0.003 -21"><span class='ocrx_word' id='word_1_263' title='bbox 1817 861 1938 930; x_wconf 90' lang='lat' dir='ltr'><strong>ipso</strong></span> <span class='ocrx_word' id='word_1_264' title='bbox 1971 863 2064 931; x_wconf 87' lang='lat' dir='ltr'><strong>qui</strong></span> <span class='ocrx_word' id='word_1_265' title='bbox 2121 862 2177 915; x_wconf 88' lang='lat' dir='ltr'><strong>in</strong></span> <span class='ocrx_word' id='word_1_266' title='bbox 2233 863 2544 916; x_wconf 76' lang='lat' dir='ltr'><strong>meditullio</strong></span> <span class='ocrx_word' id='word_1_267' title='bbox 2596 865 2818 918; x_wconf 85' lang='lat' dir='ltr'><strong>conciso</strong></span> <span class='ocrx_word' id='word_1_268' title='bbox 2871 864 3143 934; x_wconf 79' lang='lat' dir='ltr'><strong>integrum</strong></span> <span class='ocrx_word' id='word_1_269' title='bbox 3191 881 3396 918; x_wconf 88' lang='lat' dir='ltr'><strong>annum</strong></span> 
     </span>
    </p>
   </div>
   <div class='ocr_carea' id='block_1_39' title="bbox 1811 953 3400 1026">
    <p class='ocr_par' dir='ltr' id='par_1_39' title="bbox 1811 953 3400 1026">
     <span class='ocr_line' id='line_1_39' title="bbox 1811 953 3400 1026; baseline 0.003 -19"><span class='ocrx_word' id='word_1_270' title='bbox 1811 953 1886 1008; x_wconf 90' lang='lat' dir='ltr'><strong>ibi</strong></span> <span class='ocrx_word' id='word_1_271' title='bbox 1945 966 2304 1024; x_wconf 80' lang='lat' dir='ltr'><strong>transegerat.</strong></span> <span class='ocrx_word' id='word_1_272' title='bbox 2336 971 2460 1008; x_wconf 91' lang='lat' dir='ltr'><strong>cum</strong></span> <span class='ocrx_word' id='word_1_273' title='bbox 2525 958 2734 1026; x_wconf 76' lang='lat' dir='ltr'><strong>reliqua</strong></span> <span class='ocrx_word' id='word_1_274' title='bbox 2779 961 2960 1012; x_wconf 80' lang='lat' dir='ltr'><strong>omnia</strong></span> <span class='ocrx_word' id='word_1_275' title='bbox 3007 959 3400 1026; x_wconf 81' lang='lat' dir='ltr'><strong>perficerentur</strong></span> 
     </span>
    </p>
   </div>
   <div class='ocr_carea' id='block_1_40' title="bbox 1811 1045 3396 1114">
    <p class='ocr_par' dir='ltr' id='par_1_40' title="bbox 1811 1045 3396 1114">
     <span class='ocr_line' id='line_1_40' title="bbox 1811 1045 3396 1114; baseline 0.003 -15"><span class='ocrx_word' id='word_1_276' title='bbox 1811 1045 2138 1114; x_wconf 87' lang='lat' dir='ltr'><strong>patriarchis</strong></span> <span class='ocrx_word' id='word_1_277' title='bbox 2167 1046 2386 1110; x_wconf 88' lang='lat' dir='ltr'><strong>usitata,</strong></span> <span class='ocrx_word' id='word_1_278' title='bbox 2407 1057 2462 1100; x_wconf 89' lang='lat' dir='ltr'><strong>et</strong></span> <span class='ocrx_word' id='word_1_279' title='bbox 2492 1049 2652 1102; x_wconf 86' lang='lat' dir='ltr'><strong>simul</strong></span> <span class='ocrx_word' id='word_1_280' title='bbox 2678 1051 2966 1102; x_wconf 79' lang='lat' dir='ltr'><strong>accusandi</strong></span> <span class='ocrx_word' id='word_1_281' title='bbox 2993 1050 3258 1104; x_wconf 81' lang='lat' dir='ltr'><strong>formulas</strong></span> <span class='ocrx_word' id='word_1_282' title='bbox 3286 1067 3396 1104; x_wconf 92' lang='lat' dir='ltr'><strong>non</strong></span> 
     </span>
    </p>
   </div>
   <div class='ocr_carea' id='block_1_41' title="bbox 1811 1138 3396 1210">
    <p class='ocr_par' dir='ltr' id='par_1_41' title="bbox 1811 1138 3396 1210">
     <span class='ocr_line' id='line_1_41' title="bbox 1811 1138 3396 1210; baseline 0.003 -20"><span class='ocrx_word' id='word_1_283' title='bbox 1811 1138 2112 1208; x_wconf 80' lang='lat' dir='ltr'><strong>ncgligerct</strong></span> <span class='ocrx_word' id='word_1_284' title='bbox 2131 1139 2346 1192; x_wconf 78' lang='lat' dir='ltr'><strong>mittere</strong></span> <span class='ocrx_word' id='word_1_285' title='bbox 2385 1138 2550 1208; x_wconf 78' lang='lat'><strong>258</strong></span> <span class='ocrx_word' id='word_1_286' title='bbox 2568 1139 2879 1209; x_wconf 73' lang='lat' dir='ltr'><strong>llyzantinis</strong></span> <span class='ocrx_word' id='word_1_287' title='bbox 2895 1151 3168 1210; x_wconf 83' lang='lat' dir='ltr'><strong>quotquot</strong></span> <span class='ocrx_word' id='word_1_288' title='bbox 3191 1143 3396 1196; x_wconf 76' lang='lat' dir='ltr'><strong>illatam</strong></span> 
     </span>
    </p>
   </div>
   <div class='ocr_carea' id='block_1_42' title="bbox 1809 1227 3396 1302">
    <p class='ocr_par' dir='ltr' id='par_1_42' title="bbox 1809 1227 3396 1302">
     <span class='ocr_line' id='line_1_42' title="bbox 1809 1227 3396 1302; baseline 0.003 -21"><span class='ocrx_word' id='word_1_289' title='bbox 1809 1227 1915 1282; x_wconf 79' lang='lat' dir='ltr'><strong>sibi</strong></span> <span class='ocrx_word' id='word_1_290' title='bbox 1965 1239 2358 1298; x_wconf 72' lang='lat' dir='ltr'><strong>exaggerarcnt</strong></span> <span class='ocrx_word' id='word_1_291' title='bbox 2417 1231 2698 1294; x_wconf 88' lang='lat' dir='ltr'><strong>injuriam,</strong></span> <span class='ocrx_word' id='word_1_292' title='bbox 2729 1241 2784 1286; x_wconf 89' lang='lat' dir='ltr'><strong>et</strong></span> <span class='ocrx_word' id='word_1_293' title='bbox 2819 1233 3093 1286; x_wconf 76' lang='lat' dir='ltr'><strong>intecbum</strong></span> <span class='ocrx_word' id='word_1_294' title='bbox 3147 1243 3396 1302; x_wconf 87' lang='lat' dir='ltr'><strong>apertum</strong></span> 
     </span>
    </p>
   </div>
   <div class='ocr_carea' id='block_1_43' title="bbox 1809 1319 3400 1392">
    <p class='ocr_par' dir='ltr' id='par_1_43' title="bbox 1809 1319 3400 1392">
     <span class='ocr_line' id='line_1_43' title="bbox 1809 1319 3400 1392; baseline 0.004 -20"><span class='ocrx_word' id='word_1_295' title='bbox 1809 1319 1999 1372; x_wconf 89' lang='lat' dir='ltr'><strong>dicens</strong></span> <span class='ocrx_word' id='word_1_296' title='bbox 2039 1319 2386 1374; x_wconf 80' lang='lat' dir='ltr'><strong>Philotbeum</strong></span> <span class='ocrx_word' id='word_1_297' title='bbox 2419 1321 2718 1374; x_wconf 85' lang='lat' dir='ltr'><strong>Coccinum</strong></span> <span class='ocrx_word' id='word_1_298' title='bbox 2751 1333 2808 1377; x_wconf 89' lang='lat' dir='ltr'><strong>et</strong></span> <span class='ocrx_word' id='word_1_299' title='bbox 2871 1323 3186 1392; x_wconf 83' lang='lat' dir='ltr'><strong>proditores</strong></span> <span class='ocrx_word' id='word_1_300' title='bbox 3245 1335 3400 1392; x_wconf 86' lang='lat' dir='ltr'><strong>pote-</strong></span> 
     </span>
    </p>
   </div>
   <div class='ocr_carea' id='block_1_44' title="bbox 1813 1411 3398 1484">
    <p class='ocr_par' dir='ltr' id='par_1_44' title="bbox 1813 1411 3398 1484">
     <span class='ocr_line' id='line_1_44' title="bbox 1813 1411 3398 1484; baseline 0.003 -20"><span class='ocrx_word' id='word_1_301' title='bbox 1813 1413 1972 1464; x_wconf 83' lang='lat' dir='ltr'><strong>statis</strong></span> <span class='ocrx_word' id='word_1_302' title='bbox 1999 1411 2310 1480; x_wconf 78' lang='lat' dir='ltr'><strong>rcgularnm</strong></span> <span class='ocrx_word' id='word_1_303' title='bbox 2345 1423 2398 1466; x_wconf 91' lang='lat' dir='ltr'><strong>et</strong></span> <span class='ocrx_word' id='word_1_304' title='bbox 2433 1413 2612 1480; x_wconf 73' lang='lat' dir='ltr'><strong>legum</strong></span> <span class='ocrx_word' id='word_1_305' title='bbox 2644 1413 2934 1484; x_wconf 84' lang='lat' dir='ltr'><strong>episcopos</strong></span> <span class='ocrx_word' id='word_1_306' title='bbox 2951 1431 3000 1470; x_wconf 85' lang='lat' dir='ltr'><strong>et</strong></span> <span class='ocrx_word' id='word_1_307' title='bbox 3031 1416 3124 1470; x_wconf 90' lang='lat' dir='ltr'><strong>Dei</strong></span> <span class='ocrx_word' id='word_1_308' title='bbox 3153 1429 3398 1470; x_wconf 86' lang='lat' dir='ltr'><strong>contem-</strong></span> 
     </span>
    </p>
   </div>
   <div class='ocr_carea' id='block_1_45' title="bbox 1809 1503 3396 1578">
    <p class='ocr_par' dir='ltr' id='par_1_45' title="bbox 1809 1503 3396 1578">
     <span class='ocr_line' id='line_1_45' title="bbox 1809 1503 3396 1578; baseline 0.005 -24"><span class='ocrx_word' id='word_1_309' title='bbox 1809 1514 2018 1572; x_wconf 84' lang='lat' dir='ltr'><strong>plores,</strong></span> <span class='ocrx_word' id='word_1_310' title='bbox 2040 1503 2184 1570; x_wconf 88' lang='lat' dir='ltr'><strong>quod</strong></span> <span class='ocrx_word' id='word_1_311' title='bbox 2214 1503 2226 1556; x_wconf 93' lang='lat' dir='ltr'><strong>i</strong></span> <span class='ocrx_word' id='word_1_312' title='bbox 2255 1505 2566 1572; x_wconf 59' lang='lat' dir='ltr'><strong>inperatoris</strong></span> <span class='ocrx_word' id='word_1_313' title='bbox 2588 1506 2730 1574; x_wconf 84' lang='lat' dir='ltr'><strong>capti</strong></span> <span class='ocrx_word' id='word_1_314' title='bbox 2755 1517 2810 1560; x_wconf 91' lang='lat' dir='ltr'><strong>et</strong></span> <span class='ocrx_word' id='word_1_315' title='bbox 2839 1508 2965 1561; x_wconf 84' lang='lat' dir='ltr'><strong>victi</strong></span> <span class='ocrx_word' id='word_1_316' title='bbox 2993 1507 3208 1578; x_wconf 70' lang='lat' dir='ltr'><strong>iniustis</strong></span> <span class='ocrx_word' id='word_1_317' title='bbox 3237 1508 3396 1562; x_wconf 87' lang='lat' dir='ltr'><strong>donis</strong></span> 
     </span>
    </p>
   </div>
   <div class='ocr_carea' id='block_1_46' title="bbox 1807 1594 3392 1670">
    <p class='ocr_par' dir='ltr' id='par_1_46' title="bbox 1807 1594 3392 1670">
     <span class='ocr_line' id='line_1_46' title="bbox 1807 1594 3392 1670; baseline 0.007 -25"><span class='ocrx_word' id='word_1_318' title='bbox 1807 1594 2102 1648; x_wconf 78' lang='lat' dir='ltr'><strong>miscerent</strong></span> <span class='ocrx_word' id='word_1_319' title='bbox 2127 1605 2180 1648; x_wconf 90' lang='lat' dir='ltr'><strong>et</strong></span> <span class='ocrx_word' id='word_1_320' title='bbox 2207 1596 2464 1650; x_wconf 77' lang='lat' dir='ltr'><strong>Ecclesia:</strong></span> <span class='ocrx_word' id='word_1_321' title='bbox 2491 1613 2574 1650; x_wconf 88' lang='lat' dir='ltr'><strong>res</strong></span> <span class='ocrx_word' id='word_1_322' title='bbox 2601 1607 2653 1650; x_wconf 86' lang='lat' dir='ltr'><strong>et</strong></span> <span class='ocrx_word' id='word_1_323' title='bbox 2677 1599 2902 1669; x_wconf 79' lang='lat' dir='ltr'><strong>legitimi</strong></span> <span class='ocrx_word' id='word_1_324' title='bbox 2932 1609 3190 1668; x_wconf 61' lang='lat' dir='ltr'><strong>prasterca</strong></span> <span class='ocrx_word' id='word_1_325' title='bbox 3217 1599 3392 1670; x_wconf 77' lang='lat' dir='ltr'><strong>regni.</strong></span> 
     </span>
    </p>
   </div>
   <div class='ocr_carea' id='block_1_47' title="bbox 1805 1685 3397 1754">
    <p class='ocr_par' dir='ltr' id='par_1_47' title="bbox 1805 1685 3397 1754">
     <span class='ocr_line' id='line_1_47' title="bbox 1805 1685 3397 1754; baseline 0.005 -16"><span class='ocrx_word' id='word_1_326' title='bbox 1805 1685 1872 1738; x_wconf 89' lang='lat' dir='ltr'><strong>Et</strong></span> <span class='ocrx_word' id='word_1_327' title='bbox 1904 1685 2132 1754; x_wconf 83' lang='lat' dir='ltr'><strong>insuper</strong></span> <span class='ocrx_word' id='word_1_328' title='bbox 2188 1689 2563 1742; x_wconf 80' lang='lat' dir='ltr'><strong>exsecratione</strong></span> <span class='ocrx_word' id='word_1_329' title='bbox 2613 1691 2880 1744; x_wconf 66' lang='lat' dir='ltr'><strong>subvertit</strong></span> <span class='ocrx_word' id='word_1_330' title='bbox 2932 1706 3028 1745; x_wconf 88' lang='lat' dir='ltr'><strong>eos</strong></span> <span class='ocrx_word' id='word_1_331' title='bbox 3080 1701 3140 1744; x_wconf 88' lang='lat' dir='ltr'><strong>et</strong></span> <span class='ocrx_word' id='word_1_332' title='bbox 3175 1707 3397 1746; x_wconf 78' lang='lat' dir='ltr'><strong>excom-</strong></span> 
     </span>
    </p>
   </div>
   <div class='ocr_carea' id='block_1_48' title="bbox 1807 1779 3398 1850">
    <p class='ocr_par' dir='ltr' id='par_1_48' title="bbox 1807 1779 3398 1850">
     <span class='ocr_line' id='line_1_48' title="bbox 1807 1779 3398 1850; baseline 0.006 -22"><span class='ocrx_word' id='word_1_333' title='bbox 1807 1779 2188 1832; x_wconf 61' lang='lat' dir='ltr'><strong>municationi!</strong></span> <span class='ocrx_word' id='word_1_334' title='bbox 2217 1779 2431 1846; x_wconf 80' lang='lat' dir='ltr'><strong>divina;</strong></span> <span class='ocrx_word' id='word_1_335' title='bbox 2461 1797 2582 1850; x_wconf 66' lang='lat' dir='ltr'><strong>qua:</strong></span> <span class='ocrx_word' id='word_1_336' title='bbox 2611 1782 2832 1849; x_wconf 87' lang='lat' dir='ltr'><strong>quidem</strong></span> <span class='ocrx_word' id='word_1_337' title='bbox 2879 1784 3138 1838; x_wconf 86' lang='lat' dir='ltr'><strong>continua</strong></span> <span class='ocrx_word' id='word_1_338' title='bbox 3183 1793 3239 1838; x_wconf 89' lang='lat' dir='ltr'><strong>et</strong></span> <span class='ocrx_word' id='word_1_339' title='bbox 3261 1785 3398 1838; x_wconf 89' lang='lat' dir='ltr'><strong>telo-</strong></span> 
     </span>
    </p>
   </div>
   <div class='ocr_carea' id='block_1_49' title="bbox 1805 1873 3393 1944">
    <p class='ocr_par' dir='ltr' id='par_1_49' title="bbox 1805 1873 3393 1944">
     <span class='ocr_line' id='line_1_49' title="bbox 1805 1873 3393 1944; baseline 0.004 -19"><span class='ocrx_word' id='word_1_340' title='bbox 1805 1889 1924 1926; x_wconf 85' lang='lat' dir='ltr'><strong>rum</strong></span> <span class='ocrx_word' id='word_1_341' title='bbox 1969 1873 2212 1926; x_wconf 83' lang='lat' dir='ltr'><strong>adinstar</strong></span> <span class='ocrx_word' id='word_1_342' title='bbox 2243 1889 2310 1926; x_wconf 82' lang='lat' dir='ltr'><strong>cx</strong></span> <span class='ocrx_word' id='word_1_343' title='bbox 2332 1873 2559 1927; x_wconf 86' lang='lat' dir='ltr'><strong>Tenedo</strong></span> <span class='ocrx_word' id='word_1_344' title='bbox 2593 1875 2756 1928; x_wconf 79' lang='lat' dir='ltr'><strong>missa</strong></span> <span class='ocrx_word' id='word_1_345' title='bbox 2787 1875 2980 1928; x_wconf 79' lang='lat' dir='ltr'><strong>videns</strong></span> <span class='ocrx_word' id='word_1_346' title='bbox 3013 1877 3393 1944; x_wconf 75' lang='lat' dir='ltr'><strong>patriarchica:</strong></span> 
     </span>
    </p>
   </div>
   <div class='ocr_carea' id='block_1_50' title="bbox 1803 1970 3393 2040">
    <p class='ocr_par' dir='ltr' id='par_1_50' title="bbox 1803 1970 3393 2040">
     <span class='ocr_line' id='line_1_50' title="bbox 1803 1970 3393 2040; baseline 0.003 -18"><span class='ocrx_word' id='word_1_347' title='bbox 1803 1971 2095 2038; x_wconf 77' lang='lat' dir='ltr'><strong>potestatis</strong></span> <span class='ocrx_word' id='word_1_348' title='bbox 2145 1987 2322 2039; x_wconf 83' lang='lat' dir='ltr'><strong>nuper</strong></span> <span class='ocrx_word' id='word_1_349' title='bbox 2371 1970 2650 2039; x_wconf 79' lang='lat' dir='ltr'><strong>particeps</strong></span> <span class='ocrx_word' id='word_1_350' title='bbox 2705 1970 2886 2025; x_wconf 81' lang='lat' dir='ltr'><strong>factus</strong></span> <span class='ocrx_word' id='word_1_351' title='bbox 2939 1971 3209 2026; x_wconf 85' lang='lat' dir='ltr'><strong>Coccinus</strong></span> <span class='ocrx_word' id='word_1_352' title='bbox 3250 1987 3393 2040; x_wconf 57' lang='lat' dir='ltr'><strong>agre</strong></span> 
     </span>
    </p>
   </div>
   <div class='ocr_carea' id='block_1_51' title="bbox 1806 2059 3390 2134">
    <p class='ocr_par' dir='ltr' id='par_1_51' title="bbox 1806 2059 3390 2134">
     <span class='ocr_line' id='line_1_51' title="bbox 1806 2059 3390 2134; baseline 0.004 -21"><span class='ocrx_word' id='word_1_353' title='bbox 1806 2059 2017 2114; x_wconf 82' lang='lat' dir='ltr'><strong>ferebat</strong></span> <span class='ocrx_word' id='word_1_354' title='bbox 2043 2075 2096 2114; x_wconf 90' lang='lat' dir='ltr'><strong>et</strong></span> <span class='ocrx_word' id='word_1_355' title='bbox 2128 2073 2315 2116; x_wconf 81' lang='lat' dir='ltr'><strong>centra</strong></span> <span class='ocrx_word' id='word_1_356' title='bbox 2361 2063 2694 2118; x_wconf 79' lang='lat' dir='ltr'><strong>moliebatur</strong></span> <span class='ocrx_word' id='word_1_357' title='bbox 2721 2078 2898 2132; x_wconf 86' lang='lat' dir='ltr'><strong>neque</strong></span> <span class='ocrx_word' id='word_1_358' title='bbox 2931 2063 3126 2118; x_wconf 89' lang='lat' dir='ltr'><strong>eadem</strong></span> <span class='ocrx_word' id='word_1_359' title='bbox 3159 2063 3390 2134; x_wconf 82' lang='lat' dir='ltr'><strong>rejicerc</strong></span> 
     </span>
    </p>
   </div>
   <div class='ocr_carea' id='block_1_52' title="bbox 1805 2153 3392 2225">
    <p class='ocr_par' dir='ltr' id='par_1_52' title="bbox 1805 2153 3392 2225">
     <span class='ocr_line' id='line_1_52' title="bbox 1805 2153 3392 2225; baseline 0.003 -19"><span class='ocrx_word' id='word_1_360' title='bbox 1805 2153 2139 2222; x_wconf 81' lang='lat' dir='ltr'><strong>negligebat.</strong></span> <span class='ocrx_word' id='word_1_361' title='bbox 2175 2153 2508 2208; x_wconf 84' lang='lat' dir='ltr'><strong>Convocatis</strong></span> <span class='ocrx_word' id='word_1_362' title='bbox 2543 2155 2692 2208; x_wconf 89' lang='lat' dir='ltr'><strong>enim</strong></span> <span class='ocrx_word' id='word_1_363' title='bbox 2717 2155 2988 2223; x_wconf 77' lang='lat' dir='ltr'><strong>proximis</strong></span> <span class='ocrx_word' id='word_1_364' title='bbox 3018 2156 3313 2225; x_wconf 87' lang='lat' dir='ltr'><strong>episcopis,</strong></span> <span class='ocrx_word' id='word_1_365' title='bbox 3333 2165 3392 2212; x_wconf 89' lang='lat' dir='ltr'><strong>et.</strong></span> 
     </span>
    </p>
   </div>
   <div class='ocr_carea' id='block_1_53' title="bbox 1809 2243 3389 2318">
    <p class='ocr_par' dir='ltr' id='par_1_53' title="bbox 1809 2243 3389 2318">
     <span class='ocr_line' id='line_1_53' title="bbox 1809 2243 3389 2318; baseline 0.003 -22"><span class='ocrx_word' id='word_1_366' title='bbox 1809 2243 1874 2296; x_wconf 85' lang='lat' dir='ltr'><strong>iis</strong></span> <span class='ocrx_word' id='word_1_367' title='bbox 1901 2245 1994 2310; x_wconf 87' lang='lat' dir='ltr'><strong>qui</strong></span> <span class='ocrx_word' id='word_1_368' title='bbox 2031 2253 2144 2297; x_wconf 91' lang='lat' dir='ltr'><strong>tum</strong></span> <span class='ocrx_word' id='word_1_369' title='bbox 2179 2244 2316 2298; x_wconf 80' lang='lat' dir='ltr'><strong>forte</strong></span> <span class='ocrx_word' id='word_1_370' title='bbox 2347 2244 2849 2314; x_wconf 84' lang='lat' dir='ltr'><strong>quomodocunque</strong></span> <span class='ocrx_word' id='word_1_371' title='bbox 2897 2247 3144 2318; x_wconf 82' lang='lat' dir='ltr'><strong>Byzantii</strong></span> <span class='ocrx_word' id='word_1_372' title='bbox 3199 2261 3389 2302; x_wconf 86' lang='lat' dir='ltr'><strong>versa-</strong></span> 
     </span>
    </p>
   </div>
   <div class='ocr_carea' id='block_1_54' title="bbox 1805 2333 3394 2408">
    <p class='ocr_par' dir='ltr' id='par_1_54' title="bbox 1805 2333 3394 2408">
     <span class='ocr_line' id='line_1_54' title="bbox 1805 2333 3394 2408; baseline 0.003 -20"><span class='ocrx_word' id='word_1_373' title='bbox 1805 2333 2030 2398; x_wconf 85' lang='lat' dir='ltr'><strong>bantur,</strong></span> <span class='ocrx_word' id='word_1_374' title='bbox 2061 2335 2278 2389; x_wconf 77' lang='lat' dir='ltr'><strong>decreta</strong></span> <span class='ocrx_word' id='word_1_375' title='bbox 2303 2337 2589 2402; x_wconf 81' lang='lat' dir='ltr'><strong>preposuit</strong></span> <span class='ocrx_word' id='word_1_376' title='bbox 2625 2345 2680 2389; x_wconf 90' lang='lat' dir='ltr'><strong>et</strong></span> <span class='ocrx_word' id='word_1_377' title='bbox 2705 2336 2854 2390; x_wconf 83' lang='lat' dir='ltr'><strong>misit</strong></span> <span class='ocrx_word' id='word_1_378' title='bbox 2889 2339 2942 2391; x_wconf 89' lang='lat' dir='ltr'><strong>in</strong></span> <span class='ocrx_word' id='word_1_379' title='bbox 2971 2351 3164 2390; x_wconf 88' lang='lat' dir='ltr'><strong>omnes</strong></span> <span class='ocrx_word' id='word_1_380' title='bbox 3207 2347 3394 2408; x_wconf 86' lang='lat' dir='ltr'><strong>partes</strong></span> 
     </span>
    </p>
   </div>
   <div class='ocr_carea' id='block_1_55' title="bbox 1804 2427 3388 2486">
    <p class='ocr_par' dir='ltr' id='par_1_55' title="bbox 1804 2427 3388 2486">
     <span class='ocr_line' id='line_1_55' title="bbox 1804 2427 3388 2486; baseline 0.002 -5"><span class='ocrx_word' id='word_1_381' title='bbox 1804 2427 2186 2482; x_wconf 81' lang='lat' dir='ltr'><strong>exsecratione</strong></span> <span class='ocrx_word' id='word_1_382' title='bbox 2250 2436 2306 2482; x_wconf 89' lang='lat' dir='ltr'><strong>ct</strong></span> <span class='ocrx_word' id='word_1_383' title='bbox 2363 2429 2718 2486; x_wconf 85' lang='lat' dir='ltr'><strong>damnatione</strong></span> <span class='ocrx_word' id='word_1_384' title='bbox 2767 2429 3040 2482; x_wconf 88' lang='lat' dir='ltr'><strong>munitum</strong></span> <span class='ocrx_word' id='word_1_385' title='bbox 3081 2429 3388 2484; x_wconf 84' lang='lat' dir='ltr'><strong>Callistum.</strong></span> 
     </span>
    </p>
   </div>
   <div class='ocr_carea' id='block_1_56' title="bbox 1805 2521 3394 2579">
    <p class='ocr_par' dir='ltr' id='par_1_56' title="bbox 1805 2521 3394 2579">
     <span class='ocr_line' id='line_1_56' title="bbox 1805 2521 3394 2579; baseline 0.001 -3"><span class='ocrx_word' id='word_1_386' title='bbox 1805 2521 1950 2578; x_wconf 82' lang='lat' dir='ltr'><strong>Misit</strong></span> <span class='ocrx_word' id='word_1_387' title='bbox 1993 2533 2176 2577; x_wconf 84' lang='lat' dir='ltr'><strong>autem</strong></span> <span class='ocrx_word' id='word_1_388' title='bbox 2223 2521 2460 2577; x_wconf 78' lang='lat' dir='ltr'><strong>maxime</strong></span> <span class='ocrx_word' id='word_1_389' title='bbox 2520 2527 2572 2576; x_wconf 90' lang='lat' dir='ltr'><strong>in</strong></span> <span class='ocrx_word' id='word_1_390' title='bbox 2613 2523 2758 2575; x_wconf 83' lang='lat' dir='ltr'><strong>Atho</strong></span> <span class='ocrx_word' id='word_1_391' title='bbox 2811 2533 2994 2576; x_wconf 88' lang='lat' dir='ltr'><strong>monte</strong></span> <span class='ocrx_word' id='word_1_392' title='bbox 3039 2522 3394 2579; x_wconf 79' lang='lat' dir='ltr'><strong>versantibus</strong></span> 
     </span>
    </p>
   </div>
   <div class='ocr_carea' id='block_1_57' title="bbox 1804 2612 3393 2682">
    <p class='ocr_par' dir='ltr' id='par_1_57' title="bbox 1804 2612 3393 2682">
     <span class='ocr_line' id='line_1_57' title="bbox 1804 2612 3393 2682; baseline 0.001 -14"><span class='ocrx_word' id='word_1_393' title='bbox 1804 2613 2093 2668; x_wconf 84' lang='lat' dir='ltr'><strong>monachis</strong></span> <span class='ocrx_word' id='word_1_394' title='bbox 2123 2613 2246 2668; x_wconf 85' lang='lat' dir='ltr'><strong>talia</strong></span> <span class='ocrx_word' id='word_1_395' title='bbox 2287 2613 2530 2677; x_wconf 86' lang='lat' dir='ltr'><strong>decreta,</strong></span> <span class='ocrx_word' id='word_1_396' title='bbox 2562 2612 2842 2682; x_wconf 86' lang='lat' dir='ltr'><strong>imperans</strong></span> <span class='ocrx_word' id='word_1_397' title='bbox 2886 2623 3171 2681; x_wconf 65' lang='lat' dir='ltr'><strong>praeterea,</strong></span> <span class='ocrx_word' id='word_1_398' title='bbox 3225 2628 3316 2680; x_wconf 88' lang='lat' dir='ltr'><strong>ne,</strong></span> <span class='ocrx_word' id='word_1_399' title='bbox 3346 2613 3393 2670; x_wconf 69' lang='grc' dir='ltr'><strong>ει</strong></span> 
     </span>
    </p>
   </div>
   <div class='ocr_carea' id='block_1_58' title="bbox 1803 2704 3390 2774">
    <p class='ocr_par' dir='ltr' id='par_1_58' title="bbox 1803 2704 3390 2774">
     <span class='ocr_line' id='line_1_58' title="bbox 1803 2704 3390 2774; baseline 0.003 -16"><span class='ocrx_word' id='word_1_400' title='bbox 1803 2707 1970 2760; x_wconf 83' lang='lat' dir='ltr'><strong>vellet</strong></span> <span class='ocrx_word' id='word_1_401' title='bbox 2001 2706 2070 2759; x_wconf 88' lang='lat' dir='ltr'><strong>ad</strong></span> <span class='ocrx_word' id='word_1_402' title='bbox 2129 2705 2253 2760; x_wconf 91' lang='lat' dir='ltr'><strong>illos</strong></span> <span class='ocrx_word' id='word_1_403' title='bbox 2311 2705 2527 2768; x_wconf 83' lang='lat' dir='ltr'><strong>venire,</strong></span> <span class='ocrx_word' id='word_1_404' title='bbox 2556 2719 2684 2758; x_wconf 90' lang='lat' dir='ltr'><strong>eum</strong></span> <span class='ocrx_word' id='word_1_405' title='bbox 2727 2704 3042 2774; x_wconf 89' lang='lat' dir='ltr'><strong>reciperent</strong></span> <span class='ocrx_word' id='word_1_406' title='bbox 3070 2705 3142 2760; x_wconf 91' lang='lat' dir='ltr'><strong>ob</strong></span> <span class='ocrx_word' id='word_1_407' title='bbox 3171 2705 3390 2762; x_wconf 88' lang='lat' dir='ltr'><strong>decreta</strong></span> 
     </span>
    </p>
   </div>
   <div class='ocr_carea' id='block_1_59' title="bbox 1805 2795 3394 2868">
    <p class='ocr_par' dir='ltr' id='par_1_59' title="bbox 1805 2795 3394 2868">
     <span class='ocr_line' id='line_1_59' title="bbox 1805 2795 3394 2868; baseline 0.002 -17"><span class='ocrx_word' id='word_1_408' title='bbox 1805 2799 2184 2852; x_wconf 83' lang='lat' dir='ltr'><strong>massalianica</strong></span> <span class='ocrx_word' id='word_1_409' title='bbox 2233 2797 2528 2866; x_wconf 80' lang='lat' dir='ltr'><strong>expulsum</strong></span> <span class='ocrx_word' id='word_1_410' title='bbox 2598 2795 2864 2866; x_wconf 78' lang='lat' dir='ltr'><strong>legitime,</strong></span> <span class='ocrx_word' id='word_1_411' title='bbox 2920 2812 3024 2850; x_wconf 89' lang='lat' dir='ltr'><strong>nec</strong></span> <span class='ocrx_word' id='word_1_412' title='bbox 3053 2811 3113 2850; x_wconf 89' lang='lat' dir='ltr'><strong>se</strong></span> <span class='ocrx_word' id='word_1_413' title='bbox 3167 2797 3394 2868; x_wconf 86' lang='lat' dir='ltr'><strong>judiciis</strong></span> 
     </span>
    </p>
   </div>
   <div class='ocr_carea' id='block_1_60' title="bbox 1804 2889 3392 2960">
    <p class='ocr_par' dir='ltr' id='par_1_60' title="bbox 1804 2889 3392 2960">
     <span class='ocr_line' id='line_1_60' title="bbox 1804 2889 3392 2960; baseline -0.001 -13"><span class='ocrx_word' id='word_1_414' title='bbox 1804 2893 2089 2947; x_wconf 90' lang='lat' dir='ltr'><strong>sistentem</strong></span> <span class='ocrx_word' id='word_1_415' title='bbox 2115 2905 2294 2960; x_wconf 88' lang='lat' dir='ltr'><strong>neque</strong></span> <span class='ocrx_word' id='word_1_416' title='bbox 2345 2899 2628 2944; x_wconf 85' lang='lat' dir='ltr'><strong>verentem</strong></span> <span class='ocrx_word' id='word_1_417' title='bbox 2691 2889 2982 2959; x_wconf 88' lang='lat' dir='ltr'><strong>imperiose</strong></span> <span class='ocrx_word' id='word_1_418' title='bbox 3025 2889 3285 2945; x_wconf 88' lang='lat' dir='ltr'><strong>mandare</strong></span> <span class='ocrx_word' id='word_1_419' title='bbox 3335 2903 3392 2945; x_wconf 89' lang='lat' dir='ltr'><strong>et</strong></span> 
     </span>
    </p>
   </div>
   <div class='ocr_carea' id='block_1_61' title="bbox 1801 2983 3392 3054">
    <p class='ocr_par' dir='ltr' id='par_1_61' title="bbox 1801 2983 3392 3054">
     <span class='ocr_line' id='line_1_61' title="bbox 1801 2983 3392 3054; baseline 0.001 -16"><span class='ocrx_word' id='word_1_420' title='bbox 1801 2998 2094 3038; x_wconf 85' lang='lat' dir='ltr'><strong>exsecrare</strong></span> <span class='ocrx_word' id='word_1_421' title='bbox 2125 2992 2182 3038; x_wconf 91' lang='lat' dir='ltr'><strong>et</strong></span> <span class='ocrx_word' id='word_1_422' title='bbox 2216 2983 2738 3038; x_wconf 74' lang='lat' dir='ltr'><strong>excommunicare:</strong></span> <span class='ocrx_word' id='word_1_423' title='bbox 2771 2997 2997 3037; x_wconf 86' lang='lat' dir='ltr'><strong>necesse</strong></span> <span class='ocrx_word' id='word_1_424' title='bbox 3043 2984 3214 3052; x_wconf 70' lang='lat' dir='ltr'><strong>igitur</strong></span> <span class='ocrx_word' id='word_1_425' title='bbox 3260 2999 3392 3054; x_wconf 88' lang='lat' dir='ltr'><strong>pro-</strong></span> 
     </span>
    </p>
   </div>
   <div class='ocr_carea' id='block_1_62' title="bbox 157 3073 1698 3152">
    <p class='ocr_par' dir='ltr' id='par_1_62' title="bbox 157 3073 1696 3147">
     <span class='ocr_line' id='line_1_62' title="bbox 157 3073 1696 3147; baseline 0.005 -24"><span class='ocrx_word' id='word_1_426' title='bbox 157 3086 251 3136; x_wconf 82' lang='grc' dir='ltr'><strong>μως</strong></span> <span class='ocrx_word' id='word_1_427' title='bbox 288 3073 684 3143; x_wconf 81' lang='grc' dir='ltr'><strong>καθαιρεθέντα</strong></span> <span class='ocrx_word' id='word_1_428' title='bbox 729 3078 824 3129; x_wconf 83' lang='grc' dir='ltr'><strong>καὶ</strong></span> <span class='ocrx_word' id='word_1_429' title='bbox 875 3079 976 3130; x_wconf 76' lang='grc' dir='ltr'><strong>οὐκ</strong></span> <span class='ocrx_word' id='word_1_430' title='bbox 1007 3077 1320 3147; x_wconf 77' lang='grc' dir='ltr'><strong>ἐμμένοντα</strong></span> <span class='ocrx_word' id='word_1_431' title='bbox 1347 3081 1468 3139; x_wconf 83' lang='grc' dir='ltr'><strong>ταῖς</strong></span> <span class='ocrx_word' id='word_1_432' title='bbox 1495 3077 1696 3142; x_wconf 77' lang='grc' dir='ltr'><strong>δίκαις,</strong></span> 
     </span>
    </p>
   </div>
   <div class='ocr_carea' id='block_1_63' title="bbox 1804 3073 3390 3152">
    <p class='ocr_par' dir='ltr' id='par_1_63' title="bbox 1804 3073 3390 3145">
     <span class='ocr_line' id='line_1_63' title="bbox 1804 3073 3390 3145; baseline 0.001 -17"><span class='ocrx_word' id='word_1_433' title='bbox 1804 3083 1988 3144; x_wconf 82' lang='lat' dir='ltr'><strong>plcrea</strong></span> <span class='ocrx_word' id='word_1_434' title='bbox 2029 3083 2084 3127; x_wconf 90' lang='lat' dir='ltr'><strong>et</strong></span> <span class='ocrx_word' id='word_1_435' title='bbox 2124 3073 2270 3142; x_wconf 90' lang='lat' dir='ltr'><strong>quod</strong></span> <span class='ocrx_word' id='word_1_436' title='bbox 2298 3074 2408 3144; x_wconf 83' lang='lat' dir='ltr'><strong>jam</strong></span> <span class='ocrx_word' id='word_1_437' title='bbox 2441 3073 2720 3145; x_wconf 86' lang='lat' dir='ltr'><strong>synodicis</strong></span> <span class='ocrx_word' id='word_1_438' title='bbox 2741 3075 3216 3130; x_wconf 81' lang='lat' dir='ltr'><strong>exsecrationibus</strong></span> <span class='ocrx_word' id='word_1_439' title='bbox 3240 3085 3390 3132; x_wconf 88' lang='lat' dir='ltr'><strong>esset</strong></span> 
     </span>
    </p>
   </div>
   <div class='ocr_carea' id='block_1_64' title="bbox 151 3163 1697 3238">
    <p class='ocr_par' dir='ltr' id='par_1_64' title="bbox 151 3163 1697 3238">
     <span class='ocr_line' id='line_1_64' title="bbox 151 3163 1697 3238; baseline 0.003 -24"><span class='ocrx_word' id='word_1_440' title='bbox 151 3163 246 3214; x_wconf 78' lang='grc' dir='ltr'><strong>ἀλλ’</strong></span> <span class='ocrx_word' id='word_1_441' title='bbox 263 3165 668 3236; x_wconf 67' lang='grc' dir='ltr'><strong>ἀρχιερατικιῖκ</strong></span> <span class='ocrx_word' id='word_1_442' title='bbox 693 3169 1004 3222; x_wconf 82' lang='grc' dir='ltr'><strong>ἐπιτάττειν</strong></span> <span class='ocrx_word' id='word_1_443' title='bbox 1029 3171 1124 3223; x_wconf 75' lang='grc' dir='ltr'><strong>καὶ</strong></span> <span class='ocrx_word' id='word_1_444' title='bbox 1149 3169 1574 3238; x_wconf 78' lang='grc' dir='ltr'><strong>ἀναθεματίζειν</strong></span> <span class='ocrx_word' id='word_1_445' title='bbox 1599 3168 1697 3220; x_wconf 84' lang='grc' dir='ltr'><strong>καὶ</strong></span> 
     </span>
    </p>
   </div>
   <div class='ocr_carea' id='block_1_65' title="bbox 144 3257 1692 3330">
    <p class='ocr_par' dir='ltr' id='par_1_65' title="bbox 144 3257 1692 3330">
     <span class='ocr_line' id='line_1_65' title="bbox 144 3257 1692 3330; baseline 0.001 -22"><span class='ocrx_word' id='word_1_446' title='bbox 144 3257 392 3324; x_wconf 56' lang='grc' dir='ltr'><strong>ἀφορίζειν</strong></span> <span class='ocrx_word' id='word_1_447' title='bbox 421 3259 909 3329; x_wconf 76' lang='grc' dir='ltr'><strong>ἀναισχυντοῦντα.</strong></span> <span class='ocrx_word' id='word_1_448' title='bbox 943 3259 1139 3330; x_wconf 83' lang='grc' dir='ltr'><strong>Χρεὼν</strong></span> <span class='ocrx_word' id='word_1_449' title='bbox 1165 3257 1260 3314; x_wconf 83' lang='grc' dir='ltr'><strong>οὖν</strong></span> <span class='ocrx_word' id='word_1_450' title='bbox 1290 3261 1376 3314; x_wconf 80' lang='grc' dir='ltr'><strong>διὰ</strong></span> <span class='ocrx_word' id='word_1_451' title='bbox 1408 3261 1585 3314; x_wconf 89' lang='grc' dir='ltr'><strong>ταῦτά</strong></span> <span class='ocrx_word' id='word_1_452' title='bbox 1609 3275 1692 3323; x_wconf 89' lang='grc' dir='ltr'><strong>τε,</strong></span> 
     </span>
    </p>
   </div>
   <div class='ocr_carea' id='block_1_66' title="bbox 1803 3164 3390 3238">
    <p class='ocr_par' dir='ltr' id='par_1_66' title="bbox 1803 3164 3390 3238">
     <span class='ocr_line' id='line_1_66' title="bbox 1803 3164 3390 3238; baseline 0.002 -19"><span class='ocrx_word' id='word_1_453' title='bbox 1803 3165 2014 3235; x_wconf 84' lang='lat' dir='ltr'><strong>ejectus</strong></span> <span class='ocrx_word' id='word_1_454' title='bbox 2063 3175 2118 3218; x_wconf 89' lang='lat' dir='ltr'><strong>et</strong></span> <span class='ocrx_word' id='word_1_455' title='bbox 2176 3165 2364 3218; x_wconf 81' lang='lat' dir='ltr'><strong>divina</strong></span> <span class='ocrx_word' id='word_1_456' title='bbox 2419 3164 2800 3228; x_wconf 87' lang='lat' dir='ltr'><strong>damnatione,</strong></span> <span class='ocrx_word' id='word_1_457' title='bbox 2849 3173 3107 3236; x_wconf 88' lang='lat' dir='ltr'><strong>tanquam</strong></span> <span class='ocrx_word' id='word_1_458' title='bbox 3177 3175 3390 3238; x_wconf 85' lang='lat' dir='ltr'><strong>pestem</strong></span> 
     </span>
    </p>
   </div>
   <div class='ocr_carea' id='block_1_67' title="bbox 1803 3264 2642 3312">
    <p class='ocr_par' dir='ltr' id='par_1_67' title="bbox 1803 3264 2642 3312">
     <span class='ocr_line' id='line_1_67' title="bbox 1803 3264 2642 3312; baseline 0 -1"><span class='ocrx_word' id='word_1_459' title='bbox 1803 3272 1834 3311; x_wconf 69' lang='grc' dir='ltr'><strong><em>Β</em></strong></span> <span class='ocrx_word' id='word_1_460' title='bbox 1865 3271 2023 3312; x_wconf 89' lang='lat' dir='ltr'><strong>sacro</strong></span> <span class='ocrx_word' id='word_1_461' title='bbox 2047 3264 2234 3311; x_wconf 90' lang='lat' dir='ltr'><strong>monte</strong></span> <span class='ocrx_word' id='word_1_462' title='bbox 2263 3271 2390 3311; x_wconf 89' lang='lat' dir='ltr'><strong>eum</strong></span> <span class='ocrx_word' id='word_1_463' title='bbox 2429 3272 2642 3312; x_wconf 88' lang='lat' dir='ltr'><strong>arcere.</strong></span> 
     </span>
    </p>
   </div>
   <div class='ocr_carea' id='block_1_68' title="bbox 141 3344 3388 3426">
    <p class='ocr_par' dir='ltr' id='par_1_68' title="bbox 141 3344 3388 3426">
     <span class='ocr_line' id='line_1_68' title="bbox 141 3344 3388 3426; baseline 0.001 -24"><span class='ocrx_word' id='word_1_464' title='bbox 141 3351 216 3403; x_wconf 74' lang='lat' dir='ltr'><strong>nl</strong></span> <span class='ocrx_word' id='word_1_465' title='bbox 241 3353 306 3415; x_wconf 82' lang='grc' dir='ltr'><strong>ὡς</strong></span> <span class='ocrx_word' id='word_1_466' title='bbox 335 3353 448 3424; x_wconf 67' lang='grc' dir='ltr'><strong>ἤδη</strong></span> <span class='ocrx_word' id='word_1_467' title='bbox 499 3356 595 3406; x_wconf 72' lang='grc' dir='ltr'><strong>καὶ</strong></span> <span class='ocrx_word' id='word_1_468' title='bbox 629 3354 930 3417; x_wconf 84' lang='grc' dir='ltr'><strong>συνοδικοῖς</strong></span> <span class='ocrx_word' id='word_1_469' title='bbox 976 3355 1447 3426; x_wconf 82' lang='grc' dir='ltr'><strong>άναθεματισμοϊς</strong></span> <span class='ocrx_word' id='word_1_470' title='bbox 1475 3350 1919 3408; x_wconf 83' lang='grc' dir='ltr'><strong>ὑποπεπτωκότα</strong></span> <span class='ocrx_word' id='word_1_471' title='bbox 1949 3351 2046 3402; x_wconf 74' lang='grc' dir='ltr'><strong>καὶ</strong></span> <span class='ocrx_word' id='word_1_472' title='bbox 2099 3348 2180 3418; x_wconf 83' lang='grc' dir='ltr'><strong>τῷ</strong></span> <span class='ocrx_word' id='word_1_473' title='bbox 2241 3351 2306 3403; x_wconf 86' lang='grc' dir='ltr'><strong>ἐκ</strong></span> <span class='ocrx_word' id='word_1_474' title='bbox 2371 3347 2508 3402; x_wconf 89' lang='grc' dir='ltr'><strong>Θεοῦ</strong></span> <span class='ocrx_word' id='word_1_475' title='bbox 2575 3349 2884 3421; x_wconf 84' lang='grc' dir='ltr'><strong>χωρισμῷ,</strong></span> <span class='ocrx_word' id='word_1_476' title='bbox 2921 3344 3010 3405; x_wconf 73' lang='grc' dir='ltr'><strong>οἷα</strong></span> <span class='ocrx_word' id='word_1_477' title='bbox 3069 3351 3252 3424; x_wconf 84' lang='grc' dir='ltr'><strong>λύμην</strong></span> <span class='ocrx_word' id='word_1_478' title='bbox 3290 3351 3388 3406; x_wconf 87' lang='grc' dir='ltr'><strong>τοῦ</strong></span> 
     </span>
    </p>
   </div>
   <div class='ocr_carea' id='block_1_69' title="bbox 135 3443 620 3513">
    <p class='ocr_par' dir='ltr' id='par_1_69' title="bbox 135 3443 620 3513">
     <span class='ocr_line' id='line_1_69' title="bbox 135 3443 620 3513; baseline 0.01 -19"><span class='ocrx_word' id='word_1_479' title='bbox 135 3443 268 3513; x_wconf 72' lang='grc' dir='ltr'><strong>ὅρους</strong></span> <span class='ocrx_word' id='word_1_480' title='bbox 295 3447 620 3500; x_wconf 73' lang='grc' dir='ltr'><strong>ἀποσοϐεῖν.</strong></span> 
     </span>
    </p>
   </div>
   <div class='ocr_carea' id='block_1_70' title="bbox 189 3537 1691 3614">
    <p class='ocr_par' dir='ltr' id='par_1_70' title="bbox 189 3537 1691 3614">
     <span class='ocr_line' id='line_1_70' title="bbox 189 3537 1691 3614; baseline 0.003 -23"><span class='ocrx_word' id='word_1_481' title='bbox 189 3537 300 3594; x_wconf 74' lang='grc' dir='ltr'><strong>κε’.</strong></span> <span class='ocrx_word' id='word_1_482' title='bbox 373 3541 540 3594; x_wconf 78' lang='grc' dir='ltr'><strong>Ἐπεὶ</strong></span> <span class='ocrx_word' id='word_1_483' title='bbox 571 3541 628 3592; x_wconf 85' lang='grc' dir='ltr'><strong>δὲ</strong></span> <span class='ocrx_word' id='word_1_484' title='bbox 657 3541 726 3594; x_wconf 76' lang='grc' dir='ltr'><strong>τά</strong></span> <span class='ocrx_word' id='word_1_485' title='bbox 777 3543 1075 3612; x_wconf 87' lang='grc' dir='ltr'><strong>πράγματα</strong></span> <span class='ocrx_word' id='word_1_486' title='bbox 1122 3544 1380 3614; x_wconf 87' lang='grc' dir='ltr'><strong>καθάπερ</strong></span> <span class='ocrx_word' id='word_1_487' title='bbox 1418 3544 1691 3613; x_wconf 80' lang='grc' dir='ltr'><strong>ὀστράκου</strong></span> 
     </span>
    </p>
   </div>
   <div class='ocr_carea' id='block_1_71' title="bbox 143 3633 1696 3708">
    <p class='ocr_par' dir='ltr' id='par_1_71' title="bbox 143 3633 1696 3708">
     <span class='ocr_line' id='line_1_71' title="bbox 143 3633 1696 3708; baseline 0.005 -26"><span class='ocrx_word' id='word_1_488' title='bbox 143 3635 518 3698; x_wconf 65' lang='grc' dir='ltr'><strong>μεταπεσόντος</strong></span> <span class='ocrx_word' id='word_1_489' title='bbox 550 3635 679 3687; x_wconf 87' lang='grc' dir='ltr'><strong>νέαν</strong></span> <span class='ocrx_word' id='word_1_490' title='bbox 729 3633 854 3704; x_wconf 76' lang='grc' dir='ltr'><strong>ἔσχε</strong></span> <span class='ocrx_word' id='word_1_491' title='bbox 887 3637 1190 3708; x_wconf 78' lang='grc' dir='ltr'><strong>μεταϐολὴν</strong></span> <span class='ocrx_word' id='word_1_492' title='bbox 1213 3677 1226 3700; x_wconf 89' lang='grc'><strong>,</strong></span> <span class='ocrx_word' id='word_1_493' title='bbox 1262 3637 1325 3708; x_wconf 78' lang='grc' dir='ltr'><strong>μ’.</strong></span> <span class='ocrx_word' id='word_1_494' title='bbox 1359 3637 1459 3691; x_wconf 73' lang='grc'><strong>129</strong></span> <span class='ocrx_word' id='word_1_495' title='bbox 1493 3634 1572 3708; x_wconf 59' lang='lat' dir='ltr'><strong>tu]</strong></span> <span class='ocrx_word' id='word_1_496' title='bbox 1604 3637 1696 3688; x_wconf 70' lang='grc' dir='ltr'><strong>καὶ</strong></span> 
     </span>
    </p>
   </div>
   <div class='ocr_carea' id='block_1_72' title="bbox 144 3727 1696 3801">
    <p class='ocr_par' dir='ltr' id='par_1_72' title="bbox 144 3727 1696 3801">
     <span class='ocr_line' id='line_1_72' title="bbox 144 3727 1696 3801; baseline -0.003 -18"><span class='ocrx_word' id='word_1_497' title='bbox 144 3727 196 3795; x_wconf 65' lang='grc' dir='ltr'><strong>τῷ</strong></span> <span class='ocrx_word' id='word_1_498' title='bbox 223 3729 314 3796; x_wconf 73' lang='grc' dir='ltr'><strong>μὲν</strong></span> <span class='ocrx_word' id='word_1_499' title='bbox 344 3727 650 3797; x_wconf 76' lang='grc' dir='ltr'><strong>Καλλίστῳ</strong></span> <span class='ocrx_word' id='word_1_500' title='bbox 709 3727 818 3780; x_wconf 85' lang='grc' dir='ltr'><strong>τῶν</strong></span> <span class='ocrx_word' id='word_1_501' title='bbox 855 3731 1278 3801; x_wconf 82' lang='grc' dir='ltr'><strong>πατριαρχικῶν</strong></span> <span class='ocrx_word' id='word_1_502' title='bbox 1302 3729 1456 3792; x_wconf 72' lang='grc' dir='ltr'><strong>αὖθις</strong></span> <span class='ocrx_word' id='word_1_503' title='bbox 1487 3731 1696 3798; x_wconf 84' lang='grc' dir='ltr'><strong>κρατῆ-</strong></span> 
     </span>
    </p>
   </div>
   <div class='ocr_carea' id='block_1_73' title="bbox 147 3817 1693 3888">
    <p class='ocr_par' dir='ltr' id='par_1_73' title="bbox 147 3817 1693 3888">
     <span class='ocr_line' id='line_1_73' title="bbox 147 3817 1693 3888; baseline 0.003 -24"><span class='ocrx_word' id='word_1_504' title='bbox 147 3831 206 3868; x_wconf 71' lang='lat' dir='ltr'><strong>ut</strong></span> <span class='ocrx_word' id='word_1_505' title='bbox 245 3819 574 3886; x_wconf 74' lang='grc' dir='ltr'><strong>συμϐέϐηκε</strong></span> <span class='ocrx_word' id='word_1_506' title='bbox 615 3817 856 3885; x_wconf 83' lang='grc' dir='ltr'><strong>θρόνων,</strong></span> <span class='ocrx_word' id='word_1_507' title='bbox 917 3819 996 3888; x_wconf 84' lang='grc' dir='ltr'>τῷ</span> <span class='ocrx_word' id='word_1_508' title='bbox 1035 3819 1092 3872; x_wconf 87' lang='grc' dir='ltr'><strong>δὲ</strong></span> <span class='ocrx_word' id='word_1_509' title='bbox 1129 3821 1382 3888; x_wconf 80' lang='grc' dir='ltr'><strong>Κοκκίνῳ</strong></span> <span class='ocrx_word' id='word_1_510' title='bbox 1432 3821 1693 3888; x_wconf 80' lang='grc' dir='ltr'><strong>Φιλοοέῳ,</strong></span> 
     </span>
    </p>
   </div>
   <div class='ocr_carea' id='block_1_74' title="bbox 147 3909 1695 3983">
    <p class='ocr_par' dir='ltr' id='par_1_74' title="bbox 147 3909 1695 3983">
     <span class='ocr_line' id='line_1_74' title="bbox 147 3909 1695 3983; baseline 0.002 -25"><span class='ocrx_word' id='word_1_511' title='bbox 147 3911 242 3976; x_wconf 70' lang='grc' dir='ltr'><strong>πρὶν</strong></span> <span class='ocrx_word' id='word_1_512' title='bbox 265 3910 586 3968; x_wconf 71' lang='grc' dir='ltr'><strong>αἰσθέσθαι,</strong></span> <span class='ocrx_word' id='word_1_513' title='bbox 615 3909 882 3978; x_wconf 80' lang='grc' dir='ltr'><strong>λαμπρῶς</strong></span> <span class='ocrx_word' id='word_1_514' title='bbox 916 3911 1126 3964; x_wconf 85' lang='grc' dir='ltr'><strong>ἐκεῖθεν</strong></span> <span class='ocrx_word' id='word_1_515' title='bbox 1149 3911 1487 3983; x_wconf 79' lang='grc' dir='ltr'><strong>ἁπερῤίφθαι</strong></span> <span class='ocrx_word' id='word_1_516' title='bbox 1515 3911 1695 3980; x_wconf 82' lang='grc' dir='ltr'><strong>πάσης</strong></span> 
     </span>
    </p>
   </div>
   <div class='ocr_carea' id='block_1_75' title="bbox 147 4001 1692 4074">
    <p class='ocr_par' dir='ltr' id='par_1_75' title="bbox 147 4001 1692 4074">
     <span class='ocr_line' id='line_1_75' title="bbox 147 4001 1692 4074; baseline -0.001 -21"><span class='ocrx_word' id='word_1_517' title='bbox 147 4001 412 4072; x_wconf 76' lang='grc' dir='ltr'><strong>ἱερωσύνης</strong></span> <span class='ocrx_word' id='word_1_518' title='bbox 450 4001 678 4069; x_wconf 73' lang='grc' dir='ltr'><strong>γυμνὸν,</strong></span> <span class='ocrx_word' id='word_1_519' title='bbox 705 4003 780 4065; x_wconf 87' lang='grc' dir='ltr'><strong>ὡς</strong></span> <span class='ocrx_word' id='word_1_520' title='bbox 804 4003 1148 4074; x_wconf 83' lang='grc' dir='ltr'><strong>εἰρήκειμεν,</strong></span> <span class='ocrx_word' id='word_1_521' title='bbox 1174 4004 1479 4072; x_wconf 86' lang='grc' dir='ltr'><strong>γράμματα</strong></span> <span class='ocrx_word' id='word_1_522' title='bbox 1502 4001 1692 4070; x_wconf 82' lang='grc' dir='ltr'><strong>ἐφοίτα</strong></span> 
     </span>
    </p>
   </div>
   <div class='ocr_carea' id='block_1_76' title="bbox 141 4094 1694 4166">
    <p class='ocr_par' dir='ltr' id='par_1_76' title="bbox 141 4094 1694 4166">
     <span class='ocr_line' id='line_1_76' title="bbox 141 4094 1694 4166; baseline 0.001 -25"><span class='ocrx_word' id='word_1_523' title='bbox 141 4095 252 4162; x_wconf 56' lang='lat' dir='ltr'><strong>niti}:</strong></span> <span class='ocrx_word' id='word_1_524' title='bbox 281 4097 430 4164; x_wconf 73' lang='grc' dir='ltr'><strong>πρὸς</strong></span> <span class='ocrx_word' id='word_1_525' title='bbox 467 4095 578 4147; x_wconf 82' lang='grc' dir='ltr'><strong>τῶν</strong></span> <span class='ocrx_word' id='word_1_526' title='bbox 610 4094 690 4163; x_wconf 76' lang='grc' dir='ltr'><strong>τῷ</strong></span> <span class='ocrx_word' id='word_1_527' title='bbox 733 4095 852 4165; x_wconf 72' lang='grc' dir='ltr'><strong>ὄρει</strong></span> <span class='ocrx_word' id='word_1_528' title='bbox 880 4095 956 4166; x_wconf 83' lang='grc' dir='ltr'><strong>τῷ</strong></span> <span class='ocrx_word' id='word_1_529' title='bbox 996 4097 1200 4148; x_wconf 78' lang='grc' dir='ltr'><strong>Ἀθωνι</strong></span> <span class='ocrx_word' id='word_1_530' title='bbox 1257 4095 1694 4163; x_wconf 81' lang='grc' dir='ltr'><strong>ἐνδιαιτωμένων</strong></span> 
     </span>
    </p>
   </div>
   <div class='ocr_carea' id='block_1_77' title="bbox 139 4187 1694 4256">
    <p class='ocr_par' dir='ltr' id='par_1_77' title="bbox 139 4187 1694 4256">
     <span class='ocr_line' id='line_1_77' title="bbox 139 4187 1694 4256; baseline 0 -18"><span class='ocrx_word' id='word_1_531' title='bbox 139 4187 430 4250; x_wconf 65' lang='grc' dir='ltr'><strong>μοναδικῶν</strong></span> <span class='ocrx_word' id='word_1_532' title='bbox 493 4187 722 4254; x_wconf 84' lang='grc' dir='ltr'><strong>ἀνδρῶν,</strong></span> <span class='ocrx_word' id='word_1_533' title='bbox 774 4187 1024 4256; x_wconf 82' lang='grc' dir='ltr'><strong>Νίφωνος</strong></span> <span class='ocrx_word' id='word_1_534' title='bbox 1081 4187 1498 4256; x_wconf 76' lang='grc' dir='ltr'><strong>κατηγοροῦντα</strong></span> <span class='ocrx_word' id='word_1_535' title='bbox 1549 4203 1694 4248; x_wconf 87' lang='grc' dir='ltr'><strong>τινος</strong></span> 
     </span>
    </p>
   </div>
   <div class='ocr_carea' id='block_1_78' title="bbox 133 4277 1694 4348">
    <p class='ocr_par' dir='ltr' id='par_1_78' title="bbox 133 4277 1694 4348">
     <span class='ocr_line' id='line_1_78' title="bbox 133 4277 1694 4348; baseline 0.003 -22"><span class='ocrx_word' id='word_1_536' title='bbox 133 4277 218 4327; x_wconf 71' lang='grc' dir='ltr'><strong>τῶν</strong></span> <span class='ocrx_word' id='word_1_537' title='bbox 271 4281 392 4332; x_wconf 82' lang='grc' dir='ltr'><strong>ἐκεῖ</strong></span> <span class='ocrx_word' id='word_1_538' title='bbox 437 4279 694 4348; x_wconf 84' lang='grc' dir='ltr'><strong>μοναχῶν</strong></span> <span class='ocrx_word' id='word_1_539' title='bbox 729 4279 922 4348; x_wconf 74' lang='grc' dir='ltr'><strong>ἱερέως</strong></span> <span class='ocrx_word' id='word_1_540' title='bbox 973 4279 1276 4348; x_wconf 78' lang='grc' dir='ltr'><strong>τούπίκλην</strong></span> <span class='ocrx_word' id='word_1_541' title='bbox 1304 4279 1602 4348; x_wconf 88' lang='grc' dir='ltr'><strong>Σκορπίου,</strong></span> <span class='ocrx_word' id='word_1_542' title='bbox 1635 4277 1694 4340; x_wconf 83' lang='grc' dir='ltr'><strong>ὃς</strong></span> 
     </span>
    </p>
   </div>
   <div class='ocr_carea' id='block_1_79' title="bbox 133 4369 1697 4442">
    <p class='ocr_par' dir='ltr' id='par_1_79' title="bbox 133 4369 1697 4442">
     <span class='ocr_line' id='line_1_79' title="bbox 133 4369 1697 4442; baseline 0.001 -22"><span class='ocrx_word' id='word_1_543' title='bbox 133 4373 578 4442; x_wconf 75' lang='grc' dir='ltr'><strong>προκατηγὸρητο</strong></span> <span class='ocrx_word' id='word_1_544' title='bbox 605 4372 712 4440; x_wconf 70' lang='grc' dir='ltr'><strong>πρὸ</strong></span> <span class='ocrx_word' id='word_1_545' title='bbox 741 4371 974 4440; x_wconf 80' lang='grc' dir='ltr'><strong>βραχέος</strong></span> <span class='ocrx_word' id='word_1_546' title='bbox 1007 4374 1100 4423; x_wconf 72' lang='grc' dir='ltr'><strong>ἐπὶ</strong></span> <span class='ocrx_word' id='word_1_547' title='bbox 1153 4375 1218 4442; x_wconf 79' lang='grc' dir='ltr'><strong>τῇ</strong></span> <span class='ocrx_word' id='word_1_548' title='bbox 1265 4371 1376 4424; x_wconf 84' lang='grc' dir='ltr'><strong>τῶν</strong></span> <span class='ocrx_word' id='word_1_549' title='bbox 1409 4369 1697 4424; x_wconf 81' lang='grc' dir='ltr'><strong>Μασαλια-</strong></span> 
     </span>
    </p>
   </div>
   <div class='ocr_carea' id='block_1_80' title="bbox 1871 3535 3387 3606">
    <p class='ocr_par' dir='ltr' id='par_1_80' title="bbox 1871 3535 3387 3606">
     <span class='ocr_line' id='line_1_80' title="bbox 1871 3535 3387 3606; baseline 0.002 -14"><span class='ocrx_word' id='word_1_550' title='bbox 1871 3537 2036 3594; x_wconf 73' lang='grc' dir='ltr'><strong>ΧΧν.</strong></span> <span class='ocrx_word' id='word_1_551' title='bbox 2064 3537 2362 3606; x_wconf 86' lang='lat' dir='ltr'><strong>Postquam</strong></span> <span class='ocrx_word' id='word_1_552' title='bbox 2408 3543 2590 3589; x_wconf 88' lang='lat' dir='ltr'><strong>autem</strong></span> <span class='ocrx_word' id='word_1_553' title='bbox 2619 3551 2726 3600; x_wconf 88' lang='lat' dir='ltr'><strong>res,</strong></span> <span class='ocrx_word' id='word_1_554' title='bbox 2757 3535 2913 3605; x_wconf 87' lang='lat' dir='ltr'><strong>quasi</strong></span> <span class='ocrx_word' id='word_1_555' title='bbox 2942 3537 3140 3592; x_wconf 84' lang='lat' dir='ltr'><strong>testula</strong></span> <span class='ocrx_word' id='word_1_556' title='bbox 3169 3539 3387 3595; x_wconf 78' lang='lat' dir='ltr'><strong>inversa</strong></span> 
     </span>
    </p>
   </div>
   <div class='ocr_carea' id='block_1_81' title="bbox 1799 3627 3389 3699">
    <p class='ocr_par' dir='ltr' id='par_1_81' title="bbox 1799 3627 3389 3699">
     <span class='ocr_line' id='line_1_81' title="bbox 1799 3627 3389 3699; baseline 0.001 -13"><span class='ocrx_word' id='word_1_557' title='bbox 1799 3645 1998 3686; x_wconf 86' lang='lat' dir='ltr'><strong>novam</strong></span> <span class='ocrx_word' id='word_1_558' title='bbox 2019 3637 2244 3699; x_wconf 75' lang='lat' dir='ltr'><strong>experta</strong></span> <span class='ocrx_word' id='word_1_559' title='bbox 2268 3637 2351 3682; x_wconf 90' lang='lat' dir='ltr'><strong>est</strong></span> <span class='ocrx_word' id='word_1_560' title='bbox 2385 3627 2850 3693; x_wconf 84' lang='lat' dir='ltr'><strong>immutationem,</strong></span> <span class='ocrx_word' id='word_1_561' title='bbox 2876 3627 3170 3684; x_wconf 89' lang='lat' dir='ltr'><strong>etCallisto</strong></span> <span class='ocrx_word' id='word_1_562' title='bbox 3195 3647 3389 3688; x_wconf 84' lang='lat' dir='ltr'><strong>rursus</strong></span> 
     </span>
    </p>
   </div>
   <div class='ocr_carea' id='block_1_82' title="bbox 1797 3720 3390 3795">
    <p class='ocr_par' dir='ltr' id='par_1_82' title="bbox 1797 3720 3390 3795">
     <span class='ocr_line' id='line_1_82' title="bbox 1797 3720 3390 3795; baseline -0.001 -18"><span class='ocrx_word' id='word_1_563' title='bbox 1797 3723 2166 3793; x_wconf 84' lang='lat' dir='ltr'><strong>patriarcbica</strong></span> <span class='ocrx_word' id='word_1_564' title='bbox 2219 3721 2350 3774; x_wconf 89' lang='lat' dir='ltr'><strong>sede</strong></span> <span class='ocrx_word' id='word_1_565' title='bbox 2395 3721 2560 3789; x_wconf 89' lang='lat' dir='ltr'><strong>potiri</strong></span> <span class='ocrx_word' id='word_1_566' title='bbox 2619 3721 2870 3795; x_wconf 67' lang='lat' dir='ltr'><strong>contigit,</strong></span> <span class='ocrx_word' id='word_1_567' title='bbox 2903 3720 3198 3776; x_wconf 89' lang='lat' dir='ltr'><strong>Coccinum</strong></span> <span class='ocrx_word' id='word_1_568' title='bbox 3226 3723 3390 3794; x_wconf 81' lang='lat'><strong>259</strong></span> 
     </span>
    </p>
   </div>
   <div class='ocr_carea' id='block_1_83' title="bbox 1797 3813 3390 3882">
    <p class='ocr_par' dir='ltr' id='par_1_83' title="bbox 1797 3813 3390 3882">
     <span class='ocr_line' id='line_1_83' title="bbox 1797 3813 3390 3882; baseline 0.001 -14"><span class='ocrx_word' id='word_1_569' title='bbox 1797 3823 1980 3869; x_wconf 86' lang='lat' dir='ltr'><strong>autem</strong></span> <span class='ocrx_word' id='word_1_570' title='bbox 2017 3813 2368 3868; x_wconf 86' lang='lat' dir='ltr'><strong>Philotheum</strong></span> <span class='ocrx_word' id='word_1_571' title='bbox 2403 3813 2730 3880; x_wconf 87' lang='lat' dir='ltr'><strong>priusquam</strong></span> <span class='ocrx_word' id='word_1_572' title='bbox 2753 3813 2984 3868; x_wconf 88' lang='lat' dir='ltr'><strong>sentiret</strong></span> <span class='ocrx_word' id='word_1_573' title='bbox 3007 3815 3297 3882; x_wconf 88' lang='lat' dir='ltr'><strong>splendide</strong></span> <span class='ocrx_word' id='word_1_574' title='bbox 3321 3831 3390 3870; x_wconf 86' lang='lat' dir='ltr'><strong>ac</strong></span> 
     </span>
    </p>
   </div>
   <div class='ocr_carea' id='block_1_84' title="bbox 1797 3903 3386 3976">
    <p class='ocr_par' dir='ltr' id='par_1_84' title="bbox 1797 3903 3386 3976">
     <span class='ocr_line' id='line_1_84' title="bbox 1797 3903 3386 3976; baseline -0.001 -15"><span class='ocrx_word' id='word_1_575' title='bbox 1797 3923 1924 3961; x_wconf 89' lang='lat' dir='ltr'><strong>cum</strong></span> <span class='ocrx_word' id='word_1_576' title='bbox 1957 3905 2128 3976; x_wconf 82' lang='lat' dir='ltr'><strong>gloria</strong></span> <span class='ocrx_word' id='word_1_577' title='bbox 2171 3903 2300 3958; x_wconf 89' lang='lat' dir='ltr'><strong>inde</strong></span> <span class='ocrx_word' id='word_1_578' title='bbox 2356 3904 2584 3972; x_wconf 82' lang='lat' dir='ltr'><strong>ejicere,</strong></span> <span class='ocrx_word' id='word_1_579' title='bbox 2616 3907 2765 3958; x_wconf 90' lang='lat' dir='ltr'><strong>omni</strong></span> <span class='ocrx_word' id='word_1_580' title='bbox 2832 3905 3144 3958; x_wconf 86' lang='lat' dir='ltr'><strong>sacerdotio</strong></span> <span class='ocrx_word' id='word_1_581' title='bbox 3185 3907 3386 3976; x_wconf 82' lang='lat' dir='ltr'><strong>spolia-</strong></span> 
     </span>
    </p>
   </div>
   <div class='ocr_carea' id='block_1_85' title="bbox 1801 3995 3388 4065">
    <p class='ocr_par' dir='ltr' id='par_1_85' title="bbox 1801 3995 3388 4065">
     <span class='ocr_line' id='line_1_85' title="bbox 1801 3995 3388 4065; baseline -0.001 -11"><span class='ocrx_word' id='word_1_582' title='bbox 1801 4003 2024 4065; x_wconf 75' lang='lat' dir='ltr'><strong>tum,:ut</strong></span> <span class='ocrx_word' id='word_1_583' title='bbox 2053 3998 2313 4060; x_wconf 82' lang='lat' dir='ltr'><strong>diximus,</strong></span> <span class='ocrx_word' id='word_1_584' title='bbox 2331 3995 2547 4050; x_wconf 88' lang='lat' dir='ltr'><strong>litteras</strong></span> <span class='ocrx_word' id='word_1_585' title='bbox 2566 3997 2616 4049; x_wconf 91' lang='lat' dir='ltr'><strong>ei</strong></span> <span class='ocrx_word' id='word_1_586' title='bbox 2640 3995 2824 4048; x_wconf 87' lang='lat' dir='ltr'><strong>attulit</strong></span> <span class='ocrx_word' id='word_1_587' title='bbox 2849 3997 2918 4050; x_wconf 91' lang='lat' dir='ltr'><strong>ab</strong></span> <span class='ocrx_word' id='word_1_588' title='bbox 2947 3995 3388 4052; x_wconf 85' lang='lat' dir='ltr'><strong>inhabitantibus</strong></span> 
     </span>
    </p>
   </div>
   <div class='ocr_carea' id='block_1_86' title="bbox 1800 4086 3388 4152">
    <p class='ocr_par' dir='ltr' id='par_1_86' title="bbox 1800 4086 3388 4152">
     <span class='ocr_line' id='line_1_86' title="bbox 1800 4086 3388 4152; baseline 0.001 -8"><span class='ocrx_word' id='word_1_589' title='bbox 1800 4091 1984 4144; x_wconf 79' lang='lat' dir='ltr'><strong>Athon</strong></span> <span class='ocrx_word' id='word_1_590' title='bbox 2011 4095 2254 4140; x_wconf 88' lang='lat' dir='ltr'><strong>montem</strong></span> <span class='ocrx_word' id='word_1_591' title='bbox 2303 4103 2524 4141; x_wconf 89' lang='lat' dir='ltr'><strong>sacrum</strong></span> <span class='ocrx_word' id='word_1_592' title='bbox 2556 4086 2691 4141; x_wconf 83' lang='lat' dir='ltr'><strong>viris</strong></span> <span class='ocrx_word' id='word_1_593' title='bbox 2743 4088 3030 4152; x_wconf 86' lang='lat' dir='ltr'><strong>solitariis,</strong></span> <span class='ocrx_word' id='word_1_594' title='bbox 3062 4101 3388 4146; x_wconf 82' lang='lat' dir='ltr'><strong>accusantes</strong></span> 
     </span>
    </p>
   </div>
   <div class='ocr_carea' id='block_1_87' title="bbox 1795 4179 3386 4252">
    <p class='ocr_par' dir='ltr' id='par_1_87' title="bbox 1795 4179 3386 4252">
     <span class='ocr_line' id='line_1_87' title="bbox 1795 4179 3386 4252; baseline 0.001 -15"><span class='ocrx_word' id='word_1_595' title='bbox 1795 4183 2107 4252; x_wconf 86' lang='lat' dir='ltr'><strong>Niphonem</strong></span> <span class='ocrx_word' id='word_1_596' title='bbox 2139 4182 2432 4250; x_wconf 87' lang='lat' dir='ltr'><strong>quemdam</strong></span> <span class='ocrx_word' id='word_1_597' title='bbox 2472 4195 2538 4233; x_wconf 81' lang='lat' dir='ltr'><strong>ex</strong></span> <span class='ocrx_word' id='word_1_598' title='bbox 2573 4179 2682 4234; x_wconf 89' lang='lat' dir='ltr'><strong>illis</strong></span> <span class='ocrx_word' id='word_1_599' title='bbox 2713 4181 3002 4236; x_wconf 84' lang='lat' dir='ltr'><strong>monachis</strong></span> <span class='ocrx_word' id='word_1_600' title='bbox 3035 4183 3386 4238; x_wconf 87' lang='lat' dir='ltr'><strong>sacerdotem</strong></span> 
     </span>
    </p>
   </div>
   <div class='ocr_carea' id='block_1_88' title="bbox 1795 4274 3388 4344">
    <p class='ocr_par' dir='ltr' id='par_1_88' title="bbox 1795 4274 3388 4344">
     <span class='ocr_line' id='line_1_88' title="bbox 1795 4274 3388 4344; baseline 0 -13"><span class='ocrx_word' id='word_1_601' title='bbox 1795 4275 2124 4344; x_wconf 79' lang='lat' dir='ltr'><strong>cognomine</strong></span> <span class='ocrx_word' id='word_1_602' title='bbox 2161 4274 2492 4342; x_wconf 88' lang='lat' dir='ltr'><strong>Scorpium:</strong></span> <span class='ocrx_word' id='word_1_603' title='bbox 2538 4275 2630 4342; x_wconf 88' lang='lat' dir='ltr'><strong>qui</strong></span> <span class='ocrx_word' id='word_1_604' title='bbox 2673 4283 2834 4326; x_wconf 88' lang='lat' dir='ltr'><strong>antea</strong></span> <span class='ocrx_word' id='word_1_605' title='bbox 2869 4284 3160 4328; x_wconf 87' lang='lat' dir='ltr'><strong>accusatus</strong></span> <span class='ocrx_word' id='word_1_606' title='bbox 3207 4275 3388 4332; x_wconf 79' lang='lat' dir='ltr'><strong>fuerat</strong></span> 
     </span>
    </p>
   </div>
   <div class='ocr_carea' id='block_1_89' title="bbox 1799 4365 3386 4436">
    <p class='ocr_par' dir='ltr' id='par_1_89' title="bbox 1799 4365 3386 4436">
     <span class='ocr_line' id='line_1_89' title="bbox 1799 4365 3386 4436; baseline 0.001 -16"><span class='ocrx_word' id='word_1_607' title='bbox 1799 4369 1960 4436; x_wconf 88' lang='lat' dir='ltr'><strong>paulo</strong></span> <span class='ocrx_word' id='word_1_608' title='bbox 2026 4365 2184 4435; x_wconf 91' lang='lat' dir='ltr'><strong>prius</strong></span> <span class='ocrx_word' id='word_1_609' title='bbox 2221 4377 2446 4434; x_wconf 87' lang='lat' dir='ltr'><strong>propter</strong></span> <span class='ocrx_word' id='word_1_610' title='bbox 2477 4365 2932 4419; x_wconf 67' lang='lat' dir='ltr'><strong>Massalianorum</strong></span> <span class='ocrx_word' id='word_1_611' title='bbox 2965 4375 3020 4417; x_wconf 87' lang='lat' dir='ltr'><strong>et</strong></span> <span class='ocrx_word' id='word_1_612' title='bbox 3075 4366 3386 4434; x_wconf 78' lang='lat' dir='ltr'><strong>Bogomilo-</strong></span> 
     </span>
    </p>
   </div>
   <div class='ocr_carea' id='block_1_90' title="bbox 133 4459 1698 4532">
    <p class='ocr_par' dir='ltr' id='par_1_90' title="bbox 133 4461 1692 4532">
     <span class='ocr_line' id='line_1_90' title="bbox 133 4461 1692 4532; baseline 0.001 -22"><span class='ocrx_word' id='word_1_613' title='bbox 133 4463 212 4512; x_wconf 70' lang='grc' dir='ltr'><strong>νῶν</strong></span> <span class='ocrx_word' id='word_1_614' title='bbox 243 4473 332 4516; x_wconf 76' lang='grc' dir='ltr'><strong>καὶ</strong></span> <span class='ocrx_word' id='word_1_615' title='bbox 367 4463 696 4529; x_wconf 77' lang='grc' dir='ltr'><strong>Βογομίλων</strong></span> <span class='ocrx_word' id='word_1_616' title='bbox 718 4465 948 4532; x_wconf 75' lang='grc' dir='ltr'><strong>αἱρέσει,</strong></span> <span class='ocrx_word' id='word_1_617' title='bbox 979 4461 1221 4524; x_wconf 82' lang='grc' dir='ltr'><strong>σκιωδῶς</strong></span> <span class='ocrx_word' id='word_1_618' title='bbox 1257 4479 1369 4524; x_wconf 88' lang='grc' dir='ltr'><strong>πως</strong></span> <span class='ocrx_word' id='word_1_619' title='bbox 1400 4463 1492 4514; x_wconf 78' lang='grc' dir='ltr'><strong>καὶ</strong></span> <span class='ocrx_word' id='word_1_620' title='bbox 1512 4462 1692 4529; x_wconf 83' lang='grc' dir='ltr'><strong>ἀμαρ-</strong></span> 
     </span>
    </p>
   </div>
   <div class='ocr_carea' id='block_1_91' title="bbox 1804 4459 3382 4532">
    <p class='ocr_par' dir='ltr' id='par_1_91' title="bbox 1804 4459 3382 4515">
     <span class='ocr_line' id='line_1_91' title="bbox 1804 4459 3382 4515; baseline 0.001 -1"><span class='ocrx_word' id='word_1_621' title='bbox 1804 4477 1916 4514; x_wconf 84' lang='lat' dir='ltr'><strong>rum</strong></span> <span class='ocrx_word' id='word_1_622' title='bbox 1967 4461 2198 4514; x_wconf 68' lang='lat' dir='ltr'><strong>haeresin</strong></span> <span class='ocrx_word' id='word_1_623' title='bbox 2257 4460 2396 4514; x_wconf 86' lang='lat' dir='ltr'><strong>clam</strong></span> <span class='ocrx_word' id='word_1_624' title='bbox 2461 4459 2591 4512; x_wconf 87' lang='lat' dir='ltr'><strong>abiit</strong></span> <span class='ocrx_word' id='word_1_625' title='bbox 2646 4469 2700 4512; x_wconf 86' lang='lat' dir='ltr'><strong>et</strong></span> <span class='ocrx_word' id='word_1_626' title='bbox 2746 4460 2865 4512; x_wconf 85' lang='lat' dir='ltr'><strong>sine</strong></span> <span class='ocrx_word' id='word_1_627' title='bbox 2923 4459 3179 4514; x_wconf 87' lang='lat' dir='ltr'><strong>testibus.</strong></span> <span class='ocrx_word' id='word_1_628' title='bbox 3243 4461 3382 4515; x_wconf 86' lang='lat' dir='ltr'><strong>Huic</strong></span> 
     </span>
    </p>
   </div>
   <div class='ocr_carea' id='block_1_92' title="bbox 127 4551 1698 4624">
    <p class='ocr_par' dir='ltr' id='par_1_92' title="bbox 127 4551 1698 4624">
     <span class='ocr_line' id='line_1_92' title="bbox 127 4551 1698 4624; baseline -0.001 -20"><span class='ocrx_word' id='word_1_629' title='bbox 127 4555 274 4623; x_wconf 62' lang='lat' dir='ltr'><strong>tigna;</strong></span> <span class='ocrx_word' id='word_1_630' title='bbox 315 4557 434 4608; x_wconf 81' lang='grc' dir='ltr'><strong>ἔτι.</strong></span> <span class='ocrx_word' id='word_1_631' title='bbox 471 4555 660 4624; x_wconf 77' lang='grc' dir='ltr'><strong>Τούτῳ</strong></span> <span class='ocrx_word' id='word_1_632' title='bbox 695 4555 876 4624; x_wconf 81' lang='grc' dir='ltr'><strong>μέντοι</strong></span> <span class='ocrx_word' id='word_1_633' title='bbox 912 4555 1066 4624; x_wconf 78' lang='grc' dir='ltr'><strong>φίλος</strong></span> <span class='ocrx_word' id='word_1_634' title='bbox 1099 4553 1174 4606; x_wconf 81' lang='grc' dir='ltr'><strong>ὢν</strong></span> <span class='ocrx_word' id='word_1_635' title='bbox 1203 4555 1266 4606; x_wconf 82' lang='grc' dir='ltr'><strong>ὲκ</strong></span> <span class='ocrx_word' id='word_1_636' title='bbox 1300 4552 1496 4607; x_wconf 84' lang='grc' dir='ltr'><strong>πολλοῦ</strong></span> <span class='ocrx_word' id='word_1_637' title='bbox 1543 4551 1698 4606; x_wconf 79' lang='grc' dir='ltr'><strong>Κάλ-</strong></span> 
     </span>
    </p>
   </div>
   <div class='ocr_carea' id='block_1_93' title="bbox 333 4639 1692 4712">
    <p class='ocr_par' dir='ltr' id='par_1_93' title="bbox 333 4639 1692 4712">
     <span class='ocr_line' id='line_1_93' title="bbox 333 4639 1692 4712; baseline 0.014 -16"><span class='ocrx_word' id='word_1_638' title='bbox 333 4643 599 4696; x_wconf 50' lang='lat' dir='ltr'><strong>citasti-r1</strong></span> <span class='ocrx_word' id='word_1_639' title='bbox 663 4643 1008 4712; x_wconf 78' lang='grc' dir='ltr'><strong>πατριάρχης</strong></span> <span class='ocrx_word' id='word_1_640' title='bbox 1045 4642 1340 4711; x_wconf 72' lang='grc' dir='ltr'><strong>γενόμενος</strong></span> <span class='ocrx_word' id='word_1_641' title='bbox 1395 4642 1495 4710; x_wconf 78' lang='grc' dir='ltr'><strong>τῆς</strong></span> <span class='ocrx_word' id='word_1_642' title='bbox 1526 4639 1692 4694; x_wconf 69' lang='grc' dir='ltr'><strong>αὖτοῦ</strong></span> 
     </span>
    </p>
   </div>
   <div class='ocr_carea' id='block_1_94' title="bbox 123 4732 1690 4806">
    <p class='ocr_par' dir='ltr' id='par_1_94' title="bbox 123 4732 1690 4806">
     <span class='ocr_line' id='line_1_94' title="bbox 123 4732 1690 4806; baseline 0.008 -20"><span class='ocrx_word' id='word_1_643' title='bbox 123 4736 286 4799; x_wconf 57' lang='lat' dir='ltr'><strong>galia;</strong></span> <span class='ocrx_word' id='word_1_644' title='bbox 307 4739 616 4805; x_wconf 74' lang='grc' dir='ltr'><strong>ἀπέσχετο,</strong></span> <span class='ocrx_word' id='word_1_645' title='bbox 655 4736 794 4790; x_wconf 78' lang='grc' dir='ltr'><strong>ἀλλὰ</strong></span> <span class='ocrx_word' id='word_1_646' title='bbox 847 4737 944 4806; x_wconf 70' lang='grc' dir='ltr'><strong>μία</strong></span> <span class='ocrx_word' id='word_1_647' title='bbox 975 4753 1061 4797; x_wconf 75' lang='grc' dir='ltr'><strong>τις</strong></span> <span class='ocrx_word' id='word_1_648' title='bbox 1095 4732 1163 4806; x_wconf 81' lang='grc' dir='ltr'><strong>ἦν</strong></span> <span class='ocrx_word' id='word_1_649' title='bbox 1197 4737 1254 4788; x_wconf 78' lang='grc' dir='ltr'><strong>ὲν</strong></span> <span class='ocrx_word' id='word_1_650' title='bbox 1279 4737 1486 4803; x_wconf 75' lang='grc' dir='ltr'><strong>ἀμφοῖν</strong></span> <span class='ocrx_word' id='word_1_651' title='bbox 1519 4733 1690 4802; x_wconf 73' lang='grc' dir='ltr'><strong>ψυχή-</strong></span> 
     </span>
    </p>
   </div>
   <div class='ocr_carea' id='block_1_95' title="bbox 123 4827 1694 4900">
    <p class='ocr_par' dir='ltr' id='par_1_95' title="bbox 123 4827 1694 4900">
     <span class='ocr_line' id='line_1_95' title="bbox 123 4827 1694 4900; baseline 0.002 -23"><span class='ocrx_word' id='word_1_652' title='bbox 123 4831 198 4878; x_wconf 66' lang='grc' dir='ltr'><strong>Διλι</strong></span> <span class='ocrx_word' id='word_1_653' title='bbox 229 4833 322 4882; x_wconf 64' lang='grc' dir='ltr'><strong>καὶ</strong></span> <span class='ocrx_word' id='word_1_654' title='bbox 359 4830 638 4900; x_wconf 78' lang='grc' dir='ltr'><strong>ὠργίζετο</strong></span> <span class='ocrx_word' id='word_1_655' title='bbox 667 4831 778 4890; x_wconf 87' lang='grc' dir='ltr'><strong>τοῖς</strong></span> <span class='ocrx_word' id='word_1_656' title='bbox 810 4829 1158 4896; x_wconf 84' lang='grc' dir='ltr'><strong>κατηγόροις,</strong></span> <span class='ocrx_word' id='word_1_657' title='bbox 1187 4831 1282 4883; x_wconf 76' lang='grc' dir='ltr'><strong>καὶ</strong></span> <span class='ocrx_word' id='word_1_658' title='bbox 1307 4829 1467 4897; x_wconf 81' lang='grc' dir='ltr'><strong>ἀραῖς</strong></span> <span class='ocrx_word' id='word_1_659' title='bbox 1487 4827 1694 4895; x_wconf 75' lang='grc' dir='ltr'><strong>ἐγγρά-</strong></span> 
     </span>
    </p>
   </div>
   <div class='ocr_carea' id='block_1_96' title="bbox 123 4917 1692 4988">
    <p class='ocr_par' dir='ltr' id='par_1_96' title="bbox 123 4917 1692 4988">
     <span class='ocr_line' id='line_1_96' title="bbox 123 4917 1692 4988; baseline 0.001 -20"><span class='ocrx_word' id='word_1_660' title='bbox 123 4937 224 4983; x_wconf 67' lang='grc' dir='ltr'><strong>ςοις</strong></span> <span class='ocrx_word' id='word_1_661' title='bbox 261 4923 358 4972; x_wconf 69' lang='grc' dir='ltr'><strong>καὶ</strong></span> <span class='ocrx_word' id='word_1_662' title='bbox 409 4921 746 4988; x_wconf 72' lang='grc' dir='ltr'><strong>ἀφορισμοῖς</strong></span> <span class='ocrx_word' id='word_1_663' title='bbox 775 4917 1128 4974; x_wconf 72' lang='grc' dir='ltr'><strong>καθυπέσαλε</strong></span> <span class='ocrx_word' id='word_1_664' title='bbox 1159 4919 1250 4970; x_wconf 84' lang='grc' dir='ltr'><strong>καὶ</strong></span> <span class='ocrx_word' id='word_1_665' title='bbox 1283 4919 1446 4979; x_wconf 75' lang='grc' dir='ltr'><strong>εἴτις</strong></span> <span class='ocrx_word' id='word_1_666' title='bbox 1487 4917 1571 4986; x_wconf 77' lang='grc' dir='ltr'><strong>εἴη</strong></span> <span class='ocrx_word' id='word_1_667' title='bbox 1599 4936 1692 4970; x_wconf 88' lang='grc' dir='ltr'><strong>πι-</strong></span> 
     </span>
    </p>
   </div>
   <div class='ocr_carea' id='block_1_97' title="bbox 123 5007 1692 5080">
    <p class='ocr_par' dir='ltr' id='par_1_97' title="bbox 123 5007 1692 5080">
     <span class='ocr_line' id='line_1_97' title="bbox 123 5007 1692 5080; baseline 0.002 -22"><span class='ocrx_word' id='word_1_668' title='bbox 123 5011 336 5064; x_wconf 73' lang='grc' dir='ltr'><strong>ςτεὺων,</strong></span> <span class='ocrx_word' id='word_1_669' title='bbox 380 5011 506 5078; x_wconf 74' lang='grc' dir='ltr'><strong>Ἐφ’</strong></span> <span class='ocrx_word' id='word_1_670' title='bbox 539 5007 616 5074; x_wconf 78' lang='grc' dir='ltr'><strong>οἷς</strong></span> <span class='ocrx_word' id='word_1_671' title='bbox 648 5010 1084 5078; x_wconf 57' lang='grc' dir='ltr'><strong>παρηξυνθὲντες</strong></span> <span class='ocrx_word' id='word_1_672' title='bbox 1115 5012 1337 5072; x_wconf 87' lang='grc' dir='ltr'><strong>ἐκεῖνοι,</strong></span> <span class='ocrx_word' id='word_1_673' title='bbox 1369 5011 1463 5062; x_wconf 70' lang='grc' dir='ltr'><strong>καὶ</strong></span> <span class='ocrx_word' id='word_1_674' title='bbox 1487 5009 1603 5080; x_wconf 77' lang='grc' dir='ltr'><strong>ἅμα</strong></span> <span class='ocrx_word' id='word_1_675' title='bbox 1634 5011 1692 5061; x_wconf 86' lang='grc' dir='ltr'><strong>τὸ</strong></span> 
     </span>
    </p>
   </div>
   <div class='ocr_carea' id='block_1_98' title="bbox 121 5099 1692 5172">
    <p class='ocr_par' dir='ltr' id='par_1_98' title="bbox 121 5099 1692 5172">
     <span class='ocr_line' id='line_1_98' title="bbox 121 5099 1692 5172; baseline 0.001 -22"><span class='ocrx_word' id='word_1_676' title='bbox 121 5099 308 5172; x_wconf 46' lang='lat' dir='ltr'><strong>Mago;</strong></span> <span class='ocrx_word' id='word_1_677' title='bbox 337 5103 566 5170; x_wconf 76' lang='grc' dir='ltr'><strong>ἔχοντες</strong></span> <span class='ocrx_word' id='word_1_678' title='bbox 593 5103 656 5152; x_wconf 82' lang='grc' dir='ltr'><strong>ἐκ</strong></span> <span class='ocrx_word' id='word_1_679' title='bbox 687 5101 786 5167; x_wconf 80' lang='grc' dir='ltr'><strong>τῆς</strong></span> <span class='ocrx_word' id='word_1_680' title='bbox 834 5099 1115 5170; x_wconf 81' lang='grc' dir='ltr'><strong>ἀληθείας,</strong></span> <span class='ocrx_word' id='word_1_681' title='bbox 1161 5099 1594 5170; x_wconf 81' lang='grc' dir='ltr'><strong>συνεληλύθεσαν</strong></span> <span class='ocrx_word' id='word_1_682' title='bbox 1629 5099 1692 5151; x_wconf 87' lang='grc' dir='ltr'><strong>ἐκ</strong></span> 
     </span>
    </p>
   </div>
   <div class='ocr_carea' id='block_1_99' title="bbox 119 5183 1694 5262">
    <p class='ocr_par' dir='ltr' id='par_1_99' title="bbox 119 5183 1694 5262">
     <span class='ocr_line' id='line_1_99' title="bbox 119 5183 1694 5262; baseline 0 -22"><span class='ocrx_word' id='word_1_683' title='bbox 119 5193 269 5262; x_wconf 75' lang='grc' dir='ltr'><strong>ςυνθή</strong></span> <span class='ocrx_word' id='word_1_684' title='bbox 279 5209 488 5262; x_wconf 85' lang='grc' dir='ltr'><strong>ματος,</strong></span> <span class='ocrx_word' id='word_1_685' title='bbox 517 5193 602 5260; x_wconf 74' lang='grc' dir='ltr'><strong>ἐφ’</strong></span> <span class='ocrx_word' id='word_1_686' title='bbox 632 5183 804 5260; x_wconf 71' lang='grc' dir='ltr'><strong>οὗπερ</strong></span> <span class='ocrx_word' id='word_1_687' title='bbox 831 5191 950 5252; x_wconf 74' lang='grc' dir='ltr'><strong>ἔθος</strong></span> <span class='ocrx_word' id='word_1_688' title='bbox 968 5187 1037 5261; x_wconf 85' lang='grc' dir='ltr'><strong>ἦν</strong></span> <span class='ocrx_word' id='word_1_689' title='bbox 1069 5191 1344 5254; x_wconf 80' lang='grc' dir='ltr'><strong>κάκείνοις</strong></span> <span class='ocrx_word' id='word_1_690' title='bbox 1371 5192 1459 5244; x_wconf 75' lang='grc' dir='ltr'><strong>ἀεὶ</strong></span> <span class='ocrx_word' id='word_1_691' title='bbox 1485 5193 1694 5244; x_wconf 84' lang='grc' dir='ltr'><strong>συνιόν-</strong></span> 
     </span>
    </p>
   </div>
   <div class='ocr_carea' id='block_1_100' title="bbox 117 5284 1692 5354">
    <p class='ocr_par' dir='ltr' id='par_1_100' title="bbox 117 5284 1692 5354">
     <span class='ocr_line' id='line_1_100' title="bbox 117 5284 1692 5354; baseline 0.001 -20"><span class='ocrx_word' id='word_1_692' title='bbox 117 5300 204 5348; x_wconf 74' lang='grc' dir='ltr'><strong>τας</strong></span> <span class='ocrx_word' id='word_1_693' title='bbox 231 5285 520 5338; x_wconf 75' lang='grc' dir='ltr'><strong>ποιεῖσθαι</strong></span> <span class='ocrx_word' id='word_1_694' title='bbox 555 5285 624 5336; x_wconf 78' lang='grc' dir='ltr'><strong>τὰ</strong></span> <span class='ocrx_word' id='word_1_695' title='bbox 655 5284 824 5336; x_wconf 71' lang='grc' dir='ltr'><strong>τοιαδὶ</strong></span> <span class='ocrx_word' id='word_1_696' title='bbox 863 5285 970 5336; x_wconf 80' lang='grc' dir='ltr'><strong>τῶν</strong></span> <span class='ocrx_word' id='word_1_697' title='bbox 1007 5285 1365 5354; x_wconf 83' lang='grc' dir='ltr'><strong>σκεμμάτων.</strong></span> <span class='ocrx_word' id='word_1_698' title='bbox 1399 5284 1692 5352; x_wconf 69' lang='grc' dir='ltr'><strong>Καὶτόμος</strong></span> 
     </span>
    </p>
   </div>
   <div class='ocr_carea' id='block_1_101' title="bbox 117 5377 1691 5448">
    <p class='ocr_par' dir='ltr' id='par_1_101' title="bbox 117 5377 1691 5448">
     <span class='ocr_line' id='line_1_101' title="bbox 117 5377 1691 5448; baseline 0.001 -20"><span class='ocrx_word' id='word_1_699' title='bbox 117 5379 388 5432; x_wconf 76' lang='grc' dir='ltr'><strong>ἐκτίθεται</strong></span> <span class='ocrx_word' id='word_1_700' title='bbox 445 5381 568 5440; x_wconf 88' lang='grc' dir='ltr'><strong>ταῖς</strong></span> <span class='ocrx_word' id='word_1_701' title='bbox 599 5379 860 5430; x_wconf 82' lang='grc' dir='ltr'><strong>ἁπάντων</strong></span> <span class='ocrx_word' id='word_1_702' title='bbox 887 5377 1112 5431; x_wconf 85' lang='grc' dir='ltr'><strong>ἐκείνων</strong></span> <span class='ocrx_word' id='word_1_703' title='bbox 1153 5379 1482 5448; x_wconf 87' lang='grc' dir='ltr'><strong>μαρτυρίαις</strong></span> <span class='ocrx_word' id='word_1_704' title='bbox 1511 5395 1691 5430; x_wconf 88' lang='grc' dir='ltr'><strong>συνει-</strong></span> 
     </span>
    </p>
   </div>
   <div class='ocr_carea' id='block_1_102' title="bbox 113 5467 1693 5538">
    <p class='ocr_par' dir='ltr' id='par_1_102' title="bbox 113 5467 1693 5538">
     <span class='ocr_line' id='line_1_102' title="bbox 113 5467 1693 5538; baseline -0.01 -1"><span class='ocrx_word' id='word_1_705' title='bbox 113 5467 416 5538; x_wconf 71' lang='grc' dir='ltr'><strong>λημμένος.</strong></span> <span class='ocrx_word' id='word_1_706' title='bbox 441 5471 514 5522; x_wconf 80' lang='grc' dir='ltr'><strong>τά</strong></span> <span class='ocrx_word' id='word_1_707' title='bbox 545 5487 604 5522; x_wconf 83' lang='grc' dir='ltr'><strong>τε</strong></span> <span class='ocrx_word' id='word_1_708' title='bbox 637 5469 770 5522; x_wconf 70' lang='grc' dir='ltr'><strong>ἄλλα</strong></span> <span class='ocrx_word' id='word_1_709' title='bbox 804 5470 979 5537; x_wconf 82' lang='grc' dir='ltr'><strong>δηλῶν</strong></span> <span class='ocrx_word' id='word_1_710' title='bbox 1009 5474 1103 5525; x_wconf 76' lang='grc' dir='ltr'><strong>καὶ</strong></span> <span class='ocrx_word' id='word_1_711' title='bbox 1133 5471 1212 5524; x_wconf 83' lang='grc' dir='ltr'><strong>ὃτι</strong></span> <span class='ocrx_word' id='word_1_712' title='bbox 1239 5471 1300 5524; x_wconf 81' lang='grc' dir='ltr'><strong>οὐ</strong></span> <span class='ocrx_word' id='word_1_713' title='bbox 1341 5472 1448 5524; x_wconf 86' lang='grc' dir='ltr'><strong>τῶν</strong></span> <span class='ocrx_word' id='word_1_714' title='bbox 1473 5471 1580 5523; x_wconf 84' lang='grc' dir='ltr'><strong>ἀπὸ</strong></span> <span class='ocrx_word' id='word_1_715' title='bbox 1603 5471 1693 5523; x_wconf 67' lang='grc' dir='ltr'><strong>τέ-</strong></span> 
     </span>
    </p>
   </div>
   <div class='ocr_carea' id='block_1_103' title="bbox 115 5556 1691 5626">
    <p class='ocr_par' dir='ltr' id='par_1_103' title="bbox 115 5556 1691 5626">
     <span class='ocr_line' id='line_1_103' title="bbox 115 5556 1691 5626; baseline 0.001 -16"><span class='ocrx_word' id='word_1_716' title='bbox 115 5573 204 5624; x_wconf 77' lang='grc' dir='ltr'><strong>χης</strong></span> <span class='ocrx_word' id='word_1_717' title='bbox 239 5557 340 5610; x_wconf 75' lang='grc' dir='ltr'><strong>καὶ</strong></span> <span class='ocrx_word' id='word_1_718' title='bbox 369 5557 488 5621; x_wconf 61' lang='grc' dir='ltr'><strong>τῶν</strong></span> <span class='ocrx_word' id='word_1_719' title='bbox 513 5556 574 5620; x_wconf 75' lang='grc' dir='ltr'><strong>ἐξ</strong></span> <span class='ocrx_word' id='word_1_720' title='bbox 602 5557 916 5625; x_wconf 80' lang='grc' dir='ltr'><strong>αὐτομάτου</strong></span> <span class='ocrx_word' id='word_1_721' title='bbox 945 5559 1287 5626; x_wconf 85' lang='grc' dir='ltr'><strong>συμπίπτειν</strong></span> <span class='ocrx_word' id='word_1_722' title='bbox 1310 5559 1613 5612; x_wconf 87' lang='grc' dir='ltr'><strong>δοκούντων</strong></span> <span class='ocrx_word' id='word_1_723' title='bbox 1632 5558 1691 5611; x_wconf 79' lang='grc' dir='ltr'><strong>ἓν</strong></span> 
     </span>
    </p>
   </div>
   <div class='ocr_carea' id='block_1_104' title="bbox 115 5645 1688 5722">
    <p class='ocr_par' dir='ltr' id='par_1_104' title="bbox 115 5645 1688 5722">
     <span class='ocr_line' id='line_1_104' title="bbox 115 5645 1688 5722; baseline 0.004 -25"><span class='ocrx_word' id='word_1_724' title='bbox 115 5663 160 5698; x_wconf 84' lang='grc' dir='ltr'><strong>τι</strong></span> <span class='ocrx_word' id='word_1_725' title='bbox 209 5649 308 5702; x_wconf 75' lang='grc' dir='ltr'><strong>καὶ</strong></span> <span class='ocrx_word' id='word_1_726' title='bbox 339 5649 410 5702; x_wconf 79' lang='grc' dir='ltr'><strong>τὸ</strong></span> <span class='ocrx_word' id='word_1_727' title='bbox 443 5645 536 5701; x_wconf 84' lang='grc' dir='ltr'><strong>νῦν</strong></span> <span class='ocrx_word' id='word_1_728' title='bbox 569 5652 962 5719; x_wconf 77' lang='grc' dir='ltr'><strong>πεπραγμένον</strong></span> <span class='ocrx_word' id='word_1_729' title='bbox 993 5651 1261 5722; x_wconf 80' lang='grc' dir='ltr'><strong>ὑπῆρχεν,</strong></span> <span class='ocrx_word' id='word_1_730' title='bbox 1297 5651 1383 5703; x_wconf 78' lang='grc' dir='ltr'><strong>ἵνα</strong></span> <span class='ocrx_word' id='word_1_731' title='bbox 1436 5653 1527 5703; x_wconf 59' lang='grc' dir='ltr'><strong>καὶ⁵</strong></span> <span class='ocrx_word' id='word_1_732' title='bbox 1560 5653 1688 5720; x_wconf 82' lang='grc' dir='ltr'><strong>σιγῇ</strong></span> 
     </span>
    </p>
   </div>
   <div class='ocr_carea' id='block_1_105' title="bbox 117 5737 1690 5815">
    <p class='ocr_par' dir='ltr' id='par_1_105' title="bbox 117 5737 1690 5815">
     <span class='ocr_line' id='line_1_105' title="bbox 117 5737 1690 5815; baseline 0.004 -27"><span class='ocrx_word' id='word_1_733' title='bbox 117 5737 362 5804; x_wconf 75' lang='grc' dir='ltr'><strong>δεδωκώς</strong></span> <span class='ocrx_word' id='word_1_734' title='bbox 393 5756 486 5802; x_wconf 85' lang='grc' dir='ltr'><strong>τις</strong></span> <span class='ocrx_word' id='word_1_735' title='bbox 513 5739 780 5811; x_wconf 75' lang='grc' dir='ltr'><strong>ἀθόρυϐον</strong></span> <span class='ocrx_word' id='word_1_736' title='bbox 817 5747 920 5814; x_wconf 72' lang='grc' dir='ltr'><strong>σχῇ</strong></span> <span class='ocrx_word' id='word_1_737' title='bbox 945 5743 1184 5806; x_wconf 74' lang='grc' dir='ltr'><strong>συνειδὸς</strong></span> <span class='ocrx_word' id='word_1_738' title='bbox 1215 5747 1306 5798; x_wconf 70' lang='grc' dir='ltr'><strong>καὶ</strong></span> <span class='ocrx_word' id='word_1_739' title='bbox 1341 5746 1566 5815; x_wconf 65' lang='grc' dir='ltr'><strong>μηδαμῆ</strong></span> <span class='ocrx_word' id='word_1_740' title='bbox 1593 5748 1690 5814; x_wconf 74' lang='grc' dir='ltr'><strong>τὴν</strong></span> 
     </span>
    </p>
   </div>
   <div class='ocr_carea' id='block_1_106' title="bbox 123 4641 282 4706">
    <p class='ocr_par' dir='ltr' id='par_1_106' title="bbox 123 4641 282 4706">
     <span class='ocr_line' id='line_1_106' title="bbox 123 4641 282 4706; baseline 0.038 -16"><span class='ocrx_word' id='word_1_741' title='bbox 123 4641 282 4706; x_wconf 67' lang='grc' dir='ltr'><strong>λιστος</strong></span> 
     </span>
    </p>
   </div>
   <div class='ocr_carea' id='block_1_107' title="bbox 1795 4549 3378 4619">
    <p class='ocr_par' dir='ltr' id='par_1_107' title="bbox 1795 4549 3378 4619">
     <span class='ocr_line' id='line_1_107' title="bbox 1795 4549 3378 4619; baseline 0.002 -20"><span class='ocrx_word' id='word_1_742' title='bbox 1795 4551 2015 4619; x_wconf 77' lang='lat' dir='ltr'><strong>quidem</strong></span> <span class='ocrx_word' id='word_1_743' title='bbox 2046 4550 2259 4602; x_wconf 89' lang='lat' dir='ltr'><strong>amicus</strong></span> <span class='ocrx_word' id='word_1_744' title='bbox 2295 4563 2464 4602; x_wconf 83' lang='lat' dir='ltr'><strong>verus</strong></span> <span class='ocrx_word' id='word_1_745' title='bbox 2495 4557 2612 4601; x_wconf 85' lang='lat' dir='ltr'><strong>erat</strong></span> <span class='ocrx_word' id='word_1_746' title='bbox 2642 4549 2814 4601; x_wconf 86' lang='lat' dir='ltr'><strong>multo</strong></span> <span class='ocrx_word' id='word_1_747' title='bbox 2840 4565 2904 4600; x_wconf 78' lang='lat' dir='ltr'><strong>ex</strong></span> <span class='ocrx_word' id='word_1_748' title='bbox 2942 4557 3184 4616; x_wconf 88' lang='lat' dir='ltr'><strong>tempore</strong></span> <span class='ocrx_word' id='word_1_749' title='bbox 3206 4551 3378 4603; x_wconf 84' lang='lat' dir='ltr'><strong>Calli-</strong></span> 
     </span>
    </p>
   </div>
   <div class='ocr_carea' id='block_1_108' title="bbox 1797 4639 3378 4708">
    <p class='ocr_par' dir='ltr' id='par_1_108' title="bbox 1797 4639 3378 4708">
     <span class='ocr_line' id='line_1_108' title="bbox 1797 4639 3378 4708; baseline 0.001 -13"><span class='ocrx_word' id='word_1_750' title='bbox 1797 4652 1933 4704; x_wconf 86' lang='lat' dir='ltr'><strong>stus,</strong></span> <span class='ocrx_word' id='word_1_751' title='bbox 1973 4655 2152 4708; x_wconf 88' lang='lat' dir='ltr'><strong>neque</strong></span> <span class='ocrx_word' id='word_1_752' title='bbox 2187 4655 2334 4692; x_wconf 90' lang='lat' dir='ltr'><strong>nunc</strong></span> <span class='ocrx_word' id='word_1_753' title='bbox 2394 4639 2708 4708; x_wconf 86' lang='lat' dir='ltr'><strong>patriarcha</strong></span> <span class='ocrx_word' id='word_1_754' title='bbox 2763 4639 2938 4692; x_wconf 83' lang='lat' dir='ltr'><strong>lactus</strong></span> <span class='ocrx_word' id='word_1_755' title='bbox 2983 4643 3102 4708; x_wconf 89' lang='lat' dir='ltr'><strong>ejus</strong></span> <span class='ocrx_word' id='word_1_756' title='bbox 3137 4641 3378 4696; x_wconf 81' lang='lat' dir='ltr'><strong>amicitia</strong></span> 
     </span>
    </p>
   </div>
   <div class='ocr_carea' id='block_1_109' title="bbox 1797 4729 3373 4797">
    <p class='ocr_par' dir='ltr' id='par_1_109' title="bbox 1797 4729 3373 4797">
     <span class='ocr_line' id='line_1_109' title="bbox 1797 4729 3373 4797; baseline 0.003 -13"><span class='ocrx_word' id='word_1_757' title='bbox 1797 4731 2095 4794; x_wconf 83' lang='lat' dir='ltr'><strong>abstinuit;</strong></span> <span class='ocrx_word' id='word_1_758' title='bbox 2130 4729 2222 4784; x_wconf 83' lang='lat' dir='ltr'><strong>sed</strong></span> <span class='ocrx_word' id='word_1_759' title='bbox 2287 4745 2392 4782; x_wconf 85' lang='lat' dir='ltr'><strong>una</strong></span> <span class='ocrx_word' id='word_1_760' title='bbox 2458 4731 2572 4781; x_wconf 77' lang='lat' dir='ltr'><strong>fere</strong></span> <span class='ocrx_word' id='word_1_761' title='bbox 2605 4736 2726 4782; x_wconf 85' lang='lat' dir='ltr'><strong>erat</strong></span> <span class='ocrx_word' id='word_1_762' title='bbox 2781 4730 2832 4780; x_wconf 89' lang='lat' dir='ltr'><strong>in</strong></span> <span class='ocrx_word' id='word_1_763' title='bbox 2877 4737 3111 4797; x_wconf 84' lang='lat' dir='ltr'><strong>utroque</strong></span> <span class='ocrx_word' id='word_1_764' title='bbox 3170 4731 3373 4788; x_wconf 88' lang='lat' dir='ltr'><strong>anima.</strong></span> 
     </span>
    </p>
   </div>
   <div class='ocr_carea' id='block_1_110' title="bbox 1796 4821 3379 4888">
    <p class='ocr_par' dir='ltr' id='par_1_110' title="bbox 1796 4821 3379 4888">
     <span class='ocr_line' id='line_1_110' title="bbox 1796 4821 3379 4888; baseline 0.003 -14"><span class='ocrx_word' id='word_1_765' title='bbox 1796 4823 2166 4888; x_wconf 84' lang='lat' dir='ltr'><strong>Quamobrem</strong></span> <span class='ocrx_word' id='word_1_766' title='bbox 2220 4824 2387 4874; x_wconf 87' lang='lat' dir='ltr'><strong>etiam</strong></span> <span class='ocrx_word' id='word_1_767' title='bbox 2459 4821 2800 4874; x_wconf 85' lang='lat' dir='ltr'><strong>irascebatur</strong></span> <span class='ocrx_word' id='word_1_768' title='bbox 2851 4823 3269 4876; x_wconf 86' lang='lat' dir='ltr'><strong>accusatoribus</strong></span> <span class='ocrx_word' id='word_1_769' title='bbox 3321 4833 3379 4878; x_wconf 89' lang='lat' dir='ltr'><strong>et</strong></span> 
     </span>
    </p>
   </div>
   <div class='ocr_carea' id='block_1_111' title="bbox 1797 4914 3376 4987">
    <p class='ocr_par' dir='ltr' id='par_1_111' title="bbox 1797 4914 3376 4987">
     <span class='ocr_line' id='line_1_111' title="bbox 1797 4914 3376 4987; baseline 0 -17"><span class='ocrx_word' id='word_1_770' title='bbox 1797 4917 1930 4970; x_wconf 85' lang='lat' dir='ltr'><strong>diris</strong></span> <span class='ocrx_word' id='word_1_771' title='bbox 1950 4917 2321 4984; x_wconf 82' lang='lat' dir='ltr'><strong>imprecandis</strong></span> <span class='ocrx_word' id='word_1_772' title='bbox 2340 4927 2506 4983; x_wconf 83' lang='lat' dir='ltr'><strong>atque</strong></span> <span class='ocrx_word' id='word_1_773' title='bbox 2535 4914 3089 4970; x_wconf 83' lang='lat' dir='ltr'><strong>comlemnatiouibus</strong></span> <span class='ocrx_word' id='word_1_774' title='bbox 3119 4917 3376 4987; x_wconf 79' lang='lat' dir='ltr'><strong>subjecit,</strong></span> 
     </span>
    </p>
   </div>
   <div class='ocr_carea' id='block_1_112' title="bbox 1793 5006 3384 5078">
    <p class='ocr_par' dir='ltr' id='par_1_112' title="bbox 1793 5006 3384 5078">
     <span class='ocr_line' id='line_1_112' title="bbox 1793 5006 3384 5078; baseline -0.001 -15"><span class='ocrx_word' id='word_1_775' title='bbox 1793 5019 1848 5063; x_wconf 88' lang='lat' dir='ltr'><strong>et</strong></span> <span class='ocrx_word' id='word_1_776' title='bbox 1876 5011 1918 5061; x_wconf 91' lang='lat' dir='ltr'><strong>si</strong></span> <span class='ocrx_word' id='word_1_777' title='bbox 1944 5008 2068 5078; x_wconf 88' lang='lat' dir='ltr'><strong>quis</strong></span> <span class='ocrx_word' id='word_1_778' title='bbox 2107 5007 2269 5060; x_wconf 75' lang='lat' dir='ltr'><strong>[idem</strong></span> <span class='ocrx_word' id='word_1_779' title='bbox 2298 5007 2525 5060; x_wconf 87' lang='lat' dir='ltr'><strong>haberet</strong></span> <span class='ocrx_word' id='word_1_780' title='bbox 2573 5006 2660 5070; x_wconf 91' lang='lat' dir='ltr'><strong>iis,</strong></span> <span class='ocrx_word' id='word_1_781' title='bbox 2687 5007 2754 5060; x_wconf 90' lang='lat' dir='ltr'><strong>de</strong></span> <span class='ocrx_word' id='word_1_782' title='bbox 2787 5007 2992 5076; x_wconf 88' lang='lat' dir='ltr'><strong>quibus</strong></span> <span class='ocrx_word' id='word_1_783' title='bbox 3024 5009 3168 5061; x_wconf 89' lang='lat' dir='ltr'><strong>inter</strong></span> <span class='ocrx_word' id='word_1_784' title='bbox 3201 5008 3384 5062; x_wconf 87' lang='lat' dir='ltr'><strong>irrita-</strong></span> 
     </span>
    </p>
   </div>
   <div class='ocr_carea' id='block_1_113' title="bbox 1798 5097 3386 5154">
    <p class='ocr_par' dir='ltr' id='par_1_113' title="bbox 1798 5097 3386 5154">
     <span class='ocr_line' id='line_1_113' title="bbox 1798 5097 3386 5154; baseline 0.001 -2"><span class='ocrx_word' id='word_1_785' title='bbox 1798 5109 1882 5152; x_wconf 91' lang='lat' dir='ltr'><strong>tos</strong></span> <span class='ocrx_word' id='word_1_786' title='bbox 1919 5099 2040 5151; x_wconf 89' lang='lat' dir='ltr'><strong>illos</strong></span> <span class='ocrx_word' id='word_1_787' title='bbox 2085 5107 2140 5150; x_wconf 88' lang='lat' dir='ltr'><strong>et</strong></span> <span class='ocrx_word' id='word_1_788' title='bbox 2183 5097 2348 5150; x_wconf 90' lang='lat' dir='ltr'><strong>simul</strong></span> <span class='ocrx_word' id='word_1_789' title='bbox 2403 5113 2468 5150; x_wconf 84' lang='lat' dir='ltr'><strong>ex</strong></span> <span class='ocrx_word' id='word_1_790' title='bbox 2537 5097 2766 5150; x_wconf 76' lang='lat' dir='ltr'><strong>veritate</strong></span> <span class='ocrx_word' id='word_1_791' title='bbox 2819 5099 3062 5152; x_wconf 87' lang='lat' dir='ltr'><strong>animum</strong></span> <span class='ocrx_word' id='word_1_792' title='bbox 3115 5099 3386 5154; x_wconf 84' lang='lat' dir='ltr'><strong>habentes</strong></span> 
     </span>
    </p>
   </div>
   <div class='ocr_carea' id='block_1_114' title="bbox 1795 5189 3388 5258">
    <p class='ocr_par' dir='ltr' id='par_1_114' title="bbox 1795 5189 3388 5258">
     <span class='ocr_line' id='line_1_114' title="bbox 1795 5189 3388 5258; baseline 0.001 -14"><span class='ocrx_word' id='word_1_793' title='bbox 1795 5191 2052 5244; x_wconf 78' lang='lat' dir='ltr'><strong>convenit</strong></span> <span class='ocrx_word' id='word_1_794' title='bbox 2077 5205 2144 5244; x_wconf 84' lang='lat' dir='ltr'><strong>ex</strong></span> <span class='ocrx_word' id='word_1_795' title='bbox 2199 5191 2526 5256; x_wconf 88' lang='lat' dir='ltr'><strong>composito.</strong></span> <span class='ocrx_word' id='word_1_796' title='bbox 2555 5189 2676 5254; x_wconf 83' lang='lat' dir='ltr'><strong>Quo</strong></span> <span class='ocrx_word' id='word_1_797' title='bbox 2737 5198 2982 5258; x_wconf 88' lang='lat' dir='ltr'><strong>tempore</strong></span> <span class='ocrx_word' id='word_1_798' title='bbox 3042 5189 3209 5243; x_wconf 90' lang='lat' dir='ltr'><strong>etiam</strong></span> <span class='ocrx_word' id='word_1_799' title='bbox 3267 5205 3388 5246; x_wconf 85' lang='lat' dir='ltr'><strong>mos</strong></span> 
     </span>
    </p>
   </div>
   <div class='ocr_carea' id='block_1_115' title="bbox 1795 5281 3389 5354">
    <p class='ocr_par' dir='ltr' id='par_1_115' title="bbox 1795 5281 3389 5354">
     <span class='ocr_line' id='line_1_115' title="bbox 1795 5281 3389 5354; baseline -0.001 -15"><span class='ocrx_word' id='word_1_800' title='bbox 1795 5293 1914 5339; x_wconf 88' lang='lat' dir='ltr'><strong>erat</strong></span> <span class='ocrx_word' id='word_1_801' title='bbox 1941 5283 2068 5348; x_wconf 89' lang='lat' dir='ltr'><strong>illis,</strong></span> <span class='ocrx_word' id='word_1_802' title='bbox 2101 5299 2319 5352; x_wconf 84' lang='lat' dir='ltr'><strong>semper</strong></span> <span class='ocrx_word' id='word_1_803' title='bbox 2358 5283 2760 5338; x_wconf 87' lang='lat' dir='ltr'><strong>convenientes</strong></span> <span class='ocrx_word' id='word_1_804' title='bbox 2789 5283 2967 5338; x_wconf 76' lang='lat' dir='ltr'><strong>facere</strong></span> <span class='ocrx_word' id='word_1_805' title='bbox 3017 5283 3152 5338; x_wconf 84' lang='lat' dir='ltr'><strong>tales</strong></span> <span class='ocrx_word' id='word_1_806' title='bbox 3177 5281 3389 5354; x_wconf 87' lang='lat' dir='ltr'><strong>disqui-</strong></span> 
     </span>
    </p>
   </div>
   <div class='ocr_carea' id='block_1_116' title="bbox 1795 5377 3386 5446">
    <p class='ocr_par' dir='ltr' id='par_1_116' title="bbox 1795 5377 3386 5446">
     <span class='ocr_line' id='line_1_116' title="bbox 1795 5377 3386 5446; baseline -0.001 -14"><span class='ocrx_word' id='word_1_807' title='bbox 1795 5377 2048 5442; x_wconf 86' lang='lat' dir='ltr'><strong>sitioncs,</strong></span> <span class='ocrx_word' id='word_1_808' title='bbox 2080 5386 2132 5430; x_wconf 88' lang='lat' dir='ltr'><strong>et</strong></span> <span class='ocrx_word' id='word_1_809' title='bbox 2191 5385 2374 5430; x_wconf 81' lang='lat' dir='ltr'><strong>tomus</strong></span> <span class='ocrx_word' id='word_1_810' title='bbox 2426 5377 2722 5446; x_wconf 77' lang='lat' dir='ltr'><strong>exponitur</strong></span> <span class='ocrx_word' id='word_1_811' title='bbox 2770 5377 2837 5431; x_wconf 88' lang='lat' dir='ltr'><strong>de</strong></span> <span class='ocrx_word' id='word_1_812' title='bbox 2891 5377 3137 5430; x_wconf 86' lang='lat' dir='ltr'><strong>omnium</strong></span> <span class='ocrx_word' id='word_1_813' title='bbox 3167 5377 3386 5432; x_wconf 81' lang='lat' dir='ltr'><strong>illorum</strong></span> 
     </span>
    </p>
   </div>
   <div class='ocr_carea' id='block_1_117' title="bbox 1797 5469 3384 5540">
    <p class='ocr_par' dir='ltr' id='par_1_117' title="bbox 1797 5469 3384 5540">
     <span class='ocr_line' id='line_1_117' title="bbox 1797 5469 3384 5540; baseline 0 -16"><span class='ocrx_word' id='word_1_814' title='bbox 1797 5469 2129 5524; x_wconf 89' lang='lat' dir='ltr'><strong>testimoniis</strong></span> <span class='ocrx_word' id='word_1_815' title='bbox 2151 5479 2477 5538; x_wconf 82' lang='lat' dir='ltr'><strong>conceptus,</strong></span> <span class='ocrx_word' id='word_1_816' title='bbox 2509 5470 2562 5524; x_wconf 82' lang='lat' dir='ltr'><strong>in</strong></span> <span class='ocrx_word' id='word_1_817' title='bbox 2596 5471 2814 5526; x_wconf 66' lang='lat' dir='ltr'><strong>caeteris</strong></span> <span class='ocrx_word' id='word_1_818' title='bbox 2871 5471 3040 5525; x_wconf 89' lang='lat' dir='ltr'><strong>etiam</strong></span> <span class='ocrx_word' id='word_1_819' title='bbox 3101 5471 3384 5540; x_wconf 85' lang='lat' dir='ltr'><strong>aperiens,</strong></span> 
     </span>
    </p>
   </div>
   <div class='ocr_carea' id='block_1_118' title="bbox 1795 5559 3386 5632">
    <p class='ocr_par' dir='ltr' id='par_1_118' title="bbox 1795 5559 3386 5632">
     <span class='ocr_line' id='line_1_118' title="bbox 1795 5559 3386 5632; baseline -0.001 -17"><span class='ocrx_word' id='word_1_820' title='bbox 1795 5577 1902 5615; x_wconf 91' lang='lat' dir='ltr'><strong>non</strong></span> <span class='ocrx_word' id='word_1_821' title='bbox 1933 5577 1996 5614; x_wconf 84' lang='lat' dir='ltr'><strong>ex</strong></span> <span class='ocrx_word' id='word_1_822' title='bbox 2025 5560 2092 5614; x_wconf 92' lang='lat' dir='ltr'><strong>iis</strong></span> <span class='ocrx_word' id='word_1_823' title='bbox 2117 5575 2238 5629; x_wconf 60' lang='lat' dir='ltr'><strong>quae</strong></span> <span class='ocrx_word' id='word_1_824' title='bbox 2267 5559 2498 5614; x_wconf 82' lang='lat' dir='ltr'><strong>fortuito</strong></span> <span class='ocrx_word' id='word_1_825' title='bbox 2528 5571 2584 5616; x_wconf 88' lang='lat' dir='ltr'><strong>et</strong></span> <span class='ocrx_word' id='word_1_826' title='bbox 2625 5573 2820 5632; x_wconf 85' lang='lat' dir='ltr'><strong>sponte</strong></span> <span class='ocrx_word' id='word_1_827' title='bbox 2851 5563 3103 5618; x_wconf 85' lang='lat' dir='ltr'><strong>accidere</strong></span> <span class='ocrx_word' id='word_1_828' title='bbox 3129 5561 3386 5616; x_wconf 86' lang='lat' dir='ltr'><strong>videntur</strong></span> 
     </span>
    </p>
   </div>
   <div class='ocr_carea' id='block_1_119' title="bbox 1797 5647 3384 5720">
    <p class='ocr_par' dir='ltr' id='par_1_119' title="bbox 1797 5647 3384 5720">
     <span class='ocr_line' id='line_1_119' title="bbox 1797 5647 3384 5720; baseline -0.007 -15"><span class='ocrx_word' id='word_1_829' title='bbox 1797 5667 1965 5705; x_wconf 90' lang='lat' dir='ltr'><strong>unum</strong></span> <span class='ocrx_word' id='word_1_830' title='bbox 1993 5650 2252 5720; x_wconf 86' lang='lat' dir='ltr'><strong>quiddam</strong></span> <span class='ocrx_word' id='word_1_831' title='bbox 2277 5665 2426 5702; x_wconf 90' lang='lat' dir='ltr'><strong>nunc</strong></span> <span class='ocrx_word' id='word_1_832' title='bbox 2451 5666 2670 5720; x_wconf 86' lang='lat' dir='ltr'><strong>quoque</strong></span> <span class='ocrx_word' id='word_1_833' title='bbox 2706 5667 2828 5704; x_wconf 78' lang='lat' dir='ltr'><strong>eSse</strong></span> <span class='ocrx_word' id='word_1_834' title='bbox 2851 5651 3094 5712; x_wconf 79' lang='lat' dir='ltr'><strong>factum;</strong></span> <span class='ocrx_word' id='word_1_835' title='bbox 3135 5657 3194 5700; x_wconf 89' lang='lat' dir='ltr'><strong>ut</strong></span> <span class='ocrx_word' id='word_1_836' title='bbox 3217 5647 3384 5700; x_wconf 85' lang='lat' dir='ltr'><strong>etiam</strong></span> 
     </span>
    </p>
   </div>
   <div class='ocr_carea' id='block_1_120' title="bbox 1797 5739 3384 5810">
    <p class='ocr_par' dir='ltr' id='par_1_120' title="bbox 1797 5739 3384 5810">
     <span class='ocr_line' id='line_1_120' title="bbox 1797 5739 3384 5810; baseline -0.007 -12"><span class='ocrx_word' id='word_1_837' title='bbox 1797 5743 2020 5798; x_wconf 83' lang='lat' dir='ltr'><strong>silentio</strong></span> <span class='ocrx_word' id='word_1_838' title='bbox 2061 5741 2290 5810; x_wconf 77' lang='lat' dir='ltr'><strong>largitus</strong></span> <span class='ocrx_word' id='word_1_839' title='bbox 2340 5739 2542 5808; x_wconf 85' lang='lat' dir='ltr'><strong>aliquis</strong></span> <span class='ocrx_word' id='word_1_840' title='bbox 2599 5741 2895 5810; x_wconf 88' lang='lat' dir='ltr'><strong>tranquilla</strong></span> <span class='ocrx_word' id='word_1_841' title='bbox 2947 5749 3194 5792; x_wconf 73' lang='lat' dir='ltr'><strong>uteri-tur</strong></span> <span class='ocrx_word' id='word_1_842' title='bbox 3249 5751 3384 5788; x_wconf 83' lang='lat' dir='ltr'><strong>con--</strong></span> 
     </span>
    </p>
   </div>
  </div>
