3994 6204
595 247 696 310 $27

1793 237 2211 306 NICEPHORI
2250 240 2629 301 GREGORE

3735 242 3842 303 2‘23

593 356 852 421 scientia,
894 370 997 411 nec
1029 356 1139 409 ullo
1171 354 1332 408 modo
1356 353 1598 408 animum
1630 353 1872 407 dormire
1903 364 1959 407 et
1983 354 2165 407 deser‘

2279 350 2508 421 καρδίαν
2533 351 2816 405 καθεύδειν
2859 352 2952 407 καὶ
2980 353 3211 421 ἠρεμεῖν
3248 347 3580 422 βουλομένην
3635 351 3847 421 ἀναμοο

592 461 710 503 tum
751 463 875 502 esse
903 448 1174 501 volentem
1199 447 1507 509 excitante;
1544 443 1640 497 scd
1700 444 1847 497 Deus
1875 443 2159 496 confestim

596 545 806 599 occulta
840 552 1026 612 aperta
1067 540 1264 600 reddit,
1298 540 1733 608 quotiescunque
1783 538 1900 591 vult
1960 536 2164 592 intelli-

596 637 779 703 gentia
810 633 1089 701 impertire
1118 647 1233 697 eos,
1270 632 1472 699 quibus
1507 640 1693 684 utnon
1727 638 1948 683 teneant
1976 643 2168 681 sanam

599 726 1079 796 Deicognitionem
1117 723 1335 782 accidit.
1380 734 1439 776 ut
1484 723 1743 776 nimirum
1768 720 1931 789 260
1954 729 2009 772 et
2041 718 2175 770 mis-

596 834 692 872 sus
713 819 800 871 ille
828 816 988 885 paulo
1019 825 1144 869 ante
1171 814 1239 868 ab
1276 815 1343 867 iis
1377 823 1569 867 contra
1600 813 1852 865 homines
1885 812 1936 863 in
1981 820 2173 862 monte

596 913 702 965 hoc
732 909 1105 978 deprehensos
1139 909 1192 960 in
1231 907 1479 976 ﬂagranti
1517 904 1868 958 Massalianos
1905 910 1960 956 et
1998 901 2174 970 Bogn-

599 999 759 1052 milos
795 1008 978 1051 tomus
1008 998 1135 1051 libri
1176 996 1267 1050 ﬁat
1300 999 1545 1066 inspectu
1572 995 1788 1066 dignior
1813 1004 1868 1049 et
1896 993 1964 1047 ab
1994 992 2175 1046 omni—

594 1090 699 1144 bus
738 1100 1102 1157 cognoscatur
1129 1089 1294 1157 hujus
1324 1088 1392 1142 ad
1439 1103 1565 1143 eum
1604 1086 1889 1157 pravitatis
1935 1083 2169 1155 gradum

594 1197 898 1249 progressa:
926 1180 1079 1233 radix
1105 1180 1396 1234 haereseos.

663 1272 856 1327 XXVI.
882 1271 1183 1326 Monachus
1204 1272 1350 1324 enim
1380 1270 1603 1339 quidam
1634 1270 1794 1324 exiis
1817 1268 1909 1338 qui
1937 1265 2167 1335 Scorpio

599 1365 731 1417 huic
764 1374 979 1432 parcnt,
1004 1365 1329 1433 cognomine
1357 1363 1670 1426 Bardarius,
1700 1362 1893 1415 mortis
1916 1359 2166 1429 proximo

596 1457 880 1525 subjectus
919 1458 1031 1526 jam
1097 1455 1313 1516 morbo.
1340 1453 1558 1524 jacebat
1592 1451 1854 1507 membris
1892 1450 2083 1505 fractis
2111 1457 2169 1505 et

600 1547 832 1602 summis
883 1545 1135 1616 corporis
1184 1546 1471 1600 doloribus
1519 1552 1783 1608 vexatus;
1819 1542 2017 1597 deinde
2070 1557 2169 1611 per

597 1638 843 1707 integros
875 1638 1068 1707 viginti
1095 1637 1216 1693 dies
1243 1639 1368 1692 cibo
1406 1645 1650 1706 potuque
1683 1635 2015 1698 abstinebat,
2048 1633 2166 1687 sine

2271 443 2485 512 χλεῦον,
2522 443 2660 496 ἀλλὰ
2706 442 2841 496 Θεοῦ
2875 443 3168 512 προφανῶς
3219 441 3313 493 τοῦ
3360 442 3427 493 τὰ
3465 440 3673 511 κρύφια
3704 440 3846 511 δῆλα

2270 533 2526 604 δρῶντος,
2554 535 2713 588 ὁπότε
2752 534 2992 604 βούλοιτο
3026 534 3241 587 σύνεσιν
3276 533 3543 587 ἐντιθέναι
3570 528 3653 598 οἷς
3676 536 3847 589 ἀσυν-

2274 628 2408 688 έτως
2439 627 2584 696 ἔχειν
2640 628 2777 695 πρὸς
2805 628 2904 697 τὴν
2932 628 3061 693 ὑγιᾶ
3086 626 3457 695 συμπέπτωκε
3487 625 3839 694 θεογνωσίαν,

2276 721 2361 773 ἵνα
2391 720 2590 790 δηλαδὴ
2619 721 2713 774 καὶ
2737 720 2766 771 ὁ
2818 719 2926 789 πρὸ
2961 719 3187 789 βραχέος
3215 721 3421 780 ἐκεῖνος
3453 717 3726 786 πεμφθεὶς
3746 717 3840 770 ὑπ’

2273 812 2453 865 αὐτῶν
2488 813 2630 865 κατὰ
2682 813 2790 865 τῶν
2835 816 2894 867 ἐν
2939 815 3015 881 τῷ
3045 814 3160 881 ὄρει
3184 813 3358 881 τούτῳ
3406 811 3724 866 ἑαλωκότων
3754 812 3827 864 ἐπ

2275 905 2581 975 αὐτοφώρῳ
2636 905 2995 959 Μασαλιανῶν
3028 907 3121 959 καὶ
3162 904 3477 975 Βογομίλων
3519 904 3686 973 τόμος
3716 902 3841 956 θεαο

2272 999 2609 1070 τρικὼτερος
2632 1000 2878 1070 γένηται,
2932 1001 3025 1052 καὶ
3055 1000 3189 1052 πᾶσι
3217 996 3434 1065 γνωσθῇ
3458 998 3558 1065 τῆς
3582 996 3669 1074 trp?
3698 994 3845 1048 οὕτω

2275 1091 2418 1158 μέγα
2443 1091 2644 1155 κακίας
2670 1088 3163 1161 ἀναρριπισθείσης
3191 1085 3456 1157 αἱρέσεως
3485 1087 3518 1156 ἡ
3553 1085 3705 1157 ῥίζα.

2343 1267 2490 1337 κε’.
2521 1271 2773 1340 Μοναχδς
2829 1269 2937 1337 γάρ
2966 1285 3051 1331 τις
3083 1267 3193 1318 τῶν
3245 1265 3323 1334 τῷ
3369 1264 3624 1335 Σκορπίῳ
3668 1263 3845 1333 τούτῳ

2274 1363 2754 1432 ὑπηρετουμένων,
2782 1360 3084 1430 τούπίκλην
3114 1359 3430 1430 Βαρδάριος.
3458 1356 3691 1409 θανάτου
3735 1356 3848 1425 γεί-

2269 1470 2387 1505 τονι
2418 1453 2649 1522 κάτοχος
2695 1451 2797 1521 ήδη
2837 1450 2977 1517 νόσῳ
3026 1447 3341 1516 γενόμενος,
3405 1445 3580 1499 ἔκειτο
3617 1444 3846 1513 κάμνων

2271 1546 2367 1610 καὶ
2424 1544 2646 1613 μυρίαις
2678 1540 2935 1611 ἀλγηδόσι
2989 1539 3051 1592 τὸ
3081 1538 3239 1608 σῶμα
3289 1536 3646 1606 κεντούμενος
3676 1535 3845 1588 ἅπαν.

2276 1638 2510 1691 Ἔπειτα
2539 1635 2625 1705 ἐφ’
2654 1635 2806 1697 ὅλαις
2842 1633 3078 1703 ἡμέραις
3108 1633 3279 1685 είκοσι
3294 1629 3475 1693 ἄσιτός
3497 1646 3555 1682 τε
3583 1630 3678 1681 καὶ
3706 1625 3847 1682 ἄπο-
3938 1696 3943 1699 _

595 1743 732 1783 voce
770 1728 1011 1797 iacebat.
1035 1729 1287 1783 ultimum
1323 1729 1547 1784 trahens
1580 1728 1869 1797 spiritum;
1903 1741 2005 1780 nec
2048 1741 2165 1779 mo-

2272 1749 2363 1791 τος
2421 1702 2704 1799 διαμείνας
2763 1702 2979 1795 ἄφωνος
3014 1725 3210 1788 ἔκειτο,
3249 1724 3427 1780 πνέων
3471 1719 3745 1792 ὁσημέραι
3780 1720 3852 1775 τὰ

593 1822 839 1876 riebatnr
877 1833 1092 1887 tamen;
1139 1821 1234 1876 sed
1276 1837 1477 1892 corpus
1524 1832 1736 1875 tumore
1768 1819 2014 1875 inﬂatum
2051 1828 2170 1874 erat

592 1924 651 1967 et
686 1912 961 1965 teterrima
1012 1912 1236 1981 jamjam
1280 1926 1343 1965 os
1391 1910 1816 1965 sull'undebatur
1856 1908 2166 1977 nigredine.

598 2002 839 2056 Tandem
882 2002 961 2056 rei
1015 2004 1283 2057 miraculo
1312 2003 1531 2058 attoniti
1583 2003 1845 2073 praesides
1881 2003 2028 2057 illius
2067 2002 2169 2056 do-

593 2095 782 2150 micilii
826 2097 1166 2166 quaerebant,
1190 2112 1321 2151 num
1369 2096 1501 2165 quid
1542 2112 1771 2151 suorum
1820 2106 2168 2165 peccatorum

592 2203 700 2241 non
735 2186 1016 2242 confessus
1051 2189 1105 2240 in
1140 2188 1334 2241 intimo
1380 2189 1661 2242 conditum
1699 2188 1925 2242 haberet
1983 2198 2171 2257 pecto-

593 2295 672 2342 re,
710 2280 945 2349 ideoque
976 2279 1098 2348 ejus
1131 2295 1319 2333 curam
1349 2295 1548 2348 gerens
1575 2280 1719 2333 Deus
1750 2297 1860 2333 non
1890 2289 2171 2349 pateretur

590 2383 716 2421 eum
773 2379 1058 2422 mortuum
1109 2378 1318 2423 aeterno
1374 2370 1514 2422 tradi
1568 2369 1699 2439 igni.
1732 2368 1830 2423 Hic
1874 2379 2166 2438 postquam

593 2460 888 2524 intellexit,
920 2460 1155 2515 sublatis
1217 2461 1502 2530 paululum
1558 2461 1756 2526 oculis,
1815 2460 2171 2515 vehementer

586 2547 836 2616 cjulavit,
871 2557 927 2602 et
953 2548 1041 2601 vix
1070 2564 1295 2604 movens
1326 2549 1568 2619 linguam
1596 2552 1710 2605 haec
1746 2552 1918 2605 dixit:
1950 2568 1971 2602 ι
2002 2551 2166 2608 Scitis

589 2645 718 2691 ante
768 2636 873 2692 hos
924 2638 1216 2694 duodecim
1261 2655 1437 2695 annos
1472 2641 1715 2696 habitam
1755 2642 1845 2696 hic
1896 2643 2166 2713 synodum

600 2728 847 2782 virorum
880 2729 932 2783 in
964 2730 1067 2785 hoc
1095 2742 1281 2787 monte
1311 2734 1789 2788 commorantium.
1820 2733 1960 2790 Tum
1994 2736 2164 2805 igitur

596 2819 650 2872 in
681 2820 1053 2890 suspicionem
1097 2835 1292 2878 vocato
1321 2823 1487 2878 etiam
1537 2825 1766 2895 Scorpio
1798 2827 2168 2897 interrogatus

589 2925 712 2977 ego,
766 2927 897 2965 num
949 2912 1149 2967 scirem
1204 2929 1331 2967 eum
1390 2915 1600 2969 socium
1655 2915 1824 2972 fuisse
1881 2926 2167 2986 captorum

2270 1822 2503 1875 λοίσθια.
2532 1822 2644 1873 Ούκ
2666 1819 2894 1887 ἕθνησκε
2919 1819 2996 1880 δὲ,
3030 1817 3167 1869 ἀλλὰ
3194 1816 3256 1869 τό
3278 1832 3338 1869 τε
3366 1816 3526 1884 σῶμα
3557 1812 3853 1882 ἐξώγκωτο

2272 1913 2367 1967 καλ⁴
2432 1911 2621 1982 μακρά
2679 1928 2764 1974 τις
2796 1909 3038 1979 ἐπεχύθη
3085 1907 3165 1977 τῷ
3208 1905 3489 1977 προσώπῳ
3520 1905 3849 1974 μελάνωσις.

2283 2002 2413 2074 Ὀψέ
2443 2004 2501 2057 δὲ
2532 2000 2609 2074 τῷ
2643 2002 2737 2056 τοῦ
2770 2003 3094 2074 πράγματος
3151 1999 3443 2070 παραδόξῳ
3475 1997 3851 2065 καταπλαγένσ

2270 2114 2361 2159 τες
2386 2090 2433 2149 ὀί
2461 2096 2560 2162 τῆς
2591 2095 2765 2165 μονῆς
2816 2095 2931 2147 ἐκεῖ
2982 2092 3406 2164 προεδρεύοντες
3457 2091 3653 2161 ἤροντο
3688 2092 3764 2161 μή
3794 2107 3851 2144 τι

2270 2188 2381 2239 τῶν
2420 2186 2568 2255 αὐτῷ
2594 2186 3100 2256 πλημμεληθέντων
3146 2183 3569 2254 ἁνεξαγόρευτον
3596 2183 3655 2237 ἐν
3682 2183 3854 2238 θαλά-

2275 2291 2396 2344 μοις
2432 2275 2666 2343 κρύπτει
2721 2276 2974 2345 καρδίας,
3038 2275 3251 2329 κᾶπειτ’
3298 2272 3464 2330 αὐτοῦ
3496 2273 3795 2344 κηδόμενος
3822 2276 3849 2327 ό

2271 2363 2401 2426 Θεὸς
2425 2363 2526 2417 οὐκ
2556 2365 2619 2434 te
2650 2358 2730 2433 τῷ
2750 2365 2955 2434 αίωνίῳ
2988 2364 3216 2418 θανόντα
3247 2350 3467 2435 δοθῆναι
3504 2366 3656 2436 πυρί.
3692 2368 3758 2420 Ὀ
3792 2365 3851 2420 δι

2274 2457 2455 2518 συνεὶς
2496 2459 2591 2508 καὶ
2635 2457 2836 2526 μικρὸν
2889 2457 3083 2527 διάρας
3134 2462 3259 2520 τοὺς
3309 2457 3623 2526 ὀφθαλμοὺς
3661 2458 3852 2529 βύθιον

2271 2545 2536 2616 ἀνῴμωξε
2558 2589 2574 2611 ,
2610 2547 2706 2602 καὶ
2756 2548 2912 2618 μόλις
2947 2549 3181 2619 κινήσας
3211 2548 3309 2618 τὴν
3363 2549 3608 2615 γλῶτταν
3663 2550 3852 2603 τοιάδε

2272 2639 2336 2712 if.
2368 2639 2472 2694 150
2504 2638 2577 2712 r.]
2606 2641 2770 2709 φησίν
2794 2657 2808 2672 ’
2845 2658 2865 2691 t
2904 2642 3046 2695 Ἰστε
3074 2641 3171 2711 τὴν
3214 2640 3322 2711 πρὸ
3349 2638 3671 2695 δυοκαίδεκα
3707 2642 3851 2695 ἐτῶν

2272 2732 2523 2787 ἐνταυθοῖ
2579 2734 2878 2805 γενομένην
2943 2734 3165 2788 σύνοδον
3222 2733 3332 2788 τῶν
3372 2735 3429 2787 ἐν
3467 2731 3546 2803 τῷ
3574 2732 3853 2804 δρειτῷδι

2271 2825 2505 2896 ἀνδρῶν.
2541 2826 2672 2879 Τότε
2727 2827 2907 2880 τοίνυν
2940 2823 3370 2889 ὑποπτευθέντος
3407 2826 3500 2878 καὶ
3518 2825 3613 2878 τοῦ
3668 2827 3853 2896 Σκορο

2271 2913 2420 2981 πίου,
2449 2916 2743 2985 ἐρωτηθεὶς
2770 2917 2882 2985 ἐγὼ
2912 2918 2958 2970 εί
3009 2916 3225 2971 σύνοιδα
3256 2917 3404 2987 αὐτῷ
3430 2916 3674 2985 κοινωνῷ
3690 2933 3854 2982 γενο-

596 3006 739 3055 hunc
786 3002 1232 3057 Massalianorum
1271 3015 1328 3059 et
1380 3005 1808 3078 Bogomilorum,
1851 3008 2043 3080 negavi
2080 3024 2165 3065 me

2279 3004 2424 3073 μένῳ
2455 3008 2568 3066 τοῖς
2598 3006 2902 3075 τηνικαῦτα
2925 3007 3113 3062 ἁλοῦσι
3164 3007 3530 3070 Μασαλιανοῖς
3554 3008 3649 3061 καὶ
3678 3008 3854 3074 Befo-

593 3095 736 3148 scire
764 3094 1016 3163 quamvis
1038 3097 1373 3165 exploratam
1402 3114 1515 3152 rem
1546 3099 1791 3168 habens;
1812 3100 1970 3173 261
1988 3102 2165 3173 jusju-

2275 3089 2453 3165 μίλοις
2487 3098 2980 3168 ἐνταῦθα,ἔξαρνος
3008 3100 3272 3171 ἐγενόμην
3293 3101 3493 3168 καίπερ
3508 3100 3664 3162 εἰδὼς
3692 3103 3857 3170 ἀκρι-

594 3188 825 3239 randum
857 3186 1041 3241 addidi
1072 3204 1205 3243 meae
1236 3190 1593 3247 declarationl
1617 3201 1979 3263 etscparatus
2001 3195 2169 3251 malui

589 3292 710 3332 esse
745 3293 774 3331 a
805 3276 1029 3333 Christo
1063 3290 1287 3350 propter
1310 3282 1462 3337 illius
1489 3282 1790 3338 amicitiam
1824 3287 2170 3345 miserrimus

591 3380 770 3438 neque
829 3385 1046 3439 pmnam
1099 3371 1299 3426 timens
1363 3373 1643 3441 divinam,
1693 3391 1873 3445 neque
1921 3379 2168 3434 virorum

593 3462 943 3517 cordatorum
980 3464 1393 3521 adhortationes
1419 3482 1675 3522 verens.»
1707 3466 1982 3538 Incipiens
2005 3470 2173 3541 igitur

590 3556 873 3609 enarravit
902 3555 1347 3612 Massalianorum
1384 3558 1549 3613 simul
1576 3558 1631 3613 in
1661 3559 1757 3613 illo
1780 3569 1928 3615 cmtu
1956 3571 2171 3631 patrata

592 3647 810 3715 impura
857 3657 915 3703 et
971 3649 1295 3705 detestanda
1346 3650 1614 3716 facinora,
1668 3651 1736 3705 ad
1781 3668 1903 3721 qua:
1959 3654 2169 3726 integre

596 3738 865 3793 narranda
903 3756 1010 3795 non
1046 3741 1179 3796 satis
1222 3741 1354 3795 mihi
1398 3752 1692 3813 suppetere
1724 3744 1988 3814 temporis
2017 3746 2172 3802 vide-

594 3840 701 3891 tur.
739 3832 899 3885 aliam
956 3833 1010 3886 in
1047 3841 1255 3901 partem
1291 3849 1375 3887 me
1412 3833 1712 3890 admodum
1759 3837 2010 3893 trahente
2039 3837 2169 3893 reli-

589 3934 824 3987 quarum
851 3936 1034 3975 rerum
1062 3921 1314 3976 historia.
1332 3920 1487 3978 Licet
1508 3925 1654 3978 enim
1681 3928 1862 3980 omnia
1889 3925 2166 3997 sigillatim

589 4010 850 4080 colligere
895 4021 953 4066 et
1004 4022 1243 4068 mentem
1281 4023 1336 4068 et
1373 4015 1666 4070 consilium
1703 4026 1760 4071 et
1799 4017 2076 4074 actionem
2112 4029 2170 4075 et

591 4104 899 4158 orationem
932 4112 988 4158 et
1018 4106 1141 4158 mali
1179 4106 1289 4159 vim
1317 4117 1372 4162 et
1405 4107 1499 4162 Dei
1531 4107 2008 4178 longanimitatem
2036 4121 2092 4167 et
2120 4112 2167 4167 si

591 4189 723 4257 quid
766 4190 893 4255 tale,
921 4192 967 4244 si
1002 4193 1127 4260 quis
1159 4194 1310 4247 adire
1343 4195 1476 4249 velit
1503 4210 1652 4259 eum,
1685 4197 1780 4266 qui
1814 4198 1967 4267 prius
1998 4199 2169 4254 inter-

592 4277 697 4332 l‘nit
720 4278 985 4349 juvenum
1024 4281 1476 4336 Massalianorum
1509 4284 1726 4338 illorum
1760 4296 1816 4341 et
1858 4288 2167 4358 Bogomilo-

2272 3189 2404 3253 ϐὡς.
2437 3191 2640 3262 Ὅρκον
2670 3209 2727 3245 τε
2751 3193 2999 3263 ἐπέθηκα
3034 3197 3100 3263 τῇ
3150 3193 3541 3265 ἀπαγορεύσει,
3576 3193 3670 3246 καὶ
3693 3193 3856 3262 ἀφω-

2271 3283 2529 3354 ρισμένος
2559 3284 2827 3356 ἐδεξάμην
2860 3282 3002 3340 εἶναι
3040 3286 3149 3340 ἀπὸ
3186 3285 3426 3356 Χριστοῦ
3454 3285 3543 3338 διὰ
3566 3284 3665 3356 τὴν
3707 3286 3855 3338 ἐκεί-

2272 3394 2363 3429 νου
2407 3378 2591 3444 φιλίαν
2620 3381 2647 3431 ὀ
2695 3380 3034 3449 τρισάθλιος,
3104 3380 3242 3450 μήτε
3300 3378 3634 3448 κολαστήρια
3662 3378 3850 3441 δείσας

2271 3469 2428 3535 Θεοῦ,
2466 3471 2591 3541 μήτ’
2623 3471 2831 3533 ἀνδρῶν
2866 3472 3255 3542 πνευματικῶν
3304 3471 3652 3541 παραινέσεις
3705 3472 3855 3525 αἰδε-

2273 3559 2436 3623 σθείς.
2478 3579 2495 3611 ι
2547 3559 2876 3630 Ἀρξάμενος
2907 3560 3002 3614 οῦν
3030 3559 3270 3632 διεξῆλθε
3308 3561 3408 3627 τὰς
3434 3561 3570 3631 ὁμοῦ
3595 3562 3674 3633 τῷ
3727 3562 3852 3614 θιά-

2273 3666 2350 3721 σῳ
2376 3639 2486 3704 τὼν
2516 3652 2884 3707 Μασαλιανῶν
2924 3654 3321 3726 πεπραγμένας
3351 3654 3613 3725 βεϐήλους
3652 3653 3853 3725 ἐκείνῳ

2271 3745 2366 3798 καὶ
2396 3745 2647 3817 μυσαρὰς
2671 3747 2955 3819 ἐργασίας,
2985 3748 3053 3813 ἃς
3081 3748 3231 3817 ὥραν
3258 3748 3401 3819 ἐχειν
3431 3748 3633 3820 ἤκιστά
3649 3765 3741 3819 μοι
3763 3748 3854 3801 δο-

2271 3841 2355 3891 κεῖ
2384 3838 2506 3891 καθ’
2539 3839 2749 3893 ἕκαστα
2777 3839 2955 3909 λέγειν
2983 3840 3189 3910 ἀρτίως
3243 3841 3365 3910 ἐμὲ,
3410 3840 3512 3911 τῆς
3535 3840 3642 3892 τῶν
3669 3841 3853 3895 ἄλλων

2270 3928 2639 4001 ἁνθελκούσης
2674 3946 2742 3999 με
2803 3929 3104 4001 βιαιότερον
3158 3931 3419 4002 ίστορίας.
3486 3931 3704 3996 Ἔξεστι
3737 3934 3852 4003 γὰρ

2271 4021 2449 4074 πάντα
2473 4019 2598 4073 καθ’
2624 4021 2859 4075 ἕκαστον
2885 4021 3275 4088 ἀναλέξασθαι,
3323 4024 3416 4076 καὶ
3444 4022 3564 4076 νοῦν
3597 4027 3695 4078 καὶ
3722 4042 3853 4079 σκοο

2270 4112 2372 4166 πὸν
2408 4113 2501 4164 καὶ
2533 4111 2736 4183 πρᾶξιν
2779 4100 2875 4166 καὶ
2918 4114 3077 4182 λόγον
3131 4116 3226 4168 καὶ
3260 4118 3459 4179 κακίας
3483 4114 3718 4185 δύναμιν
3752 4118 3854 4171 καὶ

2269 4202 2405 4257 Θεοῦ
2446 4205 2838 4276 μακροθυμίαν
2860 4208 2956 4259 καὶ
2987 4206 3044 4259 εῐ
3062 4224 3114 4260 τι
3142 4206 3405 4271 τοιοῦτον,
3441 4206 3492 4261 εί
3523 4225 3608 4270 τις
3632 4208 3855 4261 ἐπιέναι

2271 4293 2515 4364 βούλοιτο
2547 4295 2637 4350 τόν
2665 4313 2724 4349 τε
2753 4297 3041 4369 γενόμενον
3068 4298 3331 4370 πρότερον
3360 4301 3450 4352 ἐπὶ
3476 4300 3539 4370 τῇ
3570 4300 3679 4353 τῶν
3710 4301 3855 4355 νέων

597 4386 716 4423 runt
742 4372 1166 4440 deprehensioni
1198 4374 1489 4430 manifesto
1512 4378 1667 4448 signo
1691 4390 2077 4451 coargutorum
2109 4384 2165 4438 in

2272 4386 2642 4441 Μασαλιανῶν
2662 4387 2885 4442 ἐκείνων
2921 4389 3017 4442 καὶ
3049 4389 3359 4460 Βογομίλων
3396 4392 3606 4461 εὑρέσει
3632 4410 3854 4463 προφα-

547 4485 557 4495 -
594 4461 780 4515 divino
813 4468 1019 4526 monte,
1057 4479 1292 4533 quorum
1326 4467 1416 4520 alii
1444 4469 1694 4540 castigati
1722 4481 1872 4539 sunt,
1905 4473 1998 4527 alii
2035 4475 2162 4530 inde

588 4554 824 4624 expulsi,
856 4563 912 4609 et
945 4556 1106 4610 simul
1158 4558 1461 4613 secundum
1490 4560 1638 4617 hunc
1670 4564 1808 4619 vidit
1837 4565 1891 4620 in
1929 4582 2163 4637 coargu-

591 4648 741 4701 tione
775 4646 1008 4717 Scorpii,
1041 4660 1239 4721 prazter
1284 4667 1468 4706 rerum
1509 4657 1966 4712 consuetudinem
1997 4659 2164 4712 mira—

587 4737 712 4792 cula
761 4751 1014 4808 patrante
1061 4743 1174 4797 Deo
1206 4742 1271 4796 ad
1312 4745 1480 4813 primi
1508 4745 1657 4801 illius
1692 4748 1933 4803 hominis
1963 4750 2162 4804 conﬁr-

590 4827 910 4881 mationem.
942 4830 1261 4899 Expositum
1308 4841 1392 4886 est
1425 4833 1571 4887 enim
1604 4836 1671 4889 de
1704 4846 1936 4907 utroque
1967 4840 2021 4893 in
2055 4839 2161 4896 ﬁne

591 4919 875 4984 praesentis
923 4919 1087 4990 hujus
1133 4920 1281 4984 libri,
1330 4922 1630 4977 Romanam
1667 4924 1950 4981 historiam
2003 4945 2163 4984 enar-

592 5010 785 5063 rantis.
816 5010 930 5064 Non
964 5012 1111 5064 enim
1150 5012 1520 5081 judicavimus
1555 5031 1693 5083 Oplls
1723 5034 1868 5083 esse,
1898 5019 1951 5073 in
1995 5021 2157 5076 aliam

591 5098 712 5153 illos
745 5101 1039 5155 transferre
1064 5103 1436 5158 narrationem
1471 5122 1486 5159 :
1522 5107 1616 5161 sed
1650 5123 1750 5177 par
1781 5119 1918 5177 erat,
1946 5127 2065 5166 esse
2101 5112 2157 5167 in

589 5192 933 5245 orationibus
955 5194 1121 5246 etiam
1158 5192 1273 5248 haec
1310 5197 1552 5251 membra
1580 5208 1637 5253 et
1673 5200 1879 5267 incisa;
1910 5213 1963 5257 et
1995 5215 2157 5259 natu-

556 5288 704 5335 ‘ram
753 5284 1149 5337 sententiarum
1205 5285 1628 5356 immutabilem,
1671 5302 1730 5346 ut
1765 5309 1824 5348 se
1859 5294 2154 5363 habebant,

587 5373 715 5428 inde
756 5377 958 5443 egressi
1013 5376 1426 5446 descripsimus,
1478 5396 1544 5436 ne
1604 5382 2154 5456 interrumperemur,

588 5465 689 5518 nisi
726 5465 885 5533 262
916 5466 1062 5534 quod
1108 5484 1274 5524 unum
1323 5479 1531 5526 tantum
1583 5474 2003 5544 signiﬁcandum
2051 5480 2156 5535 fuit

586 5559 710 5619 hoc,
750 5557 851 5611 sub
893 5560 1124 5616 testibus
1162 5564 1268 5618 illis
1301 5565 1647 5624 edul‘essione
1684 5568 1798 5625 lucc
1838 5571 1998 5639 facta,
2029 5590 2154 5631 ιιιοΧ

582 5650 864 5706 exhalasse
914 5654 1150 5708 animam
1202 5656 1374 5723 illum,
1423 5668 1481 5714 ut
1526 5662 1687 5717 etiam
1738 5664 2058 5737 sull‘ragium
2097 5670 2153 5724 in

2270 4481 2377 4544 νὼς
2405 4480 2765 4551 ἐλεγχθέντων
2797 4481 2888 4534 ἐπὶ
2921 4481 3017 4534 τοῦ
3073 4481 3216 4536 θείου
3251 4483 3413 4554 ὅρους
3467 4485 3562 4538 καὶ
3584 4486 3696 4539 τῶν
3749 4489 3852 4555 μὲν

2272 4568 2664 4638 κολασθέντων,
2688 4570 2821 4621 θεῶν’
2844 4569 2889 4621 δ’
2938 4568 3285 4636 ὲξωσθέντων
3320 4574 3545 4637 ἐκεῖθεν,
3589 4580 3685 4628 καὶ
3726 4578 3853 4647 ἅμα

2268 4663 2362 4714 τὸν
2391 4662 2639 4732 δεύτερον
2670 4662 2859 4716 τοῦτον
2889 4662 2953 4734 δὴ
2978 4666 3069 4715 τὸν
3093 4665 3187 4719 ἐπὶ
3209 4666 3285 4735 τῷ
3315 4666 3530 4737 ἐλεγμῷ
3552 4667 3647 4720 τοῦ
3673 4668 3855 4740 Σκορ‹

2270 4752 2396 4805 πίου
2432 4754 2783 4824 παραδόξεως
2834 4756 3218 4825 ἐπισυμὸἀντα
3252 4757 3853 4831 θαυματουργήσαντος

2267 4843 2358 4898 τοῦ
2382 4844 2519 4898 Θεοῦ
2554 4847 2690 4915 πρὸς
2714 4845 2812 4918 τὴν
2836 4845 2930 4899 τοῦ
2956 4848 3173 4916 πρώτου
3200 4848 3511 4917 βεόαίωσιν.
3546 4852 3852 4908 Ἐκτέθειν-

2265 4951 2355 4988 ται
2384 4937 2492 5006 γὰρ
2520 4937 2816 5007 ἀμφότεροι
2842 4941 2900 4990 ἐν
2920 4939 3000 5008 τῷ
3038 4941 3174 4995 τέλει
3197 4943 3295 5012 τῆς
3334 4943 3611 5013 παρούσης
3638 4948 3853 5015 ἡμετέ-

2270 5051 2366 5103 ρας
2399 5033 2606 5102 ptem,
2635 5036 2699 5105 gi)
2751 5038 2851 5106 τὴν
2896 5038 3211 5110 Ῥωμαϊκὴν
3262 5042 3513 5108 διέξεισιν
3555 5044 3808 5112 ἱστορίαν
3833 5063 3849 5077 ·

2266 5126 2327 5177 οὐ
2352 5127 2460 5195 γὰρ
2487 5127 2785 5197 ἐκρίναμεν
2812 5126 2926 5181 δέον
2941 5131 3021 5192 είς
3051 5132 3243 5201 ἑτέραν
3269 5134 3508 5196 ἐκείνους
3540 5137 3856 5207 μεταποιῆ-

2269 5232 2358 5268 σαι
2394 5210 2614 5284 φράσιν,
2645 5216 2759 5269 ἀλλ’
2804 5214 2946 5273 εἶναι
2994 5222 3137 5274 κατά
3180 5224 3278 5285 τὰς
3311 5224 3484 5291 λέξεις
3527 5225 3621 5279 καὶ
3654 5225 3726 5280 τά
3784 5245 3853 5294 γε

2266 5307 2413 5359 κῶλα
2433 5311 2528 5364 καὶ
2555 5309 2818 5380 κόμματα
2849 5314 2943 5365 καὶ
2968 5314 3037 5367 τὰ
3088 5313 3195 5386 ήθη
3225 5317 3331 5369 τῶν
3380 5318 3595 5372 ἐννοιῶν
3628 5321 3854 5389 ἀμετα-

2265 5402 2543 5471 ποιήτους,
2569 5403 2644 5465 ὡς
2668 5404 2824 5475 ἔσχον
2855 5407 3062 5462 ἐκεῖθεν
3091 5408 3428 5479 ἐληλυθότες,
3458 5410 3550 5464 τοῦ
3581 5414 3855 5489 astant;-

2261 5509 2358 5546 του
2391 5496 2574 5568 χάριν.
2610 5497 2759 5571 Πλὴν
2781 5498 2841 5554 ἓν
2873 5499 3032 5570 μόνον
3062 5503 3395 5570 σημειωτέον
3424 5506 3592 5581 τουτὶ,
3622 5506 3701 5571 ὡς
3734 5509 3854 5565 ὑπὸ

2266 5584 2537 5655 μάρτυσιν
2561 5589 2791 5656 ἐκείνοις
2812 5590 2909 5658 τὴν
2938 5592 3292 5665 ὲξαγόρευσιν
3320 5596 3686 5667 ποιησάμενος
3714 5617 3856 5656 ταυ-

2262 5678 2383 5748 τηνὶ
2410 5681 2525 5748 μετ’
2550 5680 2730 5751 ὀλίγον
2745 5682 3162 5752 ἐξέπνευσεν,ὡς
3184 5687 3277 5742 καὶ
3296 5687 3475 5759 ψῆφον
3493 5690 3854 5763 ἐξενηνέχθαι
