3994 6204
199 327 298 386 32'.)

1223 311 1662 374 ῘῖΥΖΑΝΤΖΝΕ
1701 307 2082 368 HISTORIE
2125 305 2265 365 [ιιι.
2317 304 2529 364 XXIX.

3339 311 3449 375 230

199 443 332 498 τέως
357 434 438 500 οἷς
473 439 588 491 ἐκεῖ
635 436 1016 506 συνετωτέροις
1079 431 1220 487 εἶναι
1269 433 1555 501 τετύχηκε,
1603 431 1678 502 μὴ
1702 429 1768 484 δι’

1879 429 2051 482 lucem
2089 437 2202 482 tum
2235 429 2305 482 sit
2333 427 2400 481 iis
2427 435 2787 498 protractum,
2822 427 3021 496 quibus
3055 429 3450 500 intelligentio-

201 529 324 582 ἄλλο
361 543 416 579 τι
439 528 540 586 τὰς
576 525 758 595 βιαίας
786 524 916 592 γοῦν
961 523 1164 586 ταύτας
1199 523 1294 574 καὶ
1331 521 1646 582 τελευταίας
1675 537 1774 572 τα·-

209 619 496 688 μιευθῆναι
541 617 850 686 τάνθρώπῳ
907 615 1076 676 πνοὰς
1123 615 1258 684 πρὺς
1307 613 1501 682 Θεοῦἢ
1535 613 1622 665 διὰ
1675 611 1776 677 τὴν

205 709 310 763 τῶν
345 707 622 780 ῥηθέντων
649 707 1022 774 ὲξαγόρευσιν.
1057 707 1246 774 Ὅμως
1276 705 1460 768 ἐπειδὴ
1485 706 1582 756 καῖ
1607 707 1632 756 ό
1655 703 1774 755 δεύ-

205 815 356 866 τερος
377 791 532 859 οὗτος
559 799 754 849 νεωστὶ
785 797 1068 866 γενόμενος
1094 797 1262 864 τόμος
1293 795 1566 864 ἐληλυθὼς
1599 797 1662 846 ἐκ
1682 795 1774 847 τοῦ

203 891 358 958 ὅρους
393 889 472 951 εις
521 891 758 958 ἐπήκοον
807 887 1092 958 Καλλίστῳ
1125 903 1182 938 τε
1221 885 1534 956 ἀνεγνώσθη
1567 884 1642 954 τῷ
1672 901 1772 936 πα-

205 981 440 1050 τριὰςοχῃ
483 982 572 1032 καὶ
603 983 712 1041 τοῖς
741 980 878 1050 ἀμφ’
908 981 1070 1032 αὐτὸν
1103 979 1446 1042 ἐπισκόποις,
1497 980 1578 1038 εἰς
1607 977 1774 1048 ὀργὴν

207 1067 358 1132 αὖθις
391 1073 576 1140 ἤγειρε
607 1071 696 1124 τὸν
718 1073 1066 1141 πατριάρχην
1083 1075 1174 1122 καὶ
1204 1071 1486 1140 ἄπρακτος
1523 1071 1774 1139 ἀπεπέμ·

205 1161 328 1230 φοη.
357 1161 470 1214 τῶν
519 1164 658 1230 ἀμφ’
707 1165 872 1215 αὑτὸν
903 1163 1220 1216 ἐπισκόπων
1249 1162 1402 1214 οὐδὲν
1449 1163 1770 1232 εἰρηκότων,

201 1255 334 1307 ἀλλὰ
371 1255 434 1326 [ι.
465 1256 566 1308 1⁸50
597 1255 675 1326 υ.]
701 1259 908 1322 κωφοῖς
960 1255 1276 1324 ἑοικότωνῆ
1310 1255 1478 1318 λίθοις
1511 1255 1772 1326 ἀναισθή-

201 1365 330 1410 τοις,
369 1349 544 1400 εἰπεῖν
589 1349 952 1417 οίκειότερον”
985 1347 1130 1401 οὕτω
1186 1347 1632 1418 βοσκηματώδεις
1667 1351 1773 1402 εἰσὶ

203 1437 286 1488 καὶ
319 1439 518 1489 παισὶν
553 1439 814 1508 ἀθύρουσι
845 1440 968 1492 λίαν
991 1439 1274 1510 ἐπίχαρτοι
1302 1439 1690 1508 προσηκόντως
1722 1443 1772 1494 οἱ

204 1527 288 1579 νῦν
327 1529 442 1582 τῶν
479 1530 638 1600 ἱερῶν
677 1531 975 1600 καθήμενοι
1029 1531 1312 1599 δογμάτων
1353 1531 1560 1600 κριταί.
1607 1531 1772 1583 Ἀλλὰ

201 1621 404 1672 τούτων
451 1621 552 1690 μὲν
599 1621 718 1684 an;
775 1624 1052 1692 είρήσεται
1105 1622 1162 1676 δὲ
1199 1624 1340 1675 κατὰ
1377 1623 1563 1693 χώραν
1597 1624 1768 1678 ίοῦσιν

203 1711 290 1764 ίσα
319 1713 731 1782 ἐπηκολούθησε
781 1715 952 1784 σφίσι.
1001 1715 1114 1769 Νῦν
1148 1715 1191 1768 δ’
1225 1719 1400 1770 ἐκεῖνο
1427 1717 1772 1786 ἐπαναλήψο-

209 1821 316 1870 μαι.

265 1977 394 2032 ΚΖ¹.
436 1981 694 2049 Ἀφίκετό
725 2000 810 2040 τις
859 1985 926 2036 ἐκ
975 1985 1224 2036 Λατίνιον
1267 1983 1570 2048 ἐπίσκοπος
1613 1987 1770 2057 παρὰ

209 2073 444 2140 βασιλέα,
493 2076 747 2146 Ἰωάννην
809 2077 954 2146 φημὶ
997 2077 1092 2130 τὸν
1149 2077 1534 2144 Παλαιολόγον,
1587 2078 1770 2146 φιλίας

209 2167 354 2218 ἕνεκα
381 2169 868 2238 προϋπαρχούσης,
909 2171 1100 2236 σοφίας
1151 2169 1414 2240 ἔμπειρος
1449 2171 1620 2238 ὁπόση
1678 2173 1772 2222 καὶ

209 2259 280 2310 οἷα
297 2258 396 2328 τὴν
424 2260 536 2310 τῶν
577 2262 830 2314 Λατίνων
855 2263 1156 2315 οίκειοῦται
1193 2263 1392 2333 σχολὴν
1422 2265 1482 2316 ὲν
1505 2265 1767 2333 δογματι-

213 2351 314 2410 καῖς
337 2351 452 2401 τῶν
485 2352 646 2404 θείων
681 2355 1028 2423 γραμμάτων
1081 2355 1406 2424 διατριόαῖς.
1448 2355 1696 2422 Ἔφασκε
1725 2355 1769 2407 δ’

219 2445 264 2494 tv
289 2447 404 2506 ταῖς
435 2447 564 2496 καθ’
585 2446 798 2514 ἡμέραν
845 2447 1084 2516 ὁμιλίαις
1115 2447 1192 2516 τῷ
1220 2463 1279 2498 τε
1322 2447 1528 2515 βασιλεῖ
1571 2447 1664 2499 καὶ
1689 2443 1772 2509 οἷς

223 2533 526 2602 iusto-gave
559 2535 886 2604 σοφωτέροις
919 2534 1024 2604 ἰδίᾳ
1057 2537 1150 2585 καὶ
1170 2535 1233 2602 δη
1244 2537 1432 2602 posta.
1453 2533 1622 2586 πολύν
1649 2549 1770 2584 τινα

223 2626 438 2692 γίνεσθαι
491 2627 654 2694 λόγον
702 2628 852 2698 παρὰ
899 2627 1150 2686 Λατίνοις
1195 2627 1324 2694 περὶ
1368 2625 1470 2693 τῆς
1499 2624 1770 2694 βασιλίδος

229 2719 400 2786 ταύτης
429 2720 544 2771 τῶν
571 2719 780 2772 πόλεων
799 2719 896 2772 καὶ
930 2721 1044 2772 ὅσοι
1069 2721 1176 2770 τῶν
1197 2717 1496 2786 οίκητόρων
1527 2714 1772 2776 παιδείας

235 2807 626 2870 ίιντιποιοῦνται,
657 2807 728 2860 τά
753 2823 812 2858 τε
845 2807 984 2860 ἄλλα
1019 2807 1114 2858 καὶ
1139 2807 1283 2866 ὅπως
1327 2802 1536 2856 ἄνωθεν
1561 2803 1648 2854 ἀεὶ
1673 2803 1771 2871 ρᾳ-

229 2897 332 2962 δίως
361 2899 734 2962 ἐξαπατᾶσθαι
769 2897 1032 2952 εἰώθεσαν
1083 2899 1178 2950 καὶ
1209 2896 1390 2952 ἄλλος*
1415 2895 1605 2955 ἄλλαις
1625 2892 1773 2962 αἱρέ-

225 3007 316 3042 σεσι
369 2997 466 3045 καὶ
515 2993 806 3060 δογμάτων
855 2995 1228 3058 καινοτομίαις
1293 2983 1772 3056 ἑκκλησιαστικῶν

1881 517 2034 572 ribus
2063 533 2183 571 esse
2215 519 2461 586 contigit,
2489 533 2557 570 ne
2589 529 2812 586 propter
2838 517 2986 571 aliud
3018 519 3150 588 quid
3182 519 3449 576 violentos

1881 607 1978 660 lios
2009 621 2062 664 et
2095 609 2318 664 ultimos
2353 611 2532 678 parari
2581 610 2788 663 homini
2834 612 3058 680 spiritus
3095 613 3387 668 credamus
3419 629 3450 668 α

1881 701 2010 764 Deo,
2061 717 2224 770 quam
2265 711 2322 752 ut
2354 717 2417 756 ea
2475 715 2595 770 quae
2644 702 2784 756 dicta
2841 711 2987 766 S'inl,
3043 707 3446 772 pronuntiaret.

1880 798 2130 846 Altamen
2183 803 2468 862 postquam
2504 795 2669 848 etiam
2707 797 2985 850 secundus
3019 797 3107 850 hic
3139 813 3318 866 nuper
3349 799 3450 851 ad-

1879 887 2036 940 venit
2065 896 2247 940 tomus
2275 901 2340 940 ex
2375 895 2582 951 monte,
2615 898 2670 941 et
2696 887 2840 942 unde
2871 889 3050 942 audiri
3085 899 3290 958 posset,
3321 889 3452 944 Cal-

1875 977 2006 1032 listo
2041 980 2305 1032 recitatos
2344 989 2428 1032 est
2457 979 2780 1048 patriarebze
2809 989 2865 1034 et
2899 979 2965 1034 iis
3002 981 3094 1048 qui
3137 983 3278 1034 circa
3321 999 3450 1036 cum

1877 1075 2034 1120 erant
2055 1069 2349 1136 episcopis,
2371 1069 2424 1122 in
2449 1069 2582 1122 iram
2607 1085 2800 1123 rursus
2822 1071 3057 1138 mtijecit
3081 1071 3450 1142 patriarcltam

1877 1169 1930 1210 et
1965 1159 2168 1212 infecta
2201 1173 2256 1210 re
2299 1159 2561 1214 dimissus
2597 1171 2702 1224 est,
2740 1162 3015 1230 episcopis
3061 1179 3201 1232 quos
3258 1179 3446 1217 secum

1875 1249 2112 1304 habebat
2169 1255 2500 1318 tacentibus,
2541 1256 2630 1308 sed
2667 1265 2946 1308 mutorum
3003 1257 3288 1310 hominum
3325 1273 3449 1327 spe-

1875 1339 2015 1392 ciem
2053 1341 2420 1396 referentibus
2447 1351 2498 1394 cl
2523 1343 2766 1411 lapidum
2797 1361 2958 1398 sensu
2994 1347 3320 1410 carentium,
3352 1348 3448 1416 qtti

1877 1445 1983 1482 non
2019 1444 2250 1498 possunt
2287 1433 2430 1502 quod
2461 1445 2647 1502 aptum
2692 1435 2762 1488 sit
2795 1436 2999 1490 dicere.
3049 1439 3124 1490 ita
3159 1437 3448 1504 pecoribus

1876 1523 2086 1577 similes
2163 1535 2292 1579 sunt
2374 1535 2429 1580 et
2515 1527 2888 1596 petulantibus
2964 1529 3148 1598 pueris
3209 1529 3449 1586 ludibrio

1875 1617 2075 1670 merito
2109 1617 2146 1670 ii
2198 1617 2289 1687 qui
2341 1633 2486 1672 nunc
2534 1635 2818 1673 sacrorum
2880 1621 3198 1692 dogmatum
3248 1623 3446 1680 sedent

1871 1707 2105 1776 judices.
2135 1709 2242 1764 Sed
2279 1711 2346 1764 de
2385 1711 2471 1766 his
2529 1713 2679 1778 satis.
2742 1713 3076 1768 Narrabitur
3132 1723 3311 1768 autem
3348 1731 3449 1770 suo

1803 1775 2130 1870 Btempore
2165 1819 2227 1856 ac
2287 1805 2408 1856 loco
2467 1805 2730 1873 quidnam
2791 1807 3096 1862 viatoribus
3161 1809 3447 1864 acciderit.

1875 1891 2034 1944 Nunc
2059 1892 2192 1944 illud
2228 1909 2427 1946 rursus
2455 1895 2742 1964 attingam.

1947 1983 2485 2038 XXVII.Advenet-at
2519 1988 2717 2056 aliquis
2751 2004 2812 2042 ex
2837 1988 3157 2043 Latinorum
3173 1989 3448 2059 episcopis

1875 2069 1940 2126 ad
1977 2075 2770 2148 imp..loannemPalzeologutn
2815 2081 2959 2142 dico,
2991 2089 3215 2150 propter
3259 2082 3450 2138 amici-

1877 2170 2264 2237 tiamquzejam
2291 2179 2416 2224 ante
2445 2171 2586 2226 inter
2603 2185 2698 2225 eos
2721 2175 3130 2227 intercesserat.
3153 2173 3447 2242 Sapientiae

1875 2279 2078 2334 gnarus
2105 2263 2192 2315 hic
2221 2271 2360 2324 erat,
2379 2273 2582 2330 quanta
2601 2271 2656 2316 ct
2689 2263 2834 2331 quali
2857 2262 3174 2317 Latinorum
3203 2279 3236 2319 ν
3261 2279 3449 2320 rorum

1875 2351 2164 2406 doctorum
2200 2350 2385 2404 schola
2418 2359 2647 2404 ornatur
2689 2351 2744 2404 in
2780 2351 3103 2422 doguxaticis
3129 2353 3446 2410 litterarum

1875 2442 2186 2496 divinarum
2217 2443 2640 2511 qumstionibus.
2663 2443 2957 2497 Dictitabat
2983 2453 3166 2498 autem
3188 2443 3241 2498 in
3264 2447 3452 2514 quoti-

1876 2535 2058 2588 dianis
2087 2535 2440 2590 sermonibus
2473 2543 2529 2589 et
2557 2535 2874 2604 imperatori
2897 2545 2952 2589 et
2984 2535 3028 2588 si
3061 2537 3154 2608 qtti
3191 2537 3330 2590 forte
3366 2551 3452 2592 sa-

1875 2625 2174 2693 pientiores
2193 2625 2352 2694 263
2375 2628 2803 2694 erantlprirzttitn
2828 2627 3132 2692 etpublicc.
3155 2627 3298 2696 apud
3313 2625 3453 2682 Lali-

1875 2729 1976 2766 nos
1993 2713 2310 2782 frequentes
2329 2713 2512 2767 haberi
2531 2715 2807 2768 orationes
2823 2716 2889 2770 de
2911 2718 3090 2785 regina
3111 2717 3208 2770 hac
3233 2719 3450 2770 urbium

1875 2815 1930 2860 et
1961 2813 2229 2874 quotquot
2259 2807 2556 2860 incolarum
2587 2806 2882 2861 eruditioni
2909 2808 3289 2870 adversantur,
3321 2824 3446 2863 cum

1877 2899 1932 2953 in
1959 2901 2194 2963 caneris,
2231 2905 2344 2952 tum
2381 2899 2658 2968 quomodo
2707 2899 2973 2954 divinitus
3022 2915 3238 2972 semper
3290 2903 3452 2957 facile

1879 2991 1992 3046 falli
2023 2992 2273 3046 consueti
2305 3001 2488 3054 erant,
2521 3001 2574 3046 et
2607 2993 2730 3049 aliis
2764 2993 2892 3046 alibi
2929 2993 3452 3064 htercsibusietdog-

221 3083 536 3148 ὑπείκουσιν,
561 3085 638 3148 ὡς
665 3084 842 3152 φύλλα
869 3085 1100 3153 δένδρων
1129 3082 1348 3149 ἀνέμοις
1378 3076 1770 3149 μεταρριπιξό·

1881 3093 2088 3137 matum
2117 3084 2505 3137 novationibus
2530 3085 3028 3140 ecclesiasticorum
3057 3083 3363 3154 indulgent,
3390 3095 3450 3139 nt

219 3195 330 3244 μενα
382 3179 548 3230 πᾶσι.
615 3197 636 3229 ι
671 3177 780 3230 Καὶ
815 3177 908 3230 νῦν
936 3177 982 3229 δ’
1009 3177 1106 3244 οὐχ
1151 3170 1314 3246 ἦττον
1355 3171 1624 3238 Παλαμᾶν
1652 3184 1774 3220 τινα

213 3271 360 3338 ὄνομα
415 3269 610 3332 νόθους
659 3267 1025 3336 καινοφωνίας
1063 3268 1378 3333 εἰσαγαγεῖν
1441 3261 1776 3332 ὴκηκόειμεν

211 3363 326 3414 κατὰ
339 3360 460 3414 τῶν
491 3361 654 3413 θείων
681 3361 986 3430 δογμάτων.
1014 3355 1166 3412 Εἶναι
1192 3359 1240 3410 δ’
1261 3358 1322 3410 οὐ
1357 3355 1515 3425 μόνον
1542 3351 1774 3423 αἰσχρὰς

207 3459 288 3518 τὰς
305 3456 574 3518 τοιαύτας
601 3453 987 3520 καιιιοφωνίας,
1019 3452 1154 3504 ἀλλὰ
1207 3452 1302 3504 καὶ
1334 3447 1630 3510 πολυειδεῖς
1680 3445 1776 3500 καὶ

207 3547 372 3618 μωρίᾳ
407 3545 865 3614 συγκεκραμένας
895 3543 1180 3596 πολυειδεῖ.
1225 3541 1314 3604 Ὠς
1355 3535 1516 3604 εἶναι,
1547 3537 1628 3598 οἷς
1647 3529 1774 3590 τού-

205 3655 267 3708 τῳ
295 3637 662 3692 συνίστασθαι
707 3636 1064 3708 περιγίνεται,
1126 3635 1355 3704 μακροῖς
1402 3650 1514 3686 τισι
1553 3633 1772 3701 μέτροις

207 3730 580 3798 κατεγνῶσθαι
617 3731 815 3800 μᾶλλον
843 3729 876 3798 ἢ
905 3728 1176 3796 Σαόελλίῳ
1219 3744 1274 3779 τε
1307 3728 1402 3780 καὶ
1453 3725 1648 3792 Ἀρείῳ
1679 3725 1774 3777 καὶ

207 3825 300 3875 ὅσοι
327 3825 463 3892 κατ’
495 3821 758 3890 Εὐνόμιον
787 3821 880 3875 καὶ
907 3819 1201 3890 Νεστάριον
1233 3819 1326 3870 καὶ
1366 3816 1774 3884 Ἀπολλινάριον

207 3910 296 3968 εἶεν
321 3912 786 3984 συνηγοροῦντες.
805 3912 1082 3981 Σύμφωνα
1111 3911 1210 3978 μὲν
1234 3913 1343 3977 γὰρ
1371 3909 1666 3972 κάκείνοις,
1697 3907 1774 3968 ὡς

205 4007 490 4074 ἔγνωσται,
526 4005 844 4074 φθέγγεται,
877 4003 1155 4072 διαφόροις
1189 4003 1234 4056 δ’
1255 4003 1349 4054 οὖν
1373 4004 1466 4054 καὶ
1496 4001 1774 4054 ἀτοπωτέ-

205 4119 304 4169 ροις
359 4099 701 4166 ὑπερϐολαῖς
743 4097 1212 4168 παραλλάττοντα.
1251 4097 1360 4147 Καὶ
1407 4095 1468 4146 τό
1497 4111 1556 4162 γε
1593 4111 1776 4164 παρα-

203 4193 546 4260 λογώτατον·
603 4191 712 4258 ὅπη
764 4189 954 4240 τοῦτον
1012 4189 1248 4256 μάλιστα
1285 4187 1501 4239 πάντων
1551 4187 1775 4238 ἐκείνων

203 4287 352 4356 ἐχρῆν
371 4283 766 4352 αἰσχύνεσθαι,
799 4275 874 4334 ὧν
905 4283 1022 4342 ταῖς
1046 4278 1376 4345 ὑπερϐολαῖς
1405 4276 1512 4328 τῶν
1537 4275 1778 4346 βλασφη-

205 4381 332 4447 μιῶν
391 4379 726 4447 ὑπερέσχεν,
771 4377 798 4427 ὁ
843 4375 900 4426 δὲ
937 4375 1031 4424 καὶ
1068 4373 1204 4441 πρὸς
1238 4372 1544 4438 δικαίωσιν,
1581 4367 1773 4420 ἑαυτοῦ

1880 3177 2138 3232 arborum
2173 3177 2302 3231 folia
2336 3177 2813 3246 \‘entisjactantur
2840 3179 3121 3232 omnibus.
3168 3197 3185 3222 α
3209 3175 3272 3230 Et
3306 3193 3450 3232 nunc

1878 3285 1988 3325 non
2021 3273 2203 3325 minus
2223 3271 2498 3324 Palamam
2533 3273 2826 3339 quemdam
2861 3273 3082 3324 nomine
3114 3269 3454 3323 adulterinas

1879 3364 2210 3418 mutationes
2241 3363 2444 3416 inferre
2471 3363 2857 3416 audiveramus
2889 3363 3198 3416 divinorum
3232 3365 3456 3430 dogma-

1879 3467 2017 3510 tum.
2045 3455 2178 3508 Esse
2211 3471 2318 3508 non
2363 3455 2542 3508 solum
2580 3453 2930 3521 turpissimas
2963 3453 3060 3506 has
3091 3455 3451 3516 mutationes,

1877 3542 1974 3596 sed
2001 3542 2168 3596 etiam
2197 3541 2522 3596 multifarias
2547 3551 2602 3596 et
2630 3557 2696 3595 ex
2723 3542 2950 3596 insania:
2975 3543 3284 3598 colluvione
3312 3545 3454 3598 mul-

1877 3631 2079 3686 tiformi
2107 3641 2415 3692 concretas.
2449 3641 2508 3685 ut
2539 3647 2729 3686 verum
2762 3632 2852 3695 sit.
2887 3649 3007 3701 qua:
3057 3633 3184 3689 bsic
3229 3649 3452 3703 compn-

1877 3740 2010 3779 nere
2039 3725 2270 3796 contigit
2305 3727 2492 3779 tnultis
2527 3727 2852 3795 quibusdam
2883 3727 3082 3791 modis,
3119 3731 3296 3792 μιγεὶς
3329 3743 3450 3796 qua:

1877 3815 2212 3871 damnentur
2239 3817 2400 3886 digna
2427 3833 2549 3872 esse
2595 3835 2758 3888 quam
2785 3829 2906 3888 qua:
2949 3827 3044 3870 aut
3089 3819 3328 3871 Sabellio
3357 3829 3451 3871 aut

1875 3911 2006 3965 Ario
2060 3919 2114 3964 et
2176 3911 2452 3974 omnibus,
2505 3911 2597 3980 qui
2661 3911 2928 3964 Eunomio
2983 3921 3037 3962 et
3093 3908 3344 3966 Nestorio
3396 3919 3452 3962 et

1877 4001 2214 4071 Apollinario
2241 4003 2352 4056 sint
2393 4003 2692 4070 astipulati.
2741 4001 2993 4058 Consona
3027 4005 3171 4054 enim
3211 4009 3356 4064 sunt,
3382 4009 3450 4052 ut

1878 4093 2156 4161 cognitum
2191 4101 2294 4155 est,
2323 4093 2488 4146 etiam
2525 4093 2668 4155 illis;
2723 4094 2959 4146 diversis
3013 4103 3194 4144 autent
3225 4103 3280 4145 et
3331 4091 3448 4144 ine-

1877 4183 2154 4256 ptioribus
2183 4185 2701 4254 exaggerationibns
2745 4185 2904 4254 plena
2943 4195 3000 4239 et
3045 4185 3446 4253 ineptissimum

1879 4277 2034 4338 illud,
2069 4277 2214 4346 quod
2249 4277 2398 4331 hunc
2429 4277 2664 4330 maxime
2689 4278 2934 4329 omnium
2966 4277 3184 4330 illorum
3219 4276 3454 4330 debebat

1881 4370 2111 4440 pudere,
2148 4385 2384 4438 quorum
2412 4367 2928 4438 exaggerationibus
2965 4369 3076 4437 ipsa
3124 4367 3294 4421 etiam
3324 4383 3458 4420 ron-

201 4475 288 4525 καὶ
311 4471 584 4541 φρούριον
614 4469 758 4534 μάλα
783 4465 1145 4536 προϐάλλεται
1177 4463 1394 4534 ἰσχυρὸν
1425 4463 1506 4513 ὅτι
1543 4459 1616 4529 μὴ
1648 4459 1774 4528 ὁμό·

1882 4464 2020 4518 vicia
2055 4463 2374 4532 superabat.
2411 4461 2509 4516 Hic
2537 4463 2698 4516 etiam
2729 4471 2788 4515 ut
2811 4463 3012 4530 justam
3065 4476 3278 4528 pomum
3309 4462 3454 4526 acci-

201 4581 346 4630 ςιωνα
419 4559 679 4624 καθάπαξ
722 4559 1016 4628 φθέγγεται
1053 4559 1224 4624 σιρίσι.
1285 4557 1393 4608 Καὶ
1423 4555 1502 4606 ὅτι
1541 4554 1639 4623 μὲν
1681 4553 1778 4620 οὐκ

201 4657 467 4724 ὁμόφωνα
485 4651 638 4704 ταῦτ’
669 4650 927 4712 ἐκείνοις,
958 4649 1075 4717 βοᾷ,
1105 4649 1184 4699 ὅτι
1219 4646 1272 4698 δὲ
1305 4647 1472 4716 χείρω
1510 4645 1780 4698 κάκείνων

207 4752 440 4817 μακροῖς
473 4763 581 4798 τισι
617 4745 860 4815 μέτροις,
887 4742 1036 4812 σιγᾷ,
1061 4739 1292 4803 παίζων,
1326 4739 1400 4800 ὼς
1423 4739 1488 4790 ἄν
1511 4755 1589 4798 τις
1621 4738 1776 4805 φαίη,

205 4844 258 4892 ἐν
282 4844 340 4893 οὐ
367 4843 648 4900 παικτοῖς.
677 4838 882 4890 Τοῦτον
929 4839 1109 4890 τοίνυν
1151 4837 1227 4894 είς
1263 4833 1386 4902 ὄψιν
1415 4831 1642 4900 ἀφῖχθαί
1690 4847 1780 4900 μοι

209 4935 504 5003 βουλοίμην
529 4933 614 4986 ἄν.
643 4933 702 4984 Εἰ
734 4933 826 4985 οὖν
859 4948 937 4983 σοι
977 4931 1072 4982 καὶ
1094 4929 1251 4997 ἡμῶν
1280 4928 1452 4996 μέλοι,
1483 4923 1544 4996 [Γ.
1579 4925 1674 4977 151
1706 4921 1780 4994 ι’.]

207 5031 278 5097 μὴ
307 5029 686 5098 ἄχθεσθαι,σῦ
719 5026 762 5077 δ’
795 5023 908 5078 ἀλλ’
941 5021 1128 5091 ἐντελῆ
1157 5039 1244 5090 μοι
1277 5021 1372 5091 τὴν
1396 5019 1626 5090 ζήτησιν
1647 5017 1780 5087 δρᾷν

205 5118 500 5188 προῦυμήθ
511 5135 588 5184 τιτι
603 5157 618 5170 .
663 5137 680 5167 ι

273 5387 418 5444 κη’.
447 5389 557 5459 Τὴν
589 5390 652 5456 δή
681 5389 934 5456 τοιαύτην
961 5387 1152 5456 ἔφεσιν
1197 5383 1290 5436 τοῦ
1323 5383 1555 5437 Λατίνου
1581 5405 1586 5410 ’
1611 5379 1778 5450 μηδὲν

207 5481 486 5550 μελλήσας
553 5485 580 5534 ό
628 5481 880 5550 βασιλεὺς
933 5481 986 5540 ἐς
1023 5481 1121 5548 τὴν
1165 5477 1460 5545 ὑστεραίαν
1497 5474 1656 5534 εὐθὺς
1689 5475 1780 5524 ὲκ-

205 5571 430 5641 πληροῐ,
454 5571 882 5640 παρεσκευακὼς
915 5569 1172 5638 ὁμιλῆσαι
1197 5567 1274 5635 τῷ
1309 5565 1562 5632 ιΙαλαμᾷ,
1587 5563 1678 5614 καὶ
1705 5555 1780 5613 ὧν

203 5659 356 5728 λέγει
399 5665 562 5716 αὑτὸν
616 5665 879 5732 αὑτήκοον
931 5659 1212 5730 γεγονέναι
1256 5657 1346 5709 τὸν
1379 5657 1628 5708 Λατῖνον.
1668 5653 1780 5722 Τῆς

201 5747 294 5807 οὖν
337 5753 558 5823 ὁμιλίας
609 5753 906 5824 γενομένης
945 5752 1141 5822 μικρὸν
1178 5751 1402 5810 διαστὰς
1435 5749 1525 5800 καὶ
1575 5745 1778 5798 ἀπολα·

1882 4565 2056 4625 pcret.
2091 4555 2144 4608 in
2175 4571 2454 4608 carcerem
2495 4571 2618 4608 cum
2665 4553 2714 4606 vi
2754 4555 3037 4622 conjectus
3069 4562 3154 4606 est
3211 4553 3451 4619 firmum,

1880 4663 1949 4701 ne
2001 4645 2405 4700 concordanter
2433 4645 2660 4697 omnino
2709 4643 2824 4696 hinc
2859 4653 3056 4694 sonent
3091 4658 3214 4694 cum
3249 4639 3357 4695 illis
3400 4651 3456 4695 et

1881 4736 2024 4804 quod
2055 4751 2160 4787 non
2191 4736 2242 4787 in
2275 4735 2510 4786 unisono
2541 4733 2654 4786 haec
2681 4747 2806 4786 cum
2838 4731 2942 4784 illis
2967 4734 3206 4784 clamant
3228 4741 3282 4784 et
3307 4732 3452 4798 quod

1883 4829 2065 4896 peiora
2107 4828 2268 4880 etiam
2297 4827 2404 4879 illis
2437 4825 2611 4892 longis
2643 4823 2970 4892 quibusdam
3005 4822 3250 4885 modum,
3285 4832 3454 4886 tacet,

1880 4919 2092 4986 jocnns.
2123 4929 2182 4973 ut
2221 4919 2404 4970 dicere
2441 4917 2641 4986 possis.
2690 4915 2788 4978 ibi,
2837 4915 2924 4969 ubi
2975 4915 3158 4968 nullus
3191 4915 3456 4984 essejoco

1881 5009 2037 5064 locus
2066 5011 2253 5064 debet.
2287 5011 2442 5064 l-lune
2475 5009 2640 5078 igitur
2673 5008 2724 5060 in
2754 5018 3036 5074 aspectum
3071 5007 3202 5058 lllllll
3235 5007 3458 5060 venisse

1883 5103 2116 5166 vellem;
2152 5103 2194 5155 si
2226 5117 2355 5170 ergo
2393 5101 2490 5154 tibi
2519 5100 2686 5154 etiam
2717 5114 2820 5153 nos
2842 5097 2994 5153 cordi
3031 5097 3194 5168 264
3217 5113 3282 5152 ae.
3311 5111 3459 5150 curre

1885 5210 2097 5254 sunms,
2137 5209 2202 5248 ne
2229 5209 2369 5262 :rgre
2397 5193 2476 5244 fer
2510 5199 2564 5244 et
2617 5192 2683 5244 de
2731 5190 2961 5256 reliquis
3009 5190 3277 5258 integram
3321 5188 3455 5242 mihi

1883 5299 2194 5354 pr0ponere
2225 5285 2582 5352 quit-stionem
2616 5285 2691 5337 sis
2719 5293 2964 5351 paratus.
3013 5300 3030 5332 ι

1955 5377 2191 5430 XXVIII.
2235 5377 2422 5428 Talem
2457 5376 2640 5444 itaque
2682 5375 2946 5443 impetum
2999 5371 3179 5426 Latini
3232 5371 3456 5424 minime

1885 5471 2176 5524 retardans
2234 5471 2561 5538 imperator,
2595 5469 2648 5520 in
2703 5475 2982 5534 posterum
3022 5466 3166 5519 diem
3216 5463 3452 5518 cilicium

1883 5563 2069 5631 explet
2096 5577 2278 5622 suum,
2310 5576 2368 5615 se
2399 5576 2597 5630 parans
2638 5561 2704 5613 ad
2738 5559 3161 5628 colloquendnm
3197 5571 3318 5610 cum
3351 5555 3451 5606 Pa-

1881 5655 2044 5716 lama,
2069 5654 2226 5722 cujus
2247 5651 2500 5720 colloquii
2525 5652 2656 5706 dicit
2682 5653 2858 5720 ipsum
2885 5651 3306 5705 auscultatorem
3333 5659 3454 5698 esse

1883 5745 2160 5800 Latinum.
2191 5744 2480 5813 Colloqnio
2527 5755 2712 5798 autem
2747 5743 2995 5796 instituto
3044 5755 3210 5808 prope
3239 5737 3454 5791 distans
