3994 6204
519 203 625 268 ’231

1722 197 2143 262 NICEPHORI
2181 198 2568 263 GREGOREE

3691 191 3807 272 232‘.

536 315 674 371 clad
708 330 767 372 se
798 314 1029 371 trabeas
1071 314 1329 387 privatim
1382 313 1784 384 imperatorem
1852 312 2104 375 Latinus.

2218 310 2330 366 σὼν
2357 312 2463 382 ίδίᾳ
2488 314 2582 368 τὸν
2630 312 2857 384 βασιλέα
2907 315 2937 368 ό
2974 290 3203 377 Λατῖνος
3231 313 3403 369 πολλὰ
3435 313 3534 386 μὲν
3560 316 3809 371 ἀκούειν

526 410 699 463 nndta
721 408 947 478 quidem
970 407 1104 462 dicit
1127 421 1185 461 se
1208 407 1522 476 loquentem
1544 404 1765 459 audisse
1800 404 2100 464 Palamam.

526 500 623 556 sed
656 510 865 555 temere
890 509 947 554 et
976 497 1140 553 modo
1166 498 1291 563 hoc,
1322 497 1490 551 modo
1508 495 1643 550 illud
1675 504 1731 550 et
1762 494 1958 550 eadem
1984 493 2103 549 haec

526 589 773 660 undique
801 588 1097 658 compilata
1131 597 1187 642 et
1209 603 1468 655 corrasa;
1504 595 1562 641 ut
1585 586 1872 642 videamur
1906 586 2105 641 incerti

524 696 667 743 esse,
697 690 883 734 utrum
912 680 1180 749 qualitate
1225 679 1445 742 borum,
1479 694 1546 732 an
1581 678 1888 748 quantitate
1930 677 2104 747 magis

524 773 592 827 ad
644 772 1059 842 perversitatem
1093 771 1344 825 stimulos
1392 770 1579 825 addat.
1616 770 1879 836 Quaesivit
1918 778 2103 854 autem

523 864 883 919 nihilominus
910 863 1128 917 Palama
1159 863 1477 932 disputante
1498 862 1665 918 etiam
1698 878 1936 923 mecum.
1971 877 2104 917 num

524 957 642 1025 ipse
696 965 883 1010 tacens
933 954 1112 1010 lactus
1159 971 1336 1009 essem
1392 954 1634 1010 auditor.
1695 953 1880 1021 Quare
1935 954 2103 1009 etiam

526 1047 791 1117 postridie
849 1063 1111 1104 vocansa
1144 1065 1271 1119 rege
1295 1048 1449 1103 venit
1503 1060 1558 1104 et
1590 1063 1674 1103 me
1730 1063 1900 1102 unum
1945 1061 1976 1102 e
2021 1047 2106 1118 ja—

524 1142 807 1196 ctantibus
859 1143 1201 1196 nobilitatem
1253 1142 1470 1210 generis
1526 1157 1759 1212 magnus
1825 1142 2104 1212 logotheta

524 1244 581 1288 et
625 1233 717 1287 vix
771 1249 859 1289 me
913 1233 1048 1288 dicit
1101 1235 1387 1289 consuetis
1421 1233 1619 1304 capitis
1678 1232 1888 1287 morbis
1940 1248 2103 1302 pror-

524 1338 619 1379 sus
676 1339 796 1378 esse
849 1324 1166 1378 liberatum.
1199 1324 1266 1377 Et
1315 1331 1605 1394 postquam
1672 1324 1925 1394 decipere
1977 1339 2102 1378 eum

524 1432 636 1471 non
663 1417 775 1487 jam
808 1415 1029 1479 licebat,
1064 1432 1299 1486 surgens
1352 1416 1485 1469 abii.
1527 1416 1697 1487 Cujus
1747 1416 1823 1470 rvi
1875 1416 2101 1483 gratiam

525 1508 755 1562 minime
811 1508 1059 1563 omnium
1105 1525 1285 1579 neque
1344 1509 1555 1564 sciebat
1587 1525 1767 1579 neque
1814 1525 2006 1564 revera
2046 1521 2106 1562 ut

525 1603 667 1656 scire
693 1602 933 1658 disceret
964 1619 1187 1674 operam
1214 1604 1405 1660 dabat.
1440 1606 1783 1674 Praeceperat
1809 1605 1958 1659 enim
2000 1605 2104 1661 He-

526 1697 646 1749 lena
681 1696 1028 1766 imperatrix,
1056 1712 1125 1752 ne
1148 1712 1177 1751 a
1204 1711 1291 1750 me
1314 1707 1441 1752 ante
1468 1706 1898 1767 cognosceretur
1914 1712 2101 1763 causa,

525 1804 625 1841 cur
657 1789 709 1841 in
759 1788 848 1857 jus
878 1798 1191 1850 vocaretur.
1247 1804 1316 1845 ne
1366 1804 1493 1844 cum
1541 1790 1726 1845 studio
1773 1801 2104 1846 maturarem

525 1880 819 1935 adventum
851 1890 908 1935 et
931 1880 1179 1950 quaedam
1206 1880 1501 1937 celebritas
1529 1882 1687 1937 ﬁeret
1717 1885 2106 1939 ostentationis

526 1975 885 2031 Palamiticae.
917 1974 1051 2029 Nam
1085 1991 1247 2045 quam
1279 1976 1349 2031 ob
1387 1990 1608 2032 causam
1631 1991 1733 2030 suo
1763 1975 1925 2047 265
1964 1977 2108 2046 patri

526 2066 933 2131 Cantacnzeno,
962 2067 1128 2122 enixe
1177 2067 1258 2122 sic
1303 2068 1472 2123 etiam
1504 2069 1756 2124 Palamas
1784 2068 2023 2122 instabat
2052 2076 2108 2122 et

527 2159 923 2214 adversabatur
989 2159 1320 2230 plerumque
1381 2162 1633 2231 conjugis
1703 2164 1992 2216 sententias
2049 2161 2106 2216 in

527 2252 790 2306 omnibus
821 2252 1010 2317 rebus,
1044 2251 1111 2305 ad
1158 2268 1297 2323 quas
1333 2253 1487 2308 illum
1533 2268 1633 2307 sua
1684 2252 1856 2307 trahit
1895 2253 2106 2323 religio.

525 2343 715 2413 Nuper
764 2353 950 2398 autem
987 2345 1170 2398 aulam
1223 2345 1428 2416 regiam
1474 2344 1704 2400 intranti
1758 2343 1892 2398 mihi
1938 2344 2107 2397 etiam

527 2435 801 2490 Palamam
837 2434 911 2489 ibi
957 2435 1027 2489 ad
1061 2435 1471 2505 disputationes
1504 2433 1877 2490 instituendas
1921 2434 2109 2488 causi-

525 2528 745 2583 dentem
776 2527 978 2584 licebat
1010 2528 1222 2584 videre.
1256 2528 1347 2584 Sic
1373 2537 1553 2583 autem
1587 2527 1719 2581 mihi
1747 2526 1926 2596 capite
1957 2526 2110 2581 labo-

525 2618 673 2671 ranti
705 2618 871 2671 etiam
899 2629 956 2672 et
997 2634 1123 2673 cum
1172 2629 1280 2673 tam
1330 2619 1613 2689 inopinato
1645 2617 1967 2687 impeditum
2020 2633 2109 2674 me

525 2711 833 2765 certamine
884 2709 1155 2777 viderem,
1210 2712 1449 2781 primum
1498 2710 1721 2779 quidem
1784 2709 1968 2764 visum
2021 2719 2109 2767 est

525 2802 701 2857 satius
734 2817 854 2857 esse
900 2802 1127 2859 domum
1171 2803 1380 2858 tamdiu
1442 2802 1647 2869 redire,
1679 2803 1857 2860 donec
1891 2818 2106 2859 mecum

523 2906 745 2966 paratas
801 2895 925 2950 illas
976 2894 1112 2949 mibi
1166 2895 1553 2950 accusationes
1602 2905 1968 2966 reputassem.
2024 2895 2105 2951 Ne

2206 401 2313 473 ἔφη
2367 402 2621 471 λέγοντος
2654 403 2913 474 Παλαμᾶ.
2970 403 3148 473 μάτην
3193 402 3238 455 δ’
3299 398 3392 457 οὖν
3422 404 3514 457 καὶ
3558 406 3808 460 ἄλλοθεν

2206 495 2341 550 ἄλλα
2380 495 2820 565 συμπεφυρμένα
2852 513 2910 548 τε
2952 498 3050 549 καὶ⁵
3089 496 3517 566 παρευρημένα,
3548 496 3629 560 ὡς
3654 498 3808 552 ἀπο-

2208 590 2320 658 ρεῖν
2348 589 2498 656 ἡμᾶς
2524 586 2921 656 ἀποφαίνεσθαι
2960 588 3187 658 πότερον
3213 591 3279 659 τῇ
3310 590 3559 658 ποιότητι
3580 589 3806 643 τούτων

2206 680 2239 750 ἢ
2272 684 2337 750 τῇ
2370 680 2629 750 ποσότητι
2660 680 2778 752 δοίη
2808 697 2893 743 τις
2919 681 2987 734 ἂν
3019 679 3080 733 τὸ
3110 681 3247 752 πρὸς
3279 680 3476 736 κακίαν
3505 683 3802 752 τρόπαιον.

2220 769 2485 842 Ἐζήτησε
2512 771 2559 826 δ’
2588 770 2683 825 οὖν
2714 771 2865 840 ὅμως
2892 771 2985 825 τοῦ
3009 772 3250 838 Παλαμᾶ
3273 772 3669 844 διαλεγομένου
3708 777 3805 826 καὶ

2207 866 2348 936 πρὸς
2390 866 2491 936 ἐμὲ
2525 865 2696 934 σιγῶν
2730 866 2894 927 αὐτὸς
2942 865 3196 933 γενέσθαι
3243 868 3542 938 ἀκροατής.
3571 866 3674 937 Διὸ
3707 868 3808 919 καὶ

2206 958 2274 1024 τῇ
2305 954 2572 1025 ὑστεραίᾳ
2621 955 2807 1010 καλῶν
2833 957 2899 1008 ἐκ
2931 955 3194 1025 βασιλέως
3213 956 3339 1027 ἥκει
3367 956 3512 1024 κάμὲ
3537 956 3655 1010 τῶν
3710 955 3805 1009 ἐπ’

2208 1047 2457 1118 εὐγενείᾳ
2482 1048 2902 1119 σεμνυνομένων
2930 1049 2959 1101 ό
2990 1048 3163 1118 μέγας
3190 1048 3501 1119 λογοθέτης,
3525 1048 3661 1120 ἄρτι
3688 1051 3806 1102 τῶν

2207 1139 2478 1193 εἰωθότων
2528 1139 2629 1209 τῆς
2665 1139 2908 1209 κεφαλῆς
2940 1140 3268 1209 νοσημάτων
3320 1141 3381 1192 οὑ
3417 1139 3623 1200 τελέως
3669 1138 3799 1207 μὲν,

2207 1234 2633 1304 ἀπηλλαγμένον
2676 1231 2861 1289 δὀὗν.
2896 1232 3150 1305 Κάπειδὴ
3184 1231 3637 1305 παρακρούεσθαι
3694 1233 3802 1286 οὐκ

2206 1328 2622 1396 ὲνῆν,ὰναστ3ις
2672 1326 2897 1398 ἀπῄειν,
2934 1326 3057 1380 ὅτου
3119 1328 3282 1396 χάριν
3330 1325 3533 1396 ἥκιστα
3563 1325 3798 1377 πάντων

2206 1417 2492 1483 οὔτἐίδὼς
2520 1416 2645 1473 οὔτε
2681 1417 2787 1489 μὴν
2816 1418 3350 1488 πολυπραγμονήσας
3371 1417 3583 1486 μαθεῖν.
3616 1416 3799 1485 Προσ-

2208 1513 2454 1582 ετετάχει
2513 1511 2622 1582 γὰρ
2677 1512 2710 1583 ἡ
2763 1510 2977 1582 βασιλὶς
3014 1511 3202 1580 Ἑλένη
3281 1512 3357 1580 μὴ
3407 1505 3801 1577 πωεγνῶσθαί

2212 1622 2302 1674 μοι
2354 1605 2415 1657 τὸ
2471 1607 2569 1674 τῆς
2617 1603 3010 1673 προσκλήσεως
3068 1601 3266 1665 αἴτιον,
3299 1602 3386 1655 ῐνα
3432 1601 3506 1670 μὴ
3536 1600 3641 1652 σὺν
3698 1614 3800 1667 με-

2209 1695 2343 1767 λέτῃ
2379 1693 2561 1768 δρῴην
2584 1695 2682 1764 τὴν
2723 1694 2911 1764 ἄφιξιν
2950 1695 3043 1747 καί
3068 1710 3158 1757 τις
3193 1693 3670 1762 παρευδοκίμησις
3706 1688 3800 1759 γέ-

2208 1807 2369 1860 νηται
2411 1789 2512 1860 τῆς
2557 1787 2651 1842 τοῦ
2695 1787 2932 1856 Παλαμᾶ
2991 1784 3325 1852 ἐπιδείξεως.
3381 1784 3482 1837 Διὰ
3525 1782 3642 1853 γὰρ
3704 1781 3797 1835 τὸν

2206 1881 2410 1952 ἑαυτῆς
2462 1880 2681 1949 πατέρα
2733 1874 3191 1947 Καντακουζηνδν
3223 1875 3344 1929 λίαν
3388 1875 3485 1928 καὶ
3536 1872 3687 1943 αὕτη
3717 1872 3798 1944 τῷ

2209 1970 2446 2042 Παλαμᾷ
2472 1967 2816 2040 προσέκειτο,
2849 1966 2948 2021 καὶ
2996 1966 3369 2036 ἀντέπραττεν
3396 1964 3471 2027 ὡς
3509 1966 3581 2018 τὰ
3613 1964 3789 2018 πολλὰ

2207 2066 2273 2132 τῇ
2300 2061 2394 2114 τοῦ
2428 2061 2664 2129 συζύγου
2696 2063 2893 2131 γνώμῃ
2938 2060 3077 2129 πρὸς
3106 2058 3210 2112 ὅσα
3236 2059 3304 2129 τῇ
3336 2057 3620 2129 θρησκείᾳ
3665 2073 3794 2109 συν·-

2206 2156 2394 2209 τείνει.
2432 2155 2594 2223 "Apri
2628 2169 2693 2221 γε
2728 2152 2840 2222 μὴν
2881 2151 2981 2222 τὴν
3021 2150 3294 2223 βασίλειον
3344 2149 3517 2220 αὐλὴν
3565 2147 3796 2202 εἰσιόντι

2210 2266 2304 2318 μοι
2336 2247 2433 2301 καὶ
2464 2246 2736 2315 Παλαμᾶν
2759 2246 2875 2297 ἐκεῖ
2901 2242 3040 2313 πρὸς
3069 2243 3333 2310 διαλέξεις
3377 2242 3606 2310 ἔφεδρον
3649 2238 3794 2293 εἶναι

2212 2340 2404 2409 μαθεῖν
2436 2338 2736 2405 ἐξεγένετο.
2769 2336 2930 2391 οὕτω
2956 2336 3002 2390 δ’
3037 2336 3215 2407 ἔχοντί
3248 2352 3341 2404 μοι
3373 2335 3482 2387 τῶν
3517 2334 3584 2386 ἐκ
3614 2350 3791 2402 κεφα-

2208 2431 2307 2500 λῆς
2337 2430 2649 2503 ἀλγηδόνων
2691 2430 2804 2496 ἔτι,
2834 2431 2929 2483 καὶ
2972 2427 3037 2502 [ί.
3064 2429 3163 2485 151
3197 2425 3273 2500 v.]
3306 2426 3482 2490 οὕτως
3515 2425 3793 2496 ἀπροσδο-

2207 2527 2391 2594 κήτως
2421 2522 2876 2594 ἐμπεπηδηκότος
2915 2539 3010 2592 μοι
3039 2521 3134 2575 τοῦ
3169 2521 3402 2588 ἀγῶνος,
3435 2519 3661 2589 πρῶτον
3691 2518 3789 2586 μὲν

2207 2616 2357 2682 εδοξε
2389 2616 2599 2688 βέλτιον
2624 2615 2811 2669 οἶκαδε
2841 2615 2981 2676 τέως
3013 2613 3299 2668 ἰπανιέναι
3332 2628 3420 2683 με,
3463 2612 3643 2680 μικρὰ
3675 2609 3788 2661 τῶν

2210 2707 2688 2783 μεμηχανημένων
2719 2708 3114 2779 προσκλήσεων
3136 2705 3362 2759 ἐκείνων
3392 2702 3783 2775 φροντίσαντιο

2207 2800 2296 2855 ἵνα
2326 2800 2371 2854 δ’
2401 2793 2496 2854 οὖν
2538 2797 2615 2869 μὴ
2642 2797 2847 2861 δειλίας
2896 2796 3157 2852 ὑπόνοιαν
3198 2798 3314 2859 τοῖς
3356 2794 3783 2863 φιλοσκώμμοσι

2206 2892 2410 2963 δῶμεν,
2435 2888 2835 2961 ἐπερρώσαμέν
2865 2906 2927 2943 τε
2949 2883 3107 2953 αὖθις
3131 2888 3224 2943 τδν
3249 2886 3513 2956 λογισμὸν
3533 2888 3634 2939 καὶ
3664 2886 3787 2938 ἀνι·

525 2987 693 3057 igitur
726 2987 957 3058 ignavia:
986 2986 1360 3056 suspicionem
1407 2986 1550 3057 apud
1583 2987 1837 3042 homines
1881 2986 2102 3043 dicaces

2210 2987 2443 3056 λάδομεν
2467 2983 2722 3050 ἑαυτοὺς,
2753 2982 2874 3053 Θεῷ
2895 2982 2960 3036 τὸ
2994 2983 3102 3037 πᾶν
3125 2980 3541 3052 δπιτρέψαντες.

525 3079 864 3144 subiremus,
898 3078 1354 3135 conﬁrmavimus
1387 3095 1587 3135 rursus
1629 3080 1963 3136 sententiam
1995 3093 2100 3133 no-

525 3179 695 3224 stram
730 3179 786 3223 et
820 3170 1134 3240 recepimus
1165 3171 1278 3226 Deo
1307 3187 1411 3227 nos
1446 3173 1631 3228 omnia
1665 3172 2097 3227 committentes.

598 3260 792 3315 XXIX.
820 3264 997 3332 Atque
1046 3263 1120 3317 ita
1155 3263 1223 3318 ad
1252 3265 1436 3334 ipsum
1460 3264 1852 3335 imperatorem
1877 3266 2104 3321 accede-

526 3351 676 3415 bam,
694 3369 854 3424 quem
880 3371 1004 3408 cum
1025 3357 1390 3424 prementibus
1412 3357 1694 3412 nobilibus
1709 3358 1844 3413 viris
1864 3366 1919 3414 et
1937 3358 2104 3416 simul

527 3460 653 3499 eum
706 3444 910 3500 Helena
945 3447 1132 3517 regina
1178 3447 1520 3504 otl‘cndebam
1561 3450 1985 3520 colloquentem,
2017 3468 2105 3508 se-

527 3545 693 3591 cutus
714 3537 1037 3594 certaminis
1066 3541 1431 3596 temeritatem
1452 3542 1543 3598 .Et
1569 3558 1692 3612 qua:
1723 3543 1796 3597 ibi
1825 3543 2101 3614 disputata

527 3639 843 3698 suntquam
869 3631 1041 3686 multa
1063 3640 1117 3687 et
1137 3633 1319 3702 qualia
1345 3642 1402 3689 et
1427 3634 1705 3704 quomodo
1731 3643 1948 3705 tempus
1974 3636 2105 3691 talia

526 3719 986 3789 suppeditaverit,
1018 3724 1324 3778 narrabunt
1347 3739 1413 3779 ea
1443 3740 1566 3793 quae
1599 3735 1930 3795 sequuntur.
1967 3724 2102 3780 Per-

527 3813 794 3882 scriptum
824 3824 912 3869 est
942 3815 1086 3869 enim
1115 3830 1145 3869 a
1174 3831 1262 3871 me
1292 3817 1398 3871 hoc
1420 3819 1555 3871 satis
1583 3818 1733 3872 tenui
1763 3819 1926 3889 stylo.
1968 3814 2109 3871 Tra-

2279 3274 2412 3333 KO’.
2448 3275 2552 3332 Kal.
2595 3273 2770 3338 οὕτως
2832 3275 2913 3337 είς
2946 3273 3112 3327 αὐτὸν
3141 3272 3342 3345 εἰσῄειν
3370 3272 3597 3344 βασιλέα
3633 3274 3782 3345 τῇτε

2208 3367 2575 3450 τῶνεεΰγενῶν
2608 3366 2836 3420 συνόντα
2871 3366 3150 3436 παρουσίᾳ
3178 3368 3273 3420 καὶ
3310 3367 3430 3436 ἅμα
3474 3366 3577 3435 τῆς
3628 3366 3783 3436 βασι·

2208 3464 2353 3527 λίδος
2396 3461 2635 3530 Ἑλένης,
2683 3459 2763 3530 τῷ
2794 3459 2893 3513 τοῦ
2938 3458 3250 3529 συμσάντος
3295 3460 3490 3531 σχεδίῳ
3532 3478 3785 3534 παρηκο-

2208 3554 2512 3626 λουθηκώς.
2543 3553 2625 3607 Τά
2669 3569 2734 3621 γε
2782 3552 2890 3623 μὴν
2926 3553 3042 3606 ἐκεῖ
3080 3552 3415 3623 λαληθέντα,
3467 3555 3644 3608 ὁπόσα
3688 3543 3783 3609 καὶ

2209 3645 2319 3716 οἷα,
2351 3650 2445 3702 καὶ
2478 3650 2627 3712 ὅπως
2674 3649 2704 3700 ό
2735 3645 2926 3717 καιρός
2974 3645 3255 3715 ἐσχεδίασε
3304 3649 3374 3700 τὰ
3406 3647 3653 3708 τοιαῦτα.
3690 3648 3782 3719 δη-

2211 3741 2369 3794 λώσει
2401 3741 2468 3793 τὰ
2522 3740 2739 3808 ἐφεξῆς.
2785 3739 3104 3809 Γέγραπται
3164 3738 3265 3809 μὲν
3315 3739 3431 3809 γάρ
3480 3757 3571 3809 μοι
3623 3743 3778 3793 ταυτὶ

2203 3832 2507 3903 λεπτοτέρα
2539 3833 2647 3883 τινὶ
2674 3830 2950 3900 διηγήσει,
2986 3829 3263 3883 ἐκδέδοται
3299 3829 3344 3882 δ’
3377 3830 3453 3893 ὡς
3495 3830 3553 3897 ἐξ
3586 3831 3778 3901 ἑτέρου

528 3904 707 3960 diturn
739 3916 822 3961 est
850 3919 1034 3963 autem
1064 3909 1135 3964 ab
1166 3910 1342 3965 altero
1393 3912 1633 3981 quodam
1658 3927 1852 3967 eorum
1897 3911 1993 3982 qui
2029 3909 2104 3966 ibi

2210 3927 2313 3980 τῶν
2357 3927 2473 3978 ἐκεῖ
2518 3924 2807 3995 παρόντων
2856 3924 3009 3986 ἐνὸς,
3050 3924 3188 3992 πρὸς
3240 3922 3599 3993 ἐρωτήσαντά
3658 3938 3781 3976 τινα

529 3999 818 4055 adfuerant
859 4003 953 4071 qui
1000 4002 1359 4076 interroganti
1392 4005 1614 4061 cuidam
1649 4005 1958 4074 respondit.
1995 4005 2104 4061 Res

2210 4011 2363 4081 δῆθεν
2390 4010 2703 4075 διεξιόντος.
2739 4010 2897 4083 Ἔχει
2928 4010 2986 4063 δὲ
3020 4012 3279 4068 οὑτωσίν.

528 4104 663 4145 vero
691 4092 772 4146 sic
803 4109 861 4148 se
895 4094 1088 4151 habet.
