3994 6204
213 215 318 268 2-5.3

1184 201 1628 262 ,ςγΖΑΝτιΝίΕ
1668 198 1843 260 ΠῐΞΤ

1926 196 2057 258 {I/E
2096 197 2238 257 LIB.
2283 197 2470 256 XXX.
3370 195 3478 258 234

221 393 3464 424 MM

611 563 1614 704 ΝΙΚΗΦΟΡΟΥ
1775 559 2126 699 ΤΟΥ
2285 556 3074 694 ΓΡΗΓΟΡΑ

843 817 1660 936 ΡΩΜΑΙΚΗΣ
1732 814 2066 932 ΜΕΝ
2142 809 2848 926 ΙΣΤΟΡΙΑΣ

1562 1042 1932 1131 ΛΟΓΟΣ
2005 1036 2134 1162 Λ’,

1391 1220 1972 1278 ΔΟΓΜΔΤΙΚΟΣ
2047 1225 2143 1276 ΔΕ
2216 1225 2296 1279 A'.

199 1367 500 1433 Μοναχοῦ
532 1369 879 1436 Νικηφόρου
908 1367 1014 1421 τοῦ
1045 1367 1324 1439 Γρηγορᾶ
1343 1368 1627 1439 διήγησις
1661 1370 1792 1438 περὶ
1829 1367 1955 1440 ξτῆς
1987 1368 2320 1435 διαλέξεως
2371 1368 2451 1438 ἣν
2480 1367 2814 1437 ἐποιήσατο
2863 1367 3016 1436 πρὸς
3051 1365 3161 1422 τὸν
3187 1363 3480 1436 "alapa?

269 1462 536 1516 ἐνώπιον
589 1463 694 1518 τοῦ
733 1465 1044 1530 βασιλέως
1095 1483 1230 1534 κυρ.
1290 1467 1403 1520 Ἰω.
1453 1466 1560 1520 τοῦ
1615 1466 2059 1535 Παλαιολόγου.
2089 1465 2406 1537 Είσάγεται
2455 1464 2524 1519 δὲ
2575 1467 2613 1534 ἡ
2673 1465 2954 1534 διήγησις
3012 1466 3092 1527 ὡς
3148 1463 3218 1528 ἐξ
3269 1461 3477 1530 ἐτέρου

267 1556 638 1623 προσώπου.

783 1859 1828 2026 NICEPHORI
1940 1855 2911 2027 GREGORZE

1016 2154 1897 2284 BYZANTIN/E
1978 2167 2706 2284 HlSTORl/E

1244 2407 1605 2500 LIBER
1688 2410 2460 2539 TRICESIMUS,

1105 2606 1847 2670 DOGMATICORUM
1913 2609 2154 2672 VERO
2213 2612 2604 2674 PRIMUS.

208 2761 521 2826 Monachi
559 2759 902 2839 Nicephori
944 2758 1236 2839 Gregoraa
1267 2759 1559 2821 narratio
1594 2757 1669 2818 de
1734 2755 2048 2838 colloquio
2096 2757 2265 2838 quod
2322 2778 2458 2820 cum
2507 2761 2770 2822 Palama
2827 2780 3037 2823 coram
3105 2763 3486 2842 imperatore

496 2865 750 2926 Joanne
777 2861 1130 2941 Palwologo
1174 2862 1422 2924 habuit.
1462 2859 1806 2924 Inducitur
1843 2871 2048 2924 autem
2087 2863 2382 2924 narratio
2415 2872 2710 2944 tanquam
2742 2865 2817 2929 ab
2849 2864 2976 2926 alio
3004 2868 3199 2946 facta.

275 3170 351 3223 A'.
398 3166 576 3224 ’Λλλ’.
601 3148 646 3218 ὦ
680 3166 850 3234 φίλων
880 3165 1072 3236 ἄριστε
1107 3163 1532 3235 Ἀγαθόνικε,σῦ
1555 3182 1646 3235 μοι
1667 3163 1808 3219 πάν·
1832 3201 1843 3228 λ

1981 3165 2024 3220 Ι.
2059 3165 2196 3236 Age,
2221 3182 2256 3222 ο
2281 3166 2586 3223 amicorum
2615 3170 2823 3238 optime
2859 3171 3220 3242 Agathonicc.
3257 3180 3313 3228 tn
3347 3189 3492 3231 unus

212 3280 308 3324 τως
345 3262 609 3332 μάλιστα
663 3259 881 3312 πάντων
930 3259 1112 3322 λέγοις
1159 3258 1228 3312 ἂν
1281 3261 1377 3312 καὶ
1415 3260 1652 3330 ἀφηγοῖο
1705 3257 1803 3330 τὴν

216 3356 331 3423 χθὲς
371 3356 474 3406 ἐπὶ
507 3352 608 3406 τοῦ
641 3352 708 3405 τὰ
741 3353 921 3406 πάντα
956 3351 1184 3425 ἀρίστου
1207 3352 1474 3423 βασιλέως
1497 3355 1805 3424 γενομένην

214 3445 453 3513 διάλεξιν
481 3446 751 3516 Γρηγορᾷ
771 3462 830 3497 τε
857 3445 954 3498 καὶ
988 3445 1249 3516 Παλαμᾷ.

281 3541 391 3593 Καὶ
441 3537 594 3608 μάλα
623 3555 711 3606 γε,
739 3530 784 3590 ὦ
825 3539 946 3606 φίλε
985 3539 1241 3608 Θεότιμε,
1294 3541 1350 3593 ετ
1379 3557 1460 3593 σοι
1492 3538 1806 3610 βουλομένῳ

217 3635 297 3687 καὶ
330 3632 516 3704 σχολὴ
557 3634 790 3701 προσείη
829 3631 890 3683 τὸ
930 3632 1120 3684 ἱκανὸν
1145 3632 1358 3702 οὐδαμῆ
1391 3632 1766 3702 ἁποσειομένη
1790 3649 1804 3663 ο

223 3708 440 3795 ποικίλη
504 3725 621 3794 γὰρ
677 3723 753 3781 ὡς
799 3723 1018 3794 ἀληθῶς
1068 3723 1162 3776 καὶ
1191 3725 1362 3794 ἀκοῆς
1396 3725 1626 3795 δεομένη
1663 3724 1810 3795 λαμ-

224 3823 368 3889 πρᾶς,
401 3817 510 3872 καὶ
543 3820 577 3888 ἢ
601 3816 845 3887 ἔρρωται
873 3818 1010 3886 πρὸς
1051 3817 1344 3888 θειοτέρων
1388 3818 1684 3888 ἀντίληψιν
1715 3819 1806 3868 ὲν-

225 3914 382 3966 νοιῶν.
421 3911 622 3964 Πάντα
657 3909 758 3978 μὲν
791 3904 883 3962 οὖν
916 3925 999 3974 σοι
1038 3909 1162 3962 καθ’
1192 3908 1250 3963 ἓν
1276 3910 1348 3964 τὰ
1384 3911 1500 3964 ἐκεῖ
1547 3909 1806 3980 λεχθέντα

223 4005 477 4072 διεξιέναι
507 4006 643 4068 ἴσως
683 4002 784 4073 μὲν
810 4001 876 4055 ἂν
916 4002 1212 4072 δυναίμην,
1249 4000 1382 4062 ἴσως
1407 4002 1452 4054 δ’
1492 4000 1579 4065 οὒ,
1631 4000 1808 4071 λήθης

225 4097 364 4152 ἐνίων
385 4095 842 4168 παρασυρέντων
863 4094 1068 4162 βυθοῖς·
1098 4095 1167 4147 τὰ
1190 4092 1236 4146 δ’
1255 4088 1356 4148 οὖν
1380 4092 1808 4166 ὰξιολογὼτερα,

221 4193 300 4242 καὶ
325 4184 402 4244 ὧν
444 4207 536 4242 σοι
568 4187 775 4257 μᾶλλον
812 4185 1045 4240 ἀκοῦσαι
1077 4184 1275 4255 χρεὼν,
1322 4186 1500 4240 ταῦτα
1541 4187 1586 4239 δ’
1615 4185 1707 4239 οὖν
1734 4185 1813 4249 ὡς

219 4280 268 4330 ὲν
301 4279 608 4351 κεφαλαίῳ
644 4277 1008 4348 μεμνήσομαι
1045 4295 1152 4332 σοι.

281 4461 357 4522 B’.
399 4466 579 4534 Ἀρτι
613 4461 725 4516 τῶν
765 4460 1038 4515 εἰωθότων
1072 4460 1170 4530 τῆς
1191 4459 1440 4530 κεφαλῆς
1479 4462 1810 4530 νοσημάτων

222 4554 392 4630 βραχῦ
427 4578 494 4611 τι
535 4555 903 4622 ἀνενεγκόντα
937 4556 1027 4607 τὸν
1075 4555 1364 4624 Γρηγορᾶν
1397 4537 1501 4626 ἦκα
1542 4554 1725 4607 καλῶν
1749 4557 1813 4608 ὲκ

221 4654 497 4723 βασιλέως
529 4651 558 4701 ὁ
619 4649 798 4717 μέγας
836 4645 1132 4715 λογοθέτης
1194 4646 1529 4717 ὁτουδήποτε
1580 4647 1767 4700 εἵνεκα
1797 4665 1809 4678 ο

222 4747 309 4798 καὶ
336 4742 544 4812 ἐπειδὴ
585 4739 1041 4809 παρακρούεσθαι
1066 4739 1166 4791 οὐκ
1198 4739 1347 4806 ἐνῆν,
1382 4739 1622 4802 ἀναστὰς
1670 4739 1816 4811 ἀπῄ-

222 4851 288 4894 ει,
321 4835 421 4884 καὶ
458 4829 582 4899 ἅμα
613 4829 855 4898 εἱπόμην
890 4828 1054 4890 αὐτὸς
1095 4828 1491 4891 ἀκουσόμενος.
1531 4825 1639 4882 Ἦν
1663 4830 1720 4882 δὲ
1753 4830 1816 4883 τὸ

222 4925 318 4995 τῆς
353 4927 520 4993 ὧρας
556 4922 655 4991 ὀψὲ
695 4921 832 4990 μετὰ
863 4919 1018 4972 δύσιν
1060 4919 1237 4988 ἡλίου.
1295 4920 1403 4972 Καὶ
1473 4921 1816 4992 προσεληλυ-

228 5015 330 5077 (id);
360 5019 389 5068 ὁ
424 5015 468 5066 Γ
477 5013 745 5083 ρηγορᾶς,
785 5013 879 5065 καὶ
913 5010 1012 5081 τὴν
1045 5011 1304 5066 εἰωθυῖαν
1353 5011 1712 5077 ἀποδεδωκὼς
1741 5013 1819 5084 τῷ

225 5109 444 5175 βασιλεῖ
479 5107 814 5176 πρόσρησιν,
849 5100 970 5158 εἶτα
1010 5103 1284 5158 ἐκάθισεν.
1323 5103 1522 5174 Ἔτυχε
1577 5105 1622 5157 δ’
1657 5105 1821 5170 εὐθὺς

226 5205 338 5254 ἐκεῖ
367 5202 470 5255 καὶ
508 5203 536 5254 ό
580 5199 852 5270 Παλαρᾶς
895 5196 1212 5260 συνεισιὼν,
1249 5197 1352 5252 οὐκ
1387 5192 1484 5250 οἷδ’
1533 5197 1823 5268 ὁπότερον,

227 5295 331 5346 εἴτε
403 5297 475 5348 ὲκ
541 5295 890 5365 προθεσμίας
931 5292 1104 5346 πάλαι
1160 5290 1819 5362 μελετηθείσης..ἔφεδρος

226 5389 343 5439 ἐκεῖ
379 5405 493 5441 που
526 5387 744 5456 παρὼν,
785 5384 885 5438 εἶτ’
925 5385 1035 5438 ἀπὸ
1072 5383 1267 5454 τύχης,
1329 5384 1403 5446 ὡς
1463 5384 1625 5437 εἴωθε
1663 5384 1814 5452 γίνε-

229 5478 355 5531 σθαι
392 5480 471 5532 τὰ
502 5479 671 5532 πολλὰ
700 5477 808 5532 τῶν
840 5479 897 5530 ὲν
949 5479 1141 5547 κόσμῳ
1194 5475 1561 5544 πραγμάτων.
1605 5478 1702 5540 Ὃς
1752 5479 1816 5550 δὴ

229 5575 322 5623 καὶ
351 5571 429 5623 τὰ
484 5573 785 5640 παλαιγενῆ
816 5569 1132 5641 προπετῶς,
1183 5568 1279 5620 καὶ
1334 5567 1435 5620 ὅσα
1486 5567 1659 5639 λήθης
1715 5588 1792 5640 μα

233 5667 372 5732 κρᾶς
402 5665 844 5735 συναπήχθησαν
885 5663 1141 5734 ῥεύμασι.
1183 5658 1413 5729 μηδαμῆ
1443 5664 1511 5732 τῇ
1562 5665 1818 5737 παρούσῃ

573 5761 842 5821 ΡΑἸἮΟΙ..
877 5762 991 5821 Gn.
1030 5762 1294 5822 CXLIX.

1909 3259 2152 3316 omnium
2181 3259 2440 3316 facillime
2466 3277 2693 3316 narrare
2723 3272 2779 3317 et
2809 3265 3028 3320 tradere
3065 3268 3240 3332 possis
3273 3269 3488 3323 hester—

1909 3365 2066 3416 num,
2095 3352 2245 3420 quod
2295 3367 2480 3407 coram
2517 3355 2727 3422 optimo
2770 3371 2896 3426 rege
2932 3355 3136 3413 factum
3169 3369 3274 3422 est,
3319 3361 3494 3416 collo-

1909 3442 2100 3512 quium
2132 3441 2391 3510 Gregoraa
2429 3453 2483 3499 et
2517 3445 2773 3501 Palamae.

1979 3535 2234 3590 Profecto
2257 3536 2517 3602 libenter,
2555 3537 2731 3593 amice
2757 3538 3066 3604 Theotimo,
3104 3541 3150 3596 si
3183 3542 3279 3598 tibi
3315 3546 3491 3614 p'acct

1911 3635 1966 3682 et
1995 3628 2170 3683 otium
2195 3630 2438 3698 suppetit
2464 3631 2762 3686 necessarii
2795 3632 2932 3686 nihil
2959 3648 3247 3702 respuens.
3266 3635 3489 3690 Varium

1911 3719 2062 3776 enim
2112 3720 2363 3790 profecto
2410 3722 2545 3776 illud
2612 3731 2700 3778 est
2752 3731 2808 3778 et
2861 3723 3230 3779 attentionem
3258 3731 3494 3796 requirit

1913 3812 2212 3883 egregiam,
2243 3812 2389 3882 quod
2431 3821 2488 3868 et
2525 3815 2702 3869 valeat
2748 3815 2816 3870 ad
2868 3816 3258 3884 concipiendas
3305 3819 3494 3873 animo

1913 3904 2278 3975 cogitationes
2327 3905 2561 3962 divinas.
2587 3905 2782 3962 Omnia
2830 3907 2997 3978 igitur
3034 3909 3130 3963 tibi
3159 3909 3394 3980 singula,
3427 3912 3496 3967 de

1911 3999 2114 4069 quibus
2136 3997 2210 4052 ibi
2229 4007 2410 4054 aetum
2427 4007 2532 4063 est,
2553 4000 2808 4069 persequi
2846 4000 2990 4054 haud
3021 4001 3136 4056 scio
3169 4018 3237 4056 an
3264 4005 3492 4072 possim,

1913 4085 2037 4143 cum
2080 4087 2376 4143 oblivionis
2430 4088 2694 4144 barathro
2739 4090 2989 4160 quaedam
3043 4092 3299 4149 demersa
3361 4097 3495 4150 sint.

1916 4183 2048 4248 Qua:
2085 4191 2266 4236 autem
2302 4191 2612 4236 memoratu
2654 4182 2905 4252 digniora
2931 4194 3062 4239 sunt
3089 4195 3146 4240 et
3176 4202 3300 4256 quae
3331 4189 3501 4257 potis-

1915 4273 2114 4329 simum
2157 4274 2348 4329 audias
2397 4288 2622 4328 necesse
2661 4283 2764 4338 cst,
2810 4291 2876 4330 ea
2920 4277 3086 4348 igitur
3137 4277 3377 4335 breviter
3443 4290 3500 4335 ct

1915 4367 2230 4422 summatim
2283 4366 2383 4422 tibi
2426 4367 2892 4423 commemorabo.

1991 4459 2153 4530 267
2196 4461 2263 4514 ll.
2317 4461 2593 4530 Grcgoras
2661 4477 2784 4515 cum
2858 4462 3023 4517 modo
3083 4479 3148 4515 cx
3211 4465 3500 4520 consuetis

1923 4551 2122 4616 capitis
2183 4548 2470 4602 doloribus
2528 4550 2674 4603 vires
2740 4565 3034 4620 parumper
3071 4553 3498 4616 refecisset.in-

1927 4641 2198 4696 vitaturus
2249 4654 2374 4695 eum
2407 4641 2476 4694 ab
2513 4640 2845 4710 imperatore
2888 4644 3086 4698 missus
3124 4655 3208 4699 est
3268 4662 3499 4717 magnus

1924 4733 2201 4802 logotheta
2249 4747 2578 4802 quacunque
2631 4732 2699 4786 de
2739 4747 2903 4788 causa
2949 4751 2962 4787 :
3013 4736 3161 4803 quod
3221 4753 3343 4792 cum
3405 4755 3502 4796 ex-

1926 4840 2123 4879 cusare
2186 4839 2296 4877 non
2352 4833 2570 4892 posset,
2605 4838 2905 4894 assurgens
2963 4826 3097 4881 abiit
3168 4836 3225 4882 et
3279 4832 3502 4889 auditu-

1930 4936 2026 4973 rus
2078 4935 2206 4974 eum
2260 4933 2360 4989 ego
2415 4919 2533 4988 ipse
2563 4930 2788 4974 secutus
2839 4936 2982 4975 sum.
3016 4923 3211 4978 Serum
3243 4927 3352 4998 jam
3393 4928 3505 4984 diei

1931 5021 2054 5068 erat
2108 5022 2233 5082 post
2284 5011 2418 5066 solis
2471 5026 2751 5066 occasum.
2810 5015 2885 5068 Ac
2944 5014 3215 5084 Gregoras
3277 5019 3506 5088 quidem

1933 5121 2058 5161 cum
2109 5105 2425 5160 advenisset
2471 5113 2527 5158 et
2580 5104 2794 5159 solitam
2855 5108 2921 5162 ad
2980 5124 3162 5180 regem
3217 5111 3509 5168 allocutio-

1929 5216 2055 5256 nem
2081 5199 2511 5270 pronuntiasset,
2542 5206 2657 5252 tum
2684 5202 2956 5256 consedit.
2986 5203 3145 5258 Forte
3193 5215 3378 5260 autem
3415 5223 3509 5264 ac-

1933 5293 2072 5349 cidit
2101 5301 2162 5347 ut
2181 5292 2365 5347 statim
2395 5291 2470 5348 ibi
2507 5292 2674 5347 etiam
2716 5293 2964 5358 Palamas
3008 5295 3172 5350 simul
3225 5297 3507 5365 introiret,

1929 5388 2136 5452 nescio,
2162 5397 2347 5440 utrum
2377 5395 2602 5455 propter
2623 5401 2841 5442 causam
2865 5389 3190 5458 jamdudum
3230 5393 3509 5446 constitu-

1932 5490 2040 5535 tam
2090 5481 2378 5535 locuturus
2437 5477 2510 5532 ibi
2554 5478 2794 5545 adesset,
2839 5497 2907 5536 an
2949 5497 3102 5548 casu,
3141 5491 3202 5538 ut
3232 5483 3510 5554 pleraeque

1933 5590 2022 5630 res
2053 5573 2109 5629 in
2143 5581 2287 5628 terra
2324 5579 2490 5643 gesta:
2523 5573 2638 5627 fieri
2668 5575 2868 5632 solent.
2901 5576 3006 5644 Qui
3035 5593 3162 5633 cum
3198 5577 3375 5647 prisca
3408 5576 3514 5630 im-

1929 5666 2230 5738 prudenter
2258 5675 2314 5722 et
2347 5680 2471 5735 quae
2501 5665 2798 5724 oblivionis
2837 5670 3119 5738 profundae
3181 5667 3502 5721 numinibus

3064 5764 3103 5822 8
