3994 6204
471 369 579 431 235

1657 361 2077 422 NICEPHORI
2118 362 2497 423 ϐῙὶΕΟΟΗΛζ

3623 363 3728 425 235

472 486 696 555 abrepta
717 493 921 545 essent,
945 483 1098 538 nullo
1125 482 1285 536 modo
1311 481 1643 552 pertinentia
1669 480 1733 534 ad
1759 495 1879 534 eam
1907 496 2046 546 rem,

2160 483 2512 552 προσήκοντα
2545 479 2705 551 χρεία
2743 477 3123 549 πρυδιαλαϐὼν
3182 482 3277 532 καὶ
3323 482 3728 551 τερατευσάμε-

476 580 542 629 de
571 592 676 645 qua
708 588 821 628 tum
853 574 1137 644 agebatur,
1161 571 1484 641 protulisset
1504 580 1558 625 et
1583 571 1848 640 gloriatus
1875 581 2044 635 esset,

387 668 404 726 .’
475 670 568 739 qui
597 679 716 723 erat
745 669 865 739 ejus
893 681 1030 729 mos,
1063 674 1118 720 et
1146 665 1214 719 ad
1251 664 1466 718 laudem
1498 679 1652 719 suam
1687 663 1856 717 multa
1894 663 1961 717 de
1990 677 2048 717 se

473 763 768 834 gloriosius
802 759 1174 830 prredicasset,
1211 767 1268 812 et
1301 757 1794 811 commorationem
1838 754 1891 808 in
1929 767 2048 807 mo-

475 855 950 914 nasteriolactam
981 861 1038 907 et
1059 850 1392 919 colloquium
1419 865 1543 904 cum
1580 849 1861 902 Barlaamo
1893 845 2052 902 insti-

474 961 649 1006 tutum
673 958 728 1004 et
753 949 874 1002 talia
898 948 1033 1010 fere,
1061 955 1350 1015 postquam
1380 959 1541 997 aures
1579 958 1771 996 eorum
1805 941 1898 1011 qui
1934 952 2049 996 tum

473 1045 720 1105 aderant,
742 1041 1094 1110 implevisset,
1120 1048 1177 1093 et
1195 1048 1448 1107 tanquam
1479 1034 1797 1104 jamdudum
1825 1049 2053 1105 prsente-

473 1137 706 1190 ditatum
731 1144 785 1188 et
817 1132 1142 1187 insidiosum
1173 1128 1506 1184 OStendisset
1525 1127 1815 1182 consilium
1849 1126 2052 1180 adven-

473 1241 563 1283 tus
607 1228 690 1283 sui
731 1226 967 1296 gloriosa
1011 1224 1245 1293 quadam
1273 1219 1573 1290 jactatione
1601 1259 1617 1284 ,
1651 1217 2052 1274 conticuit.At-

473 1337 581 1391 que
609 1333 670 1375 ut
703 1336 823 1388 qua:
849 1315 1173 1386 interposita
1205 1322 1333 1370 sunt
1358 1313 1606 1366 omittam
1631 1321 1686 1366 et
1708 1326 2052 1381 quaecunque

474 1416 631 1484 plane
667 1409 995 1466 necessariis
1025 1408 1266 1470 obsmnt,
1308 1405 1375 1459 ad
1426 1405 1544 1459 haec
1590 1405 1960 1472 inexspectata
1997 1415 2054 1460 et

471 1502 864 1572 extemporalia
899 1499 1278 1568 procemiatus,
1314 1495 1610 1566 praemissis
1629 1495 1794 1566 268
1830 1495 1899 1549 iis
1931 1509 2052 1564 qua:

471 1595 786 1652 necessaria
813 1602 966 1656 sunt,
997 1592 1274 1662 Gregoras
1322 1605 1540 1659 quoque
1581 1589 1841 1656 deinceps
1890 1603 2051 1658 roga-

473 1691 572 1754 vit,
606 1688 736 1758 quid
780 1702 840 1742 se
870 1693 1153 1755 oporteret
1196 1682 1382 1738 dicere
1415 1682 1483 1736 ad
1528 1682 1864 1736 voluntatem
1916 1683 2050 1750 imp.

474 1781 826 1838 divinissimi.
848 1781 985 1834 Tum
1016 1779 1316 1848 imperator
1341 1795 1353 1830 :
1383 1775 1648 1846 Equidem
1674 1816 1687 1839 ,
1716 1774 1919 1844 inquit,
1947 1773 2052 1829 etsi

2151 591 2262 640 νος,
2302 574 2376 636 ῶς
2401 571 2606 634 είῶθει,
2637 572 2733 626 καὶ
2769 573 2869 626 ὅσα
2906 574 3045 642 πρὸς
3088 573 3312 626 ἔπαινον
3382 573 3728 641 ἐγκαλλωπι-

2153 667 2386 736 σάμενος
2417 665 2612 720 ἐαυτοῦ
2645 665 2774 734 περί
2808 683 2868 718 τε
2898 666 2998 735 τῆς
3063 667 3122 720 ἐν
3177 666 3356 737 λαύρα
3427 666 3718 736 διατριϐῆς

2151 761 2244 815 καὶ
2276 761 2375 830 τῆς
2406 759 2543 830 πρὸς
2583 759 2854 830 Βαρλαάμ
2891 759 3209 826 διαλέξεως,
3247 760 3344 812 καὶ
3368 758 3627 813 τοιούτων
3662 760 3726 827 δή

2151 870 2318 906 τινων
2352 853 2452 916 τὰς
2479 852 2590 906 τῶν
2633 853 3061 921 παρατυχόντων
3115 851 3493 921 ἐμπεπληκὼς
3533 849 3727 912 ἀκοὰς,

2131 944 2246 996 καὶ
2275 941 2458 1006 δείξας
2494 944 2663 995 οἱονεὶ
2691 942 3231 1013 προϐεϐουλευμένον
3259 937 3402 996 εἶναι
3465 941 3561 995 καὶ
3607 933 3730 993 ἐπί-ί

2151 1036 2344 1091 ϐουλον
2375 1036 2466 1091 τὸν
2497 1036 2704 1089 σκοπὸν
2737 1037 2836 1108 τῆς
2873 1038 3186 1107 τηνικαῦτα
3217 1036 3386 1090 αὑτοῦ
3439 1053 3502 1104 γε
3533 1035 3728 1104 ἐπιδη-

2155 1131 2284 1198 μίας
2316 1130 2452 1200 πρὸς
2496 1130 2872 1202 ἐπιδεικτικὴν
2917 1130 3246 1199 φαντασίαν,
3302 1126 3422 1184 εἶτα
3479 1128 3726 1196 ἐσίγησε.

2153 1223 2264 1274 Kal
2289 1221 2376 1274 ἵνα
2404 1223 2504 1276 τάν
2543 1223 2698 1294 μέσῳ
2751 1223 3033 1292 παρέλθω,
3089 1223 3185 1276 καὶ
3217 1223 3321 1276 ὅσα
3369 1223 3483 1283 τοῖς
3513 1218 3728 1290 ἐμπρο-

2154 1313 2280 1368 σθεν
2311 1315 2634 1384 ἀναγκαίοις
2697 1315 2929 1384 γίγνοιτ’
2994 1317 3061 1369 ἂν
3130 1315 3409 1385 ἐμποδὼν,
3476 1313 3615 1382 πρὸς
3668 1311 3732 1363 τδ

2152 1408 2563 1478 ἀπροσδόκητον
2591 1407 2773 1461 τουτοϊ
2811 1407 2909 1460 καὶ
2965 1407 3234 1474 αἰφνίδιον
3288 1402 3733 1478 προοιμιασάμε-

2155 1517 2266 1565 νος,
2298 1500 2390 1552 καὶ
2418 1500 2805 1568 προδιαλαϐὼν
2837 1501 2939 1552 ὃσα
3002 1498 3176 1563 είκδς,
3212 1499 3308 1550 καὶ
3349 1498 3379 1551 ὁ
3441 1496 3481 1547 Γ
3488 1494 3732 1568 ρηγορᾶς

2157 1585 2220 1658 [f.
2254 1587 2352 1642 I52
2380 1587 2435 1659 υ]
2464 1590 2492 1642 ὃ
2521 1607 2574 1641 τι
2607 1589 2672 1642 ἂν
2709 1590 2807 1643 καὶ
2835 1589 2973 1660 πρὸς
3003 1587 3170 1641 αὑτοῦ
3200 1589 3287 1658 εἴη
3322 1586 3632 1659 βουλομένῳ
3651 1584 3733 1653 τῷ

2157 1679 2426 1751 θειοτάτῳ
2461 1681 2678 1752 βασιλεῖ
2733 1681 2991 1750 λέγεσθαι
3042 1681 3244 1754 ἐφεξῆς
3288 1681 3476 1752 ἦρετο.
3537 1681 3645 1732 Καὶ
3705 1680 3733 1731 ό

2158 1771 2441 1844 βασιλεὺς,
2489 1793 2508 1826 ι
2555 1776 2714 1844 Ἑμοὶ
2744 1774 2791 1828 δ’
2821 1777 2869 1828 εί
2909 1776 3005 1830 καὶ
3063 1775 3202 1844 πρὸς
3259 1775 3430 1838 άλλας
3478 1775 3658 1841 ἄγειν,
3709 1791 3726 1821 ι

473 1877 539 1930 ad
577 1874 680 1928 alia
725 1873 944 1941 incepta
974 1870 1220 1924 animum
1276 1867 1569 1922 advertere
1615 1875 1937 1930 statueram,
1977 1875 2056 1920 ta-

2160 1867 2300 1938 ἔφη,
2335 1887 2353 1920 ι
2392 1869 2482 1921 τδν
2525 1869 2651 1922 νοῦν
2702 1869 2991 1933 ὑποθέσεις
3043 1869 3192 1939 ἐνῆν,
3245 1869 3363 1924 ἀλλ’
3431 1862 3524 1921 οὖν
3585 1865 3732 1933 ὑμᾶς

476 1983 601 2021 men
641 1981 764 2019 cum
803 1979 896 2017 vos
942 1976 1089 2016 nunc
1119 1959 1332 2015 videam
1363 1959 1452 2014 hic
1483 1958 1694 2020 adesse,
1717 1957 2055 2012 convenien-

476 2061 586 2115 tius
613 2059 746 2114 mihi
778 2057 993 2110 videtur
1025 2065 1232 2124 partem
1279 2053 1515 2122 aliquam
1549 2050 1799 2120 quamvis
1833 2066 2055 2121 parvam

477 2154 818 2221 dogmatutn,
851 2148 919 2202 de
951 2145 1155 2216 quibus
1203 2143 1456 2197 nonnulli
1492 2141 1825 2210 disceptant,
1873 2141 2056 2196 eccle-

475 2244 824 2299 siasticorum
857 2254 954 2309 per
993 2252 1090 2290 vos
1119 2250 1472 2306 cognoscere.
1505 2233 1722 2287 Etenim
1752 2249 1811 2288 se
1836 2233 2057 2289 audisse

476 2338 619 2392 dixit
673 2331 1105 2402 disceptationes
1160 2344 1273 2382 non
1329 2329 1480 2382 leves
1527 2336 1682 2382 natas
1726 2341 1870 2392 esse,
1921 2326 2058 2381 alias

479 2429 640 2482 aliter
664 2425 733 2478 de
769 2418 1143 2478 voluminibus
1168 2424 1224 2471 et
1254 2416 1502 2484 scriptis,
1533 2429 1655 2483 qua:
1699 2413 1838 2467 dixit
1868 2412 2057 2467 nescio

478 2515 758 2587 quomodo
806 2519 927 2565 orta
973 2521 1116 2569 esse,
1168 2504 1321 2576 rejici
1359 2511 1540 2556 tamen
1575 2516 1605 2554 a
1640 2500 1819 2554 doctis
1846 2498 2054 2564 multis,

481 2610 608 2663 data
640 2621 808 2673 opera
851 2607 1160 2656 monstrare
1185 2594 1499 2651 Veientibus
1526 2591 1863 2663 periculosas
1887 2605 2057 2660 quas-

478 2701 604 2754 dam
629 2693 914 2764 theologia:
950 2691 1264 2760 dogntatum
1297 2684 1571 2740 novitates
1616 2681 1724 2736 illis
1762 2679 2056 2735 contineri.

478 2789 741 2845 Volebam
774 2787 942 2852 igitur
973 2779 1211 2837 concilio
1261 2777 1329 2832 ad
1363 2775 1702 2846 colloquium
1754 2780 2058 2828 convocato

477 2881 883 2938 correctionem
932 2888 1214 2946 peragere.
1265 2871 1371 2925 Sed
1407 2885 1531 2925 cum
1567 2883 1656 2922 res
1705 2883 1813 2921 non
1856 2879 2059 2920 conve-

478 2974 615 3038 niat,
649 2984 796 3024 nunc
832 2965 1059 3036 quidem
1104 2963 1232 3015 volo
1275 2975 1343 3015 ex
1387 2959 1562 3018 vobis,
1593 2957 1688 3026 qui
1733 2971 2060 3025 quacunque

479 3071 544 3120 de
577 3077 744 3117 causa
776 3059 876 3112 hic
897 3053 1126 3120 adestis,
1157 3052 1226 3107 de
1256 3061 1407 3106 certa
1439 3049 1676 3119 quadam
1713 3063 1772 3101 re
1814 3047 1932 3116 ipse
1963 3062 2060 3100 au-

479 3159 619 3210 dire.
646 3154 782 3208 Nam
816 3149 1075 3204 volumen
1109 3144 1268 3209 illud,
1305 3141 1453 3212 quod
1505 3141 1884 3210 frequentatae
1928 3154 2059 3193 con-

481 3247 759 3302 tentiones
796 3251 852 3296 et
884 3238 1317 3309 disceptationes
1358 3233 1625 3300 continet,
1661 3233 1796 3287 mihi
1837 3248 1962 3288 eum
2001 3233 2056 3286 in

483 3339 872 3397 'l‘ltessaloniea
916 3347 1188 3395 versarer,
1223 3327 1446 3394 accidit,
1481 3335 1538 3380 ut
1579 3341 1757 3396 neque
1786 3326 1918 3394 qttid
1953 3324 2056 3378 sibi

482 3435 646 3490 vellet
677 3430 1062 3498 intelligerent,
1084 3437 1260 3492 neque
1289 3431 1474 3474 utrum
1502 3434 1631 3471 vera
1655 3434 1722 3471 an
1753 3417 1886 3472 falsa
1908 3418 2061 3471 exhi-

484 3529 644 3583 Leret
689 3525 740 3579 ei
772 3522 866 3591 qui
898 3524 1156 3574 accurate
1203 3527 1452 3584 quazrere
1512 3511 1697 3565 vellet.
1725 3511 1932 3565 Vereor
1957 3525 2060 3564 au-

485 3635 616 3682 tem,
661 3633 727 3670 ne
758 3611 891 3667 ntihi
927 3623 1147 3680 qu0qne
1181 3605 1460 3660 adhaereat
1497 3617 1656 3672 paena
1689 3602 1896 3667 divina,
1930 3600 2058 3670 quia

482 3724 536 3767 et
604 3712 720 3777 ipse
781 3721 906 3760 cum
979 3698 1219 3755 concilio
1294 3696 1498 3764 hospes
1564 3704 1752 3762 postea
1808 3694 2058 3746 adessem

483 3801 829 3874 aliquandiu,
877 3796 988 3850 alio
1036 3791 1391 3863 praesidente,
1424 3787 1630 3842 invitus
1681 3802 1879 3840 nomen
1930 3786 2061 3840 sub-

485 3893 678 3964 scripsi
724 3893 793 3944 ab
841 3904 909 3943 eo
959 3893 1203 3939 coactus.
1243 3880 1374 3946 Quae
1427 3879 1576 3935 enim
1626 3878 2061 3932 intercesserunt

485 3989 650 4058 269
680 3983 897 4044 omitto,
928 3992 1055 4032 cum
1107 3973 1388 4042 angustias
1417 3970 1679 4040 temporis
1727 3969 1900 4025 vitare
1949 3984 2060 4023 non

485 4077 713 4147 possim.
746 4073 1018 4140 Gregoras
1044 4066 1323 4122 referens:
1364 4061 1652 4131 Equidem,
1685 4061 1900 4130 inquit,
1932 4076 2058 4116 cum

485 4184 552 4220 ex
583 4169 740 4232 longo
772 4172 1018 4227 tempore
1048 4156 1336 4222 theol0gia:
1364 4153 1620 4222 mysteria
1655 4153 1708 4206 in
1735 4168 1829 4206 ore
1862 4152 2060 4206 habere

488 4276 595 4311 non
633 4255 788 4308 valde
823 4250 1111 4308 auderent,
1146 4246 1240 4299 sed
1276 4259 1467 4298 eorum
1507 4253 1563 4296 et
1604 4242 1802 4295 fatuam
1834 4253 1890 4296 et
1913 4243 2063 4311 judi-

485 4348 631 4398 cium
674 4343 980 4399 ltorrerem,
1018 4335 1201 4389 statim
1240 4343 1498 4401 tanquam
1552 4332 1621 4386 ab
1671 4333 1793 4402 igne
1833 4347 1920 4386 me
1977 4348 2062 4387 re-

485 4435 645 4490 traxi.
683 4435 819 4489 Nam
861 4429 955 4484 ubi
997 4427 1206 4498 magnis
1233 4435 1290 4480 et
1331 4424 1487 4478 valde
1540 4423 1716 4478 doctis
1760 4435 2062 4495 praecepto-

2155 1961 2354 2033 δρῶντι
2412 1961 2847 2028 συνεληλυθότας
2890 1960 2986 2016 νῦν
3035 1960 3290 2015 ἐνταυθοῖ
3369 1958 3731 2030 καιριώτερον

2157 2051 2300 2107 εἶναι
2325 2053 2475 2106 δοκεῖ
2511 2054 2982 2126 πολλοστημόριόν
3007 2071 3062 2108 τι
3095 2055 3227 2126 περὶ
3247 2046 3323 2108 ὧν
3346 2052 3482 2106 ἔνιοι
3525 2051 3731 2120 διαφω-

2156 2143 2347 2198 νοῦσιν
2416 2143 2899 2215 ἐκκλησιαστικῶν
2967 2145 3258 2216 δογμάτων
3333 2143 3528 2215 μαθεῖν
3595 2142 3730 2211 πρὸς

2158 2233 2336 2303 ὑμῶν.
2382 2252 2402 2286 ι
2448 2235 2556 2288 Καὶ
2581 2237 2690 2304 γὰρ
2716 2235 2940 2288 ἀκούειν
2974 2234 3180 2304 ἔφησεν
3219 2233 3406 2303 ἔριδας
3433 2232 3495 2285 οὐ
3527 2229 3733 2301 μικρὰς

2157 2326 2438 2395 φυομένας
2471 2326 2651 2381 ἄλλοτ’
2681 2326 2858 2391 ἄλλως
2906 2329 3038 2396 περὶ
3082 2326 3268 2396 τόμων
3321 2324 3418 2379 καὶ
3467 2323 3736 2394 γραμμά-

2159 2435 2268 2471 των
2294 2461 2309 2485 ,
2358 2437 2377 2470 ι
2419 2421 2488 2472 Ἀ
2527 2420 2990 2489 προγεγέννηνται
3054 2423 3192 2491 μὲν,
3233 2439 3252 2474 ι
3312 2420 3501 2492 φησὶν,
3563 2437 3584 2470 ι
3627 2419 3734 2471 οὐκ

2158 2505 2258 2563 οἷδ’
2289 2512 2461 2579 ὅπως,
2503 2511 2825 2566 άθετοῦνται
2852 2513 2909 2566 δὲ
2944 2513 3079 2584 πρὸς
3116 2513 3334 2566 πολλῶν
3398 2511 3730 2580 ἐλλογίμων,

2159 2603 2435 2674 ἐπισφαλῆ
2480 2621 2602 2657 τινα
2630 2603 2916 2674 θεολογίας
2981 2603 3346 2675 καινοφανοῦς
3404 2603 3736 2674 ἐμπεριέχε-

2162 2697 2288 2751 σθαι
2319 2697 2529 2762 τούτοις
2559 2699 2829 2754 δεικνύειν
2855 2699 3103 2768 δόγματα
3145 2698 3294 2770 μάλα
3333 2696 3580 2767 σφοδρῶς
3608 2696 3736 2748 δια·

2159 2789 2510 2860 τεινομένων.
2554 2793 2893 2863 Ἐϐουλόμην
2937 2792 3038 2861 μὲν
3059 2787 3153 2846 οὖν
3205 2791 3490 2863 παρρησίᾳ
3525 2790 3739 2842 συνοδι-

2161 2882 2232 2950 κῇ
2273 2881 2372 2950 τὴν
2403 2879 2693 2950 διόρθωσιν
2725 2881 3162 2953 διαπράξασθαι*
3213 2879 3322 2933 τῶν
3373 2879 3430 2934 δὲ
3474 2882 3742 2949 πραγμά-

2158 2987 2269 3024 των
2300 2971 2360 3023 ού
2392 2971 2826 3041 συγχωρούντων
2865 2972 2923 3024 έν
2951 2989 3016 3040 γε
3051 2972 3128 3038 τῷ
3167 2971 3423 3041 παρόντι,
3462 2969 3738 3040 βούλομαι

2161 3063 2293 3131 παρ’
2320 3062 2475 3132 ὑμῶν
2515 3064 2647 3131 γοῦν
2679 3064 2930 3118 ἐνταυθοῖ
2967 3064 3065 3116 νῦν
3096 3062 3518 3132 όπωσδηποτοῦν
3571 3080 3740 3115 συνε-

2162 3151 2474 3222 ληλυθότων
2515 3156 2643 3224 περὶ
2684 3153 3152 3214 ἐνδςόύτινοσοῦν
3183 3157 3456 3224 αὐτήκοος
3510 3158 3743 3223 γεγονέ-

2161 3262 2272 3300 ναι.
2306 3245 2410 3297 Τὸν
2447 3245 2555 3312 γὰρ
2589 3245 2685 3306 τὰς
2718 3247 3125 3316 θρυλλουμένας
3156 3249 3342 3318 ἐριδας
3403 3250 3498 3301 καὶ
3529 3249 3743 3316 διαφω-

2159 3337 2280 3400 νίας
2307 3339 2601 3408 ἀγείροντα
2635 3339 2801 3410 τόμον
2840 3341 2974 3410 ἐμοῦ
3019 3342 3390 3411 διατρίϐοντος
3429 3343 3486 3394 ἐν
3525 3342 3742 3395 Θεσσα-

2161 3427 2350 3500 λονίκη
2381 3429 2756 3498 συμπέπτωκε
2808 3431 3160 3502 γεγενῆσθαι,
3223 3432 3296 3496 ῶς
3362 3433 3490 3504 μήθ’
3519 3432 3556 3487 ἃ
3585 3432 3742 3502 λέγει

2160 3521 2454 3588 γινώσκειν
2497 3523 2621 3592 ἐμὲ,
2686 3525 2816 3594 μήθ’
2876 3525 3025 3588 ὅπως
3087 3526 3350 3596 ἀληθείας
3418 3527 3450 3596 ἢ
3503 3526 3740 3596 ψεύδους

2162 3614 2477 3684 ἐχει,εί’τις
2537 3619 2785 3688 ἀκριϐῶς
2838 3619 3114 3686 ἐξετάζειν
3168 3620 3433 3691 βούλοιτο.
3479 3621 3636 3674 Δέδια
3691 3621 3740 3674 δ’

2160 3703 2254 3759 οὖν
2285 3708 2358 3777 μὴ
2409 3708 2580 3777 κάμοι
2617 3711 2974 3781 προστριϐείη
3044 3713 3219 3781 κρίμα
3275 3712 3485 3776 θεόθεν,
3517 3714 3599 3767 ὅτι
3638 3715 3739 3766 καὶ

2162 3800 2324 3862 αὐτὸς
2360 3802 2424 3871 τῇ
2467 3801 2829 3874 βασιλευούσῃ
2867 3804 3006 3868 τέως
3035 3805 3454 3875 ἐπιδεδημηκὼς
3490 3808 3548 3859 ἐν
3571 3807 3731 3858 ὑστέ-

2165 3909 2301 3961 ροις,
2335 3891 2522 3961 ἐτέρου
2547 3894 2685 3956 τέως
2715 3895 2811 3964 τὴν
2852 3895 3105 3960 ἐξουσίαν
3137 3897 3374 3967 ἔχοντος,
3415 3898 3568 3952 ἄκων
3593 3899 3730 3951 ὑπέ-

2161 3985 2371 4054 γραψα,
2407 3985 2651 4052 βιασθεὶς
2694 3987 2785 4040 ὑπ’
2822 3988 2987 4040 αὑτοῦ
3022 3989 3142 4060 (τὰς
3170 3991 3280 4060 γάρ
3307 3991 3364 4042 ἐν
3390 3991 3542 4060 μέσῳ
3595 3991 3738 4060 σιγῶ

2162 4075 2380 4144 τύχας),
2408 4078 2507 4130 οὐκ
2547 4078 2689 4146 ἔχων
2728 4081 2878 4141 ὅπως
2904 4079 2970 4133 ἂν
3010 4082 3312 4152 ἐκφύγοιμι
3347 4082 3406 4135 τὸ
3439 4085 3540 4151 τῆς
3583 4083 3742 4153 ῶρας

2166 4165 2363 4234 βίαιον.
2423 4187 2440 4219 ι
2481 4168 2538 4221 '0
2568 4170 2624 4222 δὲ
2659 4171 2949 4240 Γρηγορᾶς
3000 4173 3290 4226 ὑπολαϐών
3332 4190 3535 4244 φησιν·
3575 4193 3597 4227 ι
3640 4178 3746 4240 Ὠς

2164 4254 2274 4321 ἐγὼ
2309 4254 2354 4307 δ’
2388 4260 2452 4310 ἐκ
2486 4257 2683 4310 πολλοῦ
2711 4258 2779 4311 τά
2823 4260 2924 4328 τῆς
2965 4261 3246 4330 θεολογίας
3311 4266 3589 4337 μυστήρια
3642 4267 3749 4334 φέ-

2167 4363 2281 4416 ρειν
2321 4347 2410 4401 διά
2437 4350 2664 4418 χειλέων
2695 4351 2755 4403 οὐ
2792 4353 2936 4421 μάλα
2989 4353 3226 4424 τολμῶν,
3299 4355 3437 4408 ἀλλά
3496 4358 3749 4427 φρίττων

2164 4438 2257 4488 καὶ
2286 4439 2460 4504 ἀκοὴν
2497 4440 2592 4510 καὶ
2635 4439 2897 4505 διάνοιαν,
2957 4443 3258 4512 ἀπεπήδων
3308 4445 3472 4509 εὐθὺς
3514 4448 3594 4510 ὡς
3633 4449 3749 4502 ἀπὸ

488 4529 642 4582 ribus
669 4526 818 4580 illius
847 4521 1107 4578 Ecclesiae
1158 4517 1694 4573 administrationem
1735 4527 1788 4569 ut
1831 4517 2057 4571 omnino

2167 4528 2358 4596 πυρόε.
2394 4529 2570 4582 Ὀπου
2607 4532 2716 4603 γάρ
2749 4534 2864 4596 τοῖς
2913 4534 3172 4603 μεγάλοις
3233 4537 3327 4589 καὶ
3382 4539 3592 4608 σφόδρα
3652 4557 3751 4593 σο-

483 4615 1055 4686 excuterentobtigit,
1097 4626 1282 4667 nonne
1334 4622 1522 4679 aperte
1595 4607 1968 4664 insaniremus
2013 4610 2059 4665 si

488 4715 616 4768 talia
650 4719 887 4766 tractare
920 4708 1209 4767 vellemus,
1251 4718 1375 4757 cum
1413 4716 1481 4754 nc
1515 4716 1686 4769 pauca
1714 4701 1937 4770 quidem
1969 4717 2064 4756 eo-

486 4820 607 4860 rum
645 4818 768 4873 quae
793 4802 868 4854 illi
900 4799 1114 4853 discere
1143 4792 1530 4864 potuerimus?
1553 4794 1731 4860 Atque
1761 4801 1820 4845 ut
1842 4793 1947 4846 mei
1975 4809 2061 4846 ra-

487 4898 635 4948 tione
662 4892 848 4946 habita
877 4889 1095 4958 planius
1123 4898 1413 4954 exponam,
1441 4897 1549 4950 quo
1581 4882 1766 4934 anitno
1798 4882 2060 4950 paula:im

486 4986 720 5038 allectus
761 4986 864 5038 situ
909 4980 963 5032 in
997 4977 1103 5030 tale
1130 4985 1290 5030 antea
1320 4983 1646 5042 conceptum
1703 4973 2060 5042 propositum,

489 5093 641 5139 cum,
680 5083 896 5129 mortuo
925 5068 1269 5124 divinissimo
1298 5081 1352 5121 et
1383 5066 1544 5121 beato
1574 5075 1729 5134 patre
1774 5075 1889 5129 tuo,
1916 5066 2062 5120 claro

489 5169 583 5223 illo
615 5167 772 5235 imp.,
818 5179 906 5217 res
928 5161 1239 5216 Graecorum
1289 5162 1343 5212 in
1394 5159 1686 5213 tumultum
1719 5158 1935 5213 civilem
1972 5159 2067 5212 ad-

489 5261 824 5312 ducerentur
843 5265 900 5309 et
924 5253 1124 5308 ﬂuctus
1153 5253 1442 5307 miserrimi
1471 5253 1523 5306 in
1566 5252 1750 5306 divina
1804 5252 2065 5330 Ecclesia:

491 5351 741 5419 dogmata
776 5352 1298 5416 prorutnperent,et
1347 5344 1492 5398 velut
1525 5353 1715 5398 coorta
1745 5353 2064 5411 tempestate

489 5453 546 5496 et
589 5450 744 5494 nocte
778 5438 962 5494 omnia
993 5437 1239 5492 tenebris
1280 5447 1463 5492 essent
1500 5437 1740 5490 involuta
1769 5475 1784 5498 .
1834 5437 1910 5490 ita
1963 5448 2064 5502 ut,

492 5534 639 5606 quod
664 5534 825 5603 vulgo
861 5531 1046 5588 dicere
1077 5531 1276 5596 solent,
1313 5545 1471 5584 nemo
1527 5546 1560 5585 e
1586 5530 1858 5586 sideribus
1912 5532 2068 5586 colli-

491 5643 620 5696 gere
647 5634 850 5695 posset,
882 5639 990 5691 quo
1018 5623 1270 5685 ferretur,
1301 5636 1538 5690 cumque
1562 5623 1746 5676 omnia
1781 5625 2064 5692 surgentia

492 5730 547 5771 ct
583 5718 832 5772 cadentia
865 5726 1096 5770 eatenus
1134 5730 1228 5783 pro
1263 5713 1650 5780 conjunctione
1679 5715 1987 5769 excitarent
2011 5727 2066 5770 et

498 5810 729 5864 maxime
783 5826 846 5864 ea
900 5825 1018 5878 qna.-
1079 5809 1309 5876 quisque
1341 5817 1606 5876 speraret,
1667 5810 1718 5860 in
1760 5809 2065 5876 pet-iculum

2165 4621 2286 4686 φοῖς
2323 4621 2668 4687 διδασκάλοις
2697 4627 2914 4696 ἐκείνης
2957 4628 3059 4697 τῆς
3094 4629 3426 4698 Ἐκκλησίας
3487 4632 3755 4685 ἀποσείε-

2166 4711 2412 4781 σθαιτὴν
2465 4715 2781 4786 ἐγχείρησιν
2844 4720 3148 4789 ὁλοσχερῶς
3190 4717 3592 4793 συνέϐαινεν,ἦ
3634 4741 3748 4778 που

2169 4806 2339 4872 μανία
2388 4808 2564 4879 σαφὴς
2587 4811 2736 4880 ἡμᾶς
2787 4813 3058 4883 ἐγχειρεῖν
3113 4816 3227 4877 τοῖς
3267 4815 3557 4880 τοιούτοις,
3602 4819 3749 4888 μηδὲ

2171 4900 2344 4968 μικρὰ
2367 4900 2499 4968 γοῦν
2534 4902 2638 4955 τῶν
2670 4905 2770 4956 ὅσα
2805 4907 3008 4958 ἐκεῖνοι
3035 4907 3227 4976 μαθεῖν
3287 4927 3374 4961 πω
3440 4909 3750 4980 δεδυνημέ-

2167 5006 2309 5052 νους.
2339 4993 2452 5045 Καὶ
2482 4995 2567 5046 ῖνα
2595 4995 2654 5047 τὸ
2688 4996 2811 5048 κατ’
2840 4997 3077 5066 ἐμαυτὸν
3120 4997 3407 5052 ἀναλαϐὼν
3460 4999 3753 5070 διηγήσω-

2170 5099 2268 5149 μαι
2299 5083 2649 5155 τελεώτερον,
2667 5087 2813 5151 ὅπως
2842 5087 3045 5158 δηλαδὴ
3066 5089 3237 5158 κάμοὶ
3271 5091 3408 5159 πρὸς
3433 5089 3534 5160 τὴν
3555 5092 3754 5143 τοιαύ-

2167 5191 2265 5241 την
2306 5175 2364 5240 ἐξ
2405 5177 2578 5245 ἀρχῆς
2623 5177 2879 5231 ὑπόθεσιν
2943 5177 3252 5249 διατεθῆναι
3307 5182 3752 5251 συμπέπτωκεν,

2171 5266 2295 5316 ἐπεὶ
2324 5270 2461 5333 μετά
2479 5269 2569 5318 τὸν
2593 5268 2686 5321 τοῦ
2717 5269 3002 5323 θειοτάτου
3048 5274 3143 5324 καὶ
3181 5275 3493 5342 μακαρίτου
3535 5277 3756 5342 πατρὸς

2170 5369 2263 5404 σου
2291 5355 2541 5422 θάνατον,
2577 5356 2671 5408 τοῦ
2702 5359 2948 5427 ἀοιδίμου
2978 5362 3122 5431 φημὶ
3154 5359 3340 5431 [L153
3374 5360 3450 5432 r.]
3476 5361 3760 5430 βασιλέως

2170 5445 2403 5510 ἐκείνου,
2429 5449 2566 5518 πρὸς
2600 5450 2865 5518 ἐμφύλιον
2895 5452 3088 5506 στάσιν
3137 5455 3204 5506 τά
3259 5452 3548 5522 Ῥωμαίων
3575 5453 3760 5524 ἠγέρ-

2169 5536 2236 5604 θη
2288 5538 2594 5606 πράγματα
2626 5541 2719 5591 καὶ
2763 5541 2883 5611 ἅμα
2921 5546 3061 5597 κατὰ
3105 5544 3214 5597 τῶν
3261 5545 3422 5598 θείων
3461 5545 3558 5614 τῆς
3621 5545 3766 5598 Ἐκ-

2170 5629 2398 5697 κλησίας
2432 5631 2718 5699 δογμάτων
2748 5635 2818 5687 τὰ
2852 5636 3102 5705 χείριστα
3162 5638 3299 5707 πρὸς
3336 5639 3534 5692 κακίαν
3579 5637 3764 5711 ἀνέρ-

2173 5723 2314 5789 ρωγε
2349 5722 2595 5792 κύματα,
2629 5727 2722 5781 κα)⁴
2746 5727 2936 5797 ῶσπερ
2998 5731 3056 5783 ἐν
3087 5731 3316 5800 χειμῶνι
3349 5736 3445 5786 καὶ
3479 5732 3641 5785 νυκτὶ
3677 5737 3766 5787 τὰ

2175 5816 2350 5866 πάντα
2389 5814 2555 5884 ζόφος
2594 5814 2682 5888 ἦν,
2723 5822 2797 5884 ὡς
2842 5823 2978 5892 μηδέ
3019 5824 3265 5892 ἄστροις,
3297 5824 3359 5876 τὸ
3407 5823 3768 5894 θρυλλούμε-
