3994 6204
263 288 368 351 2ἷῖ

1217 289 1655 350 ΒΥΖᾹΝΤΙΝΑΞ
1695 292 2073 353 HISTORUE
2131 296 2268 355 ΜΒ.
2315 297 2494 357 XXX.

3416 299 3523 365 “.238

263 427 375 472 νον,
408 409 532 460 ὅποι
564 408 781 476 φέροιτὸ
817 425 897 470 τις
949 409 1214 462 δύνασθαι
1258 411 1685 482 τεκμαίρεσθαι,
1746 414 1826 464 κα¹

1951 422 2232 476 vocarent,
2267 426 2546 484 quatenus
2565 426 2772 466 remota
2798 424 2853 465 et
2879 413 3165 480 dapcrata
3184 423 3327 466 esset
3352 415 3520 470 salus.

263 500 426 554 πάντ’
465 502 577 554 ἀνω
615 503 708 554 καὶ
741 503 890 554 κάτω
928 503 1342 572 μεταπίπτοντα
1391 506 1544 574 παρὰ
1577 505 1836 561 τοσοῦτον

261 594 324 644 ὲκ
356 591 449 645 τού
477 592 745 661 σύνεγγυς
780 594 946 646 ἐτίθει
973 612 1032 647 τε
1065 597 1159 647 καὶ
1207 597 1357 666 μάλα
1389 597 1499 649 τῶν
1539 597 1837 667 ἐλπιζομέ-

263 706 370 739 νων
403 687 652 750 ἑκάστοις
675 687 849 739 ἐποίει
867 687 924 738 το
957 689 1300 742 ἐπικίνδυνον
1338 692 1468 760 παρ’
1503 691 1629 743 ὅσον
1647 691 1837 761 πόρρω

263 786 362 833 καὶ
401 779 622 832 δύσελπι
651 780 922 844 τάσφαλὲς
950 782 1031 850 (ἐν
1067 785 1176 849 γάρ
1215 783 1536 854 διχοστασίῃ
1575 785 1713 853 φησὶ
1743 785 1838 834 τὸν

265 873 369 940 μὲν
401 873 682 938 πάγκακον
704 871 1000 940 τυγχάνειν
1028 872 1218 942 τιμῆς,
1248 875 1340 925 τὸν
1379 875 1436 927 δὲ
1502 873 1597 927 καὶ
1645 875 1836 926 ὁπωσ-

259 963 354 1016 οῦν
388 964 680 1034 μετέχοντα
719 963 812 1016 τοῦ
851 963 1124 1033 βελτίονος
1179 964 1398 1038 θρήνων
1445 969 1680 1037 πάσχειν
1706 965 1836 1031 ἄξια

261 1058 360 1108 καὶ
394 1056 670 1126 τραγικῶν
701 1055 1002 1111 ἀπολαύειν
1031 1057 1142 1109 τῶν
1178 1054 1527 1130 συμφορῶν),
1568 1059 1678 1111 τῶν
1694 1076 1834 1126 κρα-

260 1150 460 1203 τίστων
499 1147 637 1202 εἷναί
671 1167 764 1219 μοι
796 1150 887 1203 τὸν
927 1151 1156 1220 ἡσύχιον
1207 1152 1359 1218 ἔδοξε
1417 1152 1534 1221 βίον
1592 1151 1836 1218 ἑλέσθαι,

257 1240 374 1292 τῶν
407 1240 702 1309 βασιλικῶν
728 1241 990 1312 ἀφεμένω
1023 1241 1292 1314 θεάτρων.
1352 1243 1461 1298 Τοῦ
1504 1245 1616 1317 γάρ
1651 1246 1834 1317 ἐρεθίο

257 1331 448 1394 ζοντος
478 1336 571 1386 καὶ
600 1335 782 1406 μάχην
806 1337 1020 1388 ἐκεῖθεν
1046 1338 1350 1392 ἀντίπαλον
1377 1340 1706 1403 άνιστῶντος
1735 1340 1838 1394 ούκ

258 1421 415 1482 ὄντος
448 1425 506 1473 ὲν
543 1422 841 1494 ὀφθαλμοῖς
891 1424 1050 1494 ἡμῶν
1097 1427 1335 1495 ἀφανείᾳ
1372 1427 1835 1499 κεκαλυμμένων,

259 1511 573 1564 παύσεσθαι
626 1513 688 1565 τὸ
717 1513 1022 1583 νεμόμενον
1077 1515 1177 1584 τῆς
1225 1516 1352 1570 καθ’
1401 1517 1564 1588 ἡμῶν
1629 1517 1834 1582 κακίας

259 1597 467 1668 ᾠήθην.
503 1599 668 1652 Ὅθεν
698 1599 885 1667 ἐπειδὴ
921 1603 1034 1664 τοῖς
1083 1602 1270 1667 ἄλλοις
1327 1605 1688 1676 παραινοῦντι
1745 1623 1836 1675 μοι

259 1694 390 1754 τοὺς
432 1691 788 1760 πειθομένους
815 1694 1002 1765 ἥκιστ’
1030 1695 1178 1766 ἔχειν
1205 1697 1356 1768 ἐνῆν,
1409 1698 1472 1751 τὸ
1507 1697 1630 1751 κατ’
1663 1700 1838 1768 ἐμαυ-

1947 504 2082 558 Nam
2102 505 2156 558 in
2181 505 2450 560 seditione
2467 504 2543 560 ait
2563 515 2720 574 poeta
2742 505 3042 575 pessimum
3063 520 3280 581 quoque
3305 511 3526 574 assequi

1949 595 2214 652 honorem
2239 613 2253 650 :
2274 597 2439 666 270
2458 596 2550 666 qui
2587 606 2768 650 autem
2811 611 3144 666 quocunque
3174 595 3335 650 modo
3357 599 3530 668 partis

1951 687 2192 741 melioris
2219 689 2500 742 studiosus
2530 689 2622 750 sit,
2650 705 2776 742 cum
2803 689 3020 765 perpeti
3055 704 3143 742 res
3171 689 3528 745 miseratione

1947 777 2139 847 dignas
2163 790 2216 833 et
2257 781 2446 834 subire
2497 795 2658 835 casus
2707 783 2962 850 tragicos.
3012 781 3298 851 Optimum
3357 782 3528 854 igitur

1948 869 2082 925 mihi
2109 870 2288 925 visum
2313 873 2790 942 est,tranquillatn
2844 877 3102 944 νείκεσι-τε
3154 876 3346 937 vitam,
3377 876 3530 929 thea-

1948 973 2034 1018 tro
2078 962 2443 1033 imperatorio
2474 966 2690 1020 relicto.
2722 965 2860 1022 Cum
2890 967 3037 1020 enim
3075 969 3171 1037 qui
3199 968 3446 1023 irritaret
3469 980 3526 1022 et

1946 1069 2186 1125 pugnam
2209 1058 2518 1126 oppositam
2563 1057 2666 1112 hac
2697 1074 2755 1112 re
2808 1059 3097 1122 excitaret.
3151 1071 3282 1114 ante
3335 1061 3529 1116 oculos

1947 1155 2166 1202 nostros
2197 1163 2306 1202 non
2349 1159 2688 1212 versaretur.
2723 1151 2926 1220 quippe
2949 1151 3044 1220 qui
3072 1152 3321 1207 tenebris
3373 1153 3529 1206 invo-

1946 1238 2046 1292 luti
2074 1253 2342 1305 essemus,
2364 1241 2625 1310 putabam
2652 1242 2769 1297 fore
2795 1251 2853 1295 ut
2896 1257 3024 1312 pars
3085 1243 3349 1298 attributa
3380 1242 3527 1297 cala-

1946 1331 2154 1386 mitatis
2181 1343 2384 1388 nostrae
2418 1333 2719 1390 desineret.
2742 1336 3115 1401 Quamobrem
3138 1335 3267 1406 quia
3300 1335 3526 1390 minimc

1943 1424 2198 1492 contigit,
2227 1434 2284 1478 ut
2318 1425 2452 1478 mihi
2483 1425 2575 1494 qui
2605 1425 2728 1481 aliis
2767 1427 2999 1482 consilia
3031 1427 3406 1493 darem,dicto
3436 1442 3531 1482 au-

1944 1514 2160 1571 dientes
2194 1527 2413 1581 cssent,
2460 1518 2577 1587 ipse
2613 1519 2786 1574 ollicia
2837 1536 2957 1575 mea
3001 1521 3349 1591 praestabant.
3389 1519 3526 1574 Nam

1946 1609 2241 1664 tumultum
2279 1625 2310 1664 e
2337 1626 2469 1680 pace
2497 1611 2676 1666 facere
2722 1613 2891 1669 etiam
2924 1613 3243 1668 hominibus
3275 1614 3529 1683 pessimis

1943 1702 2261 1772 quibusque
2320 1704 2479 1760 facile
2529 1714 2646 1771 cst;
2708 1721 2740 1762 e
2789 1707 3032 1762 tumultu
3079 1717 3263 1762 autem
3335 1722 3524 1778 pacem

261 1787 354 1838 τὸν
390 1785 608 1839 ἐποίουν
665 1787 863 1852 αὐτός’
895 1786 1128 1858 θόρυὸον
1184 1790 1288 1860 μιν
1338 1791 1450 1862 γάρ
1509 1792 1570 1858 ιε
1607 1794 1826 1862 είρήνης

1941 1793 2256 1858 restituere,
2291 1809 2360 1848 ne
2392 1795 2688 1850 admodum
2744 1796 3111 1866 prudentibus
3147 1796 3366 1868 quidem
3401 1812 3526 1864 pro-

263 1878 447 1949 ῥᾴδιον
485 1877 579 1932 καὶ
629 1881 742 1942 τοῖς
771 1879 1125 1948 φαυλοτάτοις
1166 1883 1266 1938 καὶ
1323 1883 1596 1954 βάναυσον
1637 1885 1834 1953 ἄγουσι

264 1973 382 2041 βίον
418 1975 615 2038 ποιεῖν,
647 1974 710 2026 lx
732 1973 788 2026 δὲ
828 1972 1075 2045 θορύϐων
1103 1977 1331 2048 εἰρήνην
1362 1979 1484 2032 οὐδὲ
1541 1979 1660 2042 τοῖς
1699 1979 1830 2047 σφό-

259 2069 365 2139 δρα
407 2072 650 2134 συνετοῖς
679 2072 822 2139 μάλα
862 2071 1145 2126 τιεῦοδον.
1175 2072 1250 2127 Τὸ
1301 2073 1402 2144 μὲν
1455 2073 1568 2144 γάρ
1613 2074 1835 2126 αὐτονο-

261 2165 362 2236 μίᾳ
391 2166 602 2233 φύσεως
637 2166 855 2234 ἄγεται,
891 2167 1009 2236 ἡδὲ
1053 2165 1216 2234 φύσις
1257 2166 1498 2221 ἄτακτον
1527 2168 1624 2221 καὶ
1687 2165 1830 2220 ἀνῶ-

262 2257 433 2324 μαλον
461 2256 804 2325 ὡμολόγηται
843 2253 986 2310 είναι
1010 2271 1026 2287 ο
1065 2256 1131 2310 τὸ
1159 2257 1218 2309 δὲ
1263 2255 1492 2327 παιδείᾳ
1525 2256 1626 2310 καὶ
1673 2257 1832 2310 συνέ-

258 2366 340 2401 σεο.
377 2348 772 2421 βεϐουλευμένῃ
791 2349 884 2402 καὶ
913 2349 1162 2418 σώφροσι
1186 2349 1469 2419 λογισμοῖς
1501 2347 1829 2412 οίακίζεται.

261 2440 424 2494 Ὅθεν
449 2441 510 2494 τὸ
535 2441 632 2511 μὲν
661 2444 756 2494 καὶ
787 2442 887 2506 τὰς
919 2443 1022 2496 ούκ
1047 2441 1217 2505 οὔσας
1249 2442 1588 2496 ἀναπλάττει
1613 2442 1829 2512 προφά-

268 2551 398 2598 σεις,
425 2534 610 2604 ἐφόδια
653 2536 878 2607 πορίζον
916 2539 1040 2600 ταῖς
1068 2537 1330 2607 ,μάχαιςο
1371 2536 1434 2589 τὺ
1491 2535 1548 2588 δὲ
1591 2535 1688 2589 καὶ
1727 2535 1828 2598 τὰς

270 2625 424 2689 οὕσας
481 2630 771 2698 ἐκτέμνειν
822 2631 1108 2698 πειρᾶται,
1166 2629 1419 2700 καθάπερ
1475 2627 1660 2700 ἰατρὸς
1727 2627 1829 2699 πρὸ

276 2721 362 2787 τῆς
395 2719 617 2792 βλάστης
640 2724 696 2775 ὲν
722 2725 788 2793 τῇ
816 2722 944 2795 ῥίζῃ
974 2724 1077 2793 τὴν
1108 2722 1411 2794 θεραπείαν
1456 2721 1824 2792 τεχνώμενος.

292 2808 431 2860 Ἐπεὶ
454 2811 505 2862 δὲ
535 2813 629 2864 καὶ
654 2812 950 2882 ἀφορισμῷ
987 2813 1258 2882 Παλαμάν
1315 2822 1460 2880 μετα
1493 2812 1594 2880 τῆς
1654 2808 1825 2863 αὐτοῦ

281 2904 523 2970 φρατρίας
591 2905 813 2970 ἁπάσης
857 2907 954 2959 καί
992 2905 1262 2974 χωρισμῷ
1300 2903 1440 2958 Θεοῦ
1516 2903 1828 2957 καθυποόε-

274 2993 484 3061 ϐλῆσθαι
522 2997 842 3066 συμϐέϐηκε
895 2997 1046 3050 δυοῖν
1109 2999 1475 3070 πατριαρχῶν
1531 2999 1626 3052 καὶ
1683 2997 1825 3052 ὅλων

1940 1883 2084 1940 lecto
2109 1894 2192 1940 est
2245 1898 2584 1957 promptum.
2642 1887 2893 1943 Alterum
2944 1889 3094 1944 enim
3156 1888 3390 1944 arbitrio
3428 1905 3525 1941 na-

1940 1984 2078 2030 tura:
2115 1977 2333 2047 agitur:
2367 1987 2618 2032 naturam
2647 1989 2833 2034 autem
2888 1979 3170 2037 turbidam
3201 1989 3257 2036 et
3289 1983 3524 2034 mutabi.

1938 2067 2044 2121 lem
2066 2081 2190 2123 esse
2239 2079 2492 2124 constat:
2531 2069 2768 2125 alterum
2814 2071 3160 2130 humanitate
3203 2079 3260 2126 et
3288 2072 3522 2126 consilio

1936 2159 2170 2228 sapienti
2199 2170 2256 2216 et
2287 2162 2467 2216 cautis
2513 2161 3008 2218 deliberationibus
3064 2163 3518 2223 administratur:

1935 2254 2296 2321 quamobrem
2359 2253 2492 2309 illud
2531 2256 2698 2309 etiam
2753 2256 2910 2310 (ictas
2955 2260 3230 2328 excogitat
3279 2272 3474 2311 causas
3504 2298 3518 2317 .

1935 2345 2187 2414 praebens
2215 2346 2460 2402 subsidia
2489 2348 2704 2418 prteliis
2741 2365 2758 2404 :
2813 2349 2922 2407 hoc
2955 2366 3113 2406 veras
3143 2367 3365 2422 quoque
3417 2351 3521 2408 ιυι»

1934 2435 2050 2492 lere
2083 2445 2343 2504 conatur,
2374 2452 2435 2494 ut
2465 2440 2715 2498 medicus
2743 2457 2855 2496 non
2887 2442 2946 2498 in
2978 2457 3158 2508 ramo,
3189 2443 3286 2499 sed
3319 2443 3376 2502 in
3431 2459 3520 2497 ra-

1933 2530 2053 2586 dice
2116 2533 2456 2587 curationem
2513 2544 2755 2590 tentans.
2808 2535 3105 2606 Postquam
3161 2547 3347 2594 autem
3376 2538 3522 2592 acci-

1932 2622 2034 2688 dit,
2071 2633 2132 2677 ut
2183 2622 2432 2680 Palamas
2463 2639 2588 2679 cum
2623 2635 2734 2682 tota
2783 2625 2993 2687 familia
3035 2643 3134 2683 sua
3157 2640 3220 2684 et
3249 2629 3516 2690 determi-

1933 2715 2161 2770 natione
2185 2726 2242 2770 et
2271 2718 2627 2785 separatione
2656 2717 2840 2772 divina
2867 2721 3258 2776 succumberet
3283 2723 3522 2792 patriar-

1931 2808 2055 2866 cbis
2105 2807 2352 2875 duobus,
2375 2816 2432 2863 et
2477 2809 2758 2872 omnibus.
2797 2819 3073 2881 quotquot
3122 2823 3237 2873 tum
3281 2814 3520 2874 aderant

1928 2902 2226 2972 episcopis,
2266 2901 2441 2957 multo
2486 2902 2662 2972 magis
2712 2903 3167 2973 tranquillitatem
3216 2907 3514 2976 probabam

1929 3005 1987 3050 et
2030 2995 2412 3061 nanciscebar,
2435 2994 2649 3066 quippe
2672 3011 2794 3067 qua:
2827 2998 2944 3052 sola
2979 2998 3296 3055 facultatem
3340 3009 3397 3054 et
3428 3017 3517 3055 ra-

266 3089 439 3140 όπόσοι
488 3089 789 3159 τηνικαῦτα
840 3090 1102 3161 παρῆσαν
1166 3092 1278 3148 τῶν
1339 3093 1678 3157 ἐπισκόπων,
1742 3091 1824 3144 ἔτι

1932 3087 2138 3144 tionem
2167 3087 2438 3158 prmberet
2464 3088 2854 3145 haereticorum
2886 3090 3095 3145 familia
3148 3102 3204 3147 et
3250 3092 3515 3149 societate

265 3180 458 3249 μᾶλλον
491 3183 710 3254 ἐμαυτῷ
739 3184 807 3237 τά
833 3185 933 3254 τῆς
966 3186 1200 3254 ἡσυχίας
1220 3185 1512 3256 ,παρῄνουν
1555 3189 1652 3239 καὶ
1690 3189 1826 3240 ἐπε-

259 3275 478 3344 κύρουν,
506 3276 709 3346 ταύτης
761 3278 930 3349 μόνης
952 3279 1014 3331 τὸ
1047 3280 1249 3348 ῥᾷστον
1277 3281 1513 3350 ἐχούσης
1546 3282 1642 3333 καὶ
1673 3279 1826 3334 εὔλο-

255 3387 350 3438 γον
379 3371 478 3439 τῆς
502 3371 610 3424 τῶν
658 3373 902 3442 βεϐήλων
934 3377 1211 3442 φρατρίας
1261 3373 1360 3426 καὶ
1381 3373 1670 3438 κοινωνίας
1700 3375 1824 3428 ἑπι-

252 3465 420 3528 εικώς
468 3467 721 3536 ἀφιστᾷν.
778 3467 918 3536 Ἤδη
983 3466 1041 3519 δὲ
1104 3467 1201 3520 καὶ
1245 3466 1488 3538 διωγμὸν
1539 3469 1825 3541 ἀνερρίπι-

251 3573 347 3607 σεν
395 3560 425 3609 ὁ
470 3558 566 3626 τῆς
609 3558 935 3628 Ἐκκλησίας
981 3558 1213 3629 χειμὼν,
1274 3562 1368 3612 καὶ
1417 3560 1678 3628 διωγμῶν
1732 3562 1825 3615 τὸν

249 3650 691 3717 φρικωδέστατον
735 3653 832 3704 καὶ
880 3650 1207 3722 βαρύτατον,
1259 3651 1336 3715 ὡς
1386 3653 1684 3706 κάντεῦθεν
1746 3653 1822 3724 μὴ

252 3742 416 3809 μόνον
471 3744 745 3814 ἐξόριστον
777 3746 1043 3814 γεγονότα
1112 3747 1206 3800 τὸν
1255 3748 1605 3817 πατριάρχην
1664 3747 1823 3819 βιαίῳ

248 3833 467 3903 θανάτῳ
500 3834 593 3888 τοῦ
626 3834 744 3904 βίου
776 3833 840 3906 [ί.
867 3836 969 3890 155
998 3834 1070 3909 υ.]
1120 3837 1357 3906 περᾶσαι
1394 3837 1494 3906 τὴν
1541 3836 1822 3906 τελευτὴν,

248 3926 384 3984 ἀλλὰ
416 3928 512 3979 καὶ
550 3928 656 3981 τῶν
684 3929 1004 3982 ἐπισκόπων
1067 3929 1163 3982 καὶ
1199 3927 1599 4000 πρεσϐυτέρων
1636 3930 1825 3982 ὀπόσοι

247 4025 350 4094 τὴν
411 4022 664 4075 ἔνστασιν
728 4020 1025 4092 ἁκλόνητον
1076 4023 1234 4091 ἔσχον
1309 4023 1372 4076 ὲν
1437 4025 1552 4086 τοῖς
1603 4021 1821 4087 δεινοῖς,

247 4117 410 4180 ἄλλος
444 4115 627 4170 ἄλλοθι
655 4116 753 4184 τῆς
784 4115 1113 4184 οίκουμένης
1139 4115 1472 4184 διωκόμενοι
1513 4115 1825 4186 διεσπάρη-

248 4228 376 4264 σαν.
420 4209 526 4262 Ἐὦ
551 4208 728 4276 λέγειν
761 4207 853 4272 οὓς
887 4210 945 4262 ὲν
974 4209 1168 4279 εἱρκτῇ
1215 4209 1314 4261 καὶ
1367 4210 1520 4279 ζόφῳ
1563 4208 1823 4282 θνήσκειν

245 4301 556 4363 συνέδαινε,
594 4301 686 4354 καὶ
715 4300 831 4354 ὅσοι
875 4300 1020 4370 λιμῷ
1049 4301 1144 4354 καὶ
1173 4299 1316 4369 δίψει
1371 4304 1466 4355 καὶ
1505 4301 1658 4372 πάσῃ
1709 4301 1822 4356 τῶν

243 4393 566 4460 ἀναγκαίων
600 4393 932 4463 στενοχωρίᾳ
953 4391 1150 4462 βιαίοις
1182 4393 1438 4455 θανάτοις
1469 4393 1815 4462 ἀπήλλαξαν.

1927 3180 2064 3236 satis
2089 3179 2432 3237 abstinendi.
2467 3181 2591 3237 Jam
2626 3197 2763 3236 vero
2795 3183 3223 3242 insectationem
3257 3185 3516 3240 accendit

1927 3271 2187 3329 Ecclesiae
2217 3282 2537 3343 tempestas,
2566 3282 2625 3330 et
2657 3276 2819 3347 271
2850 3290 2972 3330 eam
3004 3277 3226 3346 quidem
3263 3276 3510 3337 onmiuut

1929 3364 2390 3420 terribilissimam
2443 3376 2500 3421 et
2548 3369 2975 3435 atrocissimam,
3033 3369 3104 3427 ita
3156 3381 3216 3424 ut
3270 3371 3412 3425 hanc
3443 3373 3514 3431 ob

1928 3473 2047 3513 rem
2071 3474 2179 3513 non
2209 3459 2389 3514 solum
2413 3459 2726 3529 patriarcha
2751 3461 3015 3529 expulsus
3065 3472 3244 3518 morte
3275 3463 3512 3519 violenta

1928 3551 2076 3606 diem
2103 3566 2425 3622 supremum
2455 3552 2660 3618 obiret,
2696 3552 2792 3607 sed
2828 3556 2996 3608 etiam
3020 3554 3412 3626 episcoporum
3455 3567 3514 3616 et

1926 3645 2381 3716 presbyterorum
2432 3655 2708 3715 quotquot
2754 3643 2809 3699 in
2858 3646 3125 3716 periculis
3165 3660 3509 3705 constantem

1925 3738 2053 3793 vita:
2075 3739 2345 3794 rationem
2386 3739 2673 3804 tenebant,
2704 3738 2847 3794 alius
2893 3739 3003 3796 alio
3036 3757 3133 3810 per
3171 3743 3368 3798 orbem
3401 3754 3513 3800 ter-

1929 3847 2114 3887 rarum
2142 3831 2400 3903 exagitati
2425 3830 2856 3901 dissiparentur.
2886 3830 3095 3888 Omitto
3121 3841 3367 3900 narrare,
3386 3839 3514 3906 qui-

1928 3924 2032 3980 bus
2061 3925 2344 3992 acciderit,
2371 3933 2431 3979 ut
2469 3924 2525 3978 in
2558 3940 2781 3981 carcere
2830 3936 2886 3979 et
2915 3925 3161 3982 tenebris
3195 3927 3510 3996 interirent,

1927 4031 2230 4087 omnesque
2267 4017 2362 4087 qui
2397 4017 2542 4072 fatne
2595 4029 2653 4073 et
2687 4018 2781 4072 siti
2836 4027 2889 4071 ct
2941 4020 3378 4075 necessariorum
3411 4036 3510 4090 pe-

1926 4113 2088 4169 nuria
2119 4123 2297 4168 morte
2318 4112 2557 4168 violenta
2587 4112 2958 4168 decederent:
2993 4124 3051 4168 et
3077 4113 3133 4169 id
3165 4119 3316 4184 quod
3340 4116 3506 4171 etiam

1928 4206 2152 4278 gravius
2177 4214 2265 4261 est
2289 4245 2304 4270 ,
2355 4205 2502 4276 quod
2544 4221 2616 4261 ne
2669 4206 2982 4276 sepulcrum
3019 4207 3263 4276 quidem,
3297 4223 3332 4263 ο
3364 4217 3510 4269 terra

1927 4309 1984 4353 et
2008 4297 2111 4362 sol,
2147 4307 2206 4352 ut
2232 4296 2502 4354 haberent
2525 4313 2622 4367 per
2645 4308 2931 4369 cognatos,
2959 4301 3026 4354 iis
3046 4315 3370 4356 concessum
3401 4313 3508 4365 est.

1929 4391 2035 4446 nisi
2068 4391 2386 4461 quicunque
2415 4390 2556 4448 clam
2611 4391 2988 4447 humabantur
3013 4432 3030 4457 ,
3083 4408 3399 4462 quanquam
3437 4410 3507 4448 ne

247 4488 361 4540 Καὶ
384 4487 448 4539 τό
480 4503 545 4553 γε
577 4460 867 4556 μεῖζονηὸτι
909 4460 1045 4556 μηδὲ
1099 4488 1302 4554 ταφῆς,
1327 4479 1374 4540 ὦ
1417 4485 1488 4555 γῆ
1551 4460 1646 4539 καὶ
1676 4487 1821 4558 ἧλιε,

1932 4482 2001 4535 ab
2039 4460 2128 4535 his
2157 4481 2380 4550 quidem
2417 4482 2525 4536 sibi
2582 4483 2960 4552 temperabant
3017 4460 3110 4536 illi
3134 4460 3288 4540 castis
3331 4484 3508 4538 Laco-

243 4581 386 4649 πρὴς
441 4579 546 4630 τῶν
607 4579 932 4649 ἐπιτηδείων
1017 4579 1318 4650 τυγχάνειν
1381 4579 1819 4650 συνεχωροῦντο,

249 4673 450 4740 πλὴνῆ
492 4673 608 4725 ὅσοι
662 4673 804 4725 κατά
857 4673 917 4725 τὸ
956 4672 1179 4742 λεληθὸς
1226 4673 1664 4743 κατωρύττοντο.
1721 4667 1822 4728 Ὧν

241 4765 368 4817 οὐδὲ
398 4766 599 4817 τούτων
623 4766 926 4833 ἀπέσχοντο
955 4767 1005 4818 οί
1039 4766 1196 4828 κυνὸς
1228 4766 1504 4833 Λακαίνης
1539 4765 1697 4831 δίκην
1733 4767 1816 4836 ρι-

245 4857 610 4924 νηλατούντες
651 4857 746 4908 καὶ
803 4856 1198 4925 άνιχνεύοντες,
1265 4857 1404 4910 ἀλλὰ
1460 4859 1555 4910 καὶ
1613 4859 1820 4912 τούτων

246 4950 424 5011 ἐνίους
448 4948 746 5017 άνὼρυξαν.
781 4947 937 5000 Οὕτω
961 4948 1219 5016 διωγμῶν
1272 4947 1528 5001 ἁπάντων
1583 4949 1822 5019 βαρύτα-

244 5059 336 5102 τος
370 5043 570 5095 οὓτοσί.
603 5042 668 5094 Τί
699 5043 807 5110 γὰρ
839 5042 1060 5094 ἀνύσειν
1085 5040 1311 5110 ἔμελλον
1345 5042 1526 5104 πλέον,
1559 5044 1639 5103 εἰς
1666 5042 1819 5095 ἀναί-

248 5134 446 5200 σθητον
473 5136 631 5203 σῶμα
663 5135 760 5204 τὴν
790 5133 888 5202 τῆς
921 5134 1124 5187 ἀτόπου
1183 5133 1366 5203 ψυχῆς
1416 5134 1819 5204 ἀγνωμοσύνην

245 5227 564 5293 ὲκχέοντες;
596 5227 791 5280 Θανεῖν
819 5229 929 5298 γάρ
965 5229 1206 5299 ἀνάγκη,
1234 5229 1333 5300 ζῇν
1367 5233 1412 5284 δ’
1459 5232 1492 5302 ἢ
1540 5235 1686 5301 ταφῇ
1719 5249 1817 5284 κα-

243 5315 538 5383 λυφθῆναι,
583 5317 789 5369 τούτων
814 5317 858 5370 δ’
882 5318 1165 5388 οὐδέτερον
1190 5319 1325 5382 τέως
1359 5321 1596 5388 ἀνάγκη.
1633 5321 1724 5373 Διὸ
1758 5323 1819 5374 τὸ

248 5407 351 5474 μὲν
371 5410 461 5458 καὶ
495 5407 569 5477 μὴ
611 5408 950 5479 βουλομένων
982 5409 1289 5479 ἀνθρώπων
1351 5414 1383 5480 ὴ
1441 5413 1599 5481 φύσις
1650 5415 1813 5481 τελεῖ,

240 5497 304 5546 τῗι
331 5495 378 5546 δ’
405 5513 460 5546 εν
487 5500 554 5566 τῇ
583 5499 900 5568 προαιρέσει
935 5499 1188 5570 κείμενον
1209 5499 1317 5551 τῶν
1347 5499 1816 5571 περιλειπομένων

243 5585 465 5656 ἐλεγχος
491 5591 756 5660 ὁποτέρου
797 5591 1006 5657 γίνεται
1062 5593 1228 5656 δυοῖν,
1261 5590 1362 5644 εἴτ’
1408 5591 1666 5654 ἀπονοίας
1702 5596 1813 5647 εἴτε

245 5681 524 5747 προνοίας.
584 5682 696 5750 Τῆς
748 5683 813 5753 δὴ
864 5684 1118 5753 τοιαύτης
1170 5683 1610 5753 περικλονήσεως
1653 5686 1814 5755 ἔργον

246 5773 512 5844 γινόμεθα
569 5781 661 5831 καὶ
705 5781 881 5847 ἡμεῖς,
943 5779 1000 5832 ού
1060 5778 1375 5848 βουλόμενοι
1427 5779 1542 5842 ταῖς
1595 5779 1813 5842 ἀτόποις

1929 4572 2065 4627 nica:
2107 4572 2286 4627 instar
2315 4573 2617 4626 odorantes
2640 4581 2696 4627 et
2724 4573 3144 4642 investigantes:
3178 4574 3277 4627 sed
3309 4573 3505 4628 horum

1926 4680 2147 4735 quoque
2196 4663 2492 4720 nonnullos
2524 4664 2827 4718 eruebant.
2874 4663 2999 4720 Haec
3035 4663 3205 4738 igitur
3259 4665 3504 4721 omnium

1926 4758 2372 4828 persecutionum
2428 4758 2534 4812 fuit
2589 4757 2936 4826 gravissima.
2987 4756 3129 4822 Quid
3181 4758 3329 4811 enim
3387 4775 3506 4812 am-

1925 4850 2069 4918 plius
2099 4849 2448 4905 committere
2503 4855 2756 4918 poterant
2794 4848 2847 4901 in
2886 4863 3087 4918 corpus
3114 4864 3280 4902 sensu
3312 4866 3502 4904 carens

1924 4943 2092 4996 animi
2131 4942 2305 5012 inepti
2340 4941 2710 5010 ignorantiam
2764 4940 3115 4999 eﬂundentes
3143 4941 3167 4994 ’ἶ
3196 4939 3328 4996 Nam
3358 4943 3502 4998 mori
3559 4930 3565 4936 ’

1925 5049 2149 5090 necesse
2172 5043 2290 5098 est;
2321 5033 2467 5103 quod
2495 5041 2678 5086 autem
2703 5031 2772 5086 ad
2799 5031 3090 5086 vivendum
3125 5042 3222 5086 aut
3252 5032 3502 5101 sepultu-

1920 5144 2036 5182 ram
2079 5127 2298 5190 attinet,
2329 5126 2524 5179 borum
2563 5125 2788 5181 omnino
2812 5134 3069 5184 neutrum
3124 5139 3348 5180 necesse
3377 5137 3498 5192 est;

1918 5229 2149 5290 propter
2237 5219 2384 5288 quod
2439 5217 2675 5275 alterum
2749 5218 2916 5272 etiam
2999 5217 3193 5272 invitis
3260 5216 3500 5270 homini-

1923 5314 2025 5366 bus
2074 5321 2268 5366 natura
2327 5311 2540 5380 perlicit
2589 5329 2602 5363 :
2657 5311 2894 5365 alterum
2948 5310 3003 5363 in
3066 5309 3348 5366 voluntate
3401 5326 3499 5378 νου
3555 5349 3560 5357 .

1921 5408 2088 5460 situm
2159 5405 2522 5475 superstitum
2597 5407 2814 5475 signum
2869 5412 2960 5458 est
3021 5402 3346 5458 alterutrius
3399 5412 3497 5462 aut

1920 5499 2208 5554 dementia:
2245 5507 2343 5552 aut
2397 5496 2724 5568 prudentiae.
2763 5497 2878 5569 Tali
2915 5497 3082 5568 igitur
3134 5495 3498 5550 insectatione

1919 5588 2189 5646 allicimur
2221 5589 2382 5644 etiam
2423 5604 2545 5652 nos,
2573 5589 2667 5660 qui
2690 5589 2911 5658 quidem
2947 5588 3147 5657 ineptae
3179 5599 3374 5641 vocum
3397 5599 3499 5637 no-

1921 5685 2075 5739 vitati
2101 5684 2332 5738 Palamze
2362 5683 2522 5738 istius
2555 5683 2838 5753 indulgere
2867 5683 3126 5738 nolimus.
3151 5675 3344 5735 Omnia
3372 5677 3500 5738 aui-

1923 5777 2048 5832 dem
2085 5777 2248 5843 mala,
2301 5793 2423 5847 qua:
2476 5789 2764 5848 propterea
2817 5775 3026 5845 experti
3081 5788 3294 5839 sumus,
3332 5765 3493 5848 272
