3994 6204
489 269 604 341 ρον

1702 280 2119 344 NICEPHORI
2160 285 2541 347 ΟΗΕΟΟΗίΕ

3629 296 3724 359 210

487 390 839 446 committere
862 389 1094 445 auribus
1120 391 1402 445 hominum
1442 389 1668 443 omnino
1695 405 1801 444 non
1836 404 2062 446 necesse

2170 400 2556 463 καινοφωνίαις
2587 396 2832 451 ὑπείκειν
2859 397 3094 468 Παλαμᾶ
3125 398 3341 451 τουτουῖ
3382 412 3398 431 ·
3431 399 3633 453 ὁπόσων
3668 419 3723 468 γε

486 496 653 555 puto,
684 485 816 549 Deo,
852 484 944 554 qui
980 484 1159 539 oculta
1194 483 1605 547 animadvertit,
1655 484 1771 538 haec
1817 494 2070 538 accurate

490 576 886 647 perspiciente.
928 576 1133 631 Tamen
1158 590 1281 629 cum
1315 575 1597 629 voluntate
1634 575 1841 643 divina,
1898 576 2071 646 impe—

497 678 670 734 rator,
695 677 977 738 paternam
1004 678 1149 722 tuam
1179 664 1391 737 imperii
1425 676 1626 723 sortem
1645 668 1975 738 susceperis,
1996 668 2071 723 si-

490 761 721 831 mulque
770 774 872 816 nos
921 759 1277 816 refecerimus
1316 760 1597 829 paululum
1657 760 1749 829 qui
1807 775 2069 829 perseve-

492 854 671 907 rantia
701 851 1071 922 periculorum
1107 850 1390 921 defatigati
1426 852 1594 906 vitam
1643 868 1750 906 non
1805 851 2069 922 abjeccrio

490 959 634 1009 mus,
672 957 906 1013 cumque
953 943 1298 997 decretorum
1340 952 1395 997 et
1442 943 1782 997 voluminum
1842 943 2065 996 illorum

490 1035 722 1090 maculae
744 1044 801 1090 et
826 1034 991 1090 exitia
1026 1038 1082 1087 in
1107 1042 1462 1103 conspectum
1499 1034 1659 1087 nobis
1692 1032 1987 1086 inciderint
2013 1042 2067 1087 et

488 1128 690 1183 famam
728 1127 838 1196 jam
869 1126 1015 1180 clare
1057 1126 1497 1194 perspexerimus
1525 1136 1577 1177 et
1610 1123 1856 1177 convicia
1886 1123 1985 1176 ista
2010 1130 2067 1176 et

491 1211 850 1289 quascunque
897 1228 1095 1271 contra
1148 1216 1320 1271 libros
1360 1215 1576 1269 divinos
1637 1215 2068 1269 obtrectationes

491 1310 764 1378 falsasque
792 1307 1211 1363 criminationes
1267 1306 1589 1360 effundunt:
1618 1321 1841 1361 necesse
1896 1304 2063 1375 igitur

492 1401 628 1456 illud
658 1401 911 1455 volumen
940 1402 1051 1469 jam
1086 1398 1397 1468 proferatur
1428 1399 1481 1452 in
1527 1399 1790 1464 medium,
1842 1415 1911 1453 ne
1940 1412 2064 1453 ora-

487 1494 570 1547 tio
600 1504 788 1547 nostra
846 1501 1052 1547 temere
1081 1500 1138 1545 et
1182 1492 1452 1545 incassum
1501 1490 1803 1559 procedat,
1851 1489 2061 1543 nullum

488 1586 699 1640 habens
728 1583 958 1645 fundum
986 1581 1537 1652 fundamentmnque.

556 1886 649 1942 ιιι.
692 1884 831 1940 Tum
884 1884 1186 1950 imperator
1231 1897 1245 1934 :
1282 1879 1400 1934 Non
1459 1877 1663 1948 operis,
1703 1876 1905 1946 inquit,
1941 1888 2066 1944 per-

486 1979 609 2034 fecti
647 1979 702 2031 in
736 1968 990 2046 praesenti
1045 1974 1386 2043 requirimus
1429 1967 1925 2038 compositionem;
1966 1964 2063 2021 sed

487 2074 753 2128 doctrinae
789 2084 1050 2139 perquam
1105 2064 1418 2135 symbolica:
1449 2072 1504 2117 et
1549 2062 1799 2116 obscurae
1832 2059 2061 2129 vestigia

454 2166 736 2234 .clsigna.
781 2159 1034 2217 Profecto
1092 2157 1239 2212 enim
1300 2154 1748 2226 presbyterorum
1805 2163 2062 2205 coronam

478 2256 962 2314 convncabamus:
1004 2265 1182 2320 neque
1225 2263 1357 2305 vero
1390 2248 1445 2301 in
1498 2255 1710 2301 secreto
1748 2252 1803 2297 ct
1840 2257 2061 2297 recessu

484 2364 574 2403 res
606 2347 766 2402 nobis
800 2343 911 2398 ullo
962 2338 1129 2395 modo
1179 2333 1642 2405 componebatur,
1701 2339 2063 2399 componetur

480 2449 666 2497 tamen
694 2437 843 2508 justo
873 2443 1143 2502 tempore.
1182 2427 1284 2484 Cui
1309 2424 1654 2496 respondens
1704 2421 1948 2476 i‘alamas
1999 2418 2055 2474 in

480 2531 828 2587 Barlanmum
852 2532 1173 2581 convertere
1204 2517 1508 2575 conabatur
1530 2527 1840 2570 sermonem
1862 2520 1919 2567 et
1937 2510 2060 2566 viva

483 2640 549 2680 ex
598 2619 831 2678 mortuis
887 2617 1305 2677 demonstrare;
1364 2609 1460 2665 sed
1522 2608 1761 2677 reiectus
1820 2614 1905 2661 est
1961 2618 2061 2674 per

482 2717 783 2785 Gregor‘am
812 2724 938 2767 cum
979 2706 1176 2762 ad'res
1199 2704 1468 2759 obscuras
1500 2700 1859 2770 confugeret:
1910 2695 2060 2766 quod

476 2809 677 2866 liceret
729 2814 857 2859 ante
883 2799 1074 2858 oculos
1127 2797 1303 2867 posita
1353 2792 1421 2848 ad
1450 2805 1684 2867 causam
1736 2799 2060 2860 praesentem

482 2896 785 2952 adhibere:
827 2886 1185 2961 quamobrem
1220 2882 1383 2953 273
1421 2882 1487 2936 ad
1547 2880 1707 2935 aliam
1763 2893 2063 2933 conversus

482 3002 540 3046 et
572 2988 678 3043 alia
700 2985 869 3040 multa
893 2983 1112 3036 locutus
1133 2985 1218 3030 est
1243 2985 1298 3030 et
1322 2973 1486 3029 simul
1515 2970 1746 3036 tentavit
1764 2985 1889 3025 eum
1910 2984 2063 3040 qua:-

484 3079 677 3143 rendo,
710 3090 843 3131 num
874 3080 1060 3129 essent
1092 3072 1187 3140 qui
1243 3069 1540 3124 essentiam
1575 3066 1817 3123 divinam
1870 3075 1926 3119 et
1977 3064 2058 3119 ef.

478 3169 779 3227 ﬁcientiam
816 3165 1057 3222 divinam
1107 3161 1359 3217 diversas
1416 3174 1539 3214 esse
1581 3167 1885 3229 negarent:
1952 3171 2059 3227 qua

481 3262 555 3318 de
583 3277 644 3317 re
667 3258 1010 3332 potissimum
1031 3254 1196 3311 etiam
1236 3250 1529 3322 Gregoram
1561 3251 1710 3322 loqui
1736 3248 1929 3307 voluit.

554 3442 646 3499 Π.
681 3439 821 3495 Tum
873 3437 1140 3509 Gregoras
1172 3434 1240 3490 ad
1289 3434 1679 3503 imperatorem
1726 3444 2061 3486 conversus:

477 3535 620 3592 Cum
671 3533 863 3595 multa,
894 3528 1094 3600 inquit,
1125 3527 1239 3583 sint
1264 3527 1466 3588 studia,
1508 3526 1766 3595 princeps
1791 3522 2064 3592 augustis-

486 3628 641 3687 sime,
680 3639 801 3694 qua:
829 3620 1152 3693 jamdudum
1217 3627 1432 3672 mortua
1499 3613 1829 3669 reviviscere
1888 3625 2065 3680 nuper

484 3720 580 3773 ille
608 3717 792 3789 jussit,
813 3728 1042 3784 tutaeque
1067 3720 1227 3767 antea
1265 3724 1375 3764 non
1396 3708 1508 3761 visa
1538 3707 1630 3761 ille
1659 3705 1887 3769 invenit,
1916 3703 2061 3759 socia

481 3812 710 3883 tljutus
739 3803 1213 3877 manuprineipis,
1250 3801 1509 3871 placitum
1541 3799 1681 3870 ejus,
1711 3801 1855 3868 quod
1888 3805 1972 3852 est
1997 3795 2066 3851 de

480 3907 677 3960 multis
735 3900 891 3963 deis,
946 3907 1103 3969 puto,
1160 3892 1394 3949 sufﬁciet
1451 3892 1584 3947 huic
1644 3905 1810 3961 quam
1872 3902 2066 3959 aggre-

489 3998 678 4052 dimur
714 3987 1147 4047 adumbrationi.
1170 3984 1414 4055 Cupiens
1459 3982 1606 4037 enim
1666 3981 1944 4050 explicare
1968 3978 2068 4033 do-

489 4102 611 4157 gma
641 4085 784 4156 quod
812 4092 903 4138 est
961 4081 1028 4135 de
1083 4080 1176 4134 Dei
1213 4076 1379 4133 Verbi
1427 4075 1826 4139 incarnatione,
1877 4072 2069 4128 simul-

482 4193 595 4248 que
625 4177 826 4230 multos
859 4175 991 4228 deos
1024 4169 1375 4225 introducere
1397 4207 1415 4233 ,
1469 4167 1753 4222 contendit
1777 4204 1792 4228 ,
1827 4165 2067 4221 efﬁcien-

489 4271 620 4323 tiam
659 4281 782 4321 esse
828 4262 1179 4318 divinitatem
1218 4259 1548 4313 submissam
1581 4297 1597 4322 ,
1658 4258 1977 4321 int-reatam,
2013 4263 2069 4310 et

483 4357 729 4415 essentia
765 4363 1068 4413 carentem,
1098 4359 1156 4403 et
1181 4348 1455 4403 diversam
1489 4346 1715 4401 omnino
1761 4345 1832 4399 ab
1864 4345 1954 4399 illa
1984 4344 2070 4399 di-

2178 485 2285 555 μὴν
2318 487 2412 539 καὶ
2438 488 2546 539 τῶν
2577 487 2769 542 δεινῶν
2801 489 3185 559 πεπειράμεθα
3208 488 3298 541 διὰ
3330 487 3525 555 ταῦτα,
3558 506 3723 560 παρα-

2171 576 2416 646 πέμπειν
2468 580 2660 641 ἀκοαῖς
2714 578 3084 650 ἀνθρωπίναις
3120 580 3181 633 οὐ
3232 578 3377 632 πάνυ
3431 595 3486 634 τι
3543 583 3725 652 χρῆναι

2169 668 2401 739 νομίζω,
2429 669 2525 722 τοῦ
2558 671 2630 724 τὰ
2661 672 2885 741 κρυπτά
2916 672 3225 745 ἐφορῶντος
3271 671 3410 725 θεοῦ
3440 674 3726 739 γινώσκον-

2168 777 2258 823 τος
2283 761 2549 830 ἀκριϐῶς.
2578 763 2768 831 Ὅμως
2791 762 2915 815 ἐπεὶ
2962 761 3212 834 θειοτέρα
3266 763 3429 835 βουλῇ
3491 765 3585 817 τὸν
3634 785 3727 818 πσ-

2168 851 2346 921 τρῷόν
2370 869 2453 906 σοι
2481 852 2581 921 τῆς
2605 853 2908 923 μοναρχίας
2936 853 3237 923 ἀνείληφας
3283 853 3513 925 κλῆρον,
3547 847 3594 907 ὧ
3639 856 3726 924 βα-

2172 941 2348 1004 σιλεῦ,
2378 942 2474 994 καὶ
2506 943 2622 1011 ἅμα
2655 943 2802 1010 ἡμᾶς
2860 943 3367 1013 ἁνεπεπνεύκειμεν
3417 944 3591 1014 βραχύ
3642 947 3727 997 καὶ

2166 1033 2293 1086 ὅσον
2352 1035 2425 1105 μὴ
2456 1037 2519 1104 τῇ
2557 1034 2815 1103 συνεχείᾳ
2864 1034 2975 1088 τῶν
3040 1035 3228 1088 δεινῶν
3281 1037 3730 1106 ἀπηγορευκότας

2168 1122 2429 1192 προέσθαι
2467 1121 2526 1174 τὸ
2550 1122 2671 1191 ζῇν,
2703 1121 2800 1175 καὶ
2832 1124 2889 1175 αἱ
2943 1123 3054 1175 τῶν
3081 1123 3452 1192 ψηφισμάτων
3512 1127 3607 1178 καὶ
3649 1143 3730 1178 τοι·

2171 1216 2496 1286 μογραφιῶν
2532 1217 2756 1268 ἐκείνων
2776 1215 2990 1286 quas;
3018 1218 3114 1270 καὶ
3172 1216 3347 1287 κῆρες
3409 1212 3547 1287 ἦκον
3607 1221 3731 1288 ἡμῖν

2169 1309 2251 1369 είς
2298 1308 2421 1375 ὄψιν
2446 1308 2541 1360 καὶ
2564 1307 2762 1379 ἀκοὴν,
2815 1307 3063 1378 ἔγνωμεν
3117 1309 3220 1379 ἥδη
3277 1309 3465 1378 σαφῶς
3498 1312 3599 1363 καὶ
3640 1313 3730 1370 τὰς

2170 1398 2288 1450 ἐκεῖ
2319 1397 2692 1467 βλασφημίας,
2747 1398 2842 1484 καὶ
2869 1398 3001 1461 ὅσας
3029 1398 3138 1452 τῶν
3183 1400 3343 1453 θείων
3377 1400 3609 1465 Γραφῶν
3639 1404 3731 1461 τὰς

2172 1489 2426 1551 διαϐολὰς
2451 1489 2779 1557 καταχέουσι
2818 1491 2913 1542 καὶ
2958 1493 3350 1559 συκοφαντίας.
3415 1491 3731 1559 Ἀναγκαῖον

2164 1581 2265 1634 οὖν
2296 1583 2503 1635 ἐκεῖνον
2523 1582 2625 1651 ἤδη
2653 1583 3050 1652 προενεχθῆναι
3083 1584 3174 1635 τὸν
3198 1582 3366 1652 τόμον
3419 1585 3499 1646 είς
3548 1583 3729 1651 μέσον,

2177 1674 2267 1727 ινα
2304 1674 2379 1745 μὴ
2413 1673 2594 1743 μάτην
2621 1676 2718 1729 καὶ
2747 1677 2827 1739 είς
2857 1675 3016 1728 κενὸν
3045 1675 3073 1727 6
3118 1675 3320 1745 δρόμος
3349 1677 3479 1744 ἡμῖν
3517 1675 3732 1745 ὑπάρχῃ

2091 1755 2133 1811 Β
2175 1766 2271 1821 τοῦ
2333 1767 2497 1835 λόγου
2553 1766 2857 1838 μηδεμίαν⁶
2889 1765 3031 1837 ἔχων
3080 1765 3323 1837 κρηπῖδα
3369 1768 3464 1819 καὶ
3504 1765 3682 1835 βάσιν.
3717 1784 3732 1816 ι

2242 1859 2319 1916 1".
2369 1861 2433 1915 '0
2462 1862 2521 1915 δὲ
2548 1861 2831 1932 βασιλεὺς,
2864 1880 2883 1915 ι
2921 1862 3037 1915 Οὐκ
3068 1861 3232 1933 ἔργου
3286 1862 3434 1925 τινος
3491 1863 3735 1923 ἐντελοῦς

2171 1953 2229 2004 ἓν
2249 1952 2329 2023 τῷ
2369 1952 2495 2023 ἄρτι
2524 1952 2818 2023 ζητοῦμεν,
2856 1971 2875 2005 ι
2911 1952 3038 2023 ἔφη.
3096 1971 3118 2006 ε
3176 1954 3528 2019 κατάστασιν,
3600 1954 3732 2008 (illi

2170 2047 2428 2115 γνώσεως
2468 2046 2635 2100 οἱονεὶ
2696 2047 2939 2116 τυπικῆς
2995 2046 3092 2102 καὶ
3140 2047 3406 2112 σκιώδους
3452 2048 3576 2117 ῐχνη
3643 2047 3735 2099 καὶ

2171 2138 2566 2207 ὑπομνήματα.
2605 2132 2683 2189 Ἦ
2721 2138 2832 2208 γὰρ
2856 2134 2924 2190 ἂν
2962 2137 3284 2191 ἐπισκόπων
3322 2137 3415 2191 καὶ
3463 2155 3737 2208 πατριαρ-

2169 2230 2283 2301 χῶν
2311 2229 2453 2299 ὁμοῦ
2478 2232 2574 2283 καὶ
2596 2228 2991 2300 πρεσϐυτέρων
3035 2230 3345 2299 συνήγομεν
3384 2229 3615 2300 θέατρα,
3647 2232 3741 2282 καὶ

2168 2322 2270 2375 οὐκ
2317 2323 2378 2375 ὲν
2426 2321 2768 2392 παραϐύστῳ
2833 2324 2930 2376 καὶ⁵
2989 2321 3165 2392 γωνίᾳ
3216 2324 3278 2376 τὸ
3328 2323 3561 2393 πρᾶγμα
3611 2323 3741 2391 ἠςηίν

2169 2412 2370 2469 οὑτωσί
2399 2432 2514 2479 πως
2556 2415 2809 2468 ἐτελεῖτο.
2859 2414 3056 2467 Ἔσται
3111 2412 3157 2467 δ’
3187 2410 3280 2469 οὖν
3322 2415 3471 2483 ὅμως
3518 2415 3744 2467 κάκεῖνοι

2172 2507 2314 2562 κατὰ
2342 2507 2435 2561 τὸν
2462 2508 2649 2561 δέοντα
2680 2507 2894 2577 χρόνον.
2925 2524 2944 2558 ι
2965 2504 3282 2560 ’Υπολαὸὼν
3307 2503 3400 2559 οῦν
3426 2505 3488 2577 [1⁵.
3520 2504 3630 2562 154
3663 2503 3738 2575 r.}

2169 2602 2199 2653 ό
2229 2599 2494 2669 Παλαμᾶς
2515 2599 2595 2663 εἰς
2624 2599 2891 2670 Βαρλαὰμ
2916 2597 3144 2665 ἀνάγειν
3202 2598 3478 2667 ἐπεχείρει
3505 2598 3602 2652 τὸν
3655 2597 3742 2650 λό-

2170 2713 2287 2766 γον,
2321 2697 2412 2748 καὶ
2444 2692 2717 2746 δεικνύειν
2748 2696 2818 2746 τὰ
2837 2692 3016 2757 ζῶντα
3049 2692 3114 2745 ὲκ
3166 2690 3278 2743 τῶν
3339 2691 3568 2761 νεκρῶν.
3620 2691 3742 2745 Ἐκ-

2170 2786 2585 2859 κὲκρουσταιδὲ
2630 2785 2769 2855 πρὸς
2815 2783 2908 2838 τοῦ
2959 2784 3239 2854 Γρηγορᾶ,
3291 2786 3372 2847 είς
3414 2783 3476 2838 τὸ
3529 2783 3741 2853 ἀφανὲς

2169 2882 2556 2950 καταφεύγων,
2589 2877 2786 2949 παρὸν,
2818 2877 2855 2931 ἃ
2899 2877 3008 2944 πρὸ
3035 2875 3356 2946 ὀφθαλμῶν,
3386 2875 3598 2939 τούτοις
3648 2893 3741 2929 κε-

2169 2974 2408 3044 Χρῆσθαι
2428 2974 2564 3043 πρὸς
2577 2974 2679 3043 τὴν
2691 2971 2976 3041 παροῦσαν
2992 2971 3203 3041 χρείαν.
3218 2971 3309 3024 Διὸ
3331 2971 3426 3024 καὶ
3440 2972 3577 3041 πρὸς
3627 2970 3743 3023 ἐτέ-

2173 3084 2275 3139 ραν
2302 3066 2644 3136 τραπόμενος
2685 3066 2756 3119 τά
2779 3082 2840 3119 τε
2885 3064 3021 3119 ἄλλα
3071 3064 3437 3132 ὲπολυλόγησε
3456 3105 3473 3132 ,
3496 3067 3596 3119 καὶ
3626 3064 3744 3131 ἅμα

2166 3158 2515 3229 κατέδραμεν
2546 3158 2761 3222 εἷτινες
2786 3155 2893 3211 εἷεν
2921 3161 2971 3212 oi
2997 3159 3097 3231 τὴν
3125 3159 3278 3213 θείαν
3300 3158 3489 3211 οὐσίαν
3506 3158 3605 3210 καὶ
3642 3156 3742 3227 τὴν

2165 3252 2317 3308 θείαν
2338 3253 2614 3323 ἐνέργειαν
2630 3250 2754 3306 κατ’
2766 3252 2918 3305 οὐδὲν
2934 3251 3213 3321 διαφέρειν
3235 3250 3506 3319 λέγοντες.
3518 3251 3598 3304 Πε
3610 3254 3665 3320 pi.
3684 3240 3744 3302 οὗ

2167 3347 2406 3418 μάλιστα
2434 3345 2641 3399 καὶτὸν
2662 3345 2950 3415 Γρηγορᾶν
2983 3343 3137 3414 ἠξίου
3159 3345 3250 3397 τὸν
3268 3343 3423 3411 λόγον
3439 3342 3742 3395 ποιεῖσθαι.

2236 3438 2310 3494 Δ’.
2345 3440 2457 3494 Καὶ
2488 3442 2516 3494 ό
2547 3438 2838 3508 Γρηγορᾶς
2868 3438 3006 3509 πρὸς
3064 3437 3155 3491 τὸν
3189 3437 3417 3509 βασιλέα
3447 3438 3745 3507 στραφεὶς,

2172 3553 2192 3588 ε
2233 3534 2454 3589 Πολλῶν
2503 3534 2794 3603 αἱρέσεων,
2826 3518 3103 3601 ι’ἐφησεν,
3142 3548 3162 3581 ι
3205 3524 3251 3585 ὦ
3299 3530 3547 3583 θειότατε
3586 3528 3747 3599 βασι-

2166 3626 2285 3693 λεῦ,
2346 3626 2548 3691 οὐσῶν,
2602 3624 2669 3688 ἂς
2717 3624 2888 3679 πάλαι
2923 3623 3248 3693 τεθνηκυίας
3301 3622 3608 3677 ἀναϐιῶναι
3650 3622 3750 3673 πέ-

2167 3732 2378 3786 πραχεν
2439 3706 2595 3777 οὗτος
2630 3713 2834 3784 ἀρτίως
2889 3712 2985 3766 καὶ
3040 3710 3106 3775 ἃς
3156 3709 3309 3764 οὔπω
3361 3710 3627 3779 φανείσας
3661 3708 3749 3774 ἑξ-

2168 3806 2319 3875 εῦρε,
2366 3805 2655 3876 σύμμαχον
2712 3804 2855 3876 ἔχων
2903 3808 3004 3874 τὴν
3068 3803 3503 3858 δυναστεύουσαν
3558 3804 3742 3872 χεῖρα,

2167 3902 2197 3955 ὁ
2229 3902 2327 3970 τῆς
2351 3899 2662 3965 πολυθεῖας,
2690 3895 2870 3969 οἶμαι,
2912 3897 3067 3965 λόγος
3098 3896 3325 3967 ἀρκέσει
3369 3897 3437 3966 τῇ
3488 3894 3745 3966 παρούσῃ

2171 3993 2537 4062 σκιαγραφίᾳ.
2571 3992 2756 4045 Θέλων
2795 3990 2907 4060 γὰρ
2966 3988 3277 4044 καταλῦσαι
3323 3988 3385 4041 τὸ
3424 3987 3527 4056 τῆς
3589 3988 3754 4039 sva.-

2170 4086 2511 4157 θρωπήσεως
2544 4083 2640 4136 τοῦ
2669 4082 2803 4137 Θεοῦ
2833 4083 3009 4151 Λόγου
3042 4083 3238 4152 δόγμα,
3277 4082 3374 4134 καὶ
3420 4080 3538 4151 ἅμα
3570 4080 3755 4132 πολυ-

2171 4178 2327 4235 θεῖαν
2366 4180 2707 4246 εἰσαγαγεῖν,
2771 4177 3057 4246 δνέργειαν
3112 4171 3253 4229 εἶναι
3303 4173 3564 4245 κηρύττει
3630 4175 3758 4228 θεό-

2166 4286 2313 4342 τητα
2344 4268 2647 4339 ὐφειμένην
2682 4268 2942 4321 ἀκτιστον
2974 4269 3071 4321 καὶ⁸
3102 4266 3351 4319 ἅνούσιον
3404 4264 3502 4319 καὶ
3548 4264 3759 4333 διάφο-

2176 4340 2268 4435 ρον
2298 4362 2617 4416 παντάπασι
2669 4359 2774 4430 τῆς
2828 4358 2978 4421 θείας
3033 4357 3251 4428 ἐκείνης
3306 4356 3404 4411 καὶ
3461 4340 3759 4429 μακαρίας

488 4452 615 4505 vina
648 4458 703 4504 et
733 4449 891 4504 beata
949 4441 1188 4498 essentia
1252 4447 1310 4495 et
1347 4440 1595 4508 corporis
1640 4437 1816 4493 oculis
1852 4437 2065 4507 conspi-

2177 4456 2387 4523 οὐσίας,
2423 4456 2522 4508 καὶ
2541 4452 2875 4522 σωματικοῖς
2913 4449 3218 4520 όιρθαλμοίς
3240 4448 3443 4519 όρατὴν
3491 4448 3623 4503 καθ’
3653 4451 3761 4502 αὐ-

486 4559 649 4599 cuam
683 4556 782 4613 per
834 4552 916 4600 se,
972 4550 1095 4606 qua:
1119 4550 1246 4590 cuin
1298 4531 1482 4587 omnia
1536 4531 1807 4599 perficiat,
1862 4529 1979 4599 ipsa
2014 4537 2068 4583 et

482 4634 805 4707 perficiatur
845 4645 941 4698 per
979 4626 1275 4683 essentiam
1332 4621 1642 4693 impositam
1674 4633 1729 4677 et
1781 4629 2068 4677 moveatur

484 4730 633 4779 sicut
689 4724 956 4777 machina:
1024 4726 1283 4774 moveant
1348 4730 1470 4785 qua:
1524 4714 1731 4770 moveri
1808 4715 2066 4782 possint:

494 4816 696 4867 deinde
734 4828 898 4866 unam
958 4811 1106 4865 illam
1167 4807 1515 4864 ellicientiam
1570 4807 1627 4859 in
1683 4806 1903 4867 multas,
1955 4806 2071 4858 sive

496 4909 684 4979 potius
725 4905 940 4958 inﬁnite
972 4902 1027 4955 in
1080 4901 1323 4955 infinitas
1363 4898 1561 4954 dividit
1616 4898 1759 4954 sicut
1811 4913 1984 4968 genus
2014 4899 2069 4952 itt

493 4999 708 5068 species
733 4997 1005 5059 diversas,
1037 5002 1096 5048 et
1149 4993 1373 5048 nomine
1401 4991 1642 5063 generali
1689 5006 1882 5046 omnes
1913 4999 2069 5046 vocat

492 5090 834 5150 eﬂicientlas,
884 5088 1030 5142 solas
1064 5095 1247 5140 autem
1280 5092 1338 5139 ct
1386 5084 1649 5155 singulas,
1690 5083 1823 5147 vim,
1853 5084 2020 5137 vitam
2049 5122 2065 5148 ,

493 5176 813 5247 imperium,
848 5173 1201 5244 sapientiam,
1252 5174 1563 5230 facultatem
1590 5215 1605 5239 ,
1636 5172 1800 5244 274
1840 5174 2018 5230 lucem
2052 5215 2066 5241 ,

496 5269 808 5332 veritatem,
836 5278 894 5321 et
929 5280 1039 5321 uno
1070 5266 1240 5320 verbo
1263 5280 1608 5335 quaecunque
1642 5267 1755 5321 Deo
1786 5266 1948 5335 digna
1970 5283 2069 5321 no-

496 5362 645 5417 mina
674 5371 732 5415 et
759 5361 1023 5431 cogitata,
1051 5361 1154 5414 etsi
1182 5375 1215 5414 e
1246 5360 1483 5414 diversis
1524 5360 1810 5430 principiis
1840 5363 2076 5417 notatio-

496 5470 621 5511 nem
670 5451 971 5523 accipiunt,
1003 5461 1183 5506 tamen
1210 5450 1465 5505 eumdem
1506 5451 1648 5506 inter
1680 5468 1740 5507 se
1787 5454 1968 5509 locum
1999 5463 2077 5509 te-

496 5557 648 5612 nent,
666 5547 798 5617 quia
824 5544 976 5599 nullo
1007 5543 1119 5599 fere
1157 5544 1321 5599 modo
1357 5543 1572 5599 diversa
1600 5555 1730 5600 sunt
1767 5561 1879 5616 prce
1907 5547 2077 5616 signi-

495 5641 751 5697 ficatione
804 5637 1101 5708 suppositi,
1154 5638 1337 5691 omnia
1385 5653 1495 5691 uno
1541 5638 1713 5693 verbo
1756 5640 2077 5694 divinitates

495 5742 653 5789 vocat
686 5733 934 5788 diversas
966 5739 1021 5786 et
1071 5731 1359 5785 iucreatas.
1407 5729 1794 5801 Reprehensos
1841 5732 2004 5797 igitur
2035 5749 2063 5785 a

2170 4542 2292 4612 τὴν,
2325 4541 2655 4612 ἐνεργοῦσαν
2687 4538 2784 4608 μὲν
2811 4539 2880 4592 τὰ
2909 4540 3088 4593 πάντα
3115 4537 3313 4607 αὐτὴν,
3345 4538 3763 4609 ἐνεργουμένην

2170 4631 2216 4686 δ’
2250 4633 2420 4700 αὐτὴν
2464 4633 2567 4685 ὐπὸ
2613 4631 2713 4701 τῆς
2762 4629 3165 4700 ὑπερκειμένης
3216 4629 3408 4693 οὐσίας
3462 4629 3605 4699 ἅμα,
3656 4634 3761 4683 καὶ

2176 4727 2508 4796 κινουμένην
2540 4725 2794 4793 καθάπερ
2827 4724 2986 4776 ὁποῖα
3007 4722 3118 4775 τῶν
3152 4721 3404 4791 ὀργάνων
3465 4724 3612 4776 κινεῖ
3672 4741 3767 4776 κ--

2177 4819 2439 4888 νούμενα.
2476 4814 2609 4871 Εἶτα
2639 4816 2738 4886 τὴν
2766 4814 3209 4886 μίανΐνέργειαν
3238 4817 3318 4878 εἰς
3361 4814 3586 4878 πολλὰς,
3614 4817 3765 4883 μᾶλ-

2178 4910 2271 4962 λον
2303 4907 2348 4959 δ¹
2380 4906 2678 4977 ἀπειράκις
2703 4904 2969 4974 ἀπείρους
2993 4890 3208 4968 διελὼν,
3241 4903 3318 4966 ὡς
3343 4904 3498 4970 γένος
3525 4905 3613 4967 εἰς
3636 4906 3767 4972 εἴδη

2174 5001 2432 5071 διάφορα.
2483 4995 2685 5067 γενικῷ
2718 4996 2819 5066 μὲν
2843 4995 3072 5065 ὀνόματι
3103 4996 3287 5058 πάσας
3336 4995 3627 5064 ἐνεργείας
3661 5017 3771 5051 κς..

2174 5093 2277 5155 λεί,
2299 5094 2403 5162 ἰδίᾳ
2427 5094 2469 5145 δ’
2488 5088 2553 5144 αὖ
2587 5090 2683 5144 καὶ
2714 5088 2837 5142 καθ’
2858 5090 3064 5142 ἕκαστα
3088 5088 3322 5157 δύναμιν
3344 5128 3359 5151 ,
3382 5086 3554 5159 ζωὴν,
3588 5089 3771 5158 βασι-

2174 5183 2877 5254 λείαν,στιφίαν,ὲξουσίαν.
2906 5181 3044 5249 φῶς,
3081 5181 3365 5246 ἀλήθειαν.
3403 5183 3514 5236 Καὶ
3559 5183 3774 5245 ἁπλῶς

2175 5274 2346 5328 ὁπόσα
2386 5272 2669 5339 θεοπρεπῆ
2699 5271 2806 5324 τῶν
2850 5270 3131 5339 ὀνομάτων
3188 5270 3287 5322 καὶ
3328 5271 3657 5342 νοημάτων,
3716 5276 3774 5327 εἰ

2177 5367 2270 5418 καὶ
2298 5366 2360 5415 ὲκ
2399 5361 2677 5432 διαφόρων
2711 5362 2899 5431 ἀρχῶν
2929 5361 3202 5429 λαμϐάνει
3224 5359 3324 5430 τὴν
3381 5361 3772 5434 ἐτυμολογίαν

2175 5459 2430 5519 ἕκαστον,
2463 5454 2581 5507 ἀλλ’
2614 5451 2710 5508 οὐν
2735 5456 3015 5525 όμοτίμως
3050 5454 3242 5524 ἔχοντα
3272 5454 3410 5524 πρὸς
3443 5455 3665 5525 ἄλληλα
3683 5458 3776 5529 τῷ

2179 5550 2346 5618 μηδὲν
2376 5566 2429 5601 τι
2460 5547 2611 5618 παρὰ
2640 5547 2737 5617 τὴν
2762 5547 2855 5601 τοῦ
2903 5546 3269 5616 ὑποκειμένου
3316 5542 3612 5616 διαφωύείν
3665 5568 3781 5621 ση-

2178 5642 2402 5710 μασίαν,
2433 5640 2696 5709 θεότητας
2735 5640 2912 5693 πάντα
2951 5641 3210 5705 καθάπαξ
3243 5643 3406 5706 αὐτὸς
3442 5642 3604 5697 κειλεί
3639 5645 3779 5699 δια·-

2176 5733 2372 5800 eam;
2425 5732 2518 5784 καὶ
2576 5732 2888 5795 ἀκτίστους.
2961 5734 3393 5803 Ἐγκαλούμενος
3452 5734 3545 5790 οῦν
3601 5741 3773 5808 πρὸς
