3994 6204
464 337 568 400 243

1658 330 2075 398 NICEPIIORI
2112 329 2495 398 GHEGou/E

3587 332 3691 395 244

463 458 715 512 naturam
763 456 1012 517 venerari
1052 465 1110 513 et
1152 446 1356 520 coiere,
1408 455 1569 526 cujus
1616 455 1835 526 signum
1866 464 2033 517 estet

2150 457 2353 511 ιτιστδν
2381 456 2488 522 ἔξω
2508 456 2609 525 τῆς
2634 456 2783 517 θείας
2807 454 3026 522 φύσεως
3082 452 3225 504 νοεῖν
3269 447 3567 516 ἐπαιδεύθη
3576 467 3699 514 μεν.

466 547 732 604 indicium
767 547 895 614 hoc,
926 556 994 603 ut
1024 563 1146 604 esse
1174 562 1357 618 neque
1401 547 1632 618 incipiat
1680 556 1859 619 neque
1885 548 2035 604 desi-

466 648 586 695 nat.
608 638 803 694 Omnia
830 639 962 694 facit
981 648 1035 694 et
1074 640 1350 710 prospicit
1375 648 1432 694 et
1459 640 1709 697 continet
1754 641 1916 704 Deus,
1945 656 2036 698 so-

462 730 554 789 lus
593 733 896 795 increaws,
926 733 1020 802 qui
1045 733 1272 803 quidem
1299 733 1353 788 in
1388 733 1550 789 Patre
1570 741 1624 789 et
1654 733 1795 791 Filio
1823 745 1880 791 et
1906 732 2035 806 Spi-

462 826 570 880 ritu
602 832 792 880 sancto
810 826 1071 880 laudatur
1094 834 1151 881 et
1176 826 1519 881 celebratum
1559 823 1733 882 Omne
1762 826 1911 897 quod
1950 835 2039 883 est

468 926 562 971 aut
591 923 835 972 creatum
868 924 954 971 est
986 922 1080 970 aut
1117 915 1423 972 increatum
1453 935 1470 973 :
1516 917 1716 987 quodsi
1746 928 1992 997 creatum
2019 955 2037 978 ο

466 1006 537 1061 ab
564 1007 672 1061 alio
699 1007 862 1076 plane
910 1015 999 1063 est
1026 1012 1274 1064 creatum
1304 1025 1321 1064 :
1353 1012 1436 1065 sin
1487 1020 1670 1066 autem
1710 1011 2039 1076 iucreatum,

468 1097 575 1153 hoc
602 1097 722 1162 sine
752 1096 924 1153 dubio
960 1098 1095 1154 illud
1123 1111 1229 1162 est,-
1263 1100 1410 1170 quod
1447 1111 1631 1158 creata
1666 1095 1895 1157 creavit.
1924 1100 2041 1155 Hoc

468 1199 656 1243 autem
681 1189 811 1259 quid
837 1189 984 1245 aliud
1003 1201 1129 1245 esse
1154 1200 1332 1261 potest
1360 1207 1525 1262 quam
1551 1192 1733 1249 Deus?
1761 1191 1888 1247 Sola
1916 1190 2042 1245 Tri-

469 1281 615 1335 nitas
649 1288 734 1335 est
758 1279 1139 1347 immutabilis,
1171 1292 1368 1338 caetera
1405 1292 1589 1339 autem
1622 1298 1689 1338 ex
1737 1297 1801 1338 ea
1834 1290 2040 1337 mutata

469 1381 643 1427 sunt:
671 1373 789 1427 sola
819 1382 904 1428 est
925 1383 1132 1428 aeterna
1164 1383 1222 1428 et
1266 1374 1511 1431 increata
1538 1374 1786 1430 Trinitas
1835 1382 1893 1428 et
1930 1388 2041 1430 non

467 1466 673 1534 genita.
711 1454 893 1521 Unum
923 1474 1007 1521 est
1038 1465 1186 1535 quod
1218 1466 1271 1520 iu
1299 1468 1539 1522 essentia
1569 1484 1678 1523 una
1710 1465 2040 1522 Trinitatem

475 1550 608 1608 facit
647 1553 939 1623 integrann,
967 1566 1163 1623 crete-ra
1194 1565 1378 1612 autem
1400 1566 1529 1612 sunt
1557 1558 1736 1627 genita
1757 1566 1814 1612 et
1831 1565 2039 1612 creata.

472 1641 771 1711 Propterea
807 1645 954 1699 enim
990 1655 1046 1701 et
1078 1647 1179 1716 ipsi
1210 1662 1320 1702 non
1353 1648 1668 1712 adoramus,
1701 1662 2045 1718 quaecunque

467 1731 741 1796 inferiora,
789 1744 920 1789 sunt
954 1738 1194 1792 essentia
1237 1738 1335 1793 Dei
1367 1755 1382 1805 ;
1420 1739 1601 1794 dicam
1632 1738 1891 1793 nimirum
1942 1738 2040 1792 tibi

473 1824 665 1878 eadem
692 1825 759 1880 de
792 1825 1023 1895 Spiritu,
1051 1843 1174 1898 quae
1201 1830 1269 1885 de
1298 1797 1469 1888 Filio:
1508 1830 1842 1887 abundantia
1880 1832 2042 1902 277
2072 1797 2118 1857 Β

470 1908 565 1970 Dei
599 1916 709 1970 Deo
737 1926 833 1972 aut
878 1922 1051 1990 major
1083 1924 1193 1985 est,
1233 1932 1326 1977 aut
1360 1938 1479 1993 par,
1514 1931 1611 1978 aut
1653 1924 1855 1988 minor,
1885 1932 2050 1993 atque

471 2008 647 2078 major
676 2009 899 2078 quidem
928 2027 1040 2068 non
1064 2024 1172 2079 est,
1207 2015 1350 2069 nihil
1389 2016 1539 2071 enim
1579 2017 1690 2072 Deo
1724 2016 1920 2086 majus,
1950 2031 2050 2071 ne-

474 2111 583 2163 que
614 2101 793 2155 minor
829 2111 933 2168 est,
962 2118 1087 2157 nam
1126 2115 1239 2158 tum
1267 2119 1505 2173 poneres
1537 2105 1590 2159 iu
1613 2115 1926 2162 creatorum
1949 2122 2052 2162 nu-

473 2205 628 2243 mero
651 2200 771 2245 eam
804 2209 820 2257 ;
854 2193 1001 2262 quod
1033 2194 1180 2247 enim
1214 2195 1325 2249 Deo
1357 2195 1557 2259 minus,
1594 2195 1647 2250 id
1672 2206 1757 2251 est
1782 2206 2045 2251 creatum.

340 2283 357 2301 ‘
467 2280 782 2336 Creatorem
819 2288 878 2336 et
916 2283 1216 2339 increatum
1249 2286 1512 2340 exsistere
1547 2285 1644 2340 uni
1693 2295 1902 2341 tantum
1934 2287 2048 2342 Deo

470 2379 557 2435 εει
607 2386 958 2427 concessum.
989 2372 1086 2427 llis
1115 2374 1407 2445 adjiciatur
1459 2374 1668 2430 dictum
1718 2375 1888 2431 divini
1940 2376 2050 2432 Co-

477 2477 611 2523 sma:
645 2462 976 2521 venerabilis
1026 2465 1205 2532 vatis,
1253 2480 1448 2521 omnes
1496 2466 1684 2523 tideles
1734 2477 2047 2524 convocata:

474 2550 641 2613 celso‘
655 2557 837 2620 edicto
865 2556 1127 2613 increata:
1157 2567 1213 2613 et
1244 2557 1445 2614 inuata:
1479 2559 1572 2616 Dei
1613 2560 1917 2630 sapientiae.
1951 2561 2047 2615 Di-

472 2656 671 2701 centur
703 2654 889 2703 autem
923 2661 959 2707 a
1001 2647 1164 2704 nobis
1193 2648 1249 2703 in
1277 2664 1574 2721 progressu
1623 2653 1786 2707 etiam
1836 2667 1902 2707 ea
1927 2666 2049 2721 quae

476 2737 675 2793 similia
701 2748 852 2796 sunt.

545 3004 609 3061 ν.
644 3006 749 3062 Sed
782 3000 1030 3062 Palamas
1062 3023 1185 3062 cum
1214 3026 1322 3063 non
1354 3019 1547 3080 posset
1596 3011 1764 3065 ullum
1800 3013 2046 3082 proferre

477 3097 740 3167 scriptum
770 3099 1167 3161 testimonium.
1200 3116 1300 3157 suo
1323 3102 1571 3171 periculo
1614 3105 1922 3160 conabatur
1951 3121 2045 3161 ar-

476 3189 809 3257 gumentari,
863 3206 985 3261 qua:
1033 3192 1186 3247 omni
1243 3205 1567 3265 argumento
1599 3206 1887 3262 carerent,
1918 3213 2047 3256 suas

479 3281 757 3338 inauditas
814 3282 1116 3338 sententias
1164 3288 1481 3343 statuendo.
1532 3288 1595 3342 Et
1633 3290 1780 3359 quis.
1827 3289 2045 3360 inquit,

477 3373 714 3442 ignorat,
732 3388 903 3428 unum
928 3374 1234 3430 inereatum
1253 3391 1398 3441 esse,
1411 3378 1580 3434 Deum
1597 3378 1620 3432 2
1638 3378 1750 3435 Hoc
1778 3380 2049 3451 signiﬁcat

477 3464 570 3520 ille
590 3463 782 3520 dicens
804 3505 819 3528 .
852 3464 986 3521 nihil
1008 3482 1130 3522 esse
1163 3468 1464 3525 increatum
1496 3470 1600 3525 nisi
1626 3481 1879 3526 naturam
1907 3471 2051 3527 divi-

476 3565 627 3612 nam.
651 3557 855 3624 Quodsi
884 3557 990 3615 hoc
1010 3575 1118 3613 non
1153 3560 1227 3614 ita
1267 3561 1593 3627 sentiens,
1615 3563 1779 3617 etiam
1837 3562 2050 3619 divinas

479 3649 815 3705 substantias
845 3665 955 3705 non
993 3651 1244 3707 dicemus
1294 3653 1587 3719 increatas,
1627 3654 1759 3724 quia
1793 3655 2050 3710 substan-

486 3745 557 3798 tia
597 3759 708 3797 non
740 3753 826 3799 est
850 3750 1067 3798 natura.
1092 3743 1308 3799 Etenim
1348 3745 1393 3800 si
1437 3760 1503 3800 ex
1541 3745 1698 3801 nobis
1724 3754 2006 3816 quaeratur
2032 3787 2050 3815 ,

482 3835 613 3906 quid
646 3836 720 3891 sit
757 3835 1017 3901 essentia,
1066 3835 1344 3892 hominem
1393 3847 1763 3892 monstramus
1815 3838 2052 3894 fortasse

484 3940 579 3986 aut
606 3930 865 4000 lapidem,
891 3938 946 3985 et
979 3928 1082 3984 hoc
1106 3930 1267 3985 modo
1294 3934 1587 3987 essentiam
1617 3947 1744 3988 cum
1771 3932 2050 3999 omnibus,

482 4036 605 4093 qua:
647 4023 698 4078 ei
748 4023 958 4088 insunt,
997 4021 1162 4078 rebus
1217 4023 1562 4080 naturalibus
1606 4025 2050 4089 eommiscemus.

484 4110 695 4169 Etenim
727 4114 893 4169 etiam
920 4113 1164 4170 divinum
1192 4115 1549 4172 Athanasium
1587 4116 1791 4172 dixisse
1823 4116 2008 4173 ferunt
2035 4136 2051 4173 :

483 4207 768 4271 Sanctum,
796 4205 1026 4271 bonum,
1061 4198 1388 4273 increatum,
1425 4209 1826 4278 inexplicitum,
1868 4209 2053 4264 incor-

486 4302 737 4365 poreum,
778 4294 1042 4363 temporis
1094 4294 1449 4350 distinctione
1482 4299 1708 4361 carens,
1746 4306 2011 4353 aeternum
2036 4339 2053 4363 ,

486 4400 704 4452 creans,
739 4385 967 4455 justum,
993 4385 1153 4442 initio
1181 4395 1236 4442 et
1270 4386 1377 4443 line
1406 4398 1624 4453 carens,
1666 4404 1777 4444 non
1825 4390 2056 4447 investi-

2142 550 2315 620 μόνην
2330 550 2389 603 δὲ
2410 549 2512 618 τὴν
2538 549 2798 604 ἄκτιστον
2825 545 2991 616 φύσιν
3014 542 3343 608 σεὸἁζεσθαί
3390 559 3451 594 τε
3487 541 3581 593 καὶ
3609 539 3705 593 λα·

2137 643 2356 714 τρεύειν
2379 637 2448 715 ἧς
2474 642 2764 714 χαρακτήρ
2792 643 2910 695 ἐστι
2961 639 3062 693 καὶ
3117 638 3409 705 γνώρισμα
3465 634 3526 686 τὸ
3568 635 3704 702 μήτε

2138 737 2408 808 ἄρχεσθαι
2431 735 2527 789 τοῦ
2560 732 2703 789 εἷναί
2727 751 2859 788 ποτε
2890 733 3031 802 μήτε
3062 729 3357 785 παύεσθαι.
3391 726 3706 796 Πάντωνμ)

2142 830 2376 901 ποιητὴς
2396 829 2497 883 xui.
2516 827 2825 900 προνοητὴς
2865 826 2962 880 καὶ
2992 821 3254 895 συνοχεῦς
3287 823 3315 875 ὁ
3370 819 3504 882 Θεός
3535 820 3706 879 ἐστιν,

2140 925 2169 977 ὸ
2202 924 2365 994 μόνος
2395 923 2670 986 ἄκτιστος,
2700 921 2731 974 ό
2783 922 2843 972 ἐν
2885 919 3064 976 ﬂutat
3121 916 3218 970 καὶ
3260 914 3377 985 Υίῷ
3424 914 3519 966 καὶ
3564 911 3707 978 ἁγίῳ

2142 1011 2425 1080 Πνεύματι
2477 1008 2817 1080 ὑμνούμενός
2844 1022 2905 1061 τε
2931 1006 3028 1061 καὶ.
3060 1002 3437 1081 δοξαζόμενος.
3499 1001 3615 1053 Πᾶν
3650 998 3711 1051 ὃν

2142 1104 2177 1172 ἢ
2204 1090 2430 1157 κτιστύν
2450 1103 2601 1156 ἐστιν
2629 1102 2662 1171 ἢ
2695 1101 2973 1158 ἄκτιστον.
3006 1096 3118 1152 Kul.
3140 1097 3190 1150 εί
3212 1096 3308 1167 μὲν
3346 1093 3585 1157 κτιστὸν,
3618 1092 3709 1159 ὑφ’

2141 1196 2335 1265 ἑτέρου
2376 1194 2603 1257 πάντως
2661 1191 2914 1260 ἐκτίσθη·
2953 1191 3091 1244 εἰδὲ
3126 1188 3405 1248 ἄκτιστον,
3453 1183 3600 1237 τοῦτ’
3643 1184 3710 1235 ἂν

2142 1285 2228 1351 sin
2250 1285 2312 1339 τὸ
2335 1284 2405 1339 τὰ
2429 1284 2629 1337 κτιστὰ
2660 1281 2879 1336 κτίσαν.
2917 1279 3093 1334 Τοῦτο
3115 1279 3171 1333 δὲ
3201 1279 3252 1331 τί
3280 1276 3410 1332 ἄλλο
3463 1274 3532 1328 ἂν
3556 1273 3641 1339 εἴη
3674 1273 3707 1341 ἦ

2141 1377 2314 1442 Θεός;
2366 1374 2481 1430 Μία
2530 1374 2702 1442 Τριὰς
2764 1372 3216 1443 ἀπαράλλακτος,
3271 1367 3340 1422 τὰ
3377 1367 3423 1421 δ’
3479 1366 3614 1420 ἄλλα
3652 1364 3713 1429 ἐξ

2141 1469 2308 1537 αὐτῆς
2331 1465 2796 1539 παρηλλαγμένα.
2832 1464 2987 1533 Μόνη
3016 1462 3074 1516 δὲ
3111 1463 3287 1522 ἀΐδιος
3336 1460 3429 1513 καὶ
3451 1460 3712 1516 ἄκτιστος

2140 1562 2175 1629 ἠ
2199 1559 2370 1629 Τριὰς
2398 1560 2492 1612 καὶ
2513 1558 2833 1628 ἀγέννητος.
2870 1554 2969 1608 Ἕν
3008 1556 3128 1609 ἔστι
3174 1552 3237 1606 τὸ
3282 1550 3471 1604 ποιοῦν
3513 1550 3571 1600 ἐν
3613 1548 3714 1616 μιᾷ

2142 1651 2304 1722 οὐσίᾳ
2353 1650 2585 1721 Τριᾶδος
2641 1648 2878 1712 τελείας,
2913 1648 2982 1700 τὰ
3025 1645 3071 1700 δ’
3121 1646 3257 1700 ἄλλα
3316 1641 3554 1711 γεννητὰ
3619 1641 3714 1691 καὶ

2144 1745 2365 1799 κτιστά.
2400 1744 2500 1797 Διὰ
2520 1743 2683 1796 τοῦτο
2731 1741 2842 1813 γὰρ
2876 1742 2973 1795 καὶ
3015 1739 3170 1793 αὐτοὶ
3202 1737 3262 1791 οὐ
3296 1731 3714 1804 προσκυνοῦμεν

2149 1834 2261 1887 πᾶν
2291 1834 2356 1887 τὸ
2410 1829 2752 1902 ύποῦεόηκδς
2791 1830 2890 1897 τὴν
2956 1828 3148 1881 οὐσίαν
3209 1824 3304 1876 τοῦ
3360 1822 3517 1874 Θεοῦ.
3573 1818 3717 1888 Ἐρῶ

2151 1927 2258 1996 γάρ
2287 1943 2370 1979 σοι
2388 1925 2483 1978 καὶ
2514 1922 2761 1993 περὶτοῦ
2812 1920 3130 1990 Πνεύματος
3161 1918 3298 1987 ὅπερ
3338 1917 3433 1968 καὶ
3456 1914 3588 1983 περὶ
3618 1909 3714 1963 τοῦ

2151 2016 2285 2071 Υίοῦ
2323 2017 2532 2083 ἔλεγον,
2561 2017 2646 2068 ὅτι
2670 2016 2699 2068 ό
2726 2013 2959 2074 πλοῦτος
2987 2009 3078 2065 τοῦ
3110 2007 3244 2063 Θεοῦ
3268 2008 3300 2077 ἦ
3335 2004 3537 2076 μείζων
3568 2005 3717 2056 ἐστὶν

2150 2111 2184 2183 ἢ
2217 2110 2330 2173 ἴσος
2365 2110 2398 2179 ἢ
2435 2109 2698 2163 ἐλάττων.
2722 2105 2834 2160 Καὶ
2868 2104 3072 2174 μείζων
3105 2103 3208 2171 μὲν
3241 2101 3339 2155 οὐκ
3362 2099 3532 2159 ἔστιν,
3564 2097 3720 2150 οὐδὲν

2149 2204 2261 2272 γὰρ
2290 2202 2386 2255 τοῦ
2412 2202 2548 2255 Θεοῦ
2586 2199 2773 2269 μεῖζον
2798 2213 2812 2229 ·
2846 2196 3090 2250 ἐλάττων
3116 2194 3175 2247 δὲ
3211 2194 3312 2247 οὐκ
3368 2190 3538 2253 ἐστιν,
3593 2190 3722 2242 ἐπεὶ

2151 2294 2342 2363 θήσεις
2363 2292 2526 2346 αὑτὸν
2554 2290 2695 2361 μετὰ
2725 2287 2836 2342 τῶν
2863 2286 3209 2356 κτισμάτων
3241 2283 3303 2336 τὺ
3340 2282 3451 2349 γὰρ
3493 2279 3719 2331 ἔλαττον

2147 2386 2242 2440 τοῦ
2262 2385 2399 2438 Θεοῦ
2427 2386 2655 2453 κτίσμα.
2685 2384 2760 2435 Τὸ
2785 2382 3042 2437 ἄκτιστον
3074 2379 3169 2432 καὶ
3213 2377 3446 2444 κτίστην
3473 2371 3720 2425 νοεῖσθαι

2148 2475 2232 2528 ἑνὶ
2265 2475 2412 2543 μόνῳ
2440 2471 2703 2540 πρόσεστι
2725 2468 2803 2539 τῷ
2837 2468 2977 2537 Θεῷ.
3008 2465 3231 2528 Τούτοις
3259 2459 3606 2533 προσκείσθω
3622 2456 3723 2510 καὶ

2151 2566 2212 2620 τὸ
2263 2565 2360 2618 τοῦ
2414 2564 2561 2618 θείου
2593 2562 2794 2633 Κοσμᾶ
2845 2559 2937 2613 τοῦ
2980 2556 3180 2624 σεμνοῦ
3229 2551 3491 2625 μελῳδοῦ.
3534 2551 3723 2603 Ἄκου-

2151 2657 2372 2725 σθῶμεν
2402 2657 2602 2717 πάντες
2625 2654 2675 2707 oi
2711 2653 2897 2706 πιστοὶ
2923 2648 3368 2718 συγκαλουμένης
3398 2643 3588 2713 ὑψηλῷ
3620 2659 3720 2710 κη-

2151 2750 2401 2822 ρύγματι
2456 2748 2555 2819 τῆς
2583 2747 2844 2801 ἁκτίστου
2885 2744 2981 2799 καὶ
3024 2743 3268 2813 ἐμφύτου
3324 2738 3519 2807 σοφίας
3559 2736 3717 2788 Θεοῦ.

2150 2846 2454 2914 Είρήσεται
2539 2841 2598 2896 δὲ
2642 2838 2964 2911 προϊοῦσιν
3046 2836 3181 2907 ἡμῖν
3249 2831 3460 2888 καὶτὰ
3533 2846 3715 2901 παρα-

2266 2953 2378 2993 σια.

2223 3027 2297 3082 E’.
2349 3027 2410 3081 ὀ
2448 3025 2505 3078 δὲ
2538 3025 2805 3094 Παλαμᾶς
2844 3024 2944 3078 οὐκ
2988 3022 3129 3092 ἔχων
3163 3021 3421 3090 οὐδεμίαν
3453 3018 3721 3087 προάγειν

2150 3114 2433 3190 γραφικὴν
2480 3113 2813 3186 μαρτυρίαν,
2874 3112 3088 3166 οἴκοθεν
3142 3110 3415 3181 ἐπεχείρει
3473 3105 3720 3174 συλλογί-

2149 3213 2342 3277 ζεσθαι
2384 3209 2454 3263 τὰ
2479 3203 2868 3275 ἀσυλλόγιστα,
2898 3205 3082 3265 θέσεις
3113 3205 3461 3272 καινοφανεῖς
3497 3202 3720 3268 τιθέμε-

2147 3318 2238 3365 νος
2271 3295 2490 3353 ἐαυτοῦ.
2529 3313 2549 3347 ι
2598 3295 2712 3350 Kul.
2745 3295 2827 3358 τίς
2862 3294 2962 3348 οὐκ
3013 3290 3145 3359 οἶδε,
3191 3312 3210 3345 ι
3247 3295 3432 3361 φησιν,
3478 3309 3497 3342 ι
3534 3288 3616 3342 δτι
3659 3289 3720 3341 ἓν

2148 3390 2406 3447 ἄκτιστόν
2433 3390 2581 3442 ἐστιν
2607 3389 2637 3441 ό
2662 3387 2831 3453 Θεός;
2871 3404 2889 3437 ι
2932 3384 3105 3440 Τοῦτο
3141 3383 3275 3453 γοῦν
3313 3386 3461 3437 ἐστιν
3490 3384 3518 3435 ὃ
3553 3396 3723 3451 φησιν

2148 3488 2176 3540 ὁ
2207 3476 2381 3552 λέγων
2415 3482 2600 3553 μηδὲν,
2629 3475 2770 3534 εἶναι
2818 3480 3071 3534 ἄκτιστον
3124 3478 3264 3546 πλὴν
3301 3478 3400 3547 τῆς
3433 3477 3584 3538 θείας
3616 3474 3720 3543 (pti-

2153 3590 2312 3637 σεως.
2345 3572 2406 3625 Ei
2440 3571 2496 3624 δὲ
2547 3570 2622 3640 μὴ
2650 3567 2796 3622 οὕτω
2843 3567 3003 3622 τοῦτο
3050 3567 3358 3637 νοήσωμεν,
3401 3565 3591 3619 λοιπὸν
3620 3565 3723 3625 τὰς

2152 3665 2304 3730 θείας
2330 3662 2664 3725 ὑποστάσεις
2708 3660 2809 3714 ούκ
2848 3659 3086 3730 ἐροῦμεν
3127 3659 3439 3722 ἁκτίστους,
3476 3656 3598 3711 ἐπεὶ
3643 3654 3722 3724 μὴ

2153 3756 2270 3811 ἐστι
2303 3755 2465 3826 φύσις
2501 3756 2535 3826 ἡ
2574 3754 2874 3816 ὑπόστασις
2902 3769 2917 3784 ο
2952 3752 3047 3806 καὶ
3090 3752 3197 3822 γὰρ
3244 3749 3635 3820 ἀπαιτούμενοι
3664 3747 3722 3800 τί

2153 3850 2303 3903 ἐστιν
2338 3845 2521 3909 οὐσία,
2554 3845 2649 3899 τὸν
2695 3842 2983 3913 ἄνθρωπον
3022 3842 3314 3905 δείκνυμεν
3354 3840 3518 3911 τυχὸν
3550 3841 3582 3909 ἢ
3626 3839 3723 3892 τὸν

2151 3941 2319 4007 λίθον,
2358 3938 2661 4010 τηνικαῦτα
2688 3936 2753 4009 [ί.
2797 3936 2901 3991 155
2932 3934 3009 4007 tu]
3051 3936 3147 4003 τὴν
3193 3933 3388 3987 οὐσίαν
3438 3932 3577 4004 μετὰ
3607 3931 3722 3984 τῶν

2153 4028 2401 4100 φυσικῶν
2434 4027 2567 4098 περὶ
2591 4027 2762 4095 αύιτὴν
2808 4024 3031 4078 πάντων
3077 4022 3572 4093 συλλαμϐάνοντες.
3611 4019 3722 4071 Καὶ

2153 4120 2264 4189 γὰρ
2317 4118 2411 4173 καὶ
2473 4115 2792 4170 ’Δθανασίου
2836 4114 2930 4169 τοῦ
2961 4112 3109 4167 θείου
3142 4112 3394 4181 λέγοντος
3427 4107 3722 4179 ἀκούομεν,

2153 4209 2215 4263 τὸ
2244 4207 2422 4277 ἅγιον.
2453 4208 2516 4261 τὸ
2554 4207 2779 4275 ἀγαθὸν,
2807 4206 2868 4259 τὸ
2895 4205 3172 4268 ἄκτιστον,
3199 4204 3259 4257 τὸ
3291 4203 3724 4272 ἁνερμὴνευτον,

2153 4297 2216 4351 τὸ
2246 4296 2561 4368 ἀσώματον,
2598 4294 2660 4347 τὸ
2695 4295 2945 4364 ἄχρονον,
2976 4293 3038 4346 τδ
3087 4291 3282 4359 ἀΐδιον,
3310 4291 3373 4344 τὸ
3399 4290 3727 4360 δημιουργιο

2156 4389 2273 4455 κδν,
2332 4389 2394 4444 τὸ
2443 4389 2672 4453 δίκαιον,
2724 4387 2784 4441 τὸ
2841 4388 3097 4456 ἄναρχον,
3137 4384 3199 4438 τὸ
3251 4382 3631 4449 ἀτελεύτητον,
3666 4380 3726 4431 τὸ

483 4486 688 4547 gutum,
705 4477 1005 4557 inﬁnitum,
1032 4479 1304 4550 ignotum,
1321 4479 1491 4550 278
1509 4481 1782 4546 voluntas,
1802 4482 1908 4545 vis,
1922 4497 2049 4552 pro-

2157 4481 2583 4551 ἀνεξιχνίαστον,
2619 4481 2682 4532 τὸ
2704 4478 2957 4549 ἄπειρον,
2991 4479 3051 4531 τὸ
3089 4478 3386 4544 ἄγνωστον,
3421 4473 3723 4544 ἡθέλησις,

485 4572 752 4634 ﬁdentia,
792 4569 1079 4640 sapientia,
1116 4569 1249 4631 vita,
1282 4571 1557 4640 taliaque,
1606 4587 1712 4627 non
1743 4573 2059 4643 singillatim

487 4669 718 4718 foratur
741 4663 1002 4727 essentia,
1033 4660 1128 4717 sed
1157 4677 1221 4716 ea
1250 4677 1373 4732 qua:
1400 4676 1466 4717 ex
1491 4662 1709 4718 duobus
1730 4672 1786 4718 et
1812 4665 2062 4733 pluribus

483 4753 550 4806 ad
587 4764 756 4807 unum
788 4753 1120 4818 referuntur,
1143 4768 1264 4824 qua
1302 4761 1358 4809 et
1385 4754 1707 4823 compositio
1726 4763 1781 4809 et
1827 4755 2063 4823 expletio

487 4844 799 4899 divinitatis
847 4854 1133 4914 vocantur,
1167 4856 1224 4900 et
1262 4855 1527 4916 praterea
1556 4847 1741 4901 dicere
1772 4847 2059 4902 contendit

483 4936 649 4991 etiam
681 4936 949 4992 Joannem
966 4937 1386 5001 Damasccnum,
1406 4948 1594 5010 aperte
1625 4937 1843 4992 ditl‘erre
1872 4937 1941 4991 ab
1964 4939 2050 4992 in-

486 5032 665 5082 creata
694 5035 888 5082 natura
914 5027 1207 5084 increatam
1238 5029 1404 5099 hujus
1428 5028 1801 5086 eﬂicientiam.
1829 5029 1899 5084 Et
1920 5029 2053 5100 quid

488 5134 627 5190 opus
649 5129 759 5188 est,
780 5120 971 5176 ‘omnia
1000 5121 1193 5176 ordine
1220 5138 1468 5189 narrare,
1519 5138 1643 5194 qua:
1675 5122 1798 5177 aliis
1831 5122 1934 5177 alia
1958 5122 2059 5177 ad-

486 5216 623 5267 dens
654 5212 742 5267 ille
782 5211 1049 5266 mentitus
1097 5220 1215 5279 εει,
1259 5227 1385 5267 cum
1430 5212 1678 5267 omnium
1738 5221 2056 5268 sanctorum

2159 4575 2192 4644 ἡ
2241 4574 2490 4642 δύναμις,
2540 4572 2572 4640 ἡ
2626 4571 2873 4640 πρόνοια,
2929 4571 2962 4641 ἠ
3027 4569 3210 4638 σοφία,
3244 4569 3278 4638 ἠ
3340 4567 3453 4634 ζωὴ
3505 4562 3613 4618 καί.Γ
3658 4565 3725 4616 τὰ

2157 4663 2404 4725 τοιαῦτα,
2441 4663 2538 4730 οὐχ
2572 4662 2807 4716 ἕκαστον
2837 4660 2993 4714 οὐσία
3037 4659 3281 4728 λέγεται,
3311 4658 3446 4711 ἀλλὰ
3470 4657 3600 4727 περὶ
3623 4655 3726 4724 τὴν

2156 4757 2367 4821 οὐσίαν,
2392 4755 2466 4817 ὡς
2500 4757 2562 4807 ὲκ
2603 4754 2696 4806 δύο
2742 4753 2837 4806 καὶ
2893 4751 3155 4805 πλειόνων
3184 4753 3278 4804 ἐπὶ
3307 4751 3366 4803 ἓν
3394 4750 3587 4821 ἔχοντα
3627 4748 3725 4817 τὴν

2157 4848 2441 4917 ἀναφορὰν
2485 4845 2521 4899 ἂ
2558 4843 2654 4899 καὶ
2687 4846 2960 4915 ἄθροισμα
3009 4844 3099 4897 καὶ
3152 4843 3428 4914 πλήρωμα
3462 4841 3725 4911 θεότητος

2160 4940 2400 5008 λέγεται.
2434 4936 2543 4991 Καὶ
2594 4937 2688 4990 ἐπὶ
2738 4936 2948 4995 τούτοις
2995 4935 3200 5002 ἔφασκε
3251 4936 3433 5003 λέγειν
3491 4934 3589 4985 καὶ
3633 4933 3728 4985 τὶν

2158 5031 2516 5101 Δαμασκηνὸν
2544 5030 2797 5097 Ἰωάννην
2824 5029 3074 5099 φανερῶς
3102 5029 3199 5098 τῆς
3221 5028 3480 5081 ἀκτίστου
3510 5025 3728 5095 φύσεως

2159 5127 2258 5194 τὴν
2296 5126 2550 5179 ἄκτιστον
2598 5122 2879 5192 διαφέρειν
2925 5119 3131 5190 ταύτης
3173 5122 3480 5191 ἐνέργειαν.
3512 5118 3622 5171 Καὶ
3675 5115 3731 5169 τί

2158 5218 2240 5271 δεῖ
2266 5215 2448 5284 λέγειν
2476 5215 2673 5268 ἅπανθ’
2702 5213 2831 5284 ἑξῆς
2854 5214 3026 5267 όπόσα
3057 5214 3144 5283 ἐφ’
3168 5214 3375 5283 ἑτέροις
3403 5212 3568 5282 ἕτερα
3602 5227 3734 5263 συν-

484 5311 673 5372 aperte
713 5303 969 5360 irrideret
1003 5313 1060 5360 et
1092 5303 1525 5359 calumniaretur
1579 5304 1750 5360 libros
1795 5304 2049 5359 divinos!

2161 5308 2323 5378 είρων
2348 5308 2553 5367 ἐκεῖνος
2587 5307 2671 5358 ἐπ’
2711 5306 2833 5375 ίσης
2866 5305 3231 5374 κατεψεύδετο
3265 5305 3484 5358 πάντων
3529 5300 3730 5368 ἁγίων,

484 5384 666 5450 Unum
687 5395 932 5466 quidem,
953 5397 1092 5451 dixit
1120 5396 1169 5451 ei
1193 5395 1482 5465 Gregoras.
1505 5396 1587 5452 Sit
1607 5397 1704 5452 tibi
1732 5397 1836 5453 hoc
1858 5398 2049 5452 lemma

2165 5396 2492 5468 βωμολοχῶν
2519 5398 2778 5467 ἄντικρυς
2811 5396 2905 5450 καὶ
2941 5397 3243 5450 διαϐάλλων
3278 5395 3375 5456 τὰς
3404 5394 3553 5454 θείας
3591 5394 3737 5464 Γρα-

482 5488 776 5559 opprobrio
804 5490 874 5543 ab
900 5488 1077 5544 initio.
1107 5488 1365 5544 Estenim
1412 5491 1749 5560 deprehensa
1810 5490 2049 5557 maiestas

2165 5492 2268 5560 φάε
2299 5508 2313 5555 ;
2349 5491 2443 5542 Ἓν
2484 5492 2582 5559 μὲν
2613 5491 2727 5554 οῦν,
2748 5490 2917 5560 ἔφησε
2958 5491 3094 5562 πρὸς
3146 5490 3308 5544 αὑτὸν
3346 5492 3374 5542 ὀ
3412 5488 3730 5560 Γρηγορᾶςν

485 5576 573 5633 ina
608 5580 660 5634 in
695 5580 813 5651 ipso
834 5580 1004 5646 fttrto,
1037 5583 1254 5653 egregie
1282 5583 1550 5651 Palamas,
1574 5584 1783 5639 nullum
1838 5583 2049 5639 habens

2166 5581 2368 5637 κείσθω
2411 5599 2495 5636 σοι
2549 5583 2708 5637 τοῦτο
2758 5584 2954 5655 λῆμμα
3019 5583 3154 5653 πρὸς
3226 5582 3566 5653 κατηγορίαν
3634 5580 3732 5631 καὶ

550 5753 629 5834 (ί)
662 5756 763 5820 Τοῦ
794 5762 1179 5838 Δαμασκηνοῦδ

1582 5858 1599 5864 -ν
1626 5853 1761 5867 r-“
1786 5862 1796 5869 ,
1846 5858 1941 5869 ν,ιιο
1972 5857 2017 5868 --
