3994 6204
281 240 392 310 245

1287 263 1728 324 ΒΥΖᾹΝΤΙΝΛί
1761 267 2139 328 IllSTURLE
2164 269 2305 328 LIB.
2341 269 2517 333 XXX.

3432 267 3542 329 2w

279 363 524 430 πρῶτον.
573 363 748 418 Ἑάλω
773 367 881 435 γάρ
918 373 1066 440 caui}
1109 374 1377 444 σεμνότης
1415 377 1500 427 ἐπ’
1533 363 1854 444 αὐτοφώρῳ.

1981 378 2304 448 :Scriptura
2359 382 2542 436 divina
2596 381 2855 435 auxilium
2909 381 2974 434 ad
3022 377 3530 434 demonstrandum,

281 451 420 504 καλὲ
461 453 720 524 Παλαμᾶ,
759 459 1034 528 μηδεμίαν
1095 464 1294 534 ἔχουσα
1351 469 1490 536 πρὸς
1549 471 1650 536 τῆς
1708 469 1859 532 θείας

277 543 322 596 Γ
327 545 510 614 ραφῆς
542 548 860 618 συμμαχίαν
892 554 1029 621 πρὸς
1055 556 1116 608 τὸ
1147 557 1312 622 δεῖξαι
1359 559 1442 612 ὅτι
1485 561 1580 628 οὐχ
1611 561 1690 625 ἓν,
1721 561 1858 614 ἀλλὰ

283 635 460 688 πολλά
492 637 561 690 τὰ
587 638 842 694 ἀκτιστα.
883 644 949 696 Ὀ
995 645 1060 712 δὴ
1107 649 1396 716 κράτιστον
1441 653 1654 718 ἐφόδιον
1696 655 1858 708 παντὶ

281 726 496 830 arm-av
537 729 674 798 πρὸς
717 731 1085 809 βουλήσεωςῇ
1125 740 1265 794 κατά
1306 741 1400 794 σοῦ
1431 744 1693 810 τοξεύειν,
1723 762 1856 814 γρα-

285 821 470 920 φικῆς.
511 821 714 920 ἐρήμου
751 826 932 894 πάσης
978 829 1254 899 βοηθείας,
1286 834 1540 904 ἑλομένου
1575 838 1674 907 τὴν
1719 839 1859 892 κατὰ

285 911 387 974 τῆς
417 911 699 976 εὐσεόείας
749 918 1078 986 παράτχξιν.
1119 923 1195 978 Οὐ
1241 927 1350 996 γὰρ
1383 926 1450 979 ἂν
1487 923 1600 982 εἷεν
1632 930 1858 993 ἑαυταῖς

283 999 342 1050 ai
381 998 594 1069 Γραφαὶ
643 1005 972 1074 μαχόμεναι,
1007 1011 1182 1076 εἴτις
1227 1017 1346 1083 μετ’
1397 1019 1713 1090 ἐπιστήμης
1755 1021 1858 1089 ἀρ·-

275 1093 599 1197 ’μοττούσης
653 1097 821 1161 αὐτὰς
875 1102 1020 1173 ὁρῴη
1055 1121 1070 1134 ·
1101 1105 1175 1168 ὡς
1239 1111 1362 1162 κατ’
1411 1111 1543 1164 αὑτό
1587 1130 1650 1178 γε
1701 1113 1860 1165 τοῦτο

267 1183 476 1252 λὀςαυτῳ
541 1187 842 1258 κληροῦχον
899 1197 1166 1268 αἰσχύνης
1217 1201 1581 1256 καθίστασθαι
1640 1222 1698 1257 σε
1761 1205 1857 1258 ars

288 1279 433 1340 μήτε
467 1275 738 1347 μηδεμίαν
767 1281 1041 1349 ἀπόδειξιν
1068 1286 1263 1356 ἔχοντα
1297 1293 1577 1365 γραφικὴν
1623 1295 1766 1366 ὑπὲρ
1799 1313 1858 1350 τε

285 1371 493 1424 σαυτοῦ
532 1371 626 1423 καὶ
671 1372 707 1428 ἀ
749 1381 1104 1447 καινοφωνῶν
1149 1383 1210 1448 ἐξ
1262 1385 1398 1450 ἰδίας
1443 1387 1712 1450 ἔπνευσας
1755 1407 1858 1457 γα-

285 1458 474 1552 στρὸς,
515 1464 654 1534 μήτε
699 1469 941 1542 μηδεμιᾷ
978 1472 1262 1544 χρώμενον
1307 1481 1705 1552 ἐπιστημονικῇ
1763 1499 1860 1552 με·

279 1547 444 1644 θόδῳ,
500 1553 616 1608 ἀλλ’
677 1559 978 1634 αὐτονομίᾳ
1035 1567 1142 1618 τινὶ
1213 1547 1706 1644 μεθυούσῃνφάναί
1764 1547 1861 1630 καὶ

279 1641 598 1738 ἀστατούσῃ
645 1652 948 1722 φερόμενόν
995 1675 1053 1710 τε
1111 1663 1284 1731 συχνὰ
1327 1666 1422 1716 καὶ
1466 1641 1860 1738 μεταρῤιπιζό-

1967 485 2072 525 non
2116 487 2307 538 unum,
2349 474 2445 528 sed
2479 475 2649 527 mu!ta
2683 487 2804 528 esse
2832 473 3097 534 increata,
3127 469 3272 538 quod
3311 469 3548 537 quidemn

1963 561 2258 616 maximum
2289 571 2374 617 est
2409 563 2786 634 adiumentum
2835 563 3070 632 cuique,
3104 560 3192 614 cui
3247 559 3301 613 in
3351 558 3535 611 animo

1961 654 2054 718 sit,
2096 654 2150 707 in
2183 664 2234 708 te
2273 654 2479 718 invehi,
2517 656 2610 724 qui
2638 655 2785 708 omni
2821 655 3089 710 librorum
3135 650 3344 706 auxilio
3367 649 3537 703 desti-

1961 754 2114 800 tutus
2171 761 2406 815 pugnam
2447 761 2640 802 contra
2665 749 2921 817 pietatem
2967 745 3144 814 eligis.
3177 743 3362 813 Neque
3385 741 3534 796 enim

1962 853 2148 896 secum
2181 847 2427 909 pugnant
2455 839 2604 904 libri,
2629 842 2672 894 si
2714 840 2841 910 quis
2871 837 3122 893 doctrina
3173 845 3297 905 apta
3331 833 3536 902 praedi-

1965 941 2053 986 tns
2081 947 2180 986 eos
2233 931 2509 1000 inspiciat.
2547 932 2732 1001 itaque
2783 933 2883 986 hac
2923 933 3036 1001 ipsa
3089 929 3144 982 in
3185 943 3246 981 re
3279 926 3374 980 tibi
3422 923 3530 994 ipsi

1961 1024 2190 1080 sortitus
2211 1024 2564 1094 ignominiam
2588 1024 2790 1081 adstas.
2817 1025 2906 1091 qui
2939 1037 3116 1092 neque
3136 1021 3532 1076 documentum

1961 1115 2166 1171 habeas
2201 1116 2369 1170 ullum
2400 1117 2668 1172 librorum
2701 1115 2800 1170 tibi
2819 1125 2875 1170 et
2904 1115 2990 1180 iis,
3018 1129 3139 1183 quae
3175 1127 3310 1166 nova
3340 1123 3372 1164 e
3396 1123 3530 1162 ven-

1964 1219 2046 1264 tre
2079 1217 2172 1264 tuo
2207 1208 2496 1272 exbalasti,
2533 1223 2712 1278 neque
2741 1185 2916 1262 utaris
2947 1205 3054 1260 ulla
3088 1204 3298 1259 ratione
3341 1200 3405 1254 ad
3439 1199 3532 1253 lit-

1963 1309 2106 1355 teras
2135 1301 2478 1370 pertinente:
2519 1300 2614 1356 sed
2673 1299 2973 1370 cupiditate
3005 1293 3238 1366 quadam
3267 1293 3417 1348 ebria
3445 1291 3532 1345 di-

1961 1393 2120 1448 cendi
2151 1393 2322 1447 multa
2354 1403 2409 1450 et
2439 1393 2774 1448 inconstanti
2801 1389 3022 1446 ducaris
3067 1397 3124 1443 et
3173 1403 3238 1442 ex
3289 1381 3532 1439 instabili

1959 1501 2148 1558 gressu
2201 1487 2495 1557 abripiaris
2523 1487 2576 1542 in
2605 1486 2772 1556 279
2795 1499 3042 1556 gressum
3079 1479 3407 1536 instabilem.
3431 1479 3534 1532 De-

1961 1577 2240 1635 ﬁnitiones
2275 1579 2420 1634 enim
2451 1587 2508 1634 et
2537 1579 2754 1649 regulas
2785 1573 3318 1631 demonstrationum
3349 1570 3411 1622 ad
3447 1567 3538 1621 lit-

1963 1678 2112 1724 teras
2153 1671 2548 1739 pertinentium
2609 1669 2666 1722 in
2723 1667 2992 1738 dogmatis
3047 1661 3369 1732 theologicis
3414 1673 3537 1716 esse

282 1747 452 1832 μενον
496 1735 934 1810 ὲξάνεδράστου
965 1747 1174 1815 βάσεως
1211 1753 1293 1814 είς
1323 1731 1654 1824 ἀνέδραστον
1678 1757 1860 1827 βάσιν.

1981 1761 2306 1832 logmaticas
2331 1762 2640 1830 sapientum
2667 1757 2925 1814 Ecclesiae
2975 1756 3360 1825 magistrorum
3415 1765 3540 1803 scn-

283 1819 494 1917 ῖυρους
523 1831 634 1899 γὰρ
657 1836 750 1887 καὶ
779 1841 1008 1903 κανόνας
1047 1819 1494 1914 ἐπιστημονικιῖίν
1522 1819 1852 1917 ἀποδείξεων

281 1915 344 1966 ἔν
375 1921 490 1981 τοῖς
521 1923 854 1994 θεολογικοῖς
885 1932 1122 2002 δόγμασι
1147 1938 1276 1999 τοὺς
1299 1915 1858 2007 ἀποφαντικοὺς-τῶν

287 2013 474 2074 σοφῶν
497 2013 836 2074 διδασκάλων
869 2025 968 2092 τῆς
1011 2027 1336 2098 Ἐκκλησίας
1363 2031 1554 2098 λόγους
1590 2029 1729 2090 εἶναι
1757 2054 1852 2090 κα·

1961 1859 2159 1912 tentias
2189 1857 2330 1911 bene
2369 1855 2552 1910 edocti
2608 1869 2819 1909 sumus.
2841 1852 2943 1918 Qui
2976 1851 3140 1920 igitur
3169 1847 3303 1902 tales
3351 1845 3542 1900 delini-

1963 1949 2143 2004 tiones
2171 1965 2278 2002 non
2315 1947 2600 2018 sequitur,
2659 1947 2704 2000 is
2733 1959 2840 1999 non
2883 1941 3108 1997 habebit
3153 1937 3296 1993 unde
3345 1936 3542 2007 probet

1964 2039 2126 2094 nobis
2151 2039 2410 2107 pietatem
2433 2053 2612 2092 suam.

263 2098 400 2199 4f”;
427 2103 810 2199 ξδιξάκθημεν-
856 2114 914 2166 ὐ
943 2115 1125 2167 τοίνυν
1177 2117 1250 2188 μὴ
1281 2121 1395 2184 τοῖς
1431 2122 1695 2188 τοιούτοις
1739 2127 2010 2198 ἑπόμενος
2043 2098 2216 2199 ὅροις,
2276 2127 2402 2181 ὅθεν
2467 2125 2579 2192 ἕξει
2645 2123 3026 2180 πιστώσασθαι
3060 2121 3207 2192 ἔχειν
3230 2115 3540 2178 εὓσέϐειαν,

283 2191 392 2242 οὐκ
423 2192 490 2246 ἂν
520 2195 656 2260 ἔχοι.

361 2288 456 2351 (τ’.
490 2289 602 2342 Καὶ
631 2293 849 2364 πρῶτον
881 2297 984 2366 μὲν
1024 2300 1181 2354 τοῦτο
1214 2303 1448 2360 τιθέσθω
1473 2307 1574 2376 τῆς
1609 2310 1706 2380 σῆς
1738 2312 1868 2365 ἀσεο

287 2380 448 2442 δείας
469 2383 824 2473 ἐνδεικτικὸν,
855 2389 1110 2460 δεύτερον
1131 2391 1178 2444 δ’
1206 2394 1288 2447 ὅτι
1318 2395 1376 2448 ἓν
1399 2398 1458 2449 τὸ
1481 2399 1740 2454 ἀκτιστον
1769 2406 1868 2473 τὴν

287 2473 444 2526 θείαν
475 2469 616 2530 εῖναι
650 2479 814 2546 φύσιν
851 2483 1114 2538 εἰπόντων
1145 2487 1324 2557 ἡμῶν,
1367 2493 1460 2542 καὶ
1502 2493 1712 2548 πολλῶν
1742 2469 1868 2550 πολ-

289 2566 394 2660 λέις
429 2569 604 2634 ἁγίων
637 2571 865 2642 Γραφάς
901 2577 1133 2647 ὀνόμασί
1179 2597 1240 2634 τε
1279 2582 1374 2635 καὶ
1413 2585 1683 2655 νοήμασιν
1735 2591 1868 2660 ὀμο-

291 2657 514 2762 ςοὼνους
543 2660 608 2762 1⁵.
642 2662 760 2762 156-
785 2665 1324 2762 νῘΔπροενεγκόντων
1379 2679 1462 2741 είς
1513 2681 1719 2750 ἐναργῆ
1771 2657 1866 2736 καὶ

294 2751 700 2858 ἀναντίρρητον
735 2756 1014 2858 ἀπόδειξιν
1049 2763 1152 2832 τῆς
1198 2768 1564 2839 προτεθείσης
1601 2771 1868 2844 σκέψεως,

293 2845 356 2894 οὗ
391 2845 558 2910 μόνον
578 2848 842 2918 οὐδεμίαν
873 2853 1036 2914 αὐτὸς
1070 2855 1345 2912 ἀντίθεσιν
1369 2859 1553 2931 εὑρεῖν
1579 2863 1868 2936 ἐδυνήθης,

295 2937 420 2987 οὐδὲ
451 2937 626 3004 δεῖξαι
656 2941 766 2995 τῶν
797 2943 1014 2998 πάντων
1048 2948 1220 3012 ἁγίων
1248 2951 1532 3006 ὁντιναοῦν
1570 2955 1739 3010 πλείω
1775 2957 1871 3011 τοῦ

297 3027 422 3091 ἑνὸς
467 3027 612 3086 εἶναι
657 3033 728 3087 τὰ
771 3036 1000 3090 ἀκτιστα
1035 3039 1288 3108 λέγοντα,
1323 3045 1460 3100 ἀλλά
1509 3048 1602 3100 καὶ
1634 3051 1761 3114 τοὺς
1791 3051 1875 3104 λέ-

297 3137 498 3186 γοντας
533 3125 884 3200 παραλογίζῃ
914 3131 1008 3183 καὶ
1039 3130 1275 3201 ἀθετεῖς,
1303 3137 1400 3188 καὶ
1443 3137 1544 3207 τὴν
1576 3139 1876 3210 ἀπολογίαν

2047 2313 2135 2368 Vl.
2155 2313 2332 2382 Atque
2370 2312 2472 2365 hoc
2503 2310 2741 2382 primum
2765 2319 2884 2364 esto
2909 2303 3208 2376 impietatis
3236 2311 3344 2356 tuae
3367 2281 3550 2354 docui.

1977 2413 2240 2459 mentum.
2270 2403 2478 2457 Deinde
2495 2416 2618 2455 cum
2639 2413 2804 2452 unum
2827 2397 3132 2452 increatum
3155 2407 3274 2446 esse
3291 2399 3542 2444 naturam

1975 2495 2218 2550 divinam
2257 2494 2570 2550 diceremus
2596 2499 2652 2546 et
2679 2491 2978 2545 multorum
3005 2493 3314 2542 sanctorum
3341 2481 3544 2536 multos

1973 2588 2147 2642 libros
2175 2587 2357 2642 verbis
2377 2595 2430 2640 et
2455 2584 2710 2656 cogitatis
2729 2580 3140 2637 consentientes
3173 2575 3546 2646 proferremus

1976 2680 2042 2733 ad
2075 2679 2417 2734 manifestam
2441 2687 2498 2733 et
2531 2671 2931 2731 irrefutabilem
2977 2670 3360 2739 probationem
3392 2683 3544 2734 qnze-

1975 2771 2176 2827 stionis
2205 2767 2518 2840 propositae,
2557 2780 2667 2821 non
2704 2763 2866 2820 modo
2900 2762 3102 2816 nullam
3157 2759 3275 2829 ipse
3325 2758 3550 2826 Opposi-

1979 2863 2184 2918 tionem
2217 2858 2463 2914 invenire
2493 2855 2741 2926 potuisti.
2763 2869 2941 2922 neque
2974 2848 3264 2905 ostendere
3297 2847 3546 2901 omnium

1983 2962 2298 3010 sanctorum
2327 2963 2660 3020 quemquam
2689 2949 2782 3016 qui
2815 2945 2969 3014 plura
3011 2956 3176 3012 quam
3207 2954 3376 2994 unum
3425 2951 3554 2992 esse

1983 3048 2224 3102 increata
2273 3045 2506 3106 diceret,
2553 3041 2649 3098 sed
2699 3039 2866 3095 etiam
2907 3051 3003 3092 eos
3049 3033 3145 3104 qui
3185 3033 3289 3087 hoc
3332 3031 3546 3092 dicunt,

1982 3135 2418 3208 argumentando
2447 3133 2758 3201 corrumpis
2784 3138 2837 3186 et
2875 3126 3208 3191 contemnis,
3261 3133 3318 3178 et
3363 3121 3548 3177 defen-

299 3213 540 3270 ὓπουλον
593 3219 942 3288 προσάλλεις,
997 3225 1356 3296 ἐπειγόμενος
1400 3228 1500 3299 μὲν
1556 3231 1761 3296 λαθεῖν,
1814 3235 1873 3288 οὐ

1981 3231 2192 3287 sionem
2252 3225 2654 3282 fraudulentam
2717 3221 2950 3291 profers,
3007 3234 3136 3273 cum
3198 3225 3422 3272 coactus
3477 3213 3552 3266 sis

298 3307 601 3376 δυνάμενος
629 3311 708 3366 δέ.
751 3313 860 3368 Καὶ
891 3317 1004 3386 γὰρ
1039 3319 1258 3389 πρῶτον
1295 3321 1396 3390 μὲν
1439 3323 1611 3386 ἑάλως
1642 3327 1880 3381 ἐνταῦθα

303 3398 380 3466 μὴ
410 3401 574 3466 μόνον
599 3401 658 3468 ἐξ
693 3405 1001 3470 ὑποθέσεως
1043 3410 1426 3466 ἀνυποστάτου
1455 3412 1751 3482 λαμϐάνων
1782 3419 1878 3470 καὶ

301 3487 477 3552 τιθεὶς
522 3490 740 3546 οἴκοθεν
783 3495 864 3565 (-l)
903 3496 1089 3562 αὐτὸς,
1133 3499 1270 3570 ὅπερ
1317 3500 1608 3566 ἀσθενείας
1641 3505 1880 3575 ἐσχάτη-ς

301 3580 666 3648 ἐνδεικτικὸν,
699 3583 836 3646 ἀλλά
893 3587 986 3638 καὶ
1027 3589 1166 3656 μετά
1217 3589 1422 3660 ἄρθρου
1464 3591 1564 3662 τῆς
1598 3591 1880 3664 ζητήσεως

299 3674 474 3744 οὔσης
503 3674 674 3740 δεῖξαι
699 3677 758 3729 τὸ
785 3678 1041 3732 ἀκτιστον
1071 3680 1154 3734 ὅτι
1185 3681 1333 3733 ἐστὶν
1365 3681 1446 3748 ἓν,
1471 3683 1678 3755 ἄρθρου
1710 3688 1881 3760 χωρὶς

303 3765 474 3828 αὐτὸς
525 3765 962 3836 ἀνθυπήνεγκας,
995 3768 1193 3836 λέγων,
1227 3771 1323 3834 Τίς
1353 3774 1452 3828 οὐκ
1503 3771 1648 3830 οἶδεν
1692 3777 1775 3830 ὅτι
1824 3777 1881 3831 ἓν

303 3857 567 3911 ἀκτιστόν
605 3860 752 3912 ἐστιν
789 3861 818 3911 ὁ
853 3860 1015 3925 Θεός;
1063 3862 1176 3916 Καὶ
1218 3862 1461 3933 βεϐαιοῖς
1505 3866 1592 3921 διὰ
1641 3871 1742 3940 τῆς
1781 3869 1882 3938 σῆς

303 3949 568 4018 τοιαύτης
617 3950 966 4023 ἀποκρίσεως
1005 3953 1151 4008 δυοῖν
1201 3955 1516 4030 θάτερον,ἢ
1565 3960 1647 4014 ὅτι
1682 3961 1883 4024 πολλὰς

303 4040 400 4092 καὶ
429 4038 694 4110 ἀπείρους
729 4042 824 4094 καὶ
853 4043 1152 4112 ὑφειμένας
1191 4046 1283 4098 καὶ
1313 4045 1611 4118 διαφόρους
1637 4049 1880 4114 δοξάζων

312 4131 574 4202 )εότητας
612 4133 904 4198 ἀκτίστους
934 4135 1124 4207 ὥσπερ
1163 4138 1307 4192 ίδέαν
1333 4141 1454 4192 τινὰ
1482 4142 1542 4192 τὸ
1581 4143 1716 4206 Θεὸς
1744 4139 1884 4198 εἶναι

299 4225 490 4292 λέγεις
512 4225 688 4294 δνομα
718 4225 976 4280 ἄκτιστον
1019 4231 1114 4283 καὶ
1149 4227 1378 4300 θεότητα
1421 4232 1560 4302 πρὸς
1590 4234 1884 4304 διαφόρους

303 4317 574 4386 θεότητας
607 4317 970 4389 μεριζόμενον
1015 4320 1313 4390 ἀπειράκις
1353 4321 1601 4394 ἀπείρως
1630 4325 1888 4397 ὑπερκει-

307 4411 479 4478 μένας
513 4409 610 4462 καὶ
656 4410 980 4481 ὕφειμένας,
1018 4411 1210 4482 ὥσπερ
1247 4413 1306 4466 τὸ
1358 4415 1593 4468 καθόλου
1627 4415 1769 4480 ζῶον
1807 4419 1886 4481 είς

299 4502 542 4573 διάφορα
595 4502 696 4575 τὴν
762 4503 924 4573 φύσιν
979 4505 1118 4576 εἴδη,
1171 4503 1364 4574 λογικά
1412 4525 1472 4561 τε
1535 4511 1630 4562 καὶ
1687 4509 1883 4578 ἄλογα,

1983 3325 2177 3386 latere,
2215 3318 2312 3376 sed
2346 3333 2456 3372 non
2497 3315 2694 3385 possis.
2727 3311 2943 3369 Etenim
2980 3309 3218 3380 primum
3249 3303 3558 3374 deprehen-

1984 3428 2078 3470 sus
2109 3427 2172 3468 es
2196 3411 2288 3466 hic
2324 3425 2434 3464 non
2471 3407 2636 3462 modo
2664 3421 2730 3461 ex
2775 3403 3036 3473 opinione
3079 3413 3220 3454 vana
3268 3409 3554 3450 assumens

1982 3515 2038 3564 et
2063 3517 2402 3576 proponens,
2453 3501 2508 3556 id
2539 3499 2688 3570 quod
2726 3507 2984 3553 extrema:
3039 3489 3436 3548 imbecillitatis
3471 3496 3552 3540 est

1983 3598 2405 3662 documentum,
2429 3592 2524 3649 sed
2547 3591 2738 3658 etiam,
2763 3603 2888 3644 cum
2921 3593 3114 3656 agatur
3147 3601 3166 3636 ι
3199 3582 3508 3638 increatum
3535 3595 3551 3626 ι

1983 3704 2110 3746 cum
2147 3687 2383 3744 articulo
2417 3686 2798 3754 coniunctum,
2830 3689 2892 3735 ut
2914 3677 3176 3734 nimirum
3207 3671 3556 3732 ostendatur,

1984 3779 2290 3836 increatum
2337 3791 2463 3832 esse
2509 3789 2701 3837 unum,
2759 3782 2814 3826 tu
2879 3767 3111 3824 articulo
3157 3765 3400 3832 neglecto
3442 3761 3562 3828 ipse

1983 3871 2232 3944 obiecisti
2269 3871 2386 3926 haec
2416 3887 2430 3922 :
2466 3867 2600 3934 Quis
2627 3866 2861 3936 ignorat,
2887 3875 3057 3918 unum
3103 3858 3404 3912 increatnm
3434 3864 3558 3906 esse

1985 3961 2198 4018 Deum?
2243 3963 2306 4014 Et
2355 3958 2593 4014 aﬂirmas
2643 3955 2733 4010 tali
2787 3951 3144 4022 responsione
3183 3947 3548 4001 alterutrum:

1985 4065 2080 4112 aut
2135 4054 2282 4110 enim
2338 4061 2394 4106 et
2457 4048 2701 4104 inﬁnitas
2753 4055 2810 4100 et
2858 4043 3160 4100 submissas
3206 4048 3262 4096 et
3312 4037 3570 4092 diversas-

1986 4148 2217 4202 credens
2263 4157 2384 4198 esse
2443 4139 2608 4210 280
2661 4135 2902 4192 Deitates
2967 4135 3238 4188 increatas
3304 4139 3562 4198 tanquam

1987 4255 2162 4314 genus
2189 4237 2465 4308 quoddam
2513 4229 2804 4290 contendis
2846 4229 3020 4284 Deum
3063 4241 3182 4282 esse
3219 4239 3417 4278 nomen
3476 4220 3562 4273 in-

1987 4311 2236 4388 creatum
2268 4339 2324 4384 et
2349 4326 2696 4382 divinitatem
2749 4321 2986 4376 divisum
3033 4317 3336 4372 sexcenties
3379 4316 3429 4366 in
3479 4311 3568 4364 di-

1989 4436 2182 4478 versas
2254 4418 2573 4476 divinitatea
2620 4414 2910 4485 impositas
2954 4421 3010 4466 ct
3063 4409 3386 4470 submissus,
3419 4407 3566 4460 sicut

1991 4512 2194 4568 animal
2231 4511 2285 4565 in
2309 4509 2626 4564 universum
2658 4507 2714 4561 in
2745 4506 2992 4560 diversas
3017 4501 3162 4570 quod
3204 4502 3270 4552 ad
3309 4508 3562 4552 naturam

305 4595 505 4665 ἔνυδρα
539 4612 598 4648 τε
627 4598 723 4650 καὶ
761 4596 987 4666 ἄνυδρα,
1019 4601 1252 4668 χερσαῖά
1289 4618 1347 4652 τε
1385 4603 1480 4656 καὶ
1514 4602 1754 4672 αἰθέρια,
1786 4603 1873 4657 οὐκ

1993 4605 2191 4658 attinet
2215 4600 2450 4670 species,
2475 4597 2742 4653 animalia
2785 4595 3044 4650 nimirum
3086 4591 3298 4642 ratione
3335 4589 3559 4656 praedita

305 4689 467 4752 εἰδὼς
503 4691 588 4743 ὅτι
621 4689 682 4744 τὺ
703 4689 860 4743 Θετον
883 4690 1093 4746 ἁπλοῦν
1131 4691 1191 4747 ὃν
1231 4694 1325 4746 καὶ
1349 4695 1642 4766 ἀσώματον
1676 4699 1886 4768 ἀμερὲς

305 4779 370 4845 ἐξ
407 4781 666 4851 ἀνάγκης
686 4784 823 4848 εστὶ,
845 4784 940 4837 καὶ
968 4785 1090 4838 οὐδὲ
1123 4783 1296 4838 πολλὰ
1327 4787 1575 4856 μογήσας
1597 4805 1682 4851 τις
1713 4789 1887 4852 δεῖξαι

307 4869 570 4938 δυνηθείη
605 4869 672 4923 ἂν
701 4868 816 4924 οὔτ’
841 4871 922 4935 είς
945 4873 1005 4924 τὸ
1035 4873 1332 4942 ὑφειμένον
1363 4871 1477 4926 οὒτ’
1512 4878 1592 4938 είς
1629 4875 1687 4929 τὸ
1713 4875 1886 4947 ὑπερ-

309 4960 574 5029 κείμενον
625 4963 995 5034 μεριζομένην
1029 4966 1131 5034 τὴν
1167 4966 1338 5034 μόνην
1385 4965 1602 5035 ἐκείνην
1631 4967 1890 5022 ἄκτιστον

309 5051 410 5104 καὶ
435 5053 616 5122 πάντη
650 5055 950 5124 ἀμέριστον
983 5056 1174 5111 οὐσίαν
1215 5075 1277 5111 τε
1325 5059 1419 5111 καὶ
1457 5059 1692 5129 θεότητα
1720 5075 1734 5090 ο
1767 5061 1798 5130 ἦ
1831 5061 1892 5114 τό

308 5161 376 5212 γε
402 5144 689 5215 δεύτερον,
725 5146 938 5200 πολλῶν
991 5149 1096 5202 ὑπὸ
1151 5149 1247 5203 σοῦ
1307 5151 1684 5220 δοξαζομένων
1744 5154 1898 5206 ἀκτί-

311 5253 460 5291 στων
491 5238 634 5292 θεῶν
671 5240 767 5293 καὶ
797 5239 1090 5312 θεοτήτων,
1117 5243 1215 5297 ἕνα
1248 5243 1356 5298 τῶν
1387 5243 1598 5296 πολλῶν
1623 5241 1764 5297 εἶναι
1809 5245 1896 5298 λέ-

311 5343 434 5394 τεις
467 5329 564 5382 καὶ
585 5329 681 5382 τὸν
704 5331 840 5402 ἡμῖν
867 5331 1226 5402 δοξαζόμενον
1274 5336 1508 5406 ποιητὴν
1535 5335 1629 5388 τοῦ
1669 5337 1891 5400 παντός.

313 5421 426 5473 Καὶ
471 5421 627 5474 ἔστιν
669 5424 878 5494 ἀμφοῖν
929 5425 1218 5496 οὐδέτερον
1268 5427 1530 5491 ἀσεϐείας
1584 5428 1896 5502 ὑπερϐολὴν

309 5513 687 5584 παραλεῖπον.

1994 4707 2049 4752 et
2078 4693 2363 4757 destituta,
2391 4693 2444 4746 in
2479 4704 2618 4760 aqua
2649 4687 2885 4742 viventia
2915 4693 2968 4739 et
3001 4697 3267 4754 aquarum
3290 4681 3562 4750 expertia,

2000 4787 2284 4845 terrestria
2333 4795 2391 4842 et
2442 4785 2493 4838 in
2533 4796 2660 4838 aere
2709 4777 2946 4836 viventia
2983 4795 2996 4830 :
3037 4775 3316 4846 ignorans,
3363 4788 3566 4828 numen

1999 4879 2248 4935 divinum
2269 4875 2427 4944 ,qnia
2457 4873 2688 4944 simplex
2714 4879 2872 4940 estet
2889 4870 3570 4938 incorporeum.necessa-

1999 4971 2082 5026 rio
2107 4983 2227 5025 esse
2252 4966 2818 5033 individuutnmeque
2847 4961 2902 5016 in
2933 4959 3276 5030 suppositum
3311 4973 3487 5026 neque
3514 4959 3568 5010 in

2001 5059 2322 5132 impositum
2354 5055 2525 5111 dividi
2558 5053 2729 5109 solam
2765 5053 2912 5107 illam
2949 5052 3244 5104 ittt't‘culaut
3265 5061 3308 5102 et
3338 5047 3568 5102 omnino

2001 5154 2341 5210 individuam
2367 5149 2658 5206 essentiam
2677 5157 2734 5203 et
2750 5147 3116 5211 divinitatem,
3139 5143 3369 5198 multum
3386 5142 3572 5198 elabo—

2001 5244 2176 5299 rando
2207 5245 2498 5314 quisquam
2537 5241 2915 5295 demonstrare
2937 5241 3112 5308 possit
3139 5256 3150 5290 :
3177 5246 3290 5300 aut,
3335 5236 3384 5290 id
3420 5235 3568 5304 quod

2000 5337 2231 5392 alterum
2254 5346 2360 5401 est,
2387 5351 2511 5390 cum
2545 5335 2744 5388 n'utltos
2783 5331 2972 5386 credas
3009 5331 3280 5384 increatos
3337 5321 3472 5382 'dvos
3519 5335 3574 5380 ct

1997 5431 2259 5500 deitatesf,
2286 5444 2455 5483 unum
2487 5443 2550 5482 ex
2585 5427 2669 5480 liis
2699 5426 2884 5479 multis
2930 5439 3054 5479 esse
3119 5423 3357 5478 aﬂirmas
3407 5421 3594 5475 etiam-

1999 5523 2174 5585 illum,
2203 5521 2294 5590 qui
2339 5519 2495 5574 nobis
2536 5517 2784 5574 creditur
2825 5511 3292 5568 tnundiuniversi
3318 5511 3582 5570 Creator,

2003 5631 2236 5684 quorum
2270 5624 2523 5670 neutrum
2551 5613 2782 5666 multum
2805 5609 2956 5663 abest
2977 5619 3252 5662 a-sn-tnma'
3269 5602 3590 5672 itnpietatott

389 5723 462 5796 (Ι)
493 5725 724 5780 Οἴκοθεν
758 5727 921 5794 αὐτὸς
957 5724 1221 5784 Boivinus
1259 5748 1270 5784 ;
1314 5737 1651 5785 evanuerunt
1693 5729 1873 5784 littera

1981 5728 2078 5782 ιθεν
2115 5729 2204 5781 αὑ.
