3994 6204
472 332 575 398 247

1653 337 2070 398 NlCEPIIORl
2113 336 2498 403 GBEGOIUE

3622 344 3718 407 248

546 445 656 502 VH.
693 444 883 504 Tertio
935 449 1058 504 loco
1107 450 1486 520 deprehensus
1526 465 1590 526 es
1631 451 1868 520 epinans
1913 449 2043 505 sub-

2222 452 2297 508 Z'.
2340 455 2539 524 Τρίτον
2561 455 2620 510 δὲ
2645 457 2729 510 ὅτι
2763 457 2858 510 καὶ
2886 456 2984 520 τὰς
3015 456 3168 520 θείας
3205 453 3538 517 ὁποστάσεις
3567 454 3719 507 άνου-

471 541 704 596 stantias
739 540 956 597 divinas
979 545 1218 600 essentia
1242 557 1450 608 carere,
1481 553 1542 598 ut
1568 543 1737 596 etiam
1796 557 2046 612 saepenu-

469 647 626 686 mero
656 633 769 702 jam
799 641 980 700 antea,
1028 635 1100 688 ita
1137 641 1197 687 ut
1245 635 1565 690 substantias
1616 634 1717 689 tibi
1754 634 2047 689 videamur

471 739 579 776 non
612 724 883 780 substare.
909 724 1063 792 Quod
1094 726 1243 780 enim
1263 726 1502 782 essentia
1519 735 1692 790 caret,
1719 727 2046 783 substantiae

466 815 632 870 etiam
665 827 750 874 est
779 832 1000 887 expers,
1027 826 1081 873 et
1109 821 1381 888 sequitur,
1426 830 1506 886 ut,
1552 821 1598 872 si
1648 818 1773 876 illas
1823 836 2047 891 quoque

468 908 785 965 divinitates
817 911 1056 966 essentia
1095 920 1349 968 carentes
1411 913 1467 972 in
1521 928 1814 970 numerum
1862 913 2048 968 inﬁni-

470 1009 585 1054 tum
613 1001 964 1056 divinitatum
1018 1001 1392 1060 inereaturam
1429 1004 1668 1072 dividas,
1703 1006 2048 1062 substantias

464 1091 660 1146 eodem
702 1093 866 1148 modo
894 1108 1015 1148 esse
1053 1093 1260 1150 divisas
1297 1095 1546 1166 opineris
1579 1113 1592 1150 :
1627 1105 1682 1152 et
1717 1097 1867 1167 quod
1901 1112 2047 1168 saepe

465 1185 713 1241 scribens
749 1181 1141 1256 deprehensus
1183 1203 1263 1251 es,
1306 1205 1414 1244 non
1464 1190 1644 1244 solum
1697 1192 1866 1245 trium
1916 1193 2047 1247 sub-

465 1277 816 1344 stantiarum,
844 1294 964 1333 esse
991 1287 1245 1335 naturam
1269 1280 1536 1348 divinam,
1566 1284 1662 1336 sed
1690 1283 1851 1354 281
1878 1285 2044 1340 etiam

466 1367 789 1431 multarum.
826 1370 958 1426 illud
991 1371 1082 1427 hic
1113 1387 1335 1443 quoque
1366 1389 1533 1429 ausus
1555 1382 1640 1430 est
1672 1375 1883 1441 dicere,
1919 1391 2044 1432 cum

464 1470 522 1516 et
569 1461 912 1518 substantias
958 1465 1213 1522 essentia:
1263 1473 1321 1529 et
1363 1466 1683 1523 divinitatea
1719 1468 2046 1524 substantiae

465 1565 720 1622 expertas
747 1559 1050 1616 venereris.

535 1645 675 1701 νηί.
711 1647 975 1714 Quartum
1015 1668 1140 1709 cum
1181 1664 1238 1712 et
1281 1657 1508 1714 homine
1539 1669 1598 1715 et
1636 1658 1821 1730 lapide
1852 1675 2044 1716 exem-

464 1738 568 1807 plis
599 1742 773 1799 utaris
808 1752 864 1798 et
915 1747 1240 1814 contendas,
1297 1751 1597 1808 essentiam
1643 1753 2044 1824 comprehendi

463 1846 589 1886 cum
621 1832 709 1898 iis,
741 1849 863 1903 quae
893 1836 946 1891 in
972 1852 1035 1892 ea
1079 1851 1380 1897 cernantur
1425 1845 1663 1900 naturali
1723 1845 1911 1911 modo,
1949 1846 2044 1901 de-
2081 1813 2097 1870 ι

463 1921 770 1990 prehensus
814 1941 873 1984 es
902 1943 1070 1996 porro
1113 1930 1348 1987 credens
1399 1934 1770 1990 accidentium
1820 1949 2044 2005 quoque

462 2020 1012 2088 comprehensionem
1054 2040 1178 2080 esse
1221 2025 1371 2081 illam
1419 2029 1719 2083 essentiam
1768 2027 2038 2094 divinam,

463 2111 612 2168 Velut
632 2112 688 2168 in
713 2113 896 2182 lapide
922 2127 954 2171 a
989 2124 1040 2171 te
1067 2117 1299 2186 jactato,
1329 2118 1423 2187 qui
1453 2119 1805 2188 gravitatem,
1836 2121 2036 2189 frigus,

460 2201 722 2266 colorem,
738 2202 1160 2272 longitudinem,
1181 2206 1555 2270 latitudinem,
1576 2207 2040 2275 altitudinemque

459 2303 517 2346 ot
553 2308 898 2364 quaecunque
932 2295 1204 2365 ejusmodi
1232 2297 1461 2366 cogitari
1489 2307 1739 2364 possunt,
1766 2299 2038 2362 continet,

459 2385 515 2439 id
545 2386 692 2454 quod
724 2387 890 2441 etiam
924 2388 1082 2457 pejus
1119 2397 1204 2443 est
1231 2389 1465 2445 stultitia
1493 2391 1702 2459 priore.

529 2477 624 2534 IX.
667 2480 838 2534 Porro
871 2479 1130 2548 quintum
1155 2481 1384 2537 stultum
1411 2482 1696 2553 illud,quo
1725 2484 1888 2538 etiam
1907 2499 2042 2539 con-

461 2574 645 2628 lirmas
681 2572 1046 2644 ignorantiam
1089 2582 1239 2628 tuam
1284 2583 1342 2629 et
1381 2575 1679 2636 multorum
1731 2577 2038 2632 doctrinam

459 2665 690 2721 deorum
719 2664 1074 2734 perversione
1101 2661 1378 2720 dictbrum
1399 2665 1685 2722 Athanasii
1719 2668 1924 2736 magni.
1955 2665 2038 2720 Ad

460 2775 630 2814 uirum
657 2758 803 2813 enim
835 2746 928 2814 ille
954 2758 1091 2814 dicit
1120 2760 1318 2816 referri
1357 2759 1452 2815 illa
1489 2769 1568 2816 tot
1599 2759 1839 2822 nomina,
1876 2759 2043 2814 nimi-

460 2867 580 2907 rum
617 2852 683 2906 ad
713 2853 1034 2908 essentiam.
1075 2853 1159 2908 Tn
1184 2864 1367 2910 autem
1403 2855 1730 2925 imprudens
1762 2863 1954 2910 contra
1987 2864 2040 2911 te

459 2944 691 3004 attulisti
723 2959 886 3013 quem
919 2959 1021 3014 pro
1063 2953 1115 3000 te
1144 2945 1412 3003 allaturus
1433 2963 1579 3002 eras.
1617 2948 1752 3003 Tam
1794 2949 1952 3004 rudis
1978 2963 2041 3003 es

457 3037 695 3090 ctvalde
731 3037 991 3090 incultus.
1039 3036 1246 3091 Deinde
1297 3047 1354 3092 et
1413 3040 1698 3095 materiem
1743 3051 1801 3096 et
1853 3041 2042 3111 exple-

463 3130 666 3183 tionem
703 3129 1010 3185 divinitatis
1060 3131 1178 3185 haec
1219 3131 1339 3202 ipse
1384 3135 1657 3199 nominat,
1707 3151 1819 3191 non
1854 3145 2039 3196 tamen
2074 3175 2114 3228 ρ

461 3221 840 3289 divinitatum,
872 3238 994 3293 quae
1017 3223 1086 3279 ab
1115 3227 1379 3292 essentia,
1415 3237 1477 3281 ut
1504 3236 1560 3282 tu
1597 3227 1701 3294 vis,
1724 3240 1781 3285 et
1806 3231 1954 3286 inter
1979 3247 2040 3288 se

459 3315 736 3372 diﬂ‘erant.
769 3315 1060 3382 Quomodo
1108 3318 1254 3372 enim
1307 3319 1435 3374 talia
1487 3320 1673 3378 dicere
1719 3326 1914 3392 possit,
1946 3324 2040 3394 qui

459 3409 525 3462 ad
564 3425 735 3464 unum
765 3410 856 3464 illa
885 3411 1079 3466 referri
1111 3411 1540 3477 dicit,nimirum
1573 3415 1641 3469 ad
1697 3416 1994 3472 essentiam
2021 3419 2043 3472 ?

528 3500 602 3557 Χ.
635 3502 732 3557 Est
773 3511 959 3558 autem
1014 3514 1275 3574 praeterea
1314 3514 1531 3560 sextum
1557 3506 1856 3562 absurdum
1881 3508 2039 3573 illud,

458 3597 606 3668 quod
649 3596 901 3654 divinum
947 3615 1171 3670 quoque
1235 3600 1552 3656 criminaris
1614 3585 2038 3670 Damascenum,

458 3692 606 3762 quod
634 3701 690 3746 et
717 3693 894 3762 ipsum
931 3693 1147 3762 planius
1181 3706 1212 3746 a
1236 3693 1398 3748 nobis
1442 3704 1630 3764 postea
1667 3694 1903 3750 dicetur.
1941 3697 2044 3752 De-

462 3785 866 3840 monstrahitur
897 3785 1068 3850 enim,
1099 3783 1410 3855 signiﬁcare
1438 3796 1493 3841 et
1525 3786 1753 3841 diﬁerre
1778 3803 1887 3842 non
1919 3803 2042 3844 esse

462 3881 630 3943 idem,
661 3879 826 3949 282
853 3879 1074 3934 etiamsi
1104 3888 1162 3933 tu
1194 3877 1548 3935 vociferando
1589 3881 1886 3950 rumparis,
1945 3881 2041 3950 qui

459 3971 826 4046 remotissima
866 3971 1097 4027 misceas
1132 3981 1188 4026 et
1215 3971 1401 4028 dicere
1447 3971 1696 4026 divinum
1743 3973 1899 4027 illum
1934 3975 2042 4028 cri-

461 4061 690 4117 mineris
710 4063 888 4139 virum
911 4061 979 4117 aii
1006 4064 1247 4120 increata
1268 4075 1470 4120 natura
1492 4065 1716 4120 dill‘erre
1736 4065 2038 4121 increalam

458 4155 579 4222 ejus
611 4151 983 4208 elﬁcientiam.
1030 4155 1224 4224 Neque
1266 4157 1416 4211 enim
1461 4155 1756 4227 quisquam
1789 4159 2038 4214 omnium

462 4248 517 4322 in
553 4246 701 4300 illius
729 4245 974 4320 scriptis,
1011 4249 1260 4322 quamvis
1301 4251 1534 4304 multum
1579 4250 1918 4320 inquisierit,
1946 4253 2039 4307 vix

461 4355 641 4410 neque
670 4332 926 4410 magnum
959 4339 1208 4394 omnium
1236 4356 1414 4410 neque
1439 4342 1794 4398 minimorum
1814 4345 2037 4416 quidem

457 4421 758 4504 quidquam
789 4432 968 4511 simile
1004 4431 1246 4488 inveniat
1273 4423 1511 4503 unquam
1563 4435 1632 4492 iis
1671 4453 1790 4508 qum
1828 4455 1977 4495 nunc
2008 4457 2036 4494 a

2157 548 2307 608 σίους
2350 544 2492 604 εἶναι
2539 547 2780 614 δοξάζων
2835 549 3032 613 ἑάλως,
3083 547 3276 618 ὥσπερ
3328 546 3427 600 καὶ
3467 545 3723 610 πολλάκις

2153 641 2257 711 ἤδη
2316 643 2604 711 πρότερον,
2655 643 2734 706 ὡς
2786 642 3032 710 γίνεσθαί
3095 658 3178 694 σοι
3241 639 3342 702 τὰς
3399 639 3721 700 ὑποστάσεις

2153 734 2586 800 ἀνυποστάτους.
2621 735 2696 789 Τὸ
2736 735 2843 805 γὰρ
2877 735 3130 788 ἁνούσιον
3161 731 3544 786 ἀνυπόστατον
3568 744 3586 761 ο
3638 731 3724 782 καὶ

2155 826 2345 880 λοιπὸν
2371 827 2446 891 ὡς
2465 828 2594 882 ὅταν
2620 827 2715 883 καὶ
2756 827 2856 889 τὰς
2893 826 3179 887 άνουσίους
3209 825 3426 887 ὲκείνας
3469 823 3725 890 θεότητας

2154 919 2236 982 είς
2267 920 2496 991 ἄπειρον
2540 921 2777 990 ἀριθμὸν
2822 919 3095 990 θεοτήτων
3139 917 3525 987 παραπέμπῃς
3573 915 3725 968 ἀκτί-

2157 1029 2320 1076 στων,
2349 1013 2678 1075 ὑποστάσεις
2705 1011 2847 1065 εἶναι
2877 1014 2974 1065 καὶ
3016 1011 3224 1074 ταύτας
3255 1007 3503 1074 δοξάζεις
3523 1024 3539 1039 ο
3570 1009 3664 1060 καὶ
3695 1007 3723 1060 δ

2153 1104 2416 1168 πολλάκις
2472 1105 2644 1168 ἑάλως
2668 1107 2918 1175 γράφων,
2976 1105 3050 1176 μὴ
3098 1106 3535 1175 τρισυπόστατον
3589 1097 3726 1155 εἶναι

2157 1198 2318 1268 μόνον
2369 1199 2468 1268 τὴν
2521 1199 2671 1253 θείαν
2709 1201 2893 1268 φύσιν,
2925 1199 3062 1252 ἀλλὰ
3111 1201 3206 1251 καὶ
3260 1197 3725 1258 πολυυπόστατον,

2152 1291 2316 1344 τοῦτο
2342 1293 2621 1346 κάνταῦθα
2649 1293 3016 1362 τετόλμηκας,
3051 1291 3382 1352 ὑποστάσεις
3420 1291 3518 1360 μὲν
3568 1291 3727 1342 ἀνου-

2155 1387 2325 1452 σίους,
2361 1387 2623 1454 θεότητας
2661 1385 2706 1439 δ’
2735 1388 3143 1449 ἀνυποστάτους
3175 1385 3371 1441 σέϐων.

2225 1657 2310 1709 H'.
2346 1656 2623 1724 Τέταρτον
2676 1655 2733 1708 δὲ
2785 1656 2869 1709 ὅτι
2917 1655 3012 1710 καὶ
3060 1655 3150 1708 τὸν
3192 1654 3484 1723 ἄνθρωπον
3512 1653 3606 1706 καὶ
3643 1652 3732 1704 τδν

2153 1745 2300 1799 λίθον
2319 1749 2399 1807 εἰς
2439 1745 2748 1814 ὑπόδειγμα
2797 1745 3002 1813 φέρων,
3034 1743 3130 1796 καὶ
3175 1742 3494 1811 ὁριζόμενος
3537 1740 3731 1792 οὐσίαν

2152 1835 2294 1894 εἷναι
2358 1840 2496 1908 μετὰ
2548 1837 2660 1892 τῶν
2723 1837 2968 1906 φυσικῶς
3023 1838 3156 1905 περὶ
3206 1835 3378 1903 αὐτὴν
3433 1833 3734 1903 ὁρωμένων

2156 1933 2716 2002 συλλαμϐανομένην,
2782 1931 2954 1992 ἑάλως
3003 1929 3085 1982 ἐτι
3145 1930 3237 1982 καὶ
3301 1927 3737 1996 συμϐεϐηκότων

2155 2027 2418 2097 σύλληψιν
2451 2023 2587 2080 εἶναι
2619 2025 2858 2094 νομίζων
2885 2025 3066 2098 [12156
3099 2024 3174 2096 υ.]
3205 2023 3305 2094 τὴν
3334 2023 3487 2077 θείαν
3514 2022 3750 2108 ἐκείνηι

2149 2122 2338 2175 οὐσίαν
2361 2121 2551 2190 ὥσπερ
2591 2121 2684 2172 ἐπὶ
2715 2119 2810 2171 τοῦ
2846 2119 3252 2189 προϐληθέντος
3298 2134 3381 2170 σοι
3425 2117 3598 2177 λίθου,
3637 2115 3738 2184 βά-

2151 2207 2628 2278 ρος,ψυχρότητα,
2659 2207 2878 2275 χρῶμα,
2917 2207 3111 2275 μῆκος,
3153 2205 3356 2266 πλάτος
3403 2205 3501 2257 καὶ
3536 2204 3732 2273 βάθος,

2150 2302 2245 2352 καὶ
2273 2301 2375 2352 ὅσα
2409 2298 2636 2352 τοιαῦτα
2666 2301 2804 2350 νοεῖν
2837 2300 2948 2368 ἔχει
2991 2316 3094 2365 τις,
3127 2297 3363 2368 ἔχοντος.
3395 2297 3462 2349 Ὃ
3503 2295 3600 2348 καὶ
3634 2293 3738 2346 τοῦ

2150 2391 2421 2463 προτέρου
2451 2392 2635 2460 χεῖρον
2663 2393 2742 2452 εἰς
2777 2392 3027 2444 ἀτοπίαν.

2218 2486 2296 2538 8'.
2357 2485 2467 2539 Καὶ
2519 2487 2774 2553 πέμπτον
2811 2484 3034 2549 ἄτοπον,
3075 2484 3158 2537 ὅτι
3209 2483 3304 2535 καὶ
3355 2482 3594 2553 βεϐαιοῖς
3630 2481 3741 2549 τὴν

2152 2577 2251 2643 σὴν
2280 2576 2524 2645 ἀμαθίαν
2559 2578 2653 2629 καὶ
2683 2576 2974 2628 πολυθεῖαν
3007 2576 3097 2628 διὰ
3123 2576 3223 2643 τῆς
3249 2577 3387 2644 πρὸς
3426 2574 3516 2626 τὸν
3551 2573 3738 2642 μέγαν

2163 2669 2482 2723 Ἀθανάσιον
2512 2669 2904 2735 συκοφαντίας.
2948 2669 3073 2720 Ἐπὶ
3108 2669 3216 2736 γὰρ
3245 2667 3303 2721 ἓν
3341 2668 3546 2726 ἐκεῖνος
3581 2664 3736 2733 ἔχειν

2151 2765 2286 2835 φησι
2322 2765 2421 2835 τὴν
2471 2762 2752 2832 ἀναφορὰν
2795 2761 2864 2814 τὰ
2910 2760 3052 2813 οὕτω
3084 2760 3256 2813 πολλὰ
3305 2758 3414 2811 τῶν
3444 2757 3734 2826 ὀνομάτων

2149 2859 2396 2922 ἐκείνων,
2438 2857 2618 2910 είτουν
2655 2858 2755 2925 τὴν
2781 2856 2971 2908 οὐσίαν
2998 2873 3010 2886 ·
3057 2855 3120 2907 σὺ
3156 2854 3202 2907 δ’
3243 2853 3343 2906 οὐκ
3390 2851 3559 2924 ᾔσθου
3586 2849 3736 2902 κατὰ

2151 2945 2382 3000 σεαυτοῦ
2419 2945 2666 3015 κομίζων
2713 2944 2944 3013 ὃν⁹ὑπὲρ
2980 2942 3212 2995 σεαυτοῦ
3260 2941 3566 3009 κεκόμικας
3593 2954 3606 2966 ⁸
3643 2937 3738 2989 ώ-

2151 3060 2257 3105 τως
2287 3040 2506 3111 ἀμαθὴς
2538 3035 2588 3092 εί
2618 3040 2712 3092 καὶ
2761 3039 2908 3108 μάλα
2936 3039 3213 3107 ἀγροῖκος.
3252 3030 3385 3087 Εἶτα
3418 3034 3510 3086 καὶ
3545 3031 3737 3101 ἄθροι-

2151 3155 2265 3207 σμα
2293 3136 2440 3203 λέγει
2488 3136 2583 3187 καὶ
2627 3133 2905 3204 πλήρωμα
2953 3131 3211 3200 θεότητος
3242 3129 3418 3182 ταῦτα
3446 3129 3640 3189 αὐτὸς,
3674 3126 3738 3178 οὐ

2152 3233 2260 3303 μὴν
2289 3228 2559 3298 θεοτήτων
2588 3227 2686 3296 τῆς
2717 3225 2903 3284 οὐσίας
2935 3223 3214 3291 διαφόρων
3245 3221 3387 3278 κατὰ
3424 3219 3481 3273 σὲ
3513 3220 3609 3272 καὶ
3637 3218 3740 3272 ἀλ-

2148 3326 2344 3395 λήλων.
2389 3322 2510 3384 Πῶς
2540 3320 2646 3390 γὰρ
2683 3319 2740 3382 ὃς
2768 3318 2857 3372 ἐπὶ
2886 3317 2944 3370 ἓν
2971 3317 3109 3371 αὐτὰ
3137 3318 3238 3387 τὴν
3273 3315 3556 3385 ἀναφορὰν
3582 3313 3742 3382 ἔχειν

2149 3416 2304 3486 φησῖ,
2335 3411 2536 3482 δηλαδὴ
2567 3410 2667 3480 τὴν
2694 3409 2885 3462 οὐσίαν
2910 3427 2923 3474 ;

2224 3508 2279 3561 l'.
2310 3507 2467 3558 Ἔστι
2507 3504 2644 3558 κάπὶ
2673 3503 2889 3564 τούτοις
2931 3499 3091 3554 ἕκτον
3133 3500 3354 3562 ἄτοπον,
3393 3499 3477 3552 ὅτι
3517 3499 3622 3551 καὶ
3649 3496 3744 3549 τὸν

2151 3602 2296 3656 θεῖον
2332 3599 2690 3668 συκοφαντεῖς
2724 3596 3110 3664 Δαμασκηνὸν,
3152 3595 3228 3657 ὡς
3283 3592 3569 3663 προϊοῦσιν
3606 3593 3746 3661 ἡμῖν
3838 3590 3839 3593 “

2151 3695 2433 3764 σίρήσεται
2466 3690 2559 3744 καὶ
2596 3689 2729 3742 αὐτὸ
2753 3688 3110 3758 πλατύτερον.
3142 3685 3502 3756 Δειχθήσεται
3531 3687 3648 3751 γὰρ
3682 3683 3744 3735 τὺ

2151 3783 2583 3856 χαρα”κτηρίζειν
2629 3781 2707 3851 τῷ
2746 3779 3145 3850 διαφέρεινμὴ
3181 3772 3322 3832 εἶναι
3373 3777 3596 3841 ταυτνιν,
3639 3776 3744 3828 κᾶν

2152 3880 2216 3933 σὺ
2253 3878 2393 3949 βοῶν
2446 3877 2774 3946 διαρραγῇς,
2818 3872 2888 3926 τὰ
2919 3871 3128 3943 ἄμικτα
3177 3869 3373 3941 μιγνὺς
3423 3870 3517 3922 καὶ
3551 3870 3744 3936 λέγειν

2147 3971 2242 4024 τὸν
2289 3969 2435 4022 θεῖον
2485 3968 2693 4019 ἐκεῖνον
2734 3965 3062 4032 αἰτιώμενος
3114 3962 3287 4030 ἄνδρα
3336 3965 3434 4029 τῆς
3468 3962 3742 4012 ἀκτξστου

2150 4063 2368 4133 φύσεως
2403 4061 2687 4130 διαφέρειν
2727 4059 2825 4127 τὴν
2863 4059 3121 4110 ἅκτιστον
3157 4057 3362 4136 ταύτης
3412 4054 3744 4121 ἐνέργειαν.

2149 4159 2282 4213 Οὐδὲ
2306 4157 2415 4228 γὰρ
2442 4156 2615 4218 οὐδεὶς
2662 4155 2771 4207 τῶν
2802 4153 3060 4206 ἁπάντων
3094 4154 3151 4205 ἐν
3194 4155 3302 4214 τοῖς
3349 4150 3563 4203 ἐκείνου
3603 4165 3746 4216 συγ-

2149 4254 2472 4323 γράμμασιν
2501 4250 2621 4304 οὐῖὲ
2656 4249 2827 4303 πολλὰ
2859 4249 3107 4318 μογήσας
3137 4245 3259 4298 οὔτε
3303 4245 3463 4315 μόγις
3499 4245 3656 4312 μέγα
3693 4259 3748 4294 τι

2146 4350 2257 4403 τῶν
2285 4349 2504 4403 πάντων
2553 4344 2677 4399 οὒτε
2730 4344 2874 4414 μάλα
2922 4341 3079 4412 μόλις
3107 4339 3239 4410 γοῦν
3276 4340 3387 4392 τῶν
3430 4339 3749 4405 ἐλαχίστων

2147 4437 2300 4491 οὐδὲν
2355 4437 2661 4506 όμότροπον
2704 4433 2771 4486 ἄν
2815 4431 2940 4484 ποθ’
2990 4429 3139 4500 εὖροι
3201 4430 3443 4483 τουτοισὶ
3488 4434 3611 4491 τοῖς
3647 4428 3749 4480 νῦν

459 4520 533 4590 te,
565 4525 808 4591 Palama,
834 4517 1210 4598 obtrectatore
1253 4526 1524 4583 detestato
1549 4539 1605 4583 et
1646 4529 1916 4586 insidioso
1950 4533 2035 4586 iu-

2154 4529 2594 4602 παρευρημὲνοις
2644 4529 2738 4581 καὶ
2787 4523 3233 4594 προτεθειμένοις
3291 4522 3369 4602 τῷ
3434 4522 3750 4592 καταράτῳ

455 4629 624 4674 venta
660 4629 716 4675 et
750 4619 964 4690 prolata
1015 4627 1164 4675 sunt.
1194 4619 1404 4676 Deinde
1433 4621 1763 4677 alterutrum
1791 4625 2040 4693 quidem,

455 4723 555 4768 aut
590 4713 737 4768 enim
778 4702 901 4768 non
933 4713 1137 4770 invitus
1163 4713 1302 4770 falso
1337 4715 1674 4783 criminaris,
1710 4727 1803 4770 aut
1836 4702 2043 4773 invitus

457 4789 552 4859 illa
586 4803 831 4873 ignoras,
856 4791 912 4859 et
943 4789 1242 4860 illiteratus
1265 4821 1346 4870 es,
1384 4817 1445 4860 ut
1469 4807 1714 4871 videtur,
1755 4809 1959 4873 adhuc,
1989 4817 2045 4863 et

459 4881 765 4965 primorum
796 4896 1082 4966 sapientia:
1102 4896 1508 4976 elementorum
1539 4901 1768 4954 omnino
1793 4900 2039 4972 ignarus,

456 5004 693 5066 quorum
731 4987 867 5066 illud
901 4988 1228 5055 insanabile,
1265 4991 1373 5048 hoc
1415 4992 1826 5066 somimiserum
1861 4992 2046 5063 (dimi-

457 5063 549 5137 dio
589 5067 808 5153 melius)
837 5065 893 5138 et
917 5083 1165 5139 sanabile
1207 5097 1292 5140 est
1334 5102 1349 5139 :
1383 5085 1431 5140 si
1463 5085 1632 5156 igitur
1673 5097 1730 5142 et
1787 5063 1908 5157 ipse
1937 5087 2040 5154 vis,

459 5158 563 5230 huc
609 5161 810 5249 delige.
870 5175 1218 5230 Alterutrum
1266 5175 1414 5231 enim
1476 5193 1564 5233 me
1611 5179 1862 5234 visurum
1918 5193 2041 5234 esse

456 5253 624 5350 spero
676 5252 944 5354 optoque,
971 5277 1065 5323 aut
1119 5277 1171 5325 te
1220 5269 1442 5326 volente
1469 5272 1707 5328 reditum
1736 5281 1915 5336 tuum,
1947 5283 2043 5325 aut

459 5371 512 5416 te
569 5360 788 5438 nolente
850 5361 1132 5432 interitum
1176 5371 1374 5430 tuum;
1417 5365 1648 5419 alterum
1705 5365 1851 5420 enim
1888 5375 1939 5420 te
1977 5366 2044 5419 li-

456 5434 670 5509 berabit
699 5435 735 5510 α’
760 5440 1007 5524 pernicie
1033 5468 1257 5522 aaterna,
1284 5459 1520 5514 alterum
1545 5440 1711 5514 etiam
1743 5468 1975 5514 caeteros
2006 5475 2038 5515 a

458 5547 675 5601 damno.
715 5529 1026 5613 Quomodo
1089 5549 1260 5620 igitur
1310 5552 1648 5621 persuadere
1711 5551 2041 5605 conabimur

459 5641 550 5693 tali
588 5627 776 5710 eoque"
805 5645 920 5714 jam
965 5644 1144 5700 intutis
1189 5654 1452 5714 provecto
1501 5651 1638 5703 viro.
1670 5656 1767 5698 aut
1813 5645 2040 5699 omnino

459 5734 737 5814 quomodo
769 5749 878 5788 non
911 5735 1316 5805 desperandum
1351 5738 1456 5792 erit
1484 5737 1551 5790 de
1578 5738 1696 5791 utili
1722 5738 1868 5791 exitu
1908 5755 2038 5807 pro-

458 5835 680 5897 spectus
731 5843 906 5898 neque
938 5844 1077 5889 vana
1126 5830 1219 5884 lict
1275 5830 1480 5901 Opera?
1514 5830 1719 5886 Tamen
1774 5833 1896 5888 volo
1930 5833 2037 5901 plc-

2151 4599 2244 4677 cot
2289 4599 2526 4690 Παλαμᾷ
2578 4618 2674 4671 καὶ
2730 4615 2935 4687 δολερῷ
2986 4599 3540 4690 συκοφάντῃμΔυοῖν
3605 4612 3750 4682 γοῦν

2148 4717 2340 4770 ἔπειτα
2396 4714 2646 4783 θάτερον,
2703 4711 2735 4781 ἦ
2783 4712 2891 4780 γὰρ
2944 4709 3088 4762 ἑκὼν
3142 4708 3490 4777 βλασφημεῖς
3542 4706 3580 4775 ἢ
3645 4706 3752 4775 οὐχ

2148 4810 2290 4861 ἑκὼν
2319 4809 2557 4875 ἀγνοεῖς,
2591 4804 2977 4874 ἀναλφάϐητος
3004 4802 3101 4863 ὢν,
3141 4803 3216 4865 ὡς
3259 4801 3459 4870 ἔοικεν,
3493 4799 3604 4861 ἔτι,
3647 4800 3749 4852 καὶ

2145 4899 2257 4954 τῶν
2292 4899 2522 4968 πρώτων
2552 4897 2650 4966 τῆς
2700 4895 2895 4964 σοφίας
2930 4895 3212 4972 στοιχείων
3254 4894 3394 4946 πάνυ
3445 4909 3497 4946 τι
3533 4893 3745 4962 ἀδαὴς.

2146 4987 2247 5047 Ὧν
2286 4995 2347 5046 τὸ
2399 4992 2500 5060 μὲν
2542 4990 2786 5054 ἀνίατον,
2816 4989 2877 5042 τὸ
2934 4986 2979 5043 δ’
3021 4987 3411 5059 -ήμιμόχθηρον
3461 4987 3558 5038 καὶ
3597 4986 3750 5038 ἰάσι-

2152 5106 2251 5159 μον
2279 5105 2293 5120 ·
2329 5087 2398 5158 ἢν
2443 5084 2538 5140 οὖν
2581 5085 2678 5147 καίΙ
2724 5085 2887 5146 αὐτὸς
2920 5081 3134 5155 ἐθέλῃς,
3176 5081 3300 5156 alo-3
3350 5081 3412 5135 τὸ
3449 5081 3748 5152 δεύτερον.

2145 5184 2302 5236 Δυθίν
2345 5184 2455 5250 γὰρ
2494 5178 2720 5250 ὄψεσθαι
2768 5177 2998 5246 θάτερον
3028 5175 3234 5241 ἐλπίζω
3269 5175 3365 5228 καὶ
3406 5172 3674 5247 εὔχομαι,
3708 5173 3744 5246 ἢ

2145 5275 2242 5346 τὴν
2307 5273 2405 5346 σὴν
2451 5272 2815 5344 ἐπιστροφὴν,
2855 5274 2905 5324 εἰ
2938 5269 3207 5340 βούλει,ἢ
3255 5269 3353 5340 τὴν
3407 5268 3508 5337 σὴν
3553 5286 3750 5322 κοιτα-

2147 5365 2413 5438 στροφὴν,
2447 5365 2494 5417 εί
2539 5364 2615 5434 μὴ
2647 5363 2851 5436 βούλει.
2889 5361 2962 5414 Τὸ
2995 5360 3095 5431 μὲν
3132 5362 3240 5443 γὰρ
3269 5360 3330 5431 σὲ
3384 5359 3486 5429 τῆς
3534 5359 3753 5412 πολυε-

2145 5459 2272 5521 τοῦς
2303 5457 2579 5521 ἀπωλείας
2607 5461 2895 5526 ὲξελεῖται,
2923 5461 2985 5514 τὸ
3015 5461 3071 5514 δὲ
3104 5461 3203 5514 καὶ
3243 5461 3370 5521 τοὺς
3421 5460 3628 5522 ἄλλους
3666 5457 3753 5529 μὴ

2147 5552 2506 5623 βλάπτεσθαι.
2560 5552 2734 5605 Πόθεν
2770 5551 2861 5606 οὖν
2897 5554 3311 5624 ἐπιχειροίημεν
3359 5537 3428 5604 ἂν
3460 5553 3756 5621 μεταπεί-

2145 5647 2258 5699 Οειν
2287 5647 2457 5715 ἄνδρα
2486 5646 2739 5698 τοσοῦτον
2773 5647 2866 5700 καὶ
2899 5645 3070 5710 οὕτως
3104 5646 3326 5717 ἡλικίας
3378 5645 3574 5726 ἔχοντα
3607 5661 3624 5709 ;
3671 5643 3752 5696 Ἦ

2145 5741 2363 5802 παντως
2387 5740 2512 5792 ὅθεν
2536 5739 2637 5791 οὐκ
2661 5739 2985 5792 ἀνέλπιστον
3015 5736 3080 5792 ἂν
3120 5737 3207 5809 εἴη
3239 5737 3302 5790 τὸ
3335 5737 3562 5808 σκέμμα
3592 5737 3751 5802 πρὶς

2144 5833 2426 5902 ιῦφὲὶιξιον
2457 5831 2630 5896 τέλος,
2667 5831 2802 5902 μηδὲ
2837 5833 3064 5901 μάταιος
3098 5831 3298 5899 γένοιτ’
3333 5832 3398 5887 ἂν
3430 5831 3460 5900 ἡ
3493 5827 3753 5901 σπουδή.
