3994 6204
313 321 422 382 249

1311 327 1756 389 ΒΥΖΛΝΊῚΝῈ
1824 327 2212 392 ῙΠΞΤΟΗΙΈ
2257 338 2398 399 Llli.
2445 340 2628 402 XXX.

3457 343 3566 406 21:0

319 431 595 524 Βούλομαι
656 431 700 482 δ’
751 432 841 485 οὖν
907 435 1053 503 ὅμως
1109 437 1494 510 ἐντελεστέραν
1559 442 1657 494 τοῦ
1729 441 1887 508 λόγου

1996 447 2208 504 niorcm
2267 451 2320 504 in
2373 453 2634 507 orationis
2683 453 2844 510 initio
2897 469 3090 508 eorum
3139 470 3260 524 quae
3307 455 3564 512 dicentur

315 523 625 594 ἀρχόμενος
673 527 773 594 τὴν
810 527 918 578 τῶν
974 530 1364 600 ῥηθησομένων
1421 532 1754 604 ποιήσασθαί
1807 550 1890 586 σοι

317 619 786 688 προκατάστασιν,
818 623 910 672 καὶ
941 623 1156 686 ’διδάξαι
1190 626 1280 678 τὸν
1311 628 1499 698 ἀμαθῆ
1534 628 1593 680 σὲ
1623 626 1684 694 ἐξ
1713 629 1892 681 αὐτῶν

319 710 630 780 ἀρχόμενος
657 712 766 765 τῶν
815 715 1002 768 ἀπλιίν
1044 717 1332 787 στοιχείων
1362 719 1456 774 καὶ
1483 719 1700 787 φωνῶν,
1729 718 1804 782 ὡς
1843 721 1892 772 oi

321 805 744 874 γραμματισταὶ
775 805 844 858 τὰ
875 808 1159 877 μειράκια,
1199 809 1285 862 ἵνα
1336 811 1414 882 μὴ
1465 811 1709 882 συνεχῶς
1759 813 1896 882 πρὸς

321 894 434 946 τῶν
486 895 702 949 πολλῶν
759 897 853 948 καὶ
896 899 1060 962 αὐτὸς
1114 900 1317 972 ἀκούῃς
1374 904 1550 956 έκεῖνο
1579 904 1641 975 δὴ
1691 903 1751 958 τὸ
1799 904 1894 958 τοῦ

325 985 616 1050 Πλάτωνος
669 988 929 1058 σκῶμμα,
960 990 1037 1053 ὡς
1085 992 1307 1062 ἀμαθὴς
1357 989 1424 1054 εἴ.
1463 989 1508 1050 ὦ
1559 997 1766 1068 ἑταῖρε,
1800 997 1894 1050 καὶ

321 1081 423 1147 οὐχ
457 1079 566 1149 ἓπῃ
589 1095 604 1110 ·
635 1075 670 1152 ἧ
702 1081 808 1152 γὰρ
834 1080 902 1134 ἂν
936 1081 1049 1135 οὐδ’
1078 1083 1242 1136 αὐτοῦ
1278 1102 1338 1149 γε
1379 1085 1442 1156 δὴ
1488 1087 1769 1140 Βασιλείου
1798 1087 1894 1142 τοῦ

319 1171 470 1222 θείου
529 1173 900 1237 παντάπασιν,
937 1173 1013 1234 ὡς
1049 1175 1248 1241 ἔοικεν,
1297 1177 1530 1248 ἀνήκοος
1577 1179 1770 1248 μείνας
1825 1181 1892 1250 τῇ

319 1260 604 1330 ἐπιστήμῃ
651 1259 790 1328 μετὰ
832 1261 932 1329 τῆς
978 1263 1262 1328 εὐσεϐείας
1309 1267 1452 1318 οὕτω
1501 1269 1894 1338 προσέκοπτες,

315 1346 612 1416 ὀμιλητέον
658 1345 798 1403 εἶναι
844 1349 1094 1419 λέγοντος
1143 1355 1395 1424 ποιηταῖς
1445 1355 1540 1407 καὶ
1594 1355 1896 1424 λογοποιοῖς

317 1441 414 1491 καὶ
471 1441 698 1510 ῥήτορσι
745 1441 842 1494 καὶ
891 1445 1064 1497 πᾶσιν
1091 1445 1403 1514 ἀνθρώποις
1443 1445 1567 1498 ὅθεν
1611 1447 1676 1498 ἂν
1709 1445 1896 1516 μέλλοι

315 1532 462 1600 πρὸς
499 1533 598 1602 τὴν
628 1534 728 1604 τῆς
775 1535 952 1606 ψυχῆς
1012 1536 1334 1606 ἐπιμέλειαν
1381 1537 1618 1606 ὠφέλειά
1647 1556 1730 1601 τις
1779 1537 1898 1591 ἔσει

313 1624 469 1679 σθαι.
497 1626 708 1694 Ὠσπερ
725 1626 833 1697 γὰρ
855 1627 904 1681 oi
935 1630 1242 1682 δευσοποιοὶ
1265 1647 1445 1699 προπα
1459 1631 1897 1700 ρασκευάσαντες

1997 541 2288 596 instituere
2349 544 2448 598 tibi
2505 545 2938 606 institutionem,
2993 556 3047 600 ct
3095 557 3147 601 te
3208 547 3442 602 edoecre
3494 565 3563 604 ex

1997 631 2130 702 ipsis
2159 633 2374 688 initium
2409 651 2631 690 sumens
2680 637 3022 704 simplicibus
3069 639 3356 693 clementis
3386 648 3440 693 et
3477 655 3564 694 sn-

1997 727 2104 792 nis,
2133 735 2192 780 ttt
2221 729 2462 796 magistri
2489 745 2710 797 pueros,
2745 745 2810 784 ne
2842 745 3058 799 semper
3087 730 3250 800 283
3281 745 3346 784 ex
3377 730 3566 784 multis

1996 829 2052 876 et
2091 819 2208 890 ipse
2238 822 2431 876 audias
2461 824 2594 878 illud
2641 825 2884 880 Platonis
2917 823 3238 890 ludibrium,
3269 822 3442 889 Quam
3487 823 3569 876 in-

1996 913 2194 970 doctns
2210 930 2290 982 es,
2309 916 2511 988 amice,
2539 932 2714 985 neque
2735 918 3090 987 intelligendo
3115 933 3216 971 nos
3233 917 3563 984 assequeris.

1999 1007 2247 1062 Proiecto
2275 1008 2444 1074 enim,
2474 1023 2788 1078 quanquam
2820 1025 2888 1062 ne
2923 1009 3098 1076 ipsius
3125 1008 3347 1078 quidem
3379 1007 3564 1062 Basilii

1997 1098 2168 1168 divini
2204 1098 2406 1154 videris
2433 1101 2656 1154 omnino
2687 1100 2988 1168 neglexisse
3025 1100 3450 1164 institutionem,
3487 1099 3559 1151 ita

1997 1187 2319 1244 oifendebas
2351 1189 2403 1244 in
2436 1189 2663 1244 scientia
2695 1199 2747 1243 et
2777 1189 3000 1258 pietate,
3029 1189 3120 1258 qui
3149 1189 3369 1257 quidem
3409 1188 3566 1242 fami-

1997 1281 2210 1334 liariter
2241 1280 2504 1334 utendum
2533 1295 2656 1334 esse
2701 1281 2836 1336 dicit
2884 1282 3060 1350 poetis
3091 1289 3148 1336 et
3183 1281 3462 1336 historicis
3509 1289 3566 1334 ct

1999 1371 2316 1426 rhetoribus
2361 1382 2418 1426 et
2456 1371 2712 1426 omnibus
2761 1370 3098 1432 hominibus,
3147 1385 3213 1424 ex
3249 1371 3450 1439 quibus
3499 1372 3565 1424 ad

1999 1465 2166 1520 animi
2201 1478 2388 1518 curam
2439 1463 2653 1518 fructus
2689 1463 2890 1532 aliquis
2921 1463 3328 1518 redundaturus
3371 1463 3462 1516 sit.
3496 1463 3567 1517 Ut

1999 1557 2146 1612 enim
2175 1557 2437 1612 tinctores
2469 1573 2594 1612 cum
2633 1556 3256 1626 praepararuntmultutn
3287 1552 3570 1607 tractando

2001 1650 2055 1704 id
2110 1649 2256 1720 quod
2281 1665 2504 1706 succum
2529 1650 2780 1720 recipiat,
2805 1659 2919 1704 tum
2943 1649 3165 1704 demum
3195 1647 3432 1702 colorem
3465 1645 3569 1699 ob-

313 1715 383 1785 lf.
411 1717 510 1772 157
543 1717 616 1791 r.]
641 1720 964 1786 θεραπείαις
983 1722 1126 1774 τισὶν
1153 1723 1180 1774 ὅ
1206 1739 1258 1774 τι
1284 1725 1400 1776 ποτ’
1437 1723 1502 1776 ἂν
1593 1722 1652 1776 τὸ
1671 1723 1887 1792 δεξόμε-

2007 1743 2245 1806 ducunt,
2280 1743 2394 1798 sive
2435 1757 2766 1812 purpureum
2815 1743 2929 1797 sive
2960 1740 3164 1807 alium;
3191 1740 3380 1794 eodem
3413 1738 3572 1806 plane

311 1828 410 1864 νον
453 1812 554 1883 τὴν
603 1811 808 1884 βαφὴν,
845 1812 987 1867 οὕτω
1031 1813 1092 1868 τὺ
1134 1813 1294 1878 ἄνθος
1341 1816 1662 1883 ἐπάγουσιν,
1717 1815 1782 1868 ἄν
1831 1833 1892 1869 τε

311 1905 592 1974 ἁλουργὸν
627 1907 692 1960 ἄν
719 1907 776 1958 τέ
807 1924 862 1960 τι
888 1906 1075 1979 ἕτερον
1101 1905 1159 1982 ᾗ,
1190 1909 1283 1968 τὸν
1310 1908 1474 1968 αὐτὸν
1501 1908 1568 1980 δὴ
1593 1909 1686 1962 καὶ
1727 1909 1894 1978 ἡμεῖς

309 1997 536 2064 τρόπον,
567 1997 618 2050 εἰ
673 1997 856 2060 μέλλοι
912 1997 1249 2062 ἀνέκπλυτος
1303 2000 1438 2069 ἡμῖν
1492 2001 1523 2066 ἡ
1569 1997 1664 2051 τοῦ
1721 1987 1892 2050 καλοῦ

311 2088 668 2158 παραμένειν
697 2087 844 2154 δόξα,
871 2091 987 2154 τοῖς
1015 2091 1120 2158 ἔξω
1150 2089 1214 2162 δὴ
1248 2091 1462 2152 τούτοις
1493 2087 1886 2159 προτελεσθέν-

307 2195 410 2242 τες
453 2178 758 2250 τηνικαῦτα
792 2180 904 2234 τῶν
951 2181 1114 2254 ιερῶν
1145 2183 1243 2235 καὶ
1282 2179 1612 2252 ἀπορρήτων
1657 2181 1894 2232 ἐπακου-

311 2272 528 2342 σόμεθα
565 2273 970 2344 παιδευμάτων,
1003 2275 1100 2330 καὶ
1146 2269 1262 2328 οἷον
1307 2275 1366 2326 ὲν
1415 2273 1568 2326 ὕδατι
1602 2272 1693 2324 τὸν
1741 2270 1894 2344 ἥλιον

307 2367 448 2437 δρᾷν
503 2365 1071 2435 ἐθισθέντες-,οὕτως
1119 2365 1274 2438 αὐτῷ
1331 2363 1752 2437 προσϐαλοῦμεν
1811 2361 1893 2434 τῷ

311 2461 460 2532 φωτὶ
511 2461 611 2525 τὰς
659 2460 831 2531 ὄψεις.
889 2461 1123 2529 Λέγεται
1177 2460 1254 2524 δὲ,
1313 2461 1471 2530 φησι,
1529 2457 1624 2512 καὶ
1681 2457 1892 2527 Μωσῆν

309 2555 530 2608 ἐκεῖνον
555 2553 650 2607 τὸν
673 2555 838 2618 πάνυ,
868 2551 930 2606 οὗ
959 2551 1217 2623 μέγιστόν
1246 2550 1396 2604 ἐστιν
1424 2551 1517 2602 ἐπὶ
1547 2549 1710 2619 σοφίᾳ
1736 2547 1890 2622 παρὰ

309 2641 494 2700 πᾶσιν
522 2646 835 2716 ἀνθρώποις
885 2645 1077 2714 ὄνομα,
1106 2647 1221 2710 τοῖς
1267 2641 1584 2712 Αἰγυπτίων
1628 2641 1891 2712 μαθήμα-

311 2756 404 2792 σιν
433 2739 924 2809 ἐγγυμνασάμενον
974 2738 1072 2808 τὴν
1121 2737 1363 2792 διάνοιαν
1385 2733 1531 2790 οὕτω
1566 2735 1893 2807 προσελθεῖν

309 2834 384 2902 τῇ
431 2831 636 2904 θεωρίᾳ
665 2831 759 2884 τοῦ
799 2831 988 2893 ὄντος⁹
1041 2821 1442 2902 παραπλησίως
1485 2827 1544 2881 δὲ
1573 2827 1752 2897 τούτῳ
1788 2827 1892 2880 κάν

307 2925 428 2988 τοῖς
464 2927 620 2977 κάτω
659 2924 874 2993 χρόνοις
901 2923 992 2977 τὸν
1023 2923 1185 2992 σοφὸν
1218 2923 1418 2992 Δανιὴλ
1448 2921 1539 2975 ἐπὶ
1570 2919 1894 2984 Βαϐυλῶνος

313 3031 454 3081 φασι
482 3013 581 3084 τὴν
611 3013 894 3066 Χαλδαίων
951 3009 1146 3080 σοφίαν
1196 3011 1584 3081 καταμαθόντα
1633 3010 1754 3064 τότε
1784 3009 1892 3064 τῶν

309 3103 476 3157 θείων
521 3103 762 3172 ἅψασθαι
811 3101 1221 3169 παιδευμάτων.
1263 3101 1419 3157 Ἐπεὶ
1462 3097 1594 3168 γοῦν
1627 3095 1664 3152 ἃ
1699 3115 1892 3152 πεντε-

309 3195 606 3264 καιδεκέτη
665 3209 727 3244 σε
788 3191 984 3262 μαθεῖν
1033 3192 1198 3261 ἐχρῆν
1253 3191 1370 3243 οὐκ·
1411 3189 1636 3258 ἔμαθες,
1665 3189 1787 3242 οὐδέ
1823 3205 1888 3257 γε

307 3290 592 3359 φράτορας
617 3285 852 3352 ἑπτέτης
881 3283 1092 3353 ἔφυσας
1124 3283 1266 3337 κατά
1308 3299 1372 3352 γε
1405 3283 1497 3336 τὸν
1525 3284 1581 3349 ἐξ
1627 3281 1886 3352 Ἀττικῆς

309 3383 476 3452 cog-5v
525 3381 725 3444 εἰπεῖν,
762 3375 897 3432 ἀλλὰ
951 3375 1012 3430 τὸ
1064 3375 1161 3446 τῆς
1205 3376 1507 3447 παροιμίας
1547 3375 1656 3430 ἀπὸ
1693 3375 1890 3446 κώπης

305 3479 402 3532 ἐπὶ
439 3477 500 3530 τὸ
523 3477 677 3546 βῆμα
725 3475 821 3528 καὶ
860 3473 922 3526 τδ
955 3471 1284 3542 στρατήγιον
1330 3471 1590 3541 ἐξαίφνης
1627 3469 1887 3539 ἔδραμες,

303 3567 456 3636 λέγω
487 3565 554 3637 δὴ
595 3565 658 3620 τὸ
701 3565 974 3633 θεολογεῖν
1018 3565 1266 3626 ἀνίπτοις
1299 3577 1361 3613 τε
1403 3559 1562 3630 χερσὶ
1593 3559 1689 3612 καὶ
1714 3557 1890 3630 σαθρᾷ

303 3661 540 3728 διανοίᾳ,
575 3659 710 3729 φέρε
735 3661 840 3709 κᾶν
875 3658 932 3710 ὲν
959 3655 1109 3727 γήρᾳ
1137 3652 1416 3726 διδάχθητι
1447 3651 1580 3722 παρ’
1609 3651 1765 3722 ἡμῶν
1789 3653 1889 3714 τὰς

303 3751 676 3820 στοιχειώδεις
706 3749 912 3811 ταύτας
943 3748 1038 3800 καὶ
1069 3746 1297 3817 πρώτας
1337 3746 1526 3814 φωνὰς
1551 3745 1662 3797 τῶν
1699 3761 1886 3815 γραμο

306 3845 521 3913 μάτων,
552 3842 626 3906 ὡς
679 3841 744 3895 ἂν
792 3839 1196 3911 εὐμαθέστερος
1239 3838 1372 3901 ἴσως
1431 3838 1728 3908 γενόμενος
1788 3837 1887 3905 τῆς

303 3935 463 3998 θείας
500 3935 634 3997 τέως
684 3933 892 3987 αἴσθοιο
923 3931 1169 4004 Γραφῆς,
1213 3935 1308 3986 καὶ
1365 3931 1566 4002 μηκέτι
1617 3929 1686 3983 δι’
1721 3928 1882 3998 ὄχλου

301 4033 372 4100 τῇ
405 4027 656 4098 εὐσεϐείᾳ
685 4027 912 4096 γίγνοιο,
944 4013 1294 4095 δημαγῶγῶν
1323 4024 1358 4079 ἂ
1400 4027 1514 4088 τοῖς
1559 4023 1710 4078 κάτω
1753 4021 1888 4092 μᾶλ-

302 4125 402 4176 λον
445 4121 476 4192 ἢ
519 4121 634 4183 τοῖς
680 4119 794 4173 ἂνω
837 4121 1041 4187 πρέπει
1101 4121 1335 4186 νεκροῖς.
1371 4117 1452 4172 Τὰ
1503 4117 1614 4186 γὰρ
1665 4115 1886 4170 ἐναντία

302 4216 420 4276 τοῖς
479 4211 740 4274 ἐναντίοις
772 4209 1048 4280 ὁρίζεσθαι
1087 4226 1144 4262 τε
1200 4208 1295 4263 καὶ
1340 4206 1686 4279 διορθοῦσθαι
1735 4207 1890 4278 νόμι-

305 4323 430 4372 μον,
464 4304 587 4355 ἐπεὶ
629 4303 723 4356 καὶ
753 4303 1038 4374 Χαρμίδης
1077 4305 1104 4354 ὁ
1131 4301 1465 4372 Λαρισσαῖος
1492 4301 1737 4364 ἀκούσας
1766 4301 1884 4372 διη-

299 4391 578 4461 γουμένου
635 4390 782 4451 τινὸς
813 4389 874 4441 ὲν
906 4389 1058 4442 ὕδατι
1089 4389 1268 4452 ζέοντι
1320 4389 1503 4452 ζώσας
1555 4390 1684 4442 [δεῖν
1728 4391 1884 4458 ἐγχέ-

297 4485 464 4544 λυας,
493 4479 706 4535 Οὐκοῦν
735 4483 792 4534 ὲν
833 4481 1028 4551 ψυχρῷ
1059 4481 1268 4544 ταύτας
1313 4483 1629 4552 ὲψήσωμεν,
1654 4481 1879 4550 ἔφησεν.

299 4571 416 4636 Ἷίς
453 4569 546 4626 οὖν
587 4573 682 4625 καὶ
713 4571 877 4635 αὐτὸς
905 4571 1164 4636 ἀσύνετος
1208 4573 1433 4642 ἔμεινας
1464 4573 1886 4628 πεντεκαιδεκέ-

301 4683 406 4736 της
458 4665 732 4730 παιδείας,
779 4663 984 4734 ταύτης
1013 4664 1156 4735 ὑπὲρ
1194 4665 1262 4718 τὰ
1317 4665 1582 4732 ἑξήκοντα
1641 4665 1885 4735 γεγονὼς

299 4758 584 4828 ἀκροατὴν
616 4757 840 4812 σεαυτὸν
893 4758 1280 4812 ἀποδεικνύναι
1335 4758 1411 4829 μὴ
1443 4758 1675 4825 ἀπαξίου
1709 4761 1884 4830 τήμε-

301 4869 422 4922 ρον,
453 4851 564 4905 τῶν
601 4851 790 4905 ἁπλῶν
825 4851 1025 4923 δηλαδὴ
1076 4853 1170 4904 καὶ
1216 4851 1512 4922 ἀρχοειδῶν
1559 4852 1754 4920 φωνῶν
1789 4854 1884 4904 καὶ

299 4947 606 5018 στοιχείων.
637 4943 826 5000 Ταῦτα
873 4945 920 5000 δ’
941 4945 1008 4999 ἂν
1050 4947 1269 5008 πάντως
1313 4945 1399 5017 εἴη
1449 4947 1520 4999 τά
1559 4945 1608 4998 τ’
1641 4945 1883 5017 ὀνόματα

301 5042 400 5092 καὶ
435 5039 680 5109 ῥήματα.
706 5039 930 5110 Πρῶτον
959 5039 1067 5110 γὰρ
1097 5039 1180 5091 δεῖ
1200 5038 1411 5103 θέσθαι,
1445 5039 1600 5106 φασὶ,
1628 5038 1682 5092 τί
1710 5039 1884 5108 ὄνομα

301 5133 402 5187 καὶ
441 5135 491 5184 τί
524 5133 704 5203 ῥῆμα,
734 5132 900 5184 οἱονεί
950 5147 1073 5184 τινα
1125 5133 1352 5202 στερρὸν
1383 5132 1650 5200 θεμέλιον,
1687 5131 1883 5183 ἔπειτα

297 5227 353 5279 τί
406 5225 556 5278 ἐστιν
591 5225 872 5295 ἀπόφασις
917 5225 1014 5277 καὶ
1062 5225 1376 5290 κατάφασις
1432 5221 1528 5277 καὶ
1571 5225 1880 5291 ἁπόφανσις

295 5319 394 5370 καὶ
450 5317 632 5385 λόγος,
690 5317 790 5371 καὶ
840 5317 940 5370 ὅσα
994 5318 1057 5369 ὲκ
1109 5317 1210 5385 τῆς
1265 5317 1612 5387 ἀνθρωπίνης
1674 5313 1880 5384 ταύτης

295 5411 607 5481 ἐπιπλοκῆς
631 5411 726 5464 καὶ
757 5409 1062 5473 συνθέσεως
1095 5409 1204 5461 τῶν
1239 5425 1297 5460 τε
1330 5409 1616 5478 ὀνομάτων
1644 5410 1738 5463 καὶ
1766 5409 1876 5463 τῶν

295 5504 566 5574 ῥημάτων
593 5502 1014 5558 ἀποτελοῦνται.
1057 5501 1212 5554 Exi-sti.
1239 5501 1348 5571 γὰρ
1385 5501 1550 5554 οίονεί
1589 5503 1734 5564 τινές
1768 5504 1876 5556 εἰσι

287 5597 402 5649 τῶν
443 5599 794 5666 πραγμάτων
838 5597 896 5650 αί
946 5595 1142 5665 φωναὶ,
1173 5595 1312 5664 πρδς
1359 5596 1457 5660 τὰς
1490 5597 1734 5666 κινῇσεις
1769 5595 1875 5650 τῶν

291 5689 626 5753 ὑφεστώτων
657 5687 1126 5760 σχηματιζόμεναι
1152 5689 1244 5741 καὶ
1273 5687 1501 5757 ὀνόμασι
1531 5690 1625 5740 καὶ
1661 5689 1874 5759 ῥήμασι

291 5783 724 5854 κεραννύμεναν
773 5781 1040 5854 οὐδὲγὰρ
1090 5781 1246 5851 φύσει
1289 5781 1401 5846 τοῖς
1451 5782 1740 5852 πράγμασι
1791 5783 1858 5839 τὶ

1997 1834 2163 1890 modo
2213 1848 2314 1889 nos
2367 1848 2608 1903 quoque,
2631 1833 2675 1887 si
2733 1832 3078 1886 indelebilem
3143 1831 3300 1885 nobis
3342 1829 3568 1899 gloriam

1997 1925 2213 1996 pulchri
2279 1941 2500 1982 manere
2581 1925 2856 1988 volumus,
2915 1933 3206 1994 postquam
3266 1921 3372 1975 illis
3445 1935 3570 1988 qua:

1995 2026 2151 2069 extra
2181 2025 2332 2078 sunt,
2368 2015 2664 2084 pra-parati
2711 1999 2925 2075 sumus,
2953 2020 3070 2066 tum
3103 2012 3322 2064 demum
3353 2023 3564 2062 sacram

1995 2115 2052 2162 et
2082 2117 2347 2162 secretam
2373 2107 2663 2162 audiemus
2685 2105 3013 2167 doctrinam,
3036 2113 3092 2159 et
3138 2111 3196 2156 ut
3224 2101 3468 2169 alioquin
3511 2100 3568 2153 in

1995 2215 2136 2270 aqua
2171 2201 2340 2256 solem
2363 2200 2553 2254 videre
2577 2199 2722 2254 soliti
2745 2214 2956 2261 sumus,
2987 2197 3060 2252 ita
3093 2197 3148 2250 in
3175 2196 3358 2250 lumen
3386 2195 3564 2262 ipsum

1997 2303 2380 2349 convertemus
2407 2293 2618 2348 oculos.
2667 2291 2882 2346 Dicitur
2911 2300 3118 2352 autem,
3161 2287 3362 2356 inquit,
3393 2289 3568 2340 Moses

1996 2400 2217 2456 quoque
2271 2384 2364 2439 ille
2432 2383 2850 2447 celeberrimus,
2915 2382 3072 2452 cujus
3129 2379 3424 2434 maximum
3481 2389 3567 2432 est

1995 2485 2218 2545 propter
2245 2475 2568 2544 sapientiam
2623 2473 2766 2542 apud
2824 2473 3074 2528 homines
3113 2484 3308 2524 omnes
3341 2483 3563 2530 nomen,

1994 2575 2284 2638 postquam
2335 2567 2391 2622 in
2439 2567 2637 2621 litteris
2695 2565 3070 2636 [Egyptiorum
3127 2572 3362 2618 mentem
3411 2577 3566 2616 suam

1993 2661 2371 2726 exercuisset,
2405 2667 2521 2712 tum
2573 2657 2791 2712 demum
2846 2655 3147 2710 accessisse
3196 2655 3259 2708 ad
3317 2653 3567 2708 veritatis

1993 2753 2280 2810 scientiam
2300 2766 2316 2806 :
2335 2752 2496 2808 simili
2521 2751 2732 2806 ratione
2762 2749 2924 2804 etiam
2966 2757 3152 2817 postea
3173 2747 3447 2802 Danielem
3475 2761 3565 2800 sa-

1993 2847 2234 2918 pientem
2269 2845 2462 2901 dicunt
2499 2845 2774 2914 Babylone
2803 2841 3186 2896 Chaldaeorum
3240 2838 3563 2907 sapientiam
3629 2821 3644 2836 κ

1993 2940 2254 2996 edoctum
2327 2951 2511 2992 rerum
2558 2936 2866 2991 divinarum
2922 2931 3224 2988 doctrinam
3279 2937 3561 2982 tractasse.

1996 3030 2266 3097 Quoniam
2314 3043 2436 3100 quae
2485 3027 2800 3099 quindecim
2841 3039 3016 3080 annos
3065 3031 3254 3076 natum
3313 3020 3482 3091 284.
3511 3028 3563 3074 te

1920 3113 1965 3173 α
1997 3122 2211 3178 discere
2261 3120 2576 3192 oportebat,
2647 3135 2754 3173 non
2813 3115 3080 3176 didicisti.
3139 3121 3302 3184 atque
3351 3120 3562 3182 septem

1992 3217 2362 3268 annos'natus
2383 3227 2451 3265 ne
2476 3211 2706 3282 gentiles
2735 3207 2957 3280 quidem
2997 3205 3366 3262 contendebas
3397 3213 3458 3258 ut
3480 3218 3564 3258 se-

1993 3303 2236 3360 cundum
2311 3303 2613 3373 sapientem
2676 3302 2826 3358 illum
2876 3298 3266 3354 Atheniensem
3323 3296 3562 3364 loquar,

1991 3393 2088 3450 sed
2117 3409 2184 3448 ex
2221 3408 2394 3456 remo,
2423 3403 2482 3446 ut
2512 3393 2686 3454 aiunt,
2721 3391 2775 3444 in
2804 3397 3120 3458 suggestum
3149 3395 3216 3442 et.
3240 3387 3558 3456 praetorium

1994 3493 2218 3556 repente
2248 3493 2300 3542 te
2335 3483 2638 3556 coniecisti,
2669 3483 2774 3536 hoc
2802 3479 3014 3536 scilicet
3036 3479 3182 3538 dico.
3223 3477 3368 3548 quod
3405 3486 3462 3532 tu
3491 3476 3558 3534 ad

1989 3593 2080 3634 res
2135 3577 2351 3632 divinas
2410 3573 2696 3631 acccssisti
2747 3572 2916 3628 illotis
2967 3570 3220 3626 manibus
3267 3582 3324 3624 et
3379 3576 3560 3624 mente

1991 3671 2208 3736 obtusa,
2231 3686 2329 3738 age
2359 3669 2524 3724 etiam
2561 3681 2730 3724 senex
2783 3663 3034 3722 doccaris
3067 3679 3096 3717 a
3127 3661 3288 3717 nobis
3323 3662 3426 3716 hos
3447 3661 3561 3715 ele-

1991 3760 2290 3816 mentarios
2318 3769 2373 3814 et
2403 3759 2610 3828 primos
2649 3771 2814 3812 sonos
2871 3755 3198 3818 litterarum,
3240 3761 3299 3808 ut
3345 3751 3560 3806 doctior

1987 3853 2186 3914 factus,
2220 3852 2462 3906 divinam
2505 3851 2852 3920 aliquatenus
2901 3847 3166 3916 intelligas
3194 3843 3557 3912 Scripturam,

1991 3960 2172 4014 neque
2207 3945 2362 4000 oneri
2414 3943 2492 3996 sis
2535 3941 2757 4010 pietati;
2795 3954 2920 3995 cum
2951 3937 3164 4008 plebem
3201 3935 3266 3989 ad
3319 3949 3384 3990 ea
3433 3947 3559 4002 per-

1990 4039 2180 4102 ducas,
2210 4051 2332 4105 qure
2370 4034 2540 4104 magis
2563 4033 2759 4087 decent
2784 4040 3052 4095 mortuos,
3091 4029 3186 4098 qui
3215 4025 3364 4080 infra
3394 4039 3554 4094 quam

1989 4143 2082 4182 eos
2130 4127 2222 4198 qui
2282 4141 2446 4193 supra
2499 4135 2701 4178 terram
2755 4129 3066 4184 versantur,
3119 4116 3346 4172 adversa
3407 4113 3558 4168 enim

1987 4219 2232 4274 adversis
2257 4217 2502 4272 dividere
2532 4223 2585 4270 et
2621 4212 2898 4284 corrigere
2920 4213 3126 4282 justum
3156 4217 3259 4272 est,
3289 4205 3562 4277 quamob-

1987 4330 2103 4368 rem
2165 4312 2329 4368 etiam
2371 4307 2694 4366 Charmides
2757 4303 3123 4366 Larissensis,
3166 4317 3289 4356 cum
3341 4297 3559 4352 audiret

1989 4406 2279 4476 quemdam
2321 4411 2630 4458 narrantem
2685 4415 2743 4456 se
2787 4400 2842 4454 in
2896 4413 3036 4468 aqua
3087 4401 3351 4450 aestuante
3402 4391 3557 4444 vivas

1988 4499 2189 4552 vidisse
2244 4496 2532 4564 anguillas,
2585 4493 2692 4547 Has
2736 4492 2926 4561 igitur,
2989 4487 3190 4556 inquit,
3257 4483 3310 4536 in
3359 4480 3554 4564 frigida

1989 4603 2306 4658 cnquemns.
2341 4585 2410 4642 Ut
2436 4587 2602 4655 igitur
2629 4591 2685 4636 et
2707 4584 2822 4650 ipse
2861 4582 3086 4650 ignarus
3121 4573 3370 4628 mansisti
3393 4571 3556 4642 quin-

1987 4679 2162 4734 decim
2195 4691 2368 4730 annos
2397 4685 2558 4730 natus
2591 4671 2879 4733 doctrinre,
2929 4669 3004 4722 ita
3045 4668 3164 4737 ejus
3201 4674 3416 4720 aetatem
3457 4677 3554 4716 an-

1987 4783 2180 4824 norum
2217 4766 2494 4836 sexaginta
2534 4777 2789 4830 egressus
2843 4769 2893 4815 te
2937 4758 3243 4812 studiosum
3291 4753 3554 4810 simulare

1985 4863 2127 4916 nolis
2160 4860 2344 4927 hodie,
2393 4856 2727 4928 simplicium
2764 4853 2975 4908 scilicet
3023 4861 3079 4906 et
3115 4849 3417 4920 primorum
3464 4861 3554 4900 so-

1984 4969 2180 5010 norum
2202 4952 2730 5018 elementorumque,
2767 4947 2884 5002 haec
2921 4953 3050 5000 sunt
3075 4941 3299 4996 omnino
3325 4938 3551 4992 nomina

1981 5057 2036 5102 et
2069 5045 2238 5100 verba
2277 5061 2291 5097 :
2333 5043 2572 5112 primum
2599 5040 2745 5094 enim
2785 5039 2977 5092 dicunt
3007 5034 3240 5090 solidum
3274 5029 3550 5102 quoddam

1983 5139 2398 5194 fundamentum
2446 5135 2630 5204 jacere
2679 5137 2957 5200 oportere,
3011 5126 3142 5198 quid
3205 5125 3278 5178 sit
3323 5137 3551 5186 nomen,

1979 5233 2112 5302 quid
2146 5229 2393 5295 verbum,
2424 5226 2645 5292 deinde,
2678 5223 2808 5296 quid
2832 5223 2904 5277 sit
2925 5219 3210 5276 aﬂirmatio
3239 5225 3296 5272 et
3325 5215 3552 5302 negatio

1978 5297 2046 5376 et.
2065 5318 2338 5376 sententia
2388 5327 2442 5374 et
2486 5315 2789 5381 conclusio,
2817 5321 2872 5368 et
2921 5323 3266 5382 quaecunque
3326 5297 3400 5360 ex'
3447 5305 3552 5358 hac

1979 5415 2264 5470 hominum
2299 5410 2685 5484 conjunctione
2730 5418 2786 5464 et
2825 5404 3222 5477 compositione
3267 5399 3552 5456 nominum

1977 5515 2034 5562 et
2087 5506 2382 5560 verborum
2432 5499 2760 5558 eiiiciuntur.
2813 5498 3032 5556 Umbrae
3083 5497 3234 5552 enim
3284 5491 3554 5564 quodam-

1979 5600 2144 5653 modo
2179 5612 2363 5651 rerum
2393 5603 2522 5651 sunt
2553 5594 2673 5648 soni
2731 5594 3034 5650 secundum
3068 5600 3250 5645 motus
3303 5585 3552 5640 substra-

1979 5700 2163 5748 torum
2205 5689 2420 5744 formati
2446 5686 2681 5757 c1285
2710 5685 3023 5742 nominibus
3053 5693 3108 5736 ct
3149 5681 3331 5734 verbis
3373 5674 3546 5740 misti,

1978 5800 2159 5847 neque
2208 5783 2352 5840 enim
2389 5783 2570 5847 gignct
2621 5782 2782 5840 rebus
2843 5781 3062 5836 nomina
3123 5773 3234 5829 ullo
3289 5770 3448 5825 modo
3475 5784 3546 5826 no
