3994 6204
449 234 548 297 251
1485 241 1508 270 ‘

1626 242 2046 302 NICEl‘llOBI
2085 241 2315 302 GREGl
2332 242 2465 302 ’ΒΕ

3616 231 3722 296 252

450 355 646 400 natura
700 347 945 418 quidem,
993 350 1088 407 sed
1139 367 1204 407 ex
1251 352 1638 407 convenientia
1689 361 1745 406 et
1791 368 2022 406 consen

2168 353 2400 420 νόματα.
2439 355 2526 403 ναὶ
2559 349 2666 418 μὴν
2697 347 2813 400 οὐδὲ
2848 346 3030 416 φύσις,
3072 343 3208 396 ἀλλὰ
3251 340 3391 392 κατὰ
3438 337 3709 408 συνθήκην

452 440 607 494 sione
633 439 921 496 hominum
959 445 1291 513 prudentum
1321 446 1582 500 oriuntur
1608 446 1774 500 rebus
1805 447 2027 500 nomina

455 545 544 584 res
577 531 940 602 signiﬁcantia
986 537 1290 591 secundum
1322 536 1648 608 Gregorium
1699 539 2028 610 Nyssenum.

525 703 618 758 XI.
652 704 746 760 Est
778 708 924 761 enim
957 723 1096 778 opus
1123 726 1153 765 e
1183 711 1494 780 sapientum
1525 714 1618 782 qui
1651 713 1795 785 apud
1839 730 1941 768 nos
1976 726 2032 770 et

456 795 597 864 apud
625 809 883 854 externos
911 812 1040 854 sunt
1089 805 1569 861 consentientibus
1615 807 1670 861 in
1719 808 2032 864 litterarum

457 888 762 945 subtilitate
793 892 957 948 dictis
991 895 1085 948 tibi
1123 895 1402 951 inerudito
1447 899 1725 954 adducere
1763 916 2036 971 praepara-

459 981 666 1035 tionem
695 983 966 1051 ejusmodi
1004 987 1390 1052 institutionis,
1426 1000 1483 1044 ut
1511 991 1613 1045 hoc
1660 993 1824 1047 modo
1855 995 2036 1062 possi-

461 1089 584 1126 mus
620 1077 838 1129 tandem
874 1078 1176 1148 aliquando
1211 1087 1433 1153 tangere
1472 1096 1714 1140 mentem
1755 1096 1902 1142 luam
1939 1089 2037 1143 ob-

462 1175 639 1219 tusam
668 1177 723 1221 et
755 1168 1262 1228 ineruditissimam.
1299 1176 1511 1231 Murum
1543 1179 1688 1232 enim
1721 1180 2034 1249 dogmatum

461 1257 693 1311 Basilius
730 1259 959 1330 Magnus
1013 1278 1135 1319 esse
1191 1266 1324 1321 dicit
1372 1276 1725 1325 externorum
1774 1272 2038 1328 doctrina:

460 1350 594 1410 vim.
629 1369 750 1421 qua:
777 1370 884 1408 non
917 1356 1059 1410 sinat
1095 1372 1158 1412 ea
1197 1375 1228 1413 a
1256 1361 1504 1430 quolibet
1529 1365 1788 1434 exagitari
1845 1377 1901 1420 et
1950 1367 2036 1420 di-

464 1442 592 1508 ripi,
629 1453 684 1496 et
717 1461 909 1499 rursus
932 1446 1360 1520 Cltrysostomus
1388 1453 1630 1518 divinus,
1655 1454 1790 1510 Cum
1818 1472 1883 1510 ex
1915 1455 2040 1526 dog-

465 1534 648 1592 matis.
689 1535 890 1606 inquit,
922 1549 1151 1608 aegrotat.
1179 1543 1396 1597 animus
1417 1547 1639 1614 Spuriis,
1667 1557 1781 1603 tum
1811 1564 2041 1620 magnus

466 1622 772 1679 litterarum
808 1641 893 1682 est
927 1645 1079 1691 usus,
1104 1648 1211 1686 non
1231 1635 1405 1687 solum
1441 1648 1631 1691 c0ntra
1654 1639 2037 1695 inﬁrmitatem

467 1712 850 1784 domesticam,
877 1723 971 1776 sed
1003 1727 1166 1778 etiam
1196 1735 1384 1780 contra
1421 1731 1686 1784 tumultus
1738 1740 1997 1788 externos
2029 1750 2048 1790 :
2085 1715 2122 1768 Β

467 1811 522 1855 ct
559 1821 750 1861 rursus
795 1808 1062 1869 Maximus
1110 1816 1352 1879 divinus,
1389 1819 1518 1875 Sine
1568 1822 1871 1879 litterarum
1904 1825 2047 1891 luce,

475 1897 801 1966 inquit.non
835 1907 1016 1961 oritur
1045 1924 1172 1962 vera
1206 1913 1470 1982 cognitio,
1492 1924 1547 1969 et
1578 1916 1696 1971 sine
1728 1918 2044 1988 cognitione

474 2005 582 2043 non
621 1996 878 2053 consistit
913 1999 1065 2054 ﬁdes.
1098 2003 1262 2058 Vides
1294 2007 1404 2074 jam
1446 2009 1898 2062 nialcdictionum
1932 2019 2052 2064 tua-

472 2098 591 2135 rum
619 2102 862 2150 causam.
887 2093 1096 2158 amice;
1129 2097 1234 2149 alia
1273 2099 1422 2152 enim
1457 2101 1713 2154 estnulla
1746 2118 1910 2172 quant
1937 2119 2054 2157 om-

471 2176 608 2229 nino
638 2178 946 2246 ignorantia
971 2183 1212 2252 illorum,
1238 2189 1363 2243 dico
1398 2191 1657 2246 nimirum
1690 2194 1936 2248 virorum
1959 2196 2052 2264 qui

473 2265 620 2333 apud
649 2279 908 2326 externos
932 2283 988 2328 et
1019 2278 1162 2345 apud
1205 2294 1306 2333 nos
1359 2293 1490 2336 sunt
1530 2284 1844 2352 sapientum
1895 2295 1952 2341 et
1997 2287 2052 2342 in

475 2371 566 2410 res
617 2359 837 2415 divinas
890 2362 1292 2434 inquirentium
1348 2371 1684 2441 doctrinam,
1731 2391 1894 2446 quam
1927 2391 2052 2431 cum

474 2447 718 2517 ignores,
752 2468 900 2508 nunc
928 2457 1124 2513 saltem
1177 2461 1464 2519 edocearis
1513 2481 1738 2523 necesse
1791 2478 1879 2525 est
1907 2470 1996 2525 hic
2025 2485 2056 2524 a

475 2544 656 2601 nobis.

549 2639 716 2712 286
745 2641 862 2698 Xll.
891 2641 987 2700 His
1023 2645 1189 2700 dictis
1228 2647 1454 2719 quidam
1481 2664 1548 2706 ex
1579 2653 1670 2728 iis,
1711 2654 1804 2723 qui
1839 2654 1896 2709 in
1927 2668 2059 2710 con-

476 2729 608 2786 cilio
661 2743 842 2802 erant,
897 2737 1217 2794 amicissimi
1271 2741 1508 2797 Palanue
1542 2752 1597 2798 et
1651 2747 2060 2804 consentientes

478 2838 604 2878 cum
635 2839 704 2880 eo
730 2837 785 2883 et
810 2829 966 2895 socii,
999 2830 1352 2887 insusurrant
1395 2833 1448 2887 in
1476 2848 1664 2889 aurem
1687 2835 1964 2907 Gregorae,
1990 2855 2060 2895 ne

481 2917 739 2974 illuderet
769 2936 906 2976 neve
938 2923 1077 2978 adeo
1139 2924 1400 2981 irrideret
1459 2927 1783 2996 episcopum
1848 2931 2063 3000 capillis

2140 444 2237 496 καὶ
2287 445 2609 512 συμφωνίαν
2654 441 2866 510 ἀνδρῶν
2905 439 3142 492 συνετῶν
3181 433 3556 501 ἐπιγίγνονται
3601 436 3709 494 τοῖς

2141 535 2469 605 πράγμασιν
2507 535 2563 586 αἱ
2606 533 2945 602 σημαντικαὶ
2985 531 3093 582 τῶν
3127 528 3474 599 πραγμάτων
3505 545 3710 596 προσηο

2139 629 2322 696 γορίαι
2351 627 2493 679 κατὰ
2523 628 2616 677 τὶν
2641 625 2900 679 Νυσσαέα
2933 624 3257 691 Γρηγόριον.

2213 719 2276 792 [1⁸.
2305 719 2495 790 157υ.]
2523 719 2623 772 IA'.
2640 722 2730 771 Δεῖ
2747 720 2854 787 γὰρ
2875 717 2936 769 ἐκ
2959 735 3016 769 τε
3043 717 3152 768 τῶν
3177 713 3464 785 ἡμετέρων
3483 715 3577 766 καὶ
3599 713 3713 780 ἅμα

2141 811 2252 863 τῶν
2289 810 2524 877 θύραθεν
2558 811 2758 876 σοφῶν,
2795 809 3065 876 σύμφωνα
3093 807 3485 876 φθεγγομένων
3514 806 3571 857 ὲν
3596 808 3714 869 ταῖς

2142 900 2252 952 τῶν
2273 899 2450 966 λόγων
2469 900 2924 966 ἐπιστημονικαῖς
2949 896 3280 967 ἀκριϐείαις,
3302 897 3378 966 τῷ
3398 895 3602 962 ἀμαθεῖ
3618 896 3717 963 τὴν

2145 994 2506 1065 προπαιδείαν
2551 1010 2632 1044 σοι
2669 994 2764 1060 τῆς
2794 991 3052 1060 τοιαύτης
3102 989 3399 1060 προσάγειν
3453 989 3717 1042 διδασκαο

2143 1085 2288 1153 λίας,
2321 1086 2396 1150 ὡς
2424 1087 2490 1139 ἂν
2522 1085 2666 1139 οὓτω
2700 1085 3063 1156 δυνηθείημεν
3093 1084 3190 1150 ὀψὲ
3229 1082 3363 1151 γοῦν
3393 1081 3718 1150 καθικέσθαι

2145 1183 2244 1249 τῆς
2271 1181 2482 1249 σαθρᾶς
2519 1183 2613 1233 καὶ
2661 1179 3050 1248 ἀμαθεστάτης
3093 1194 3187 1230 σου
3219 1175 3480 1237 διανοίας.
3529 1174 3722 1243 Τεῖχος

2145 1273 2257 1344 γὰρ
2288 1274 2316 1324 6
2340 1275 2516 1342 μέγας
2545 1267 2684 1325 εἷναί
2719 1289 2854 1341 φησι
2886 1263 3165 1331 Βασίλειος
3208 1270 3320 1330 τοῖς
3359 1269 3593 1336 δόγμασι
3621 1266 3723 1334 τῆς

2146 1361 2258 1414 τῶν
2291 1360 2528 1432 θύραθεν
2573 1362 2888 1429 ἐπιστήμης
2933 1359 3030 1428 τὴν
3082 1359 3333 1428 δύναμιν,
3393 1357 3494 1411 οὐκ
3543 1357 3726 1409 ἐῶσαν

2148 1455 2290 1508 αὐτὰ
2321 1459 2435 1516 τοῖς
2471 1451 2820 1524 βουλομένοις
2861 1452 3111 1506 εύάλωτά
3141 1467 3200 1504 τε
3233 1451 3327 1503 καὶ
3354 1449 3730 1518 εὐδιάρπαστα

2152 1545 2428 1615 γίνεσθαι.
2463 1545 2572 1598 Καὶ
2604 1543 2764 1608 αὖθις
2807 1545 2835 1596 6
2881 1544 3022 1605 θεῖος
3052 1541 3463 1612 Χρυσόστομος,
3498 1556 3516 1590 ι
3555 1537 3731 1591 ’Ὅταν

2155 1640 2291 1707 περὶ
2318 1638 2638 1708 δόγματα,ιι
2668 1637 2829 1708 φησὶ,
2857 1657 2875 1688 ι
2896 1639 3025 1708 νοσῇ
3054 1638 3088 1705 ὴ
3113 1634 3260 1706 ψυχὴ
3283 1636 3352 1689 τὰ
3383 1634 3533 1699 νόθα,
3558 1631 3734 1700 πολλὴ

2153 1731 2249 1784 τοῦ
2285 1731 2448 1798 λόγου
2477 1731 2768 1800 ἐνταῦθαή
2795 1730 2974 1799 χρεία,
3004 1729 3065 1782 ού
3091 1731 3229 1800 πρὸς
3250 1727 3348 1798 τὴν
3376 1727 3486 1778 τῶν
3515 1724 3735 1779 οἰκείων

2155 1821 2461 1890 ἀσφάλειαν
2496 1822 2686 1890 μόνον,
2723 1821 2861 1875 ἀλλὰ
2890 1821 3149 1890 καὶπρὸς
3183 1819 3310 1882 τοὺς
3343 1816 3542 1882 ἔξωθεν
3573 1816 3738 1868 πολέ⁴

2159 1931 2317 1984 μους.
2351 1933 2370 1965 ι
2407 1914 2518 1967 Καὶ
2553 1912 2713 1976 αὖθις
2744 1915 2771 1966 ὁ
2805 1913 2948 1977 θεῖος
2979 1913 3254 1984 Μάξιμος,
3292 1931 3310 1963 ι
3348 1911 3481 1980 Δίχα
3507 1910 3737 1978 λογικῆς

2154 2009 2436 2082 δυνάμεως
2467 2009 2898 2077 ἐπιστημονικὴ,
2939 2027 2956 2058 ι
2994 2009 3147 2075 φησι,
3185 2025 3202 2056 ι
3227 2005 3432 2074 γνῶσις
3467 2005 3567 2057 οὐκ
3593 2006 3736 2060 ἔστι.

2157 2103 2250 2152 καὶ
2284 2099 2543 2168 γνώσεως
2595 2102 2765 2170 χωρίς
2814 2101 2874 2153 ού
2918 2100 3239 2153 συνίσταται
3271 2099 3476 2161 πίστις.
3508 2115 3526 2149 ι
3568 2097 3739 2166 Ὀρᾷς

2157 2193 2218 2245 τδ
2256 2193 2368 2246 τῶν
2428 2192 2537 2244 σῶν
2585 2192 2947 2263 βλασφημιῶν
2997 2193 3192 2257 αἴτιον,
3232 2191 3510 2262 ἄνθρωπε.
3567 2190 3742 2244 Οὐδὲν

2158 2284 2269 2355 γὰρ
2297 2285 2486 2354 ἕτερον
2508 2285 2552 2360 ἢ
2594 2285 2812 2348 πάντως
2842 2287 2874 2353 ὴ
2905 2285 3114 2338 τούτων
3141 2284 3354 2352 ἄγνοια,
3378 2285 3522 2350 λέγω
3549 2283 3614 2352 δὴ
3634 2282 3742 2352 τὴν

2157 2375 2266 2429 τῶν
2295 2375 2536 2446 θύραθεν
2559 2378 2656 2430 καὶ
2685 2377 2792 2430 τῶν
2825 2379 3111 2448 ἡμετέρων
3135 2377 3250 2446 ἃμα
3280 2376 3460 2444 σοφῶν
3487 2377 3582 2430 καὶ
3613 2375 3742 2428 θεο-

2159 2467 2335 2536 λόγων
2397 2470 2608 2540 ἀνδρῶν
2662 2470 2996 2542 ἐπιστήμην,
3047 2471 3114 2541 ἢν
3163 2469 3464 2539 ἀγνοοῦντα
3510 2486 3570 2522 σε
3637 2469 3742 2522 νῦν

2161 2556 2294 2627 γοῦν
2327 2556 2644 2628 διδαχθῆναι
2681 2559 2860 2628 χρεὼν
2888 2557 3143 2612 ἐνταυθοῖ
3175 2559 3309 2628 παρ’
3343 2559 3525 2628 ἡμῶν.

2234 2650 2337 2703 IB'.
2373 2649 2594 2703 Τούτων
2626 2649 2672 2704 δ’
2701 2650 2846 2704 οὕτω
2866 2650 3177 2720 λεγομένων
3206 2651 3351 2714 τινες
3381 2651 3489 2704 τῶν
3515 2649 3614 2720 τῆς
3637 2666 3745 2719 γε-

2164 2743 2390 2814 ρουσίας
2411 2743 2646 2814 μάλιστα
2670 2743 2838 2814 φίλων
2853 2744 2931 2814 τῷ
2947 2742 3180 2815 Παλαμᾷ
3199 2744 3294 2797 καὶ
3313 2741 3582 2812 ὁμοδόξων
3601 2739 3740 2810 ὁμοῦ

2163 2836 2258 2891 καὶ
2288 2837 2708 2906 ωναγωνιστῶν
2761 2836 3166 2908 ύπεψιθύρισαν
3195 2837 3332 2907 πρὸς
3373 2833 3466 2898 οὖς
3499 2834 3577 2904 τῷ
3597 2835 3636 2887 Γ
3643 2851 3742 2902 ρη-

2163 2931 2303 3000 γορᾷ
2340 2931 2419 3000 μὴ
2463 2929 2742 2983 σκώπτειν
2791 2929 2916 3001 μηδ’
2949 2931 3010 2993 ἐς
3053 2928 3313 2984 τοσοῦτον
3353 2927 3742 2998 εἰρωνεύεσθαι

482 3013 931 3068 canescenlibus.
967 3015 1384 3086 Aliquantulum
1414 3019 1582 3089 igitur
1610 3019 1886 3089 Gregoras
1916 3021 2058 3079 desi-

2167 3025 2305 3096 πρδς
2336 3024 2508 3096 ἄνδρα
2539 3025 2844 3078 ἐπίσκοπον
2872 3025 2965 3077 καὶ
2994 3023 3180 3077 πολιὸν
3216 3022 3319 3092 τὴν
3360 3021 3544 3092 τρίχα.
3583 3021 3744 3074 Κατὰ

485 3117 623 3157 nens
649 3117 699 3158 et
737 3105 886 3159 dicto
925 3108 1158 3163 audiens
1191 3112 1497 3166 orationem
1535 3113 1719 3166 denuo
1793 3113 2059 3183 suscepit.

485 3197 625 3250 Sunt
645 3195 894 3266 quidem,
931 3199 1134 3270 inquit,
1165 3203 1366 3273 lingua:
1396 3207 1728 3263 mutationes
1753 3209 1920 3263 animi
1946 3224 2065 3263 mu-

488 3289 759 3344 tationum
817 3293 1016 3364 signa:
1053 3303 1107 3350 et
1163 3296 1363 3352 litterae
1423 3301 1789 3355 mutationum
1841 3302 2062 3372 linguae,

486 3394 610 3448 qum
633 3380 855 3450 quidem
900 3399 1025 3438 cum
1092 3400 1122 3439 a
1178 3393 1375 3441 natura
1437 3387 1514 3443 sit
1569 3388 2066 3457 inarticulata,ar-

489 3470 712 3528 ticulata
739 3483 826 3530 est
850 3477 1274 3548 compositione,
1306 3480 1515 3536 auxilio
1550 3485 1840 3538 nominum
1867 3495 1923 3539 et
1945 3499 2068 3540 ver-

489 3563 686 3618 borum
713 3565 782 3619 ab
818 3567 1136 3625 hominibus
1172 3571 1409 3640 posteris
1454 3572 1832 3628 inventorum.
1883 3573 2065 3628 Prima

487 3656 635 3711 enim
673 3658 937 3726 quoniam
973 3669 1166 3716 natura
1205 3663 1476 3734 simplicia
1514 3675 1664 3729 sunt,
1697 3666 1860 3720 etiam
1883 3665 2068 3736 priora

493 3749 745 3804 tractatis
777 3760 834 3806 et
863 3753 1190 3821 compositis
1219 3755 1473 3810 veritatis
1509 3757 1728 3813 censuit
1750 3772 1874 3813 esse
1905 3757 2065 3813 ratio.

490 3839 716 3898 Priores
772 3842 939 3913 igitur
999 3845 1196 3916 linguae
1244 3847 1690 3917 signiﬁcantibus
1750 3849 2070 3904 nominibus

490 3935 786 4006 verbisque
815 3946 946 3990 sunt
985 3937 1154 3991 animi
1180 3940 1518 3995 mutationes
1545 3941 1662 3995 sive
1684 3944 1954 4012 cogitata;
1987 3930 2071 3997 in-

494 4028 602 4082 sita
627 4031 772 4084 enim
809 4039 940 4085 sunt
965 4031 1206 4101 cogitata
1237 4045 1291 4086 et
1311 4048 1378 4087 ex
1407 4033 1599 4088 innato
1620 4032 1772 4088 fonte
1805 4046 2066 4089 manant:

494 4119 585 4174 illa
615 4133 800 4175 autem
843 4131 1063 4191 postera
1099 4133 1154 4177 et
1183 4126 1354 4179 ascita
1381 4167 1397 4191 ,
1444 4126 1648 4196 quibus
1674 4141 1783 4180 non
1812 4141 1953 4196 opus
1981 4143 2070 4181 es-

492 4221 579 4264 set
602 4213 944 4276 hominibus,
975 4215 1018 4266 si
1045 4212 1286 4269 facultas
1309 4225 1633 4286 suppeteret
1653 4216 2068 4271 demonstrandi

493 4303 600 4356 sibi
637 4303 873 4358 invicem
905 4304 1076 4358 animi
1131 4305 1430 4360 motiones.
1483 4305 1721 4362 Necesse
1777 4316 1862 4362 est
1898 4308 2070 4372 enim,

2167 3118 2368 3188 μικρὸν
2405 3116 2498 3170 οὖν
2541 3117 2570 3169 6
2600 3115 2889 3188 Γρηγορᾶς
2928 3115 3172 3186 ἐπισχὼν
3199 3114 3296 3167 καὶ
3338 3112 3580 3174 ἀκούσας
3624 3113 3748 3164 ἀνε-

2166 3209 2449 3279 λάμϐανεν
2471 3203 2632 3272 αὖθις
2659 3211 2752 3262 τδν
2781 3207 2962 3277 λόγον,
3010 3209 3108 3263 καὶ
3132 3207 3218 3274 δὴ,
3252 3206 3444 3260 «Ἔστι
3469 3206 3568 3274 μὲν
3591 3203 3738 3269 οὖν,ι

2167 3303 2324 3371 φησὶ,
2368 3319 2388 3353 ι
2425 3301 2492 3353 τὰ
2527 3303 2583 3353 ἐν
2610 3303 2675 3370 τῇ
2704 3303 2857 3371 φωνῇ
2883 3300 2993 3354 τῶν
3017 3300 3076 3353 ὲν
3105 3302 3172 3370 τῇ
3220 3299 3366 3369 ψυχῇ
3400 3297 3746 3368 παθημάτων

2169 3395 2443 3464 σύμϐολα,
2474 3397 2568 3447 καὶ
2597 3394 2665 3447 τὰ
2704 3393 3032 3464 γραφόμενα
3069 3393 3180 3446 τῶν
3208 3394 3265 3446 ὲν
3294 3395 3360 3464 τῇ
3400 3393 3574 3462 φωνῇ,
3624 3391 3748 3460 ἥτις

2167 3488 2231 3558 δὴ
2249 3489 2394 3541 κατά
2412 3489 2576 3557 φύσιν
2599 3487 2874 3558 ἄναρθρος
2894 3486 2954 3540 οὒ
2966 3504 3031 3540 σα
3050 3485 3319 3556 ἔναρθρος
3343 3484 3554 3553 γίνεται
3573 3483 3745 3545 θέσει,

2167 3574 2237 3627 δι’
2269 3575 2552 3644 ὀνομάτων
2584 3591 2646 3628 τε
2687 3574 2787 3628 καὶ
2821 3574 3091 3646 ῥημάτων
3135 3573 3413 3642 ὀψιγόνοις
3464 3586 3749 3642 παρευρη·

2173 3667 2352 3735 μένων
2377 3667 2712 3737 ἀνθρώποις.
2739 3668 2822 3721 Τὰ
2852 3667 2959 3738 γὰρ
3001 3665 3198 3735 πρῶτα
3246 3665 3390 3718 κατὰ
3429 3663 3613 3732 φύσιν,
3650 3663 3745 3716 ἅτε

2170 3758 2303 3814 ὄντα
2335 3760 2507 3826 ἁπλᾶ,
2556 3761 2653 3813 καὶ
2681 3760 2926 3833 πρότερα
2957 3759 3134 3830 δήπου
3163 3757 3274 3811 τῶν
3305 3755 3428 3811 κατ’
3466 3754 3748 3824 ἐπιτήδευ-

2173 3868 2259 3904 σιν
2297 3853 2393 3904 καὶ
2423 3851 2701 3905 συνθέτων
2729 3853 2759 3905 6
2797 3850 2897 3920 τῆς
2924 3849 3188 3919 ἀληθείας
3221 3848 3578 3901 δεδικαίωκεν
3609 3840 3748 3898 εἶναι

2170 3940 2351 4008 λόγος.
2383 3941 2634 4012 Πρότιρα
2683 3941 2792 4012 ἄρα
2829 3939 2952 3993 «ὧν
2993 3939 3053 3992 ἐν
3087 3941 3156 4010 τῇ
3204 3941 3358 4009 φωνῇ
3397 3935 3752 4009 σημαντικῶν

2172 4033 2456 4103 ὀνομάτων
2481 4032 2620 4103 ὁμοῦ
2661 4033 2758 4086 καὶ
2789 4031 3056 4103 ῥημάτων
3096 4032 3166 4085 τὰ
3197 4032 3257 4083 ὲν
3285 4034 3353 4102 τῇ
3393 4029 3540 4101 ψυχῇ
3569 4028 3754 4098 παθὴ-

2175 4142 2324 4195 ματα
2353 4126 2532 4179 εῖτουν
2577 4127 2848 4195 νοήματα.
2885 4126 3145 4194 Ἔμφυτα
3185 4123 3296 4195 γὰρ
3342 4125 3592 4193 νοήματα
3648 4121 3758 4186 κάξ

2173 4219 2503 4289 αὑτοχθόνου
2549 4219 2734 4288 πηγῆς
2775 4219 3146 4289 ἀπορρέοντα,
3201 4218 3387 4270 ἐκεῖνα
3437 4215 3483 4269 δ’
3532 4217 3761 4285 ὑστερο-

2173 4315 2306 4382 γενῆ
2340 4315 2435 4367 καὶ
2465 4313 2760 4381 ἐπίκτητα.
2788 4304 2891 4364 Ὧν
2925 4311 3027 4364 οὐκ
3058 4310 3124 4364 ἂν
3159 4308 3477 4380 ἀνθρώποις
3509 4307 3758 4376 ἐδέησεν,

493 4395 574 4448 ait
606 4395 900 4468 Dionysius
930 4395 1177 4467 Magnus,
1208 4397 1354 4450 scire
1383 4397 1688 4452 secundum
1727 4397 1779 4451 id
1805 4398 1950 4466 quod
1981 4415 2060 4454 νο·

2176 4407 2221 4457 εξ
2245 4404 2476 4473 δύναμις
2507 4402 2633 4472 ἐνῆν
2661 4403 2990 4472 προφαίνειν
3010 4399 3266 4468 ἀλλήλοις
3293 4399 3364 4452 τὰ
3392 4399 3494 4468 τῆς
3515 4399 3759 4460 διανοίας

494 4502 615 4540 rum
642 4497 750 4549 est.
784 4501 885 4543 nos
909 4487 1110 4543 litteris
1145 4495 1200 4542 et
1231 4487 1457 4558 syllabis
1512 4495 1569 4542 et
1600 4489 1784 4544 verbis
1834 4498 1890 4544 et
1935 4490 2074 4544 scri-

494 4582 676 4650 pturis
703 4581 778 4636 uti
819 4589 1046 4650 pr0pter
1067 4580 1603 4645 animadversiones,
1659 4595 1787 4636 cum
1834 4582 1922 4636 ubi
1958 4583 2076 4636 ani-

497 4685 621 4725 mus
653 4679 844 4726 noster
870 4671 1215 4742 intelligendi
1247 4671 1463 4727 viribus
1491 4671 1557 4727 ad
1585 4687 1646 4727 ea
1684 4688 1806 4742 quae
1845 4673 2074 4743 intelligi

496 4771 730 4831 possunt
765 4771 1038 4830 movetur,
1075 4781 1201 4820 eum
1235 4764 1642 4820 animadversis
1690 4765 2078 4835 relinquantur

498 4854 1027 4910 animadversiones.
1061 4855 1200 4910 Cum
1229 4857 1376 4911 enim
1405 4871 1574 4912 carne
1609 4857 1948 4911 circumdata
1983 4873 2074 4911 na-

501 4955 626 5000 tura
660 4957 846 5001 nustra
874 4948 1038 5018 287
1077 4951 1572 5018 circumcludatur,
1608 4951 1681 5004 ita
1721 4960 1780 5005 ut
1811 4966 1918 5004 non
1953 4967 2078 5020 pos-

500 5042 675 5094 simus
730 5056 832 5095 nos
887 5042 1194 5109 declarare,
1249 5047 1590 5110 necessario,
1647 5045 1724 5100 ait
1758 5043 2076 5115 Gregorius,

503 5145 761 5204 tanquam
793 5133 966 5202 signis
991 5135 1154 5190 rebus
1176 5137 1589 5208 qualescunque
1613 5137 1900 5193 nominum
1927 5153 2079 5192 como

501 5230 806 5300 positiones
843 5229 1176 5300 imponimus
1206 5229 1401 5301 bisque
1446 5232 1614 5286 animi
1680 5232 1952 5286 motiones
1984 5246 2083 5284 no-

503 5321 717 5376 biscum
749 5323 984 5379 invicem
1019 5325 1518 5390 communicamus,
1569 5325 1930 5395 quamobrem
1987 5323 2080 5376 alii

505 5415 582 5470 rei
620 5433 822 5471 nomen
852 5419 1190 5488 imponimus
1211 5417 1356 5483 cmli,
1390 5417 1481 5471 alii
1515 5430 1714 5472 nomen
1742 5425 1922 5482 teme,
1959 5415 2084 5469 aliis

505 5511 635 5575 alia,
673 5522 728 5566 et
767 5512 832 5566 ad
883 5511 1092 5582 aliquid
1145 5511 1340 5567 referri
1401 5511 1518 5565 sive
1579 5525 1742 5578 agerc
1779 5509 1896 5562 sive
1948 5507 2081 5576 pati,

507 5601 625 5658 ltmc
653 5604 838 5658 omnia
870 5604 1112 5674 propriis
1160 5602 1537 5673 significamus
1591 5601 1845 5666 vocibus,
1901 5613 1969 5652 ne
2006 5598 2084 5650 in-

509 5698 820 5754 communis
850 5706 906 5752 ct
934 5696 1275 5767 incomperta
1305 5694 1474 5750 animi
1509 5693 1677 5748 motio
1706 5693 1850 5746 inter
1869 5706 1967 5746 nos
1991 5692 2081 5745 sit.

2179 4495 2477 4561 κινήματα.
2519 4510 2536 4541 ι
2575 4491 2705 4542 Δέον
2732 4491 2860 4558 γὰρ,
2894 4509 2912 4540 ι
2959 4491 2988 4542 6
3034 4489 3209 4559 μέγας
3239 4488 3405 4556 φησὶν
3453 4487 3758 4551 Διονύσιος,

2185 4597 2204 4630 ι
2240 4579 2437 4630 είδέναι
2479 4577 2619 4630 κατὰ
2664 4577 2756 4630 τὸν
2803 4576 2964 4647 ὀρθὸν
3011 4576 3172 4642 λόγον
3221 4575 3303 4627 ὅτι
3339 4576 3632 4643 στοιχείοις
3665 4577 3762 4627 καὶ

2183 4674 2474 4736 συλλαϐαῖς
2502 4673 2597 4725 καὶ
2641 4673 2820 4736 λέξεσι
2867 4671 2964 4725 καὶ
2991 4671 3233 4740 γραφαῖς
3269 4671 3364 4722 καὶ
3397 4668 3576 4736 λόγοις
3612 4667 3761 4738 χρώ-

2184 4767 2323 4838 μεθα
2354 4768 2443 4820 διὰ
2481 4769 2578 4830 τὰς
2609 4764 2919 4836 αἰσθήσεις,
2953 4764 3026 4826 ὡς
3060 4767 3190 4817 ὅταν
3224 4763 3383 4835 ἡμῶν
3409 4763 3442 4831 ἡ
3467 4761 3617 4832 ψυχὴ
3639 4763 3763 4824 ταῖς

2181 4863 2397 4930 νοεραῖς
2442 4861 2747 4931 ἐνεργείαις
2803 4859 2897 4912 ἐπὶ
2928 4859 2996 4911 τὰ
3031 4859 3200 4929 νοητὰ
3235 4858 3480 4924 κινῆται,
3506 4856 3765 4926 περιτταὶ

2185 4951 2248 5024 [ι.
2279 4954 2378 5007 158
2407 4952 2478 5022 r.l
2512 4953 2651 5022 μετὰ
2682 4951 2791 5004 τῶν
2831 4951 3112 5017 αἰσθητῶν
3156 4951 3213 5004 αἱ
3261 4948 3568 5018 αἰσθήσεις.
3597 4966 3616 4999 ι
3663 4945 3766 4998 Διὰ

2185 5050 2292 5116 γὰρ
2321 5045 2382 5097 τὸ
2416 5047 2480 5114 τῇ
2529 5044 2764 5115 σαρκίνῇ
2813 5043 3080 5114 περιϐολῇ
3125 5043 3224 5111 τὴν
3270 5043 3434 5107 φύσιν
3464 5039 3624 5110 ἡμῶν
3659 5055 3765 5091 πε-

2185 5136 2558 5210 ριείργεσθαι,
2611 5134 2994 5206 φανερωθῆναι
3035 5135 3110 5206 μὴ
3136 5133 3472 5202 δυναμένων,
3508 5151 3526 5182 ι
3565 5133 3766 5199 ⁹Αναγ-

2184 5231 2378 5296 καίως,
2414 5249 2432 5281 ι
2469 5229 2572 5300 ἔφη
2627 5229 2951 5299 Γρηγόριος,
2995 5247 3012 5280 ι
3049 5227 3306 5296 καθάπερ
3353 5225 3604 5296 σημείοις
3651 5227 3768 5287 τοῖς

2186 5322 2478 5390 πράγμασι
2513 5320 2611 5382 τὰς
2646 5318 2804 5380 ποιὰς
2845 5317 2955 5370 τῶν
2994 5319 3280 5387 ὀνομάτων
3310 5313 3490 5376 θέσεις
3535 5313 3768 5368 ἐπιϐάλ-

2185 5414 2394 5475 λοντες,
2425 5411 2490 5464 δι’
2522 5409 2748 5464 ἐκείνων
2794 5411 2892 5472 sic;
2937 5408 3032 5462 τοῦ
3082 5409 3174 5461 νοῦ
3216 5409 3465 5479 κινήσεις
3511 5405 3770 5475 ἀλλήλοις

2186 5504 2610 5575 δημοσιεύομεν.
2649 5505 2756 5556 Καὶ
2786 5506 2980 5556 τούτου
3017 5503 3178 5572 χάριν
3219 5501 3296 5571 τῷ
3346 5501 3448 5570 μέν
3499 5516 3604 5553 τινι
3658 5499 3770 5549 τῶν

2187 5596 2355 5647 ὄντων
2399 5595 2570 5664 ὄνομα
2629 5593 2859 5665 οὐρανὸν
2917 5593 3174 5664 ἐθέμεθα,
3220 5594 3391 5662 ἑτέρῳ
3435 5591 3496 5643 δὲ
3541 5590 3645 5658 γῆν
3675 5590 3770 5641 καὶ

2193 5687 2336 5757 ἄλλῳ
2378 5686 2504 5742 ἄλλο
2535 5705 2610 5740 τι.
2647 5690 2756 5741 Καὶ
2790 5689 2848 5741 τὸ
2882 5687 3018 5756 πρὸς
3047 5705 3098 5739 τι
3129 5686 3246 5749 πῶς
3279 5685 3426 5754 ἔχειν
3461 5684 3491 5753 ἦ
3527 5684 3585 5734 τὸ
3621 5685 3774 5750 ἐνερ-
