3994 6204
276 276 390 340 253

1285 278 1727 340 ΒΥΖΑΝΤΙΝᾹΞ
1769 278 2152 343 HlSTORI/E
2195 287 2336 348 LIB.
2382 286 2566 348 XXX.

3459 285 3570 350 254

277 397 407 461 γείν
435 396 466 464 ἦ
493 394 554 446 τὸ
584 393 839 466 πάσχειν,
864 394 1041 449 ταῦτα
1073 394 1254 448 πάντα
1291 393 1628 460 ἰδιαζούσαις
1680 395 1881 466 ἐπιση-

1997 396 2124 453 Cum
2154 400 2303 455 enim
2338 411 2584 457 creatum
2625 401 2909 457 hominem
2941 401 3265 467 adduceret,
3296 402 3572 456 rationem

280 485 604 556 μαινέμεθα
634 488 758 548 ταῖς
801 488 1032 554 φωναῖς,
1073 487 1150 549 ὼς
1185 487 1252 540 ἂν
1294 487 1370 557 μὴ
1417 485 1790 557 ἀκοινώνητός
1821 503 1881 539 τε

277 581 383 634 καὶ
416 581 755 650 άγνωττοςὴ
783 578 878 631 τοῦ
905 580 1000 632 νοῦ
1037 579 1254 648 κίνησις
1289 582 1346 632 ἐν
1384 580 1516 650 ἡμῖν
1561 581 1736 650 μένοι.
1789 580 1883 642 Εἰς

278 675 398 744 γὰρ
433 675 652 741 γένεσιν
692 676 720 727 ό
769 673 900 736 Θεὸς
952 673 1222 742 παράγων
1266 674 1359 726 τὸν
1406 672 1722 742 ἄνθρωπον,
1755 672 1884 726 νοῦν

283 768 541 836 παρέσχε
582 766 675 818 καὶ
698 764 978 834 αἴσθησιν.
1037 760 1141 818 Ὧν
1197 766 1224 818 ό
1277 765 1376 834 μὲν
1413 765 1537 828 νοῦς
1569 764 1885 834 ταυτότητα

287 861 488 924 σώζων
509 859 649 930 πρὸς
666 860 734 911 τά
755 860 814 910 ἐν
841 859 1032 929 κόσμῳ
1054 858 1364 927 πράγματα
1389 856 1574 926 φωνῆς
1595 857 1655 910 ού
1682 856 1880 913 δεῖται,

285 952 408 1004 ἀλλ’
435 952 646 1021 άμεσον
673 952 773 1020 τὴν
823 950 1031 1004 τούτων
1073 953 1342 1020 κέκτηται
1373 951 1598 1019 γνῶσιν.
1644 949 1736 1012 Ὧς
1774 949 1884 1019 γὰρ

284 1045 480 1114 ἔχουσι
509 1044 728 1112 φύσεως
761 1044 958 1108 ταῦτα,
1008 1048 1122 1098 νοεῖ
1153 1043 1246 1098 τὸν
1298 1033 1524 1112 ἐφικτόν
1571 1059 1634 1111 γε
1681 1041 1886 1112 τρόπον

289 1136 548 1191 αὐτόθεν·
583 1138 615 1207 ή
647 1136 706 1188 δέ
753 1137 914 1208 χρεία
959 1139 1239 1190 κοινωνεῖν
1269 1136 1378 1190 τῶν
1406 1137 1754 1208 πραγμάτων
1785 1134 1882 1188 ἁλ-

284 1223 482 1294 λήλοις
509 1224 640 1287 τοὺς
670 1225 999 1295 ἀνθρώπους
1030 1225 1356 1296 βιαζομένη,
1389 1228 1485 1279 καὶ
1510 1226 1580 1279 τὰ
1625 1226 1725 1294 τῆς
1763 1227 1886 1295 ὀρε-

285 1316 492 1386 κτικῆς
506 1317 688 1388 ψυχῆς
712 1317 1066 1385 ἐξαγγέλλειν
1091 1318 1402 1391 ἀπόρρητα,
1426 1320 1621 1390 μεσίτῃ
1647 1320 1886 1386 νοήσεως

286 1415 390 1462 καὶ
427 1410 782 1480 πραγμάτων
830 1411 1092 1477 διέγνωκε
1142 1412 1456 1482 χρήσασθαι
1486 1413 1551 1482 τῇ
1603 1409 1882 1480 αἰσθήσει·

287 1497 436 1566 αῦτη
461 1497 571 1566 γὰρ
600 1501 712 1560 τοῖς
743 1500 968 1562 οἰκείοις
995 1499 1252 1569 ὀργάνοις
1279 1501 1406 1563 τοὺς
1429 1500 1539 1553 τῶν
1568 1500 1674 1565 ἔξω
1706 1516 1883 1570 πραγ-

291 1591 488 1657 μάτων
525 1591 731 1654 τύπους
769 1592 1235 1662 ἀναλαμὸάνουσα
1286 1592 1386 1646 καὶ
1422 1590 1538 1646 οἷον
1585 1592 1776 1663 βιϐλίῳ
1808 1592 1886 1662 τῷ

290 1683 658 1752 ςανταστικῷ
693 1686 792 1754 τῆς
831 1684 1011 1754 ψυχῆς
1045 1685 1504 1756 καταγράφουσα,
1530 1687 1749 1750 εἰκόνας
1780 1704 1886 1757 φη-

293 1777 383 1827 σὶν
418 1777 540 1828 ἀντὶ
583 1777 984 1847 πρωτοτύπων,
1021 1778 1210 1832 αὐτόθι
1239 1778 1448 1843 ταύτας
1503 1780 1882 1850 ἐγκαθιδρύει,

292 1865 572 1933 σύμφωνα
625 1868 740 1928 τοῖς
790 1866 1029 1936 νοήμασι
1082 1868 1152 1919 τὰ
1202 1867 1513 1940 πράγματα
1571 1869 1884 1923 σπεύδουσα

291 1955 452 2025 δρᾷν.
482 1955 578 2008 Διὸ
607 1957 704 2008 καὶ
727 1955 911 2026 φωνῆς
942 1955 1142 2026 ἐδεήθη
1164 1957 1476 2028 δυναμένης
1498 1957 1885 2029 ἐξομοιοῦσθαι

296 2049 403 2118 μὲν
429 2051 543 2107 τοῖς
572 2051 867 2119 νοήμασιν,
903 2048 1317 2120 ἐφαρμόζεσθαι
1346 2050 1404 2104 δὲ
1426 2052 1546 2118 τοῖς
1567 2051 1883 2122 πράγμασι.

291 2140 473 2192 Τοῦτο
521 2140 568 2194 δ’
609 2142 711 2194 οὐκ
762 2141 940 2208 ἄλλως
986 2143 1176 2214 ῥᾴδιον
1215 2143 1340 2215 ζώῳ
1387 2144 1599 2214 γίνεται
1655 2145 1885 2214 λογικῷ,

293 2232 447 2299 πλὴν
494 2232 562 2284 δι’
609 2233 878 2304 ἐνάρθρου
927 2235 1136 2304 φωνῆς.
1184 2234 1291 2289 ὑπὸ
1350 2235 1632 2307 συνθήκης
1675 2237 1887 2307 ἀνδρῶν

294 2324 524 2394 εὐφυῶν
553 2326 996 2398 εἰδοποιηθείσης
1045 2327 1182 2398 πρὸς
1221 2327 1391 2398 ἄλλην
1417 2330 1513 2382 καὶ
1553 2329 1728 2396 ἄλλην
1754 2330 1890 2400 θρη-

297 2417 499 2470 σκείαν
538 2432 601 2469 τε
645 2418 740 2470 καὶ
773 2419 1082 2485 διάλεκτον,
1135 2421 1211 2485 ὡς
1267 2421 1593 2492 συμϐαίνειν
1635 2422 1891 2475 ἐντεῦθεν

300 2510 378 2576 μὴ
415 2511 571 2576 παρὰ
606 2511 775 2562 πᾶσιν
819 2510 1083 2575 ὡσαύτως
1139 2511 1286 2583 ἔχειν
1339 2514 1538 2584 αὐτὴν,
1573 2514 1692 2568 ἀλλ’
1720 2513 1890 2583 ἄλλην

300 2592 448 2650 εἶναι
487 2598 626 2669 παρ’
659 2597 844 2662 ἄλλοις
880 2600 990 2664 ἀεὶ,
1025 2601 1120 2655 καὶ
1159 2601 1303 2655 οὕτω
1345 2604 1582 2672 μεσῖτιν,
1625 2602 1699 2666 ὡς
1729 2602 1890 2672 ἔφην,

301 2689 517 2758 ἀμφοῖν
545 2688 847 2760 γινομένην
873 2690 976 2760 τὴν
1009 2692 1112 2760 τῆς
1143 2691 1410 2764 ἐνάρθρου
1455 2695 1651 2764 χρείαν
1684 2696 1890 2764 φωνῆς,

299 2783 406 2851 τὴν
434 2779 533 2835 τοῦ
555 2781 850 2846 ἀκούοντος
880 2785 948 2854 τῇ
970 2787 1065 2837 τοῦ
1093 2784 1348 2853 λέγοντος
1384 2786 1678 2840 συνάπτειν
1698 2785 1894 2840 εὐστό-

301 2893 417 2942 χως
471 2873 688 2944 διανοίᾳ
727 2877 870 2930 κατὰ
928 2876 989 2929 τὸ
1041 2876 1309 2946 ἀνάλογον
1370 2878 1612 2950 ἑκάστην
1660 2879 1892 2951 ἑκάστῃ·

306 2965 675 3037 μορφουμένη
706 2966 818 3038 γὰρ
866 2965 1005 3036 αὕτη
1057 2968 1154 3020 καὶ
1199 2967 1640 3040 διαπλαττομένη
1683 2970 1895 3040 ῥήμασί

308 3078 369 3113 τε
404 3061 501 3113 καὶ
533 3060 769 3128 ὀνόμασι
789 3057 945 3128 λόγος
978 3059 1193 3127 γίνεται
1225 3060 1472 3131 σχήμασι
1506 3059 1775 3123 ποικίλοις
1798 3061 1892 3114 καὶ

305 3155 508 3225 ἀρχαῖς
534 3156 632 3208 καὶ
661 3153 900 3222 πέρασιν
929 3153 1133 3225 ὁρίζων
1162 3152 1225 3206 τὺ
1247 3154 1346 3224 τῆς
1379 3152 1512 3224 ῦλης
1543 3153 1800 3224 ἀόριστόν
1831 3170 1892 3205 τε

309 3248 410 3300 καὶ
447 3247 670 3315 άφετον,
701 3247 798 3299 καὶ
829 3245 977 3300 οὕτω
1023 3249 1139 3310 τοῖς
1178 3246 1286 3311 ἐξω
1320 3247 1420 3317 τὴν
1459 3245 1611 3299 ἔνδον
1657 3246 1892 3299 ἑκάστου

311 3337 579 3407 βούλησιν
605 3337 883 3406 ἀπαγγέλ)
895 3354 992 3390 ων.
1025 3337 1172 3407 Πλὴν
1198 3339 1298 3408 οὐχ
1319 3337 1396 3398 ὡς
1429 3337 1618 3408 ἔτυχεν
1644 3337 1895 3400 ἀτάκτως

310 3433 583 3502 φέρεσθαι
625 3433 719 3485 καὶ
767 3432 914 3484 κατὰ
962 3430 1063 3501 τὴν
1103 3431 1357 3484 ἑκάστων
1391 3429 1648 3501 διάφορον
1676 3429 1897 3498 θέλησιν

308 3529 341 3594 ἡ
387 3527 556 3595 σοφία
586 3526 818 3580 κατόπιν
848 3524 912 3597 [ί.
941 3524 1043 3578 158
1088 3521 1164 3594 υ.]
1227 3522 1522 3592 ἐληλυθυῖα
1556 3521 1711 3594 παρὰ
1759 3522 1897 3575 Θεοῦ

307 3620 426 3680 τοῖς
462 3616 776 3687 ἀνθρώποις
827 3616 1060 3686 ἀφῆκεν,
1113 3615 1252 3670 ἀλλὰ
1303 3614 1494 3686 νόμοις
1529 3616 1625 3668 καὶ
1677 3615 1901 3669 κανόσιν

310 3707 587 3772 ύπέζευξε
611 3706 821 3776 ταύτην
854 3707 999 3760 κατὰ
1027 3707 1126 3769 τὰς
1146 3705 1280 3776 παρ’
1309 3705 1564 3769 ἑκάστοις
1591 3705 1896 3773 συνθήκας,

309 3796 388 3856 ὧν
455 3801 624 3865 ἐνίαις
664 3801 838 3854 ἐνίοτε
872 3803 968 3853 καὶ
1009 3799 1228 3870 ἐνιαχοῦ
1272 3799 1348 3871 μὴ
1387 3801 1552 3870 μόνον
1591 3800 1731 3854 κατὰ
1763 3800 1901 3869 θρη-

312 3896 513 3950 σκείαν
539 3894 641 3958 τὰς
662 3894 944 3964 σημασίας
966 3895 1162 3947 ἕπεται
1191 3893 1449 3961 διαιρεῖν,
1479 3893 1618 3966 ἀλλά
1650 3891 1747 3945 καλ⁵
1778 3889 1904 3944 καθ’

309 3987 641 4060 ὁμωνυμίας
675 3989 770 4041 καὶ
796 3986 1202 4056 πολυωνυμίας.
1248 3988 1408 4040 Δυοῖν
1442 3986 1554 4056 γὰρ
1584 3985 1835 4055 θάτερον,
1868 3983 1902 4056 ἦ

309 4080 606 4150 διαφόροις
639 4078 868 4151 ὀνόμασι
915 4081 982 4134 τά
1026 4079 1168 4132 αὑτά
1207 4081 1318 4142 τοῖς
1358 4081 1425 4148 τῇ
1464 4079 1602 4148 αὐτῇ
1636 4078 1905 4149 διαλέκτῳ

313 4173 629 4243 χρωμένοις
663 4172 1024 4240 γνωρίζονται
1057 4171 1386 4240 πράγματα,
1423 4170 1456 4240 ἢ
1496 4171 1594 4238 μιᾷ
1627 4185 1906 4239 προσηγο-

317 4266 415 4336 ρία
445 4265 513 4316 τά
548 4264 785 4334 διάφορα
811 4264 923 4316 τῶν
951 4264 1320 4334 πραγμάτων,
1351 4263 1384 4333 ἢ
1421 4263 1629 4315 τούτων
1674 4263 1775 4330 μὲν
1809 4263 1905 4315 οὑ-

313 4353 585 4420 δετέροις.
619 4352 787 4420 ἕτερά
833 4368 898 4419 γε
937 4351 1046 4422 μὴν
1086 4351 1322 4421 ἑτέροις.
1382 4350 1604 4403 Τούτων
1644 4351 1688 4403 δ’
1731 4348 1906 4413 οὕτως

1913 1742 1960 1804 Β

1985 493 2035 546 ei
2071 493 2265 549 tribuit
2301 505 2357 550 et
2382 497 2939 556 animadversionem.
2981 511 3216 566 quarum
3248 495 3391 549 ratio
3410 509 3571 548 eam-

1987 584 2112 640 dem
2167 588 2543 642 conditionem
2599 589 2846 645 retinens
2897 604 3023 643 cum
3062 588 3253 645 rebus.
3318 601 3441 656 quae
3505 585 3564 638 in

1987 675 2199 730 mundo
2233 689 2384 743 sunt,
2418 679 2606 750 lingua
2637 697 2744 734 non
2797 689 2942 752 eget.
2995 679 3091 734 sed
3143 679 3316 749 ipsam
3365 678 3562 730 harum

1987 769 2358 838 cognitionem
2402 772 2507 826 sibi
2565 773 2976 842 eomparat.-Ut
3011 773 3157 828 enim
3213 786 3447 842 quaeque
3485 779 3577 823 est

1988 861 2183 917 irarum
2221 873 2435 928 natura,
2468 867 2751 936 cognoscit
2781 865 2925 935 quod
2964 865 3195 934 intelligi
3238 872 3423 933 potest
3454 877 3560 915 na-

1989 963 2111 1006 tura
2139 969 2236 1008 sua
2270 970 2336 1008 ex
2370 970 2426 1008 re
2462 954 2600 1024 ipsa,
2632 971 2764 1010 usus
2797 963 3003 1020 autem,
3037 955 3132 1025 qui
3181 953 3433 1007 homines
3473 967 3570 1007 co-

1987 1049 2148 1118 gebat
2174 1057 2234 1102 ut
2267 1063 2354 1103 res
2392 1062 2580 1103 secum
2607 1047 2841 1103 invicem
2875 1046 3426 1104 communicarentet
3451 1043 3574 1097 ani-

1989 1139 2062 1192 mi
2127 1139 2401 1210 cupientis
2432 1154 2632 1194 arcana
2662 1140 3024 1195 enuntiarent
3081 1140 3161 1194 uti
3214 1138 3408 1194 statuit
3441 1137 3567 1190 ani-

1989 1231 2398 1294 madversione.
2433 1247 2554 1302 quae
2577 1233 2949 1302 cognitionem
2987 1233 3154 1287 rebus
3188 1238 3565 1300 componeret.

1991 1325 2116 1382 "me
2149 1328 2295 1382 enim
2345 1330 2490 1398 aptis
2539 1328 2925 1384 instrumentis
2962 1341 3153 1380 rerum
3211 1337 3568 1380 externarum

1989 1418 2196 1476 formas
2222 1422 2496 1492 recipiens
2545 1432 2602 1478 et
2652 1431 2914 1491 tanquam
2966 1419 3020 1473 in
3071 1418 3214 1473 libro
3250 1418 3374 1470 [icto
3402 1415 3570 1469 animi

1989 1513 2302 1568 inscribens
2351 1514 2670 1578 simulacra,
2728 1513 2828 1579 ait,
2861 1526 2964 1581 pro
3032 1507 3443 1577 exemplaribus
3495 1506 3572 1559 ibi

1989 1606 2105 1661 haec
2129 1606 2389 1676 deponit,
2426 1621 2650 1676 operam
2678 1605 2839 1668 dans,
2869 1612 2929 1658 ut
2957 1615 3231 1672 congruas
3265 1614 3390 1653 cum
3421 1598 3574 1668 cogi-

1990 1700 2116 1754 tatis
2151 1715 2238 1754 res
2273 1699 2488 1760 reddat,
2513 1700 2873 1769 quamobrem
2905 1696 3074 1751 etiam
3105 1709 3242 1750 voce
3299 1691 3562 1761 indiguit,

1989 1809 2109 1865 qua:
2130 1793 2352 1848 formari
2393 1787 2580 1863 posset
2619 1789 2788 1860 288
2815 1787 2882 1842 ad
2941 1785 3370 1842 similitudinem
3425 1783 3574 1850 cogi—

1988 1879 2668 1944 tatorum.aecommodari
2702 1889 2885 1934 autem
2910 1874 3257 1946 rebus,quod
3287 1873 3397 1927 alio
3423 1872 3578 1926 nullo

1987 1972 2152 2029 modo
2207 1971 2426 2026 facilius
2460 1979 2546 2025 est
2593 1967 2817 2023 animali
2865 1967 3079 2021 ratione
3128 1963 3360 2035 praedito
3407 1977 3572 2032 (tuam

1988 2081 2122 2120 voce
2155 2064 2467 2127 articulata,
2494 2077 2616 2133 qua:
2661 2060 2894 2116 formata
2939 2067 3025 2114 est
3076 2056 3442 2112 consensione
3475 2055 3576 2107 lio-

1990 2155 2202 2208 minum
2235 2151 2649 2222 ingeniosorum
2679 2149 2745 2204 ad
2772 2149 2935 2202 aliam
2988 2146 3268 2215 aliamque
3299 2143 3574 2213 supersti-

1991 2245 2195 2301 tionem
2228 2253 2280 2299 ct
2313 2243 2634 2308 dialectum,
2656 2249 2716 2296 ut
2742 2239 2873 2296 inde
2903 2238 3268 2309 intelligatur,
3301 2251 3410 2290 non
3431 2233 3574 2303 apud

1990 2354 2182 2394 omnes
2213 2337 2469 2394 eamdem
2534 2351 2656 2391 esse
2704 2348 2847 2395 eam,
2873 2331 2969 2388 sed
3018 2331 3182 2386 aliam
3238 2329 3381 2400 apud
3441 2328 3581 2381 alios

1991 2445 2233 2500 semper,
2261 2430 2444 2498 itaque
2474 2442 2604 2482 cum
2631 2433 2956 2496 componat,
2981 2431 3044 2478 ut
3073 2423 3172 2487 ait,
3205 2421 3390 2484 ambo,
3416 2432 3576 2473 usum

1991 2523 2295 2578 articulatm
2317 2520 2471 2575 vocis
2503 2519 2786 2574 notionem
2811 2513 3088 2572 audientis
3111 2520 3366 2569 accurate
3387 2518 3579 2580 aptare

1993 2611 2298 2667 secundum
2329 2608 2749 2664 similitudinem
2801 2605 3016 2660 notioni
3045 2603 3322 2674 loquentis
3355 2614 3575 2655 omnem

1994 2705 2167 2767 omni,
2186 2703 2300 2758 haec
2317 2701 2720 2769 enimjformata
2742 2706 3074 2768 etexpressa
3105 2696 3289 2750 verbis
3318 2703 3376 2747 et
3401 2691 3579 2746 nomi-

1993 2795 2160 2853 nibus
2205 2795 2385 2849 oratio
2412 2793 2494 2858 lit,
2521 2807 2645 2862 quat
2671 2790 2864 2845 formis
2891 2789 3057 2843 variis
3081 2796 3137 2843 et
3167 2786 3336 2840 initiis
3361 2793 3419 2839 et
3447 2783 3576 2837 lini-

1995 2888 2102 2944 bus
2132 2886 2361 2943 deﬁniat
2389 2883 2675 2940 materiam
2707 2880 3055 2936 indeﬁnitain
3087 2888 3141 2933 ει
3176 2878 3502 2934 dissolutam
3521 2883 3578 2930 et

1998 2984 2073 3040 ita
2101 2981 2344 3038 externis
2369 2981 2643 3035 internam
2698 2975 2968 3047 cujusque
3023 2975 3367 3029 voluntatem
3401 2986 3582 3026 enun-

1918 3089 1964 3152 ο
1999 3075 2120 3140 ιίει,
2159 3082 2340 3130 tamen
2375 3086 2495 3126 eam
2532 3084 2664 3126 casu
2698 3076 2756 3123 et
2803 3068 2923 3124 sine
2957 3067 3152 3122 ordine
3213 3065 3347 3120 ferri
3379 3073 3438 3118 et
3492 3079 3580 3119 sc-

1995 3165 2239 3224 cundum
2298 3163 2567 3234 cujusque
2598 3159 2878 3216 diversam
2909 3158 3250 3212 voluntatem
3312 3153 3580 3225 sapientia

1996 3267 2187 3328 postea
2213 3271 2245 3310 a
2280 3256 2392 3310 Deo
2437 3267 2696 3325 aggressa
2724 3251 3053 3306 hominibus
3104 3264 3214 3302 non
3278 3247 3579 3308 concessit,

1998 3351 2093 3407 sed
2123 3350 2338 3421 legibus
2359 3357 2417 3404 et
2451 3347 2654 3417 regulis
2684 3345 2970 3416 subjunxit
3004 3358 3127 3399 eam
3159 3341 3464 3397 secundum
3488 3355 3582 3396 eas

1998 3456 2121 3512 quae
2155 3440 2299 3510 apud
2361 3452 2614 3508 quosque
2671 3443 2833 3492 erant
2886 3434 3307 3490 consensiones.
3344 3447 3579 3502 quarum

1999 3528 2282 3584 nonnullis
2307 3525 2590 3603 interdum
2625 3539 2735 3579 non
2764 3522 2941 3578 solum
2976 3519 3286 3576 secundmn
3313 3519 3584 3589 supersti-

2001 3622 2209 3676 tionem
2238 3619 2674 3690 signilicationes
2709 3615 2965 3685 sequitur
3012 3623 3072 3666 ut
3105 3611 3436 3679 tribuamus,
3487 3611 3584 3667 sed

2000 3715 2167 3769 etiam
2207 3711 2512 3766 secundum
2551 3710 2775 3765 nomina
2808 3709 3003 3764 eadem
3039 3717 3095 3763 et
3141 3708 3334 3762 multa.
3397 3708 3584 3760 Alter-

2003 3815 2189 3860 utrum
2223 3804 2392 3868 enim,
2428 3811 2524 3856 aut
2575 3801 2813 3857 diversis
2864 3799 3182 3855 nominibus
3235 3798 3441 3854 etedem
3497 3812 3586 3851 res

2003 3899 2071 3954 ab
2111 3899 2179 3952 iis
2203 3897 2296 3966 qui
2318 3897 2513 3952 eadem
2552 3895 2790 3951 dialecto
2818 3904 3056 3949 utuntur
3086 3893 3462 3951 declarantur.
3486 3900 3586 3944 aut

2005 4006 2115 4046 una
2148 3985 2555 4058 signiﬁcatione
2586 3987 2822 4042 diversae
2856 4003 2944 4042 res
3001 3995 3097 4042 aut
3147 3987 3341 4039 horum
3370 3983 3585 4036 neutris

2005 4085 2131 4156 (alia
2156 4083 2418 4137 nimirum
2443 4081 2612 4149 aliis).
2645 4080 2778 4147 Quae
2807 4079 2976 4150 289
3001 4095 3125 4135 eum
3159 4077 3233 4133 ita
3267 4077 3378 4133 sint
3400 4075 3585 4144 itaque

2005 4175 2382 4248 praejudicata,
2415 4173 2713 4244 repetenda
2749 4172 2987 4228 fortasse
3039 4180 3123 4226 est
3182 4170 3369 4240 lingua
3424 4167 3589 4222 nobis

2006 4270 2077 4324 ab
2110 4269 2230 4339 ipso
2285 4266 2515 4322 exordio
2569 4265 2856 4328 orationis,
2883 4265 2988 4321 hoc
3023 4273 3131 4329 est,
3163 4259 3598 4317 demonstranda

2007 4368 2092 4415 est
2124 4359 2422 4414 multorum
2465 4357 2688 4412 illorum
2718 4356 3005 4410 nominum
3039 4353 3332 4409 concordia
3361 4361 3418 4405 et
3452 4365 3588 4404 con-

316 4447 559 4515 ἐγόντων
587 4446 684 4498 καὶ
721 4447 922 4498 οὑτωσὶ
962 4445 1486 4516 προδιαληφθέντων
1522 4443 1789 4499 ἁνακτὲον
1837 4447 1895 4498 ἂν

2006 4457 2203 4505 centus
2234 4460 2291 4502 et
2320 4463 2441 4517 qum
2463 4448 2534 4502 sit
2562 4461 2757 4502 eorum
2787 4447 2854 4501 ad
2885 4461 3052 4500 unum
3084 4443 3230 4514 quod
3265 4441 3486 4512 proprie
3509 4441 3598 4494 sic

315 4539 410 4608 εἴη
452 4538 550 4608 τὴν
589 4538 839 4606 γλῶτταν
891 4537 1024 4608 ἡμῖν
1069 4539 1150 4597 εἰς
1197 4539 1257 4588 τὺ
1294 4537 1561 4607 πρότερον
1610 4537 1757 4606 ἴχνος
1809 4535 1904 4590 τοῦ

317 4631 508 4699 λόγου.
553 4629 628 4683 Τὸ
677 4630 737 4683 δέ
777 4631 898 4683 ἐστι
931 4629 1104 4693 δεῖξαι
1135 4631 1236 4699 τὴν
1278 4629 1390 4682 τῶν
1432 4629 1647 4682 πολλῶν
1679 4629 1908 4684 ἐκείνων

315 4722 611 4792 ὀνομάτων
646 4721 904 4791 ὁμόνοιάν
949 4737 1011 4774 τε
1051 4722 1146 4776 καὶ
1183 4721 1509 4792 συμφωνίαν
1555 4720 1651 4774 καὶ
1681 4721 1817 4791 πρὸς
1846 4720 1908 4774 τὸ

317 4818 532 4888 κυρίως
564 4814 623 4868 ἐν
645 4816 952 4885 ἀναφορὰν,
988 4814 1194 4886 δηλαδὴ
1241 4813 1342 4883 τὴν
1369 4813 1523 4867 θείαν
1563 4813 1782 4883 ἐκείνην
1814 4813 1909 4866 καὶ

321 4909 615 4978 μακαρίαν
644 4908 862 4972 οὐσίαν,
896 4908 991 4962 καὶ
1023 4908 1102 4979 μὴ
1130 4911 1254 4962 κατ’
1284 4908 1551 4979 Εὐνόμιον
1580 4910 1784 4961 ἐκεῖνον
1816 4906 1908 4960 τὸν

317 5003 588 5072 δυσσεϐῆ,
618 5001 680 5055 τὸ
709 5002 809 5068 τῆς
827 5001 1161 5072 ἀγεννησίας
1184 5001 1360 5068 δνομα
1387 4999 1644 5072 θεότητος
1672 4999 1909 5068 ὕπαρξιν

319 5090 580 5156 λέγοντα,
614 5089 710 5143 καὶ
737 5089 820 5157 σέ,
857 5089 1122 5158 θεότητας
1149 5088 1305 5143 ταῦθ’
1323 5090 1624 5160 ὑφειμένας
1655 5089 1909 5158 ἡγεῖσθαι

320 5187 526 5248 πάντα,
558 5183 854 5255 διαφόρους
893 5185 993 5255 τῆς
1021 5184 1215 5247 οὐσίας
1241 5184 1337 5236 καὶ
1357 5184 1672 5247 άκτίστους,
1697 5181 1910 5252 ἀνθρώ-

319 5296 445 5332 πων
473 5279 606 5332 ὅντα
637 5279 932 5349 εὑρήματα
955 5279 1048 5332 καὶ
1077 5279 1379 5348 ποιήματα.
1400 5277 1608 5330 Αὐτίκα
1638 5276 1751 5345 γὰρ
1771 5274 1910 5347 πρὸς

317 5373 536 5424 ἐκεῖνον
565 5373 595 5425 ὁ
627 5371 801 5442 μέγας
836 5372 1036 5438 φάσκει
1084 5371 1367 5435 Βασίλειος
1387 5413 1403 5437 ,
1453 5389 1472 5424 ι
1511 5371 1585 5424 Τὸ
1611 5370 1910 5440 άγὲννητος

319 5465 372 5516 εἰ
407 5465 612 5533 ὄνομα,
639 5466 740 5518 οὐκ
765 5466 945 5519 οὐσία·
973 5465 1085 5517 τῶν
1116 5465 1226 5534 γὰρ
1247 5463 1448 5517 οὐσιῶν
1489 5461 1809 5532 σημαντικὰ
1842 5462 1910 5515 τὰ

319 5558 594 5628 ὀνόματα,
629 5560 730 5611 οὐκ
755 5558 896 5612 αὐτὰ
925 5557 1130 5612 οὐσίαι.
1159 5558 1221 5609 Εἰ
1243 5557 1287 5609 δ’
1319 5557 1450 5609 αύτδ
1471 5555 1629 5608 οὐσία
1664 5555 1723 5607 τὸ
1745 5554 1907 5622 ἀγένο

319 5667 509 5721 νητος,
549 5650 861 5718 λεγέτωσαν
894 5651 956 5704 τὸ
1000 5649 1176 5720 ὄνομα
1225 5649 1424 5718 αὐτῆς·
1461 5651 1523 5702 οὑ
1561 5651 1672 5720 γάρ
1709 5651 1771 5718 ἐκ
1800 5649 1909 5702 τῶν

323 5746 554 5815 οὐσιῶν,
582 5746 700 5800 ἀλλ’
731 5746 791 5798 ἐκ
819 5746 925 5801 τῶν
943 5744 1224 5816 όνομάτων
1257 5745 1349 5801 καὶ
1376 5747 1439 5798 ἐκ
1479 5745 1587 5800 τῶν
1622 5745 1906 5816 ἐνεργειῶν

2010 4538 2214 4594 dicitur
2244 4538 2461 4603 relatio,
2489 4536 2555 4592 ad
2593 4537 2836 4592 divinam
2884 4537 3143 4590 nimirum
3183 4533 3330 4588 illam
3359 4542 3418 4586 et
3449 4531 3586 4586 bea-

2009 4641 2120 4686 tam
2169 4630 2490 4695 essentiam,
2518 4643 2696 4698 neque
2734 4627 3035 4684 secundum
3076 4624 3404 4679 Eunomium
3432 4623 3598 4677 illunr
3665 4675 3677 4694 .

2010 4724 2240 4796 impium
2277 4723 2371 4794 qui
2405 4738 2514 4778 non
2563 4722 2732 4793 geniti
2776 4735 2976 4775 nomen
3002 4717 3308 4774 divinitatis
3337 4717 3592 4772 substan-

2011 4819 2145 4871 tiam
2208 4817 2370 4880 dieit,
2408 4829 2589 4884 neque
2650 4811 2954 4868 secundum
3004 4820 3056 4866 te
3122 4809 3429 4880 putandum
3477 4821 3588 4875 est,

2010 4911 2330 4966 divinitates
2359 4907 2684 4965 summissas
2707 4906 2936 4961 omnino
2967 4906 3218 4962 diversas
3247 4905 3316 4958 ab
3341 4904 3588 4960 essentia

2009 5010 2066 5056 et
2091 5002 2365 5057 increatas
2393 5015 2515 5056 esse
2547 4999 2797 5053 inventas
2831 4998 3096 5066 lictasque
3131 4997 3201 5052 ab
3237 4997 3585 5052 hominibus.

2009 5093 2203 5150 Statim
2258 5095 2407 5149 enim
2465 5101 2657 5148 contra
2716 5092 2872 5147 illum
2905 5093 3144 5147 Basilius
3168 5089 3400 5161 Magnus
3460 5089 3584 5144 ait:

2016 5190 2164 5245 «Non
2187 5187 2464 5258 genitum»
2501 5189 2546 5242 si
2579 5202 2777 5242 nomen
2805 5195 2912 5251 est,
2937 5201 3046 5240 non
3083 5193 3170 5240 est
3205 5183 3472 5249 essentia,
3498 5197 3592 5238 es-

2010 5278 2313 5334 sentiarum
2343 5278 2490 5332 enim
2508 5277 2871 5347 signiﬁcantia
2903 5285 3032 5330 sunt
3063 5275 3308 5339 nomina,
3339 5273 3590 5343 nonipsa

2007 5373 2248 5430 essentia
2272 5412 2286 5434 ,
2315 5370 2400 5425 sin
2428 5379 2612 5426 autem
2671 5372 2849 5441 ipsum
2890 5383 3028 5423 «non
3063 5369 3340 5440 genitum:
3375 5377 3461 5424 est
3498 5383 3591 5422 es-

2013 5467 2212 5531 sentia,
2231 5465 2456 5518 dicunto
2481 5479 2681 5519 nomen
2705 5464 2824 5535 ejus
2852 5481 2866 5518 :
2893 5477 3004 5517 non
3030 5463 3178 5517 enim
3209 5477 3278 5516 ex
3310 5461 3593 5522 essentiis.

2012 5560 2107 5615 sed
2139 5574 2170 5614 e
2205 5559 2524 5614 nominibus
2555 5569 2610 5612 ει
2639 5557 2946 5612 ellicientiis
3002 5555 3384 5626 intelligimus,
3407 5562 3598 5608 etma-

2014 5655 2162 5708 xime
2196 5653 2546 5722 incorporea.
2583 5651 2750 5706 Vides
2775 5668 2839 5706 ex
2871 5651 2961 5715 iis,
2990 5664 3114 5718 qua:
3139 5649 3430 5708 accedunt,
3498 5644 3590 5699 Δί’-

2011 5763 2133 5802 cere
2185 5747 2335 5802 illum
2381 5761 2446 5802 ex
2495 5745 2803 5802 cmcieutiis
2848 5744 3095 5814 corporis
3133 5742 3305 5797 instar
3340 5739 3598 5811 inspectis
