3994 6204
458 330 566 394 255

1570 352 1575 359 ‘
1660 332 2075 392 NICEI’HOHI
2122 332 2505 393 GiiEGORJE

3600 336 3705 401 956

459 451 579 506 sive
615 448 778 505 factis
822 458 879 505 et
910 451 1173 519 operibus
1225 465 1326 505 nos
1379 449 1661 505 declarare
1712 450 2014 518 incorpore:

2138 449 2479 518 γνωρίζομεν
2520 452 2610 502 καὶ
2662 448 2897 519 μάλιστα
2925 449 2994 504 τά
3040 449 3378 521 ἀσώματα.»
3426 451 3593 526 Ὀρᾷς
3640 457 3705 509 ἐκ

458 550 515 597 et
541 557 663 611 qua:
694 557 803 597 non
833 551 1154 597 cernuntur.
1185 542 1385 612 Accipe
1411 553 1672 610 praeterea
1710 559 1830 612 qua:
1862 544 2027 598 etiam

459 632 762 705 Gregorius
792 635 1069 706 Nyssenus
1119 635 1186 689 de
1241 635 1559 690 nominibus
1614 635 1789 691 dicit:
1822 635 2027 690 Natura

460 730 667 793 divina,
709 730 973 799 quidquid
1004 740 1087 785 est
1114 732 1324 785 ratione
1362 732 1620 787 essentia:
1652 732 1860 795 habita,
1918 747 2026 786 una

459 833 543 877 est
582 824 810 892 simplex
834 833 889 878 et
916 822 1205 877 uniformis
1234 833 1288 878 et
1344 825 1707 892 incomposita
1762 834 1819 880 et
1875 835 2028 893 extra

461 922 701 966 nostram
726 912 1283 967 animadversionem.
1341 915 1404 967 Et
1436 915 1703 983 quoniam
1753 915 1868 969 sola
1906 931 2028 985 qua:

460 1002 838 1072 intelliguntur
877 1004 1159 1057 nominum
1191 1004 1420 1058 vocibus
1463 1005 1838 1074 signiﬁcamus
1865 1022 1878 1058 :
1905 1020 2029 1074 quae

458 1106 639 1149 autent
671 1110 831 1165 supra
868 1097 1285 1159 intelligentiam
1342 1109 1490 1159 sunt,
1559 1114 1665 1152 non
1730 1113 2026 1168 possumus

458 1187 895 1253 signiﬁcantibus
926 1189 1393 1258 appellationibus
1460 1191 1777 1258 complecti,
1839 1191 2027 1246 multis

457 1288 509 1331 ct
541 1277 775 1333 diversis
804 1280 1128 1335 nominibus
1162 1291 1437 1350 quatenus
1484 1282 1616 1336 licet
1664 1283 1909 1338 revelare
1935 1298 2029 1339 co-

458 1371 638 1439 gimur
674 1372 889 1425 insitam
938 1373 1097 1427 nobis
1150 1373 1217 1426 de
1268 1374 1492 1429 numine
1527 1374 1713 1429 divino
1742 1374 1905 1445 290
1934 1391 2030 1429 no-

459 1463 683 1516 tionem.
723 1465 1088 1528 Quamobrem
1146 1465 1437 1521 Dominum
1487 1482 1636 1530 eum,
1689 1466 1883 1530 Deum.
1933 1467 2026 1536 ju-

457 1567 622 1618 stum,
660 1564 960 1625 potentem,
985 1559 1328 1619 clementem.
1349 1551 1563 1624 verum,
1590 1558 2025 1622 misericordem,

462 1649 700 1719 taliaque
733 1650 939 1714 multis,
971 1652 1109 1713 sive,
1168 1651 1221 1704 id
1250 1651 1398 1719 quod
1450 1652 1765 1708 accuratius
1794 1652 2023 1716 dicitur,

456 1737 578 1791 aliis
611 1739 925 1793 nominibus
950 1756 1229 1795 vocamus.
1264 1741 1415 1795 Talia
1445 1754 1626 1796 autem
1654 1743 1875 1797 nomina
1909 1757 2026 1797 om-

459 1830 588 1880 nino
622 1830 1031 1898 compositione,
1051 1847 1231 1901 neque
1260 1847 1391 1887 vero
1425 1841 1623 1887 natura
1655 1843 1786 1889 sunt
1834 1832 1975 1888 facta
2002 1848 2020 1888 :

454 1920 599 1987 quod
641 1934 803 1989 supra
853 1938 880 1973 a
918 1922 1077 1977 nobis
1131 1922 1568 1979 demonstratum
1621 1934 1727 1979 est.
1799 1924 1866 1980 Et
1894 1926 2022 1981 alibi

453 2011 785 2066 Athanasius
815 2029 1040 2083 magnus
1075 2015 1170 2081 ait,
1216 2015 1277 2069 τὸ
1320 2015 1487 2071 Deum
1536 2030 1657 2071 esse
1719 2017 2023 2072 secundum

449 2117 512 2158 es
541 2117 573 2157 e
602 2118 631 2157 a
662 2115 877 2160 natura.
903 2104 966 2160 Et
1005 2122 1232 2177 magnus
1260 2109 1315 2161 in
1355 2108 1516 2162 rebus
1543 2105 1745 2161 divinis
1772 2122 2023 2176 perscru-

453 2194 635 2247 tandis
663 2195 962 2265 Gregorius
989 2216 1001 2250 :
1024 2197 1358 2267 Simplicitas
1386 2197 1494 2253 Deo
1528 2214 1637 2254 non
1679 2211 1758 2254 est
1787 2209 2018 2268 natura;

450 2285 681 2339 alterum
722 2288 866 2341 enitn
894 2290 945 2342 iu
982 2303 1047 2344 eo
1077 2288 1269 2344 statuit
1305 2293 1413 2345 vim
1437 2291 1682 2369 videndi,
1716 2293 1885 2347 altera
1908 2307 2018 2347 non

448 2392 571 2431 esse
632 2395 801 2432 unmn
870 2381 1254 2450 compositum.
1285 2382 1463 2453 Atque
1516 2398 1626 2437 uno
1676 2383 1845 2439 verbo
1895 2385 2018 2439 nul-

449 2466 561 2523 lum
593 2484 789 2523 nomen
824 2478 907 2525 est
935 2473 1080 2543 quod
1110 2489 1220 2529 non
1277 2473 1580 2529 secundum
1611 2474 1683 2529 sit
1739 2490 1771 2529 a
1820 2485 2017 2531 natura

449 2560 654 2615 divina.
710 2560 1175 2635 Circumscriptus
1225 2567 1374 2620 enim
1432 2565 1843 2635 quodammodo
1891 2566 2016 2620 ﬁnis

448 2648 696 2708 essentia:
719 2662 775 2708 et
798 2664 1007 2710 natura?
1036 2665 1122 2711 est
1153 2671 1350 2711 nomen
1386 2674 1400 2711 :
1435 2656 1524 2710 illa
1551 2665 1737 2709 autem
1773 2671 1883 2710 non
1911 2656 2019 2711 cir-

446 2744 778 2812 cumscripta
830 2755 1026 2800 natura
1076 2745 1696 2816 circumscriptionibus
1727 2746 2011 2801 nominum

444 2831 713 2887 inservire
742 2850 850 2888 non
880 2843 1085 2904 potest.
1148 2837 1217 2892 Et
1247 2837 1355 2893 alio
1407 2837 1529 2891 loco
1563 2838 1783 2892 divinus
1809 2838 2015 2911 Grego-

441 2926 560 2979 rius
590 2914 870 2997 Nyssenus
893 2928 960 2982 de
999 2928 1193 2983 iisdem
1225 2929 1541 2983 nominibus
1596 2930 1710 2984 haec
1740 2929 1874 2985 dicit
1904 2947 1920 2985 :
1955 2930 2012 2986 Si

442 3015 594 3083 prior
632 3014 942 3069 eﬁieientiis
1001 3025 1119 3071 erat
1169 3018 1428 3085 essentia,
1482 3018 1780 3075 eﬁieentias
1829 3028 2012 3075 autem

2102 540 2226 611 _r06
2260 541 2602 610 παρήκοντος
2635 541 2755 605 πῶς
2790 543 2856 595 ἐκ
2892 542 3002 596 τῶν
3031 543 3360 613 σωματικῶς
3392 542 3703 616 θεωρουμέ-

2132 648 2238 684 νων
2267 631 2562 703 ἐνεργειῶν
2592 650 2781 702 φησιν,
2808 634 2988 687 είτουν
3022 634 3199 705 ἔργων
3229 635 3326 688 καὶ
3359 637 3703 706 ποιημάτων,

2131 722 2424 795 γνωρίζειν
2470 726 2617 795 ἡμᾶς
2654 726 2725 779 τά
2772 724 3041 796 ἀσώματα
3091 726 3182 779 καὶ
3234 727 3309 797 μὴ
3360 727 3702 800 φαινόμενας

2136 817 2335 870 ’Ἄκουε
2362 818 2407 871 δ’
2433 820 2525 870 ἐπὶ
2557 820 2767 882 τούτοις
2798 820 2851 873 τί
2896 821 2990 873 καὶ
3032 821 3061 873 6
3107 819 3403 875 Νυσσαὲων
3434 821 3561 893 περὶ
3608 821 3702 876 ὀνο

2136 909 2323 976 μάτων
2355 907 2556 974 φάσκει
2588 908 2909 979 Γρηγὸριος.
2945 929 2964 962 ι
2986 910 3054 963 Ἦ
3087 910 3207 963 θεία
3239 913 3404 979 φύσις
3428 913 3456 965 ὅ
3488 929 3542 964 τι
3573 913 3704 967 ποτέ

2131 996 2251 1050 κατ’
2278 998 2466 1051 οὐσίαν
2503 1001 2640 1061 ἐστὶ,
2674 999 2773 1069 μία
2814 1002 2962 1055 ἐστὶν
2994 1002 3144 1071 ἁπλῆ
3174 1005 3268 1057 καὶ
3302 1003 3580 1075 μονοειδὴς
3610 1007 3705 1057 καὶ

2130 1090 2423 1154 άσύνθετος
2460 1092 2553 1145 καὶ
2585 1092 2724 1163 ὑπὲρ
2756 1092 2855 1164 τήν
2900 1095 3230 1166 αίσθητικὴν
3271 1096 3431 1167 ἡμῶν
3467 1097 3705 1169 κατάλη-

2129 1180 2243 1249 ψιν.
2286 1184 2393 1235 Καὶ
2424 1184 2609 1254 ἐπειδὴ
2640 1186 2776 1254 μόνα
2805 1186 2873 1239 τὰ
2904 1188 3287 1259 γινωσκόμενα
3332 1190 3420 1243 διὰ
3458 1191 3556 1260 τῆς
3586 1190 3706 1243 ὀνο-

2133 1276 2405 1344 μαστικῆς
2463 1279 2837 1349 σημειούμεθα
2885 1280 3162 1353 κλήσεως,
3203 1283 3274 1336 τά
3326 1283 3372 1336 δ’
3418 1283 3559 1353 ὑπὲρ
3604 1284 3705 1355 τὴν

2129 1368 2329 1434 γνῶσιν
2373 1368 2506 1423 ὄντα
2560 1374 2955 1440 σημειωτικαίς
2990 1389 3101 1426 τισι
3143 1373 3543 1445 προσηγορίαις
3590 1374 3706 1427 δια-

2129 1456 2308 1510 λαϐεῖν
2369 1459 2465 1529 οὐχ
2518 1452 2629 1513 οἷόν
2686 1476 2769 1523 τε,
2823 1462 3037 1525 πολλοῖς
3095 1464 3194 1517 καὶ
3241 1463 3521 1532 διαφόροις
3583 1463 3705 1516 ὀνό-

2131 1566 2322 1620 μασιν,
2350 1550 2498 1616 ὃπως
2538 1547 2666 1626 ἂνῇ
2709 1554 2959 1619 δυνατὸν,
3008 1555 3355 1625 ἁνακαλύψαι
3398 1558 3702 1628 βιαζόμεθα

2128 1642 2228 1712 τὴν
2257 1644 2619 1713 ἐγγινομένην
2640 1647 2772 1716 ἡμῖν
2797 1647 2927 1717 περὶ
2958 1647 3053 1701 τοῦ
3080 1647 3227 1702 θείου
3269 1648 3577 1705 ὑπόνοιαν.»
3608 1651 3703 1704 Διὸ

2132 1733 2339 1804 Κύριον
2363 1736 2547 1802 αὐτὸν,
2570 1736 2722 1802 Θεὸν,
2756 1736 2990 1802 δίκαιον,
3044 1740 3286 1811 ἰσχυρὸν,
3320 1742 3700 1813 μακρόθυμον,

2126 1826 2708 1898 άληθινδν,έὲλεήμο·να,
2723 1830 2823 1882 καὶ
2840 1830 2909 1882 τὰ
2928 1831 3285 1902 παραπλήσια
3304 1834 3698 1902 πολυωνύμως,

2123 1918 2157 1988 ἢ
2186 1916 2246 1970 τό
2276 1934 2339 1985 γε
2371 1919 2763 1990 ἀκριϐέστερον
2796 1923 2989 1987 εἰπεῖν,
3013 1924 3372 1995 ἐτερωνύμως
3396 1927 3703 1997 κατονομά-

2125 2009 2310 2081 ζομεν.
2368 2011 2451 2064 Τὰ
2479 2011 2536 2066 δὲ
2585 2010 2811 2066 τοιαῦτα
2855 2014 3096 2083 ὀνόματα
3134 2017 3279 2069 θέσει
3332 2020 3551 2081 πάντως
3594 2021 3702 2073 eis).

2121 2098 2217 2150 καὶ
2246 2099 2307 2151 ού
2340 2098 2522 2168 φύσει,
2560 2101 2637 2164 ὼς
2658 2104 2817 2172 ἡμεῖς
2843 2105 3299 2177 προδεδείχαμεν.
3331 2109 3441 2161 Καὶ
3467 2109 3496 2159 6
3523 2109 3700 2177 μέγας

2121 2188 2328 2261 ἀλλαχῆ
2364 2209 2532 2261 φησιν
2570 2193 2897 2260 ’Δθανάσιος
2922 2197 3002 2249 ὅτι
3038 2200 3136 2250 καὶ
3165 2198 3225 2251 τὸ
3250 2199 3379 2251 Θεὸν
3410 2195 3550 2253 εἶναι
3576 2201 3701 2255 δεύ-

2119 2282 2273 2354 τερόν
2302 2282 2363 2355 [f.
2397 2284 2498 2340 159
2515 2287 2564 2357 ν]
2596 2287 2711 2338 ἐστι
2765 2290 2866 2358 τῆς
2906 2287 3151 2357 φύσεως.
3196 2290 3307 2343 Καὶ
3336 2291 3364 2343 6
3411 2292 3585 2361 μέγας
3636 2296 3699 2348 ἐν

2123 2374 2371 2447 θεολογίᾳ
2413 2376 2833 2447 Γρηγόριος,ὂτι
2872 2381 2934 2432 οὐ
2977 2380 3141 2450 φύσις
3189 2381 3309 2452 Θεῷ
3340 2385 3373 2453 ή
3414 2383 3697 2455 ἁπλότης·

2118 2462 2181 2516 r6
2220 2465 2319 2533 μὲν
2347 2466 2455 2534 γὰρ
2488 2467 2588 2537 τήν
2620 2466 2876 2538 θεατικὴν
2903 2468 3071 2523 αὐτοῦ
3109 2472 3410 2543 παρίστησι
3439 2473 3696 2544 δύναμιν,

2118 2558 2179 2612 τὺ
2210 2559 2266 2611 δέ
2305 2560 2365 2613 r6
2398 2560 2473 2631 μὴ
2504 2558 2645 2615 εἶναι
2678 2561 2956 2617 σύνθετον.
2986 2562 3099 2618 Καὶ
3129 2565 3316 2629 άπὶῶς
3343 2565 3513 2620 είπεῖν
3541 2568 3697 2623 οὐδὲν

2117 2650 2227 2703 τῶν
2256 2651 2540 2720 ὀνομάτων
2572 2652 2720 2706 ἐστὶν
2762 2651 2790 2706 6
2824 2654 2899 2723 μὴ
2941 2652 3193 2726 δεύτερόν
3247 2658 3366 2709 ἐστι
3411 2658 3509 2725 τῆς
3542 2656 3693 2722 θείας

2118 2737 2356 2805 φύσεως.
2388 2741 2915 2810 Περιγεγραμμένος
2946 2742 3059 2811 γάρ
3089 2760 3175 2807 τις
3209 2744 3335 2816 ὄρος
3358 2744 3553 2809 οὐσίας
3597 2745 3694 2799 καὶ

2116 2826 2330 2896 φύσεως
2360 2828 2573 2895 γίνεται
2600 2827 2864 2899 τοῦνομα,
2900 2832 2931 2901 ἡ
2963 2830 3010 2883 δ’
3044 2830 3463 2904 άπερίγραπτος
3507 2834 3687 2907 ἐκείνη

2115 2918 2282 2988 φύσις
2317 2924 2686 2993 περιγραφαῖς
2718 2921 3001 2989 ὀνομάτων
3043 2921 3317 2979 δουλεύειν
3351 2925 3412 2977 ού
3440 2924 3685 2981 δύναται.

2116 3011 2224 3065 Καὶ¹
2254 3011 2313 3065 ἐν
2337 3012 2508 3085 ἑτέρῳ
2537 3013 2584 3067 δ’
2615 3014 2643 3066 6
2690 3013 2832 3077 θεῖος
2874 3012 3176 3069 Νυσσαέων
3211 3015 3515 3087 Γρηγόριος
3563 3018 3691 3089 περὶ

441 3121 536 3162 eas
563 3107 937 3177 intelligimus,
959 3122 1095 3177 quas
1118 3110 1634 3174 animadvertimus,
1662 3113 1760 3167 bas
1804 3125 2009 3181 autem,

2116 3100 2222 3157 τῶν
2262 3104 2441 3157 αὐτῶν
2473 3104 2750 3176 ὀνομάτων
2773 3104 2916 3159 οὕτω
2948 3107 3111 3177 φησίν
3130 3123 3146 3140 ⁸
3176 3126 3197 3160 t
3218 3108 3283 3162 Ei
3306 3107 3688 3182 προϋφέστηκε

442 3206 717 3266 quatenus
743 3198 892 3260 licet,
926 3199 1115 3254 verbis
1143 3201 1527 3266 enuntiemus,
1578 3203 1805 3273 quijam
1846 3204 2015 3258 relin-

441 3284 632 3352 quitur
663 3284 849 3348 timor,
877 3300 977 3341 cur
1003 3301 1111 3341 non
1143 3288 1459 3356 po‘stcriora
1491 3291 1656 3347 rebus
1683 3292 1906 3347 nomina
1930 3291 2017 3346 di-

440 3377 671 3433 camus?
705 3379 923 3434 Etenim
960 3382 1004 3435 si
1074 3395 1182 3436 non
1232 3392 1399 3438 antea
1460 3384 1797 3454 explicemus
1850 3385 2015 3455 quid-

441 3487 606 3537 quam
639 3486 833 3528 eorum
893 3487 1017 3543 qua:
1079 3474 1149 3529 de
1211 3474 1328 3530 Deo
1379 3475 1661 3544 dicuntur,
1715 3494 1877 3547 quam
1930 3480 2016 3533 in-

440 3562 769 3632 telligamus,
822 3579 887 3619 ex
952 3565 1021 3620 iis
1071 3575 1252 3621 autem
1336 3566 1724 3637 intelligimus,
1775 3582 1896 3637 quae
1947 3582 2015 3621 ex

438 3654 749 3709 elﬁcientiis
794 3655 1199 3726 cognoscimus,
1256 3656 1566 3713 efﬁcientia
1622 3667 1807 3713 autem
1860 3658 2014 3727 prior

439 3753 526 3798 est
567 3743 668 3810 vis,
725 3748 809 3800 vis
844 3756 1028 3803 autem
1082 3748 1290 3819 pendet
1344 3764 1411 3803 ex
1456 3748 1739 3804 voluntate
1802 3750 2009 3815 divina,

439 3838 697 3894 voluntas
742 3846 926 3893 autem
1007 3838 1063 3892 in
1119 3839 1375 3895 facultate
1435 3840 1636 3896 divinae
1692 3840 1876 3911 posita
1927 3849 2013 3896 est

442 3935 653 3983 naturae
685 3968 702 3992 ,
754 3944 939 3984 nonne
1008 3937 1197 4000 aperte
1245 3932 1628 4001 cognoscimus
1655 3969 1671 3996 ,
1745 3930 2010 3987 accedere

439 4019 599 4089 291
662 4022 830 4078 rebus
888 4023 1264 4094 signiﬁcantes
1319 4026 1605 4080 nominum
1676 4024 2008 4095 appellatio-

441 4133 564 4183 nes,
619 4128 676 4173 et
738 4127 994 4188 tanquam
1053 4121 1262 4178 umbra:
1316 4137 1498 4177 rerum
1544 4130 1672 4177 sunt
1720 4136 1885 4178 voces
1937 4122 2008 4178 ad

441 4208 714 4262 motiones
740 4212 1149 4278 suppositarum
1178 4213 1426 4267 formatae
1447 4214 1471 4266 ?
1490 4212 1559 4268 Et
1577 4214 1695 4268 haec
1723 4212 1798 4266 ita
1823 4227 1882 4268 se
1909 4213 2006 4268 ba-

441 4298 571 4352 bere
605 4297 767 4352 nobis
794 4299 1084 4366 persuadet
1106 4312 1296 4371 aperte
1345 4302 1533 4356 divina
1568 4302 1857 4372 Scriptura
1909 4316 2009 4371 per

441 4403 696 4460 magnum
729 4387 1010 4454 Davidem,
1049 4391 1142 4461 qui
1190 4391 1518 4460 quibusdam
1567 4392 1809 4463 propriis
1830 4402 1887 4448 et
1920 4394 2009 4448 in-

2117 3196 2225 3249 τῶν
2258 3197 2544 3266 ἐνεργειῶν
2589 3197 2834 3267 ήούσία,
2884 3199 3117 3267 νοοῦμεν
3174 3199 3229 3253 δέ
3274 3201 3371 3263 τὰς
3406 3202 3690 3273 ἐνεργείας

2115 3286 2183 3340 δι’
2214 3280 2287 3340 ὧν
2316 3286 2705 3357 αἰσθανόμεθα,
2764 3290 2973 3361 ῥήμασι
3006 3291 3063 3344 δέ
3099 3292 3249 3355 ὅπως
3290 3294 3357 3346 ἂν
3458 3295 3686 3349 δυνατὸν

2115 3378 2537 3451 ἐξαγγέλλομεν,
2572 3383 2653 3445 τίς
2701 3381 2781 3435 ἐτι
2814 3383 3204 3438 καταλείπεται
3239 3385 3399 3455 φόὅος
3449 3386 3688 3458 νεώτερα

2114 3472 2224 3525 τῶν
2255 3473 2599 3543 πραγμάτων
2644 3473 2712 3527 τὰ
2759 3474 3000 3545 ὀνόματα
3053 3475 3275 3543 λέγειν;
3316 3476 3380 3529 Et
3440 3480 3546 3547 γὰρ
3609 3478 3687 3549 μὴ

2115 3561 2380 3633 πρότερον
2411 3564 2789 3634 ἐρμηνεύομὲν
2816 3581 2869 3616 τι
2899 3565 3006 3617 τῶν
3041 3568 3168 3635 περὶ
3202 3566 3337 3619 Θεοῦ
3373 3556 3687 3638 λεγομένων

2112 3653 2245 3724 πρὶν
2273 3654 2341 3707 ἂν
2363 3656 2670 3726 νοήσωμεν,
2707 3656 2915 3726 νοῶμεν
2949 3659 3004 3711 δὲ
3038 3660 3108 3713 δι’
3137 3652 3212 3713 ὦν
3261 3663 3324 3714 ἐκ
3354 3663 3487 3733 ζτῶν
3535 3664 3686 3733 ἐνειι-

2113 3744 2280 3812 γειῶν
2317 3745 2710 3817 διδασκόμεθα,
2733 3751 3125 3820 προϋφέστηκε
3176 3752 3234 3806 δὲ
3270 3754 3369 3822 τῆς
3404 3756 3683 3825 ἐνεργείας

2114 3836 2148 3903 ἡ
2188 3835 2442 3907 δύναμις,
2478 3841 2511 3910 ή
2543 3839 2598 3892 δὲ
2626 3840 2855 3912 δύναμις
2890 3843 3185 3916 ἐξήρτηται
3216 3844 3312 3898 τοῦ
3344 3846 3489 3900 θείου
3529 3850 3682 3919 esas.

2114 3944 2302 3997 ματος,
2336 3932 2398 3983 τὸ
2433 3931 2487 3982 δὲ
2518 3931 2764 4002 βούλημα
2790 3935 2848 3989 ἐν
2877 3938 2941 4006 τῇ
2972 3935 3190 4008 ἐξουσίᾳ
3228 3940 3327 4007 τῆς
3372 3939 3519 4003 θείας
3547 3940 3683 3993 ἁπό-

2111 4033 2291 4072 κειται
2327 4019 2567 4089 φύσεωςο
2598 4018 2688 4093 ἄρ’
2716 4022 2778 4076 ού
2828 4024 3014 4094 σαφῶς
3043 4025 3409 4097 διδασκόμεθα
3436 4029 3518 4084 δτι
3557 4033 3680 4084 ἐπι-

2107 4110 2350 4178 γίνονται
2382 4116 2495 4176 τοῖς
2524 4115 2854 4185 πράγμασιν
2888 4119 2945 4171 αί
2972 4125 3308 4190 σημαντικαὶ
3342 4124 3447 4177 τῶν
3477 4124 3681 4193 ὀνομά-

2106 4218 2216 4255 των
2250 4204 2639 4275 προσηγορίαι,
2671 4207 2764 4260 καὶ
2792 4205 2982 4280 ὥσπερ
3016 4213 3167 4263 σκιαὶ
3190 4210 3301 4265 τῶν
3331 4214 3681 4283 πραγμάτων

2107 4295 2249 4349 είσὶν
2275 4297 2330 4350 αί
2359 4297 2559 4367 φωναὶ,
2616 4301 2756 4372 πρὸς
2792 4304 2891 4365 τὰς
2926 4305 3171 4376 κινήσεις
3208 4306 3319 4360 τῶν
3351 4308 3680 4376 ὑφεστώτων

2110 4391 2615 4463 σχηματιζόμεναις
2655 4393 2761 4447 Καὶ
2796 4395 2880 4449 ὅτι
2903 4395 3077 4450 ταῦτα
3107 4397 3283 4461 οὕτως
3330 4398 3467 4471 ἔχει,
3500 4402 3679 4455 πείθει

439 4484 562 4541 sitis
591 4481 909 4537 nominibus
949 4496 1016 4537 ex
1046 4482 1335 4539 eﬁlcientia
1366 4484 1486 4556 ejus
1514 4484 1809 4541 intellectis
1860 4485 2004 4541 divi-

2116 4481 2296 4549 σαφῶς
2340 4483 2373 4553 ὴ
2421 4481 2542 4536 θεία
2597 4482 2787 4555 Γραφὴ
2835 4486 2925 4541 διὰ
2959 4486 3054 4539 τοῦ
3094 4489 3333 4560 μεγάλου
3372 4492 3538 4545 Δαὸὶδ
3579 4492 3677 4545 τοῦ

438 4591 565 4631 nam
596 4583 1050 4659 naturam’vocat.
1090 4576 1433 4631 «Misericors
1472 4577 1644 4641 enim,
1672 4578 1771 4645 ait,
1807 4588 1861 4634 et
1902 4578 2003 4634 mi-

439 4683 626 4725 sereris
657 4679 741 4726 est
767 4668 1073 4725 Dominus:
1104 4669 1345 4724 clemens
1374 4676 1432 4724 et
1479 4670 1848 4726 miserationis
1884 4672 2002 4741 ple-

440 4771 598 4810 nus.»
629 4757 753 4812 llaec
807 4759 979 4827 igitur
1018 4757 1150 4825 quid
1181 4757 1395 4820 dicunt,
1416 4757 1720 4812 eﬁicientize
1753 4758 2005 4813 obtinere

438 4847 895 4919 signiﬁcationem
947 4857 1040 4901 aut
1079 4848 1334 4902 naturae?
1398 4846 1588 4911 Nemo,
1647 4858 1801 4918 puto,
1855 4849 2001 4903 aliud

438 4938 735 5010 quidquam
765 4949 928 5007 quam
957 4936 1282 4995 eﬁicentiam
1317 4938 1485 4993 dicet.
1543 4938 1775 5005 Quando
1837 4938 2007 5012 igitur

440 5027 682 5082 efﬁciens
705 5026 1137 5081 misericordiam
1166 5036 1224 5081 et
1255 5029 1665 5083 miserationem
1696 5028 1914 5096 accepit
1935 5028 2005 5082 ab

438 5120 731 5176 cmcientia
768 5119 1008 5174 nomen?
1032 5119 1172 5173 Num
1200 5128 1326 5174 ante
1355 5120 1638 5173 hominum
1668 5117 1872 5173 vitam?
1897 5117 2004 5172 Sed

438 5212 566 5283 quis
596 5221 709 5266 tum
749 5212 1106 5266 miseratione
1139 5212 1461 5282 indigebat?
1486 5213 1603 5265 lmo
1627 5211 1854 5265 omnino
1880 5219 2003 5280 post

439 5312 721 5373 peccatum
759 5302 1136 5358 commissum.
1169 5303 1460 5357 Peccatum
1494 5311 1680 5355 autem
1744 5309 1829 5354 est
1880 5308 2005 5370 post

438 5392 717 5448 hominem
754 5403 995 5448 creatum
1027 5409 1042 5447 :
1070 5393 1237 5461 igitur
1266 5401 1386 5460 post
1437 5390 1715 5445 hominem
1749 5400 1998 5443 ercatunt

437 5487 605 5544 etiam
647 5486 944 5540 miserandi
973 5484 1265 5541 eﬁicientia
1288 5497 1407 5538 orta
1431 5495 1517 5537 est
1546 5495 1600 5537 et
1629 5483 2003 5537 miserationis

436 5592 658 5632 nomen.
687 5577 921 5632 Viden”!
965 5578 1254 5646 Propterea
1298 5577 1443 5630 enim
1468 5582 1526 5629 ct
1561 5573 1753 5628 eadem
1781 5574 2003 5627 nomina

440 5667 583 5723 ﬁunt
637 5678 696 5724 et
723 5669 1208 5724 accommodantur
1240 5665 1542 5721 secundum
1584 5663 1870 5718 hominum
1905 5679 2002 5718 vo-

439 5756 668 5817 luntatis
703 5760 917 5832 regulas
944 5770 997 5817 et
1026 5759 1169 5841 leges
1219 5775 1236 5816 ι
1269 5772 1444 5827 neque
1509 5755 1563 5810 in
1624 5771 1764 5823 uno,
1800 5756 1895 5812 sed
1946 5757 1997 5811 iu

2109 4572 2363 4643 καθάπερ
2395 4573 2486 4626 διά
2520 4589 2683 4628 τινων
2725 4576 2870 4630 ίδίων
2911 4582 3212 4649 προσφυῶν
3252 4582 3536 4649 ὀνομάτων
3569 4585 3678 4637 τῶν

2105 4663 2170 4715 ἐκ
2198 4661 2295 4732 τῆς
2318 4662 2602 4733 ἐνεργείας
2638 4664 2805 4718 αὐτοῦ
2837 4667 3143 4738 νοηθέντων
3187 4670 3289 4742 τὴν
3325 4672 3479 4726 θείαν
3514 4673 3678 4743 φύσιν

2103 4753 2525 4819 ἀνακαλοῦντοςο
2560 4775 2578 4810 ι
2608 4758 2945 4829 Οίκτίρμων,
2979 4780 2997 4813 ι
3026 4765 3131 4833 γάρ
3158 4781 3315 4833 φησι,
3350 4787 3367 4816 ι
3399 4766 3493 4819 καὶ
3523 4766 3679 4837 ἐλεή-

2108 4862 2225 4916 μων
2254 4848 2283 4901 ὀ
2304 4848 2529 4917 Κύριος,
2570 4849 2928 4920 μακρόθυμος
2966 4854 3060 4906 καὶ⁵
3090 4856 3403 4919 πολυέλεος.
3430 4875 3449 4909 ι
3486 4857 3674 4910 Ταῦτα

2105 4935 2284 4989 τοίνυν
2316 4938 2369 4990 τί
2406 4937 2677 5005 λέγουσιν,
2712 4941 2996 5011 ἐνεργείας
3027 4943 3172 5013 ἔχειν
3202 4945 3307 5016 τὴν
3337 4946 3612 5017 σημασίαν
3639 4948 3672 5017 ἢ

2105 5024 2320 5094 φύσεως
2344 5044 2358 5094 ;
2393 5028 2509 5083 Ούκ
2537 5029 2604 5082 ἄν
2633 5047 2715 5092 τις
2750 5031 2880 5085 ἄλλο
2901 5035 3051 5103 παρὰ
3072 5034 3172 5103 τὴν
3195 5037 3475 5105 ἐνέργειαν
3503 5036 3670 5092 εἴποι.

2107 5117 2243 5171 Πότε
2281 5119 2463 5173 τοίνυν
2491 5122 2793 5191 ἐνεργήσας
2830 5127 2955 5187 τοὺς
2984 5127 3304 5197 οἱκτιρμοῦς
3343 5131 3370 5181 ὀ
3414 5131 3543 5191 Θεὸς
3581 5134 3674 5186 καὶ

2108 5208 2196 5259 τὸν
2221 5206 2390 5273 ἔλεον,
2426 5206 2584 5279 ἔσχεν
2628 5211 2691 5263 ἐκ
2736 5212 2837 5280 τῆς
2865 5214 3149 5283 ἐνεργείας
3188 5215 3249 5268 r6
3283 5218 3489 5287 ὕνομα;
3525 5212 3591 5272 *Δ
3606 5238 3674 5289 ρα

2104 5296 2211 5365 πρὸ
2233 5298 2332 5365 τῆς
2361 5296 2711 5367 ἀνθρωπίνης
2744 5298 2925 5368 ζωῆς;
2959 5301 3067 5355 Καὶ
3094 5302 3180 5367 τίς
3208 5301 3275 5374 ήν
3302 5308 3329 5357 6
3361 5304 3454 5358 τοῦ
3486 5308 3676 5369 ἐλέους

2102 5386 2386 5457 δεόμενος;
2429 5388 2596 5443 Ἀλλὰ
2632 5391 2772 5459 μετὰ
2802 5393 2900 5462 τήν
2938 5394 3214 5465 ἁμαρτίαν
3251 5400 3489 5460 πάντως.
3536 5399 3597 5451 ἸΙ
3626 5400 3679 5452 δ’

2103 5481 2354 5551 ἁμαρτία
2387 5486 2525 5552 μετὰ
2555 5485 2647 5535 τὸν
2686 5483 3001 5556 ἄνθρωπον·
3036 5488 3238 5542 οὐκοῦν
3273 5492 3413 5560 μετὰ
3450 5491 3675 5544 τὸνάν-

2105 5576 2324 5643 θρωπον
2351 5576 2445 5628 καὶ
2472 5577 2504 5646 ή
2535 5578 2628 5629 τοῦ
2663 5577 2832 5630 ἐλεεῖν
2876 5578 3130 5648 ἐνέργεια
3162 5584 3255 5634 καλ⁸
3291 5583 3351 5635 r6
3390 5583 3484 5635 τοῦ
3517 5583 3669 5634 ἐλέου

2102 5666 2293 5736 ὄνομα.
2323 5686 2341 5718 ι
2384 5667 2547 5735 Ὀρᾶς
2571 5687 2582 5733 ;
2608 5668 2692 5722 διὰ
2723 5670 2832 5740 γὰρ
2860 5671 3019 5725 τοῦτο
3046 5674 3139 5727 καὶ
3166 5676 3434 5747 ὁμώνυμα
3458 5676 3673 5743 γίνεται

2104 5758 2198 5810 καὶ
2237 5757 2647 5829 μεθαρμόζεται.
2678 5761 2819 5813 κατὰ
2852 5761 2976 5825 τοὺς
3016 5764 3114 5833 τῆς
3162 5766 3511 5837 ἀνθρωπίνης
3544 5766 3681 5835 βουυ
