3994 6204
291 257 404 321 257

1315 245 1756 309 ΒΥΖΑΝΤΙΝᾸζ
1795 245 2182 306 HISTORLE
2217 246 2364 306 LIB.
2405 243 2584 304 XXX.

3453 239 3560 302 258

289 371 508 438 λήσεως
547 365 780 428 κανόνας
819 364 914 417 καὶ
936 363 1154 434 νόμους.
1193 365 1304 418 Καὶ
1335 365 1436 417 οὐκ
1468 365 1552 433 ἐφ’
1581 365 1728 427 ἑνὸς,
1759 363 1874 416 ἀλλ’

1993 363 2238 432 plurimis
2265 375 2320 417 et
2346 361 2604 426 diversis,
2625 375 2750 430 quae
2782 359 3070 430 supposita
3103 367 3254 425 sunt,
3296 359 3559 429 quodque
3627 347 3638 358 ’

287 459 394 510 ἐπὶ
421 455 702 509 πλείστων
727 471 788 507 τε
809 455 904 508 καὶ
927 453 1204 524 διαφόρων
1232 455 1614 522 ὑποκειμένων
1643 453 1876 508 ἕκαστον

289 549 356 602 ἓν
385 550 450 602 ὃν
483 547 708 615 λέγεται
755 545 950 617 ὄνομα,
992 547 1054 599 τὸ
1101 547 1353 600 πλεῖστον
1389 549 1590 602 είπεῖν.
1633 543 1760 600 Οἷον
1787 548 1878 600 ἐπὶ

291 639 722 710 ὑποδείγματος,
741 639 870 705 περὶ
904 638 1215 708 βουλήσεως
1243 637 1398 709 εὕροι
1427 656 1510 703 τις
1539 640 1608 694 ἂν
1637 637 1878 707 τοῦνομα

293 734 434 785 ποτὲ
476 733 576 802 μὲν
617 731 711 783 ἐπὶ
751 731 852 798 τῆς
895 731 1156 786 άκτίστου
1203 730 1268 802 ιι.
1303 732 1405 786 159
1435 731 1486 802 υ]
1535 731 1748 800 φύσεως
1783 731 1877 784 τοῦ

295 822 430 875 Υίοῦ
498 821 934 892 λαμϐανόμενον.
994 821 1124 874 ποτὲ
1178 822 1226 873 δ’
1267 824 1356 874 ἐπὶ
1401 823 1511 875 τῶν
1561 822 1879 891 κτισμάτων

295 915 454 984 παρᾶ
473 914 586 966 τῶν
603 913 794 981 ἁγίων,
812 912 887 976 ὡς
907 914 934 966 ὁ
954 913 1126 980 μέγας
1156 911 1474 975 ’Λθανάσιος
1496 915 1639 967 κατὰ
1669 914 1723 965 Ἀ
1735 931 1881 984 ρεια-

295 1007 406 1058 νῶν
433 1006 666 1077 γράφων
707 1008 874 1076 φησιν
919 1006 994 1068 ὡς
1032 1005 1084 1058 οί
1117 1005 1334 1069 ἀσεϐεῖς
1375 1007 1436 1059 οὐ
1477 1005 1692 1060 θέλουσι
1723 1006 1880 1074 λόγον

295 1099 398 1150 καί
429 1097 630 1168 βουλὴν
660 1098 844 1162 ζῶσαν
885 1093 1028 1151 εἶναι
1057 1097 1150 1150 τὸν
1179 1099 1330 1163 Υίὸν,
1379 1099 1509 1167 περὶ
1536 1098 1593 1150 δὲ
1627 1098 1716 1150 τὸν
1747 1097 1882 1150 Θεδν

297 1190 566 1260 βούλησιν
591 1191 686 1242 καὶ
735 1190 996 1260 φρόνησιν
1037 1193 1129 1244 καὶ
1161 1191 1354 1258 σοθρίαν
1387 1190 1462 1252 ὡς
1493 1190 1608 1254 ἕξιν
1642 1187 1879 1258 συμϐαί-

293 1301 500 1336 νουσαν
541 1285 638 1335 καὶ
665 1283 1204 1352 ἀποσυμὸαίνουσαν.
1239 1285 1348 1336 Καὶ
1378 1283 1580 1352 ὁμοίως
1626 1283 1882 1352 Ἰωάννης

289 1377 319 1428 ὁ
363 1377 430 1428 ἐκ
481 1375 782 1446 Δαμασκοῦ
824 1375 1084 1445 βούλησιν
1125 1375 1218 1428 καὶ
1269 1375 1463 1443 σοφίαν
1503 1376 1600 1428 καὶ
1647 1375 1882 1443 δύναμιν

287 1461 388 1514 τὸν
411 1462 544 1515 Υίδν
579 1459 720 1516 εἶναι
757 1462 908 1528 λέγει
935 1462 1032 1516 τοῦ
1066 1463 1297 1532 Πατρός·
1333 1464 1393 1516 οὐ
1421 1463 1528 1533 χρὴ
1564 1463 1670 1532 γὰρ
1699 1463 1880 1532 λέγειν

292 1554 396 1606 ἐπὶ
409 1553 546 1606 Θεοῦ
581 1554 868 1622 ποιότητα.
892 1553 978 1608 ἶνα
999 1554 1074 1626 μὴ
1097 1555 1352 1608 σύνθετον
1375 1557 1538 1608 αὐτὸν
1561 1557 1882 1626 ποιήσωμεν

293 1647 356 1711 ἐξ
387 1647 579 1704 οὐσίας
610 1647 706 1702 καὶ
734 1647 1046 1717 ποιότητος.
1093 1647 1206 1700 Καὶ
1249 1648 1387 1718 πρός
1439 1665 1503 1715 γε
1533 1649 1562 1702 ὁ
1587 1647 1883 1702 Νυσσαέων

1985 470 2208 518 nomen,
2241 470 2556 524 quanquam
2589 469 2760 508 unum
2791 461 2898 519 est,
2936 464 3118 506 tamen
3141 451 3347 506 dicitur
3378 451 3556 522 pluri—

1985 565 2132 600 muni
2164 548 2495 617 signiﬁcare,
2537 555 2595 601 ut
2625 545 2861 615 exempli
2922 546 3118 612 gratia,
3169 545 3236 598 de
3274 548 3558 597 voluntate

1983 640 2228 707 reperias
2271 656 2472 694 nomen
2505 638 2780 694 interdum
2822 639 2877 692 in
2919 647 3114 690 natura
3157 636 3399 690 increata
3435 634 3556 688 Filii

1985 740 2340 801 usurpatum,
2376 732 2656 786 interdum
2691 741 2872 784 autem
2905 732 2961 784 in
3020 730 3222 784 creatis
3266 745 3294 782 a
3328 730 3558 790 sanctis,

1983 823 2145 891 292
2179 829 2237 874 ιιι
2265 821 2600 882 Athanasius
2641 837 2871 888 magnus
2919 830 3110 872 contra
3145 819 3378 872 Arianos
3418 819 3558 870 scri-

1985 913 2120 968 bens
2149 912 2284 966 dicit
2311 931 2324 964 :
2365 931 2382 963 ι
2409 911 2564 980 lmpii
2600 928 2709 966 non
2743 921 2990 964 statuunt
3021 911 3216 964 Filium
3241 925 3362 964 esse
3395 909 3562 962 ratio-

1983 1019 2108 1056 nem
2137 1013 2194 1056 et
2221 1002 2564 1056 voluntatem
2597 1011 2650 1056 et
2703 1001 3088 1069 cogitationem
3142 1007 3197 1054 et
3232 1000 3557 1068 sapientiam

1985 1105 2242 1161 tanquam
2273 1092 2522 1146 habitum
2545 1091 2960 1146 convenientem
2979 1099 3034 1142 et
3057 1089 3559 1144 inconvenicntcin.

1983 1185 2048 1238 Et
2089 1184 2258 1238 simili
2295 1185 2508 1238 ratione
2549 1185 2792 1238 Joannes
2824 1183 3189 1238 Damascenus
3220 1183 3558 1236 voluntatem

1983 1283 2040 1329 et
2076 1275 2406 1343 sapientiam
2447 1283 2502 1328 et
2529 1276 2636 1327 vim
2668 1273 2866 1328 Filium
2892 1289 3011 1328 esse
3047 1273 3178 1328 dicit
3213 1273 3411 1328 Patris.
3440 1272 3558 1325 Non

1984 1367 2136 1420 enim
2169 1381 2464 1434 possumus
2503 1353 2806 1433 prmdicare
2857 1364 2924 1418 de
2957 1365 3069 1418 Deo
3117 1365 3460 1432 qualitatem.
3497 1376 3562 1414 ne

1985 1455 2353 1528 compositum
2413 1471 2542 1510 eum
2607 1456 2875 1526 tingamus
2905 1470 2972 1510 ex
3017 1455 3258 1508 essentia
3295 1463 3344 1507 et
3385 1453 3564 1520 quali-

1987 1557 2120 1606 tate.
2178 1549 2248 1604 Et
2300 1559 2566 1619 przeterea
2613 1547 2914 1618 Gregorius
2965 1547 3247 1618 Nyssenus
3300 1545 3435 1599 dicit
3481 1561 3567 1598 rc-

1986 1655 2120 1694 vera
2153 1639 2490 1710 sapientiam
2525 1651 2580 1692 et
2608 1639 2944 1692 voluntatem
2982 1637 3117 1690 nihil
3142 1651 3263 1692 esse
3292 1651 3454 1704 quam
3480 1653 3568 1687 sa-

295 1739 602 1809 Γρηγόριος
625 1735 794 1802 ὄντως
815 1740 1006 1808 σοφίαν
1028 1739 1120 1792 καὶ
1141 1739 1338 1810 βουλὴν
1353 1739 1506 1793 οὐδὲν
1528 1739 1714 1810 ἕτερον
1737 1736 1880 1794 εἶναι

1993 1732 2268 1802 pientiam,
2302 1732 2354 1786 in
2388 1734 2703 1784 universum
2734 1729 3187 1798 pranneditatatn,
3217 1729 3271 1782 in
3307 1744 3411 1796 qua
3439 1729 3564 1780 uni-

297 1832 454 1898 λέγει
485 1831 628 1894 πλὴν
659 1833 759 1902 τῆς
781 1831 876 1884 τοῦ
901 1833 1104 1896 παντὸς
1130 1833 1640 1904 προεπινοουμένης
1672 1833 1884 1902 σοφίας,

297 1922 360 1973 ὲν
390 1915 513 1990 ﬁes
544 1921 727 1974 πάντα
753 1920 974 1989 ἐγένετο
1005 1922 1099 1974 καὶ
1126 1920 1486 1990 διεκοσμήθη·
1515 1923 1750 1992 Χριστὸς
1777 1922 1887 1992 γὰρ

299 2005 440 2060 Θεοῦ
469 2007 706 2077 δύναμις
745 2007 841 2060 καὶ
872 2005 1008 2059 Θεοῦ
1065 2007 1250 2076 σοφία.
1289 2008 1398 2062 Καὶ
1427 2008 1586 2061 τοῦτο
1623 2010 1723 2079 μὲν
1760 2012 1890 2080 περὶ

294 2099 398 2154 τοῦ
448 2101 652 2154 ταυτὸν
707 2097 852 2152 εῖναι
905 2099 1048 2154 κατὰ
1102 2101 1166 2154 τὸ
1212 2103 1620 2172 σημαινόμενον
1675 2104 1889 2171 οὐσίαν,

295 2193 538 2260 δύναμιν
573 2194 670 2247 καὶ
699 2193 1090 2264 βούλησινκαὶ
1125 2197 1340 2264 σοφίαν.
1399 2195 1489 2248 Ἐν
1525 2196 1710 2260 ἄλλοις
1733 2197 1778 2249 δ’
1803 2197 1892 2250 εὐ-

299 2279 556 2350 ρίσκεται
604 2281 782 2349 λέγων
811 2285 840 2336 ὁ
875 2283 1021 2346 θεῖος
1073 2283 1332 2354 Μάξιμος
1367 2285 1444 2350 ὡς
1473 2287 1506 2356 ἡ
1537 2287 1759 2358 οέλησις
1793 2289 1889 2341 καὶ

299 2370 332 2437 ἡ
360 2369 626 2439 βούλησις
664 2371 766 2424 οὐκ
795 2371 910 2424 ἐστι
941 2373 1144 2426 ταυτὸν
1174 2376 1240 2444 τῇ
1273 2373 1434 2444 οὐσία
1461 2374 1555 2426 τοῦ
1583 2375 1740 2428 Θεοῦ.
1784 2394 1802 2428 ι
1825 2375 1892 2429 Ἥ

303 2461 406 2530 μὲν
435 2465 548 2534 γὰρ
579 2463 802 2533 θέλησις
839 2467 936 2520 καὶ
963 2465 1194 2536 ἄρχεται
1224 2470 1318 2520 καὶ
1351 2467 1620 2524 παύεται·
1657 2471 1691 2540 ἡ
1715 2470 1772 2523 δὲ
1799 2469 1892 2523 οὐ·

303 2549 396 2602 σία
416 2549 546 2602 οὔτε
585 2551 818 2622 ἄρχεται
845 2551 970 2606 οὔτε
997 2553 1257 2608 παύεται.
1295 2554 1367 2608 Τὸ
1397 2555 1441 2608 δ’
1467 2557 1770 2628 ἀρχόμενον
1798 2558 1893 2612 καὶ

303 2643 620 2713 παυόμενον
665 2644 744 2714 τῷ
791 2648 934 2715 μήτε
983 2648 1282 2720 ἀρχομένῳ
1327 2649 1467 2720 μήτε
1512 2651 1809 2720 παυομένῳ
1837 2650 1894 2702 τὺ

306 2737 440 2790 αὐτὸ
473 2733 618 2792 εἶναι
663 2738 726 2790 οὐ
761 2739 1008 2794 δύναται.
1053 2741 1116 2794 Εἰ
1166 2742 1278 2812 γὰρ
1312 2745 1508 2796 ταυτὸν
1531 2739 1601 2814 ἦν
1630 2746 1698 2816 τῇ
1735 2744 1895 2814 οὐσίᾳ

303 2831 400 2884 τοῦ
433 2827 572 2884 Θεοῦ
603 2833 636 2900 ἡ
676 2830 958 2902 βούλησις,
995 2833 1165 2904 ἐχρῆν
1196 2837 1330 2904 μιᾶς
1361 2833 1528 2906 οὔσης
1567 2836 1666 2906 τῆς
1708 2835 1896 2900 οὐσίας

311 2925 444 2994 μίαν
469 2920 611 2978 εἶναι
633 2925 728 2978 καὶ
747 2924 848 2994 τὴν
871 2925 1115 2996 θέλησιν.
1134 2925 1274 2978 Ἀλλ’
1304 2929 1337 2996 ὴ
1359 2927 1572 2998 Γραφὴ,
1602 2945 1620 2978 ι
1652 2929 1887 2994 Πάντα,›

309 3019 498 3088 φησὶν,
537 3037 557 3070 ι
581 3019 682 3072 ὅσα
709 3019 996 3089 ἠθέλησεν,
1029 3018 1278 3091 ἐποίησε.
1309 3019 1490 3074 Πολλὰ
1521 3020 1614 3074 οὖν
1657 3020 1894 3091 ἠθέλησε

309 3115 402 3166 καὶ
447 3113 547 3182 οὐχ
595 3112 676 3166 ἓν.
709 3132 730 3165 ι
771 3113 879 3166 Καὶ
923 3113 1128 3182 ὁμοίως
1176 3115 1204 3166 ὁ
1250 3114 1393 3178 θεῖος
1426 3115 1715 3186 Κύριλλος,
1753 3133 1773 3168 ι
1827 3115 1892 3170 Ἦ

305 3206 482 3272 ἐνθλςρ
509 3222 585 3276 φη
597 3206 666 3268 si,
689 3223 708 3257 ι
727 3205 836 3259 τῶν
863 3206 1298 3277 ὠνομασμένων,
1327 3208 1564 3278 Πατρὺς,
1597 3207 1762 3276 λέγω,
1797 3210 1894 3262 καὶ

307 3297 444 3354 Υίοῦ
487 3303 583 3352 καὶ
621 3299 782 3366 ἁγίου
825 3300 1172 3370 Πνεύματος,
1217 3301 1592 3372 δημιουργικὴ
1643 3301 1888 3372 θέλησις,

307 3391 394 3458 ἐφ’
419 3391 640 3460 ὅτῳπερ
669 3391 736 3444 ἂν
785 3391 1005 3460 λέγοιτο
1055 3393 1318 3461 γενέσθαι
1375 3393 1560 3464 τυχὸν,
1605 3393 1894 3464 ἐνέργημα

313 3481 416 3550 μὲν
447 3479 614 3532 αὐτοῦ
646 3481 786 3533 ἐστι·
816 3481 959 3551 πλὴν
986 3481 1075 3536 διὰ
1104 3483 1288 3552 πάσης
1315 3481 1539 3553 ἔρχεται
1565 3485 1662 3554 τῆς
1699 3485 1892 3556 0561:11-

305 3585 421 3635 τος,
459 3571 552 3624 καὶ
574 3571 674 3640 τῆς
709 3571 852 3642 ὑπὲρ
887 3573 986 3644 τὴν
1020 3575 1196 3628 κτίσιν
1227 3575 1418 3639 οὐσίας
1445 3577 1595 3632 ἐστὶν
1625 3578 1890 3632 ἀποτέλε-

311 3679 452 3731 σμα.
483 3681 502 3714 ι
565 3661 734 3732 Ὁρᾷς
765 3663 884 3726 πῶς
927 3666 961 3734 ἡ
1013 3664 1124 3718 τῶν
1161 3666 1447 3736 ὀνομάτων
1479 3671 1578 3724 καὶ
1627 3671 1894 3740 ῥημάτων

309 3755 520 3822 γνῶσις
551 3755 974 3826 ἑπιστημονικὴ,
1019 3756 1091 3808 δι’
1115 3750 1191 3813 ὧν
1225 3758 1378 3826 λόγοι
1414 3761 1509 3813 καὶ
1540 3761 1894 3830 ἀποφαντικὰ

309 3848 568 3918 δόγματα
587 3851 766 3904 πάντα
784 3848 918 3918 πρὸς
934 3850 1148 3918 γένεσιν
1169 3849 1444 3920 ἔρχονται,
1461 3852 1702 3923 μεγάλης
1720 3855 1896 3908 δεῖται

307 3941 414 4011 τῆς
437 3941 718 4011 περινοίας
739 3943 1184 4010 κα“ιὲξετάσεως;
1223 3945 1490 4015 ὁμώνυμα
1519 3943 1627 4015 γάρ
1661 3946 1779 3998 ἐστι
1827 3944 1897 3998 τὰ

311 4035 518 4090 nulla.
537 4037 648 4090 Καὶ
674 4035 766 4090 διὰ
793 4037 952 4090 τοῦτο
993 4041 1195 4098 πάντες
1218 4040 1266 4092 oi
1289 4039 1395 4092 τῶν
1447 4039 1743 4109 αίρετικῶν
1779 4039 1898 4092 θία-

313 4145 424 4196 σοι,
455 4129 670 4192 τούτοις
701 4129 1192 4200 ἐγκαλυπτόμενοι,
1225 4129 1506 4196 τοξεύουσι
1564 4132 1686 4184 κατ’
1715 4130 1898 4184 ἄλλοτ’

311 4221 516 4282 ἄλλους
543 4221 774 4291 καιροὺς
795 4223 1016 4292 ἀφανῶς
1034 4223 1134 4293 τὴν
1165 4221 1450 4276 εὐσέϐειαν
1465 4221 1540 4284 ὡς
1566 4224 1632 4276 ὲκ
1652 4221 1858 4292 λόχμης
1877 4238 1894 4254 ·

309 4307 356 4380 ᾧ
377 4313 448 4384 δὴ
474 4313 570 4366 καὶ
597 4313 774 4380 λέγων
805 4315 900 4368 καὶ
921 4315 1150 4384 γράφων
1186 4317 1273 4368 καὶ
1301 4314 1462 4377 αὐτὸς
1483 4313 1754 4383 κέχρησαι
1781 4312 1892 4365 τολ-

1990 1835 2151 1874 versa
2185 1819 2328 1874 facta
2361 1821 2472 1874 sint
2524 1829 2580 1874 et
2613 1818 2906 1872 adornata.
2965 1817 3220 1872 Christus
3277 1820 3422 1870 enim
3471 1818 3562 1870 ltci

1989 1923 2075 1970 est
2109 1915 2192 1968 vis
2223 1923 2279 1968 et
2305 1913 2401 1968 Dei
2427 1912 2718 1982 sapientia.
2749 1913 2928 1980 Atque
2961 1911 3063 1965 hoc
3090 1909 3311 1980 quidem
3336 1907 3568 1964 sufﬁciat

1992 2008 2062 2064 de
2087 2023 2176 2070 eo,
2203 2006 2354 2076 quod
2387 2005 2532 2060 idem
2563 2014 2646 2059 est
2672 2021 2736 2058 ex
2767 2004 3168 2076 signiﬁcatione
3199 2003 3460 2065 essentia,
3486 2003 3568 2055 vis

1991 2108 2048 2154 et
2075 2099 2338 2154 voluntas
2362 2106 2418 2152 et
2446 2097 2742 2166 sapientia.
2777 2097 2854 2152 Ex
2885 2096 3006 2151 aliis
3041 2097 3346 2166 reperimus
3377 2095 3568 2150 dicen-

1993 2201 2102 2246 tem
2145 2191 2440 2246 Maximum
2495 2189 2791 2244 divinum:
2845 2189 3148 2244 Consilium
3207 2197 3264 2244 et
3311 2188 3568 2242 voluntas

1993 2299 2102 2340 non
2133 2293 2262 2338 sunt
2299 2283 2444 2338 idem
2475 2293 2641 2353 atque
2669 2283 2910 2338 essentia
2943 2282 3074 2350 Dei;
3123 2283 3382 2338 voluntas
3419 2284 3569 2338 enim

1994 2386 2050 2432 et
2085 2377 2281 2446 incipit
2315 2386 2372 2431 et
2399 2376 2630 2442 desinit,
2655 2376 2898 2432 essentia
2934 2385 3120 2432 autem
3149 2391 3330 2446 neque
3380 2375 3573 2443 incipit

1995 2485 2176 2540 neque
2209 2470 2455 2535 desinit;
2493 2469 2640 2539 quod
2665 2481 2847 2524 autem
2880 2468 3074 2540 incipit
3103 2476 3160 2522 et
3195 2469 3416 2533 desinit,
3446 2484 3570 2523 cuin

1996 2580 2084 2629 eo,
2115 2563 2262 2634 quod
2289 2578 2470 2633 neque
2498 2562 2902 2631 incipitneque
2969 2561 3195 2625 desinit,
3250 2561 3396 2616 idem
3452 2576 3574 2616 c550

1995 2671 2108 2709 non
2139 2663 2344 2726 potest.
2392 2653 2622 2710 Etenim
2675 2654 2720 2708 si
2761 2653 2908 2707 idem
2947 2663 3097 2709 esset
3149 2669 3276 2708 cum
3339 2653 3575 2708 essentia

1997 2748 2091 2803 Dei
2134 2749 2415 2812 voluntas,
2441 2755 2728 2817 oporteret
2747 2761 2872 2800 cum
2898 2761 3008 2800 una
3024 2747 3094 2800 sit
3121 2747 3380 2810 essentia,
3408 2761 3572 2800 unam

1997 2855 2119 2898 esse
2167 2840 2336 2896 etiam
2377 2840 2744 2896 voluntatem.
2781 2839 2890 2894 Sed
2946 2838 3257 2908 Scriptura,
3291 2857 3309 2889 ι
3352 2837 3574 2904 Omnia,

1941 2981 1944 2984 .
2001 2935 2207 3004 inquit,
2244 2948 2594 3004 quaecunque
2629 2933 2828 3002 voluit,
2869 2934 3136 2988 creavit»
3205 2932 3374 2988 Multa
3407 2933 3577 3002 igitur

1998 3025 2192 3088 voluit,
2229 3040 2412 3094 neque
2437 3039 2574 3079 vero
2597 3039 2790 3080 unum.
2823 3022 2892 3086 Et
2913 3023 3080 3079 simili
3110 3024 3318 3078 ratione
3340 3025 3580 3096 Cyrillns

1997 3116 2240 3182 divinus,
2297 3117 2586 3183 Voluntas,
2664 3117 2868 3188 inquit,
2925 3118 3091 3172 unius
3141 3119 3575 3180 nominatorum,

1999 3210 2188 3266 Patris
2218 3209 2342 3265 dico
2363 3218 2420 3264 et
2447 3209 2572 3264 Filii
2603 3219 2661 3264 et
2689 3210 2852 3280 293
2881 3209 3124 3280 Spiritus
3158 3212 3357 3276 sancti,
3383 3229 3578 3267 creans

1995 3301 2139 3368 apud
2162 3313 2550 3370 quemcunque
2568 3313 2690 3358 esse
2715 3299 2942 3366 dicitur,
2964 3300 3172 3356 factum
3191 3301 3314 3370 ejus
3339 3311 3442 3369 est,
3481 3305 3574 3358 ει-ιι

1995 3405 2096 3460 per
2127 3398 2294 3444 totam
2327 3390 2672 3448 divinitatem
2696 3399 2782 3446 est
2811 3390 2928 3446 fusa
2959 3392 3312 3458 etessentiae,
3343 3409 3467 3463 quae
3491 3403 3578 3448 est

1993 3490 2123 3538 ante
2153 3482 2512 3547 creationem,
2547 3493 2634 3538 est
2659 3482 2946 3552 perfectio.
2973 3483 3157 3549 Vides,
3189 3485 3474 3539 nominum
3525 3497 3580 3542 et

1997 3573 2302 3629 verborum
2325 3574 2694 3644 cognitionem
2723 3575 3182 3645 philosophicam,
3207 3593 3236 3630 a
3254 3577 3459 3646 quibus
3479 3595 3578 3631 nu-

2001 3666 2184 3722 tiones
2214 3675 2271 3722 et
2301 3665 2556 3737 dogmata
2605 3668 2906 3722 constituta
2932 3669 3110 3722 omnia
3162 3671 3442 3734 oriuntur,
3463 3688 3578 3724 nia-

1993 3775 2156 3830 gnam
2178 3761 2462 3830 requirere
2476 3759 2820 3829 prudentiam
2842 3771 2898 3816 et
2917 3761 3278 3832 quaestionem
3303 3764 3499 3833 :ejusdt
3523 3779 3575 3818 m

1997 3852 2146 3906 enim
2173 3852 2419 3908 nominis
2443 3860 2573 3907 sunt
2601 3853 2943 3922 plerumque.
2977 3853 3044 3910 Et
3069 3864 3358 3926 propterea
3384 3870 3576 3912 omnes

1996 3936 2386 4002 hzereticOrum
2418 3957 2596 4002 coetus
2621 3989 2636 4014 ,
2667 3947 2755 4002 his
2789 3948 3065 4012 involuti,
3100 3956 3298 4018 petunt
3345 3949 3577 4004 diversis

1996 4037 2342 4108 temporibus
2379 4037 2620 4094 obscure
2654 4039 2916 4107 pietatem
2953 4049 3212 4110 tauquam
3237 4054 3306 4094 ex
3337 4038 3576 4106 insidiis,

1995 4145 2102 4200 qua
2125 4139 2180 4184 et
2199 4130 2316 4200 ipse
2341 4143 2475 4184 usus
2497 4145 2558 4186 es
2574 4132 2804 4186 audacia
2820 4141 2876 4188 et
2895 4129 3130 4188 dicendo
3173 4140 3230 4186 et
3281 4129 3580 4188 scribendo

1995 4224 2223 4280 omnino
2277 4223 2516 4278 maxime
2589 4235 2780 4280 contra
2848 4223 3104 4293 dogmata
3158 4223 3340 4279 divina
3395 4225 3576 4277 omnia

1995 4316 2106 4380 illa,
2139 4331 2201 4370 ac
2233 4329 2412 4384 neque
2447 4325 2762 4384 pascentem
2800 4315 2988 4370 omnia
3010 4315 3140 4370 solis
3177 4316 3381 4386 ignem,
3412 4331 3578 4386 quem

311 4407 534 4476 μήματι
563 4405 877 4460 παντάπασι
917 4409 1058 4460 κατὰ
1104 4407 1212 4462 τῶν
1244 4407 1404 4460 θείων
1432 4407 1720 4477 δογμάτων
1745 4408 1889 4476 μάλι-

2007 4417 2202 4462 testem
2237 4409 2408 4462 habes
2449 4408 2732 4477 pravitatis
2773 4417 2900 4473 tuae,
2935 4407 3146 4464 vereris
3171 4448 3186 4472 ,
3219 4421 3402 4476 neque
3445 4407 3582 4461 setis

309 4497 642 4554 σταπάντων
659 4499 907 4566 ἐκείνων,
921 4502 1013 4552 καὶ
1042 4497 1166 4553 οὔτε
1181 4499 1282 4571 τὴν
1299 4500 1368 4554 τὰ
1385 4500 1567 4554 πάντα
1587 4499 1886 4570 βόσκουσαν

1998 4513 2306 4555 crca'orem
2357 4514 2536 4568 neque
2567 4499 2850 4553 hominum
2891 4510 3241 4568 quemquam.

309 4595 468 4666 ἡλίου
495 4594 665 4663 φλόγα
701 4595 955 4666 μάρτυρα
985 4595 1082 4664 τῆς
1107 4595 1373 4666 πονηρίας
1401 4593 1538 4665 ἔχων
1565 4595 1824 4666 αἰσχύνῃ,
1847 4592 1972 4648 οὔτε
1995 4594 2102 4664 μὴν
2119 4592 2211 4646 τὸν
2227 4591 2322 4646 τοῦ
2347 4591 2501 4660 ἡλίου
2524 4589 2588 4660 δη
2599 4589 2996 4660 μιουργὺνοῦΐ
3023 4591 3324 4663 ἀνθρώπων
3355 4593 3573 4650 οὐδένα.

387 4687 491 4742 ΙΓ’.
515 4691 624 4743 Kal.
649 4688 738 4740 ἵνα
762 4705 822 4740 σε
846 4689 939 4741 καὶ
981 4688 1082 4758 τὴν
1108 4687 1206 4756 τῆς
1239 4689 1524 4756 ἐνεργείας
1551 4688 1750 4752 διδάξω
1782 4704 1897 4757 φω-

307 4781 412 4850 νὴν
441 4779 609 4834 οὖσαν
637 4779 842 4846 μᾶλλον
869 4779 981 4832 τῶν
1009 4779 1325 4849 ὁμωνύμων
1361 4779 1552 4850 αὐτὴν,
1591 4779 1656 4852 [ί.
1690 4779 1794 4834 MO
1821 4777 1892 4851 r.]

309 4877 412 4929 καὶ
441 4873 869 4943 λαμϐανομένην
920 4873 1014 4926 καὶ
1065 4873 1154 4924 ἐπ’
1189 4871 1366 4926 ἄλλων
1420 4873 1544 4942 μὲν,
1578 4873 1713 4926 ἀλλὰ
1757 4873 1896 4927 κάπὶ

307 4965 414 5033 τῆς
447 4965 598 5026 θείας
626 4964 843 5034 ἐκείνης
869 4965 964 5016 καὶ
1000 4963 1280 5032 μακαρίας
1313 4962 1502 5025 οὐσίας
1530 4964 1624 5016 καὶ
1659 4962 1896 5029 φύσεως,

304 5061 444 5110 ὅταν
500 5055 966 5128 ἁπροσδιορίστως
1025 5056 1276 5124 λέγηται,
1327 5054 1420 5106 τοῦ
1479 5055 1626 5107 Θείου
1677 5053 1895 5123 πρῶτον

305 5150 482 5203 ἄκουε
523 5147 802 5218 Μαξίμου·
839 5167 858 5198 ι
899 5147 962 5200 Ἦ
999 5145 1560 5216 αὑτοῦπεραγαθότης
1603 5143 1728 5208 νοῦς
1762 5143 1898 5197 οὖσα

305 5247 410 5296 καὶ
443 5243 540 5310 ὅλη
593 5244 846 5310 ἐνέργεια
897 5243 976 5301 εἰς
1010 5238 1208 5306 ἑαυτὴν
1243 5237 1600 5308 ἐστραμμένη
1641 5236 1898 5306 ἐνέργειά

305 5341 490 5398 ἐστιν,
519 5337 580 5388 ού
629 5335 862 5402 δυνάμει
913 5337 1183 5402 πρότερον
1242 5330 1376 5384 οὖσα
1411 5331 1718 5402 ἀφροσύνη,
1779 5327 1896 5382 εἷτα

303 5425 440 5488 νοῦς
473 5424 726 5496 ἐνεργείᾳ
751 5424 1047 5494 γενομένη.
1098 5421 1262 5478 Ὅθεν
1301 5423 1392 5475 καὶ
1418 5421 1541 5486 νοῦς
1577 5423 1698 5475 ἐστι
1731 5421 1895 5490 μόνος

301 5517 578 5586 καθαρὸς,
613 5517 712 5570 οὐκ
735 5507 1030 5587 ἐπίκτητον
1061 5515 1199 5585 ἔχων
1226 5514 1286 5567 τὸ
1318 5517 1557 5584 φρονεῖν,
1593 5515 1728 5566 ἀλλὰ
1763 5513 1897 5582 παρ’

299 5613 512 5667 ἑαυτοῦ
543 5612 758 5672 πάντως
786 5613 920 5664 νοεῖ.
949 5611 1009 5662 Εἰ
1041 5611 1148 5679 γὰρ
1183 5610 1214 5678 ἡ
1240 5610 1338 5676 μὲν
1369 5608 1527 5660 οὐσία
1560 5607 1726 5660 αὐτοῦ
1758 5607 1892 5676 ἄλλη

301 5707 486 5772 ἐστὶν,
523 5705 562 5760 δι
591 5705 648 5758 δὲ
675 5707 786 5760 νοεῖ
813 5706 976 5776 ἕτερα
1023 5703 1186 5757 αὑτοῦ
1221 5705 1388 5768 ἐστιν,
1421 5702 1650 5772 ἀνόητος
1675 5701 1828 5754 ἔσται
1859 5703 1892 5772 ἡ

2063 4683 2205 4740 Xlll.
2240 4685 2308 4739 Et
2347 4693 2407 4738 ut
2439 4694 2492 4738 te
2517 4684 2685 4738 etiam
2716 4681 3024 4739 efﬁcientia:
3067 4683 3326 4741 edoceam
3383 4703 3576 4743 vocem

1993 4791 2116 4834 esse
2147 4776 2317 4848 magis
2343 4773 2662 4828 earumdem
2691 4775 2978 4827 nominum
3007 4773 3205 4844 ipsam,
3233 4782 3288 4830 et
3317 4782 3576 4846 usurpari

1995 4879 2052 4926 et
2080 4869 2134 4924 in
2167 4869 2292 4924 aliis
2321 4865 2680 4936 quidem,sed
2711 4873 2766 4920 et
2791 4867 2844 4920 in
2876 4865 3058 4920 divina
3088 4865 3178 4920 illa
3215 4875 3272 4922 et
3303 4868 3460 4924 beata
3487 4888 3579 4924 cr;-

1997 4963 2174 5018 sentia
2215 4971 2270 5016 et
2302 4969 2522 5024 natura,
2574 4974 2700 5014 cum
2729 4959 3026 5015 indiscrete
3057 4961 3297 5026 dicatur,
3333 4963 3578 5032 primum

1995 5053 2244 5108 divinum
2279 5053 2471 5108 audias
2501 5051 2796 5106 Maximum
2841 5069 2860 5108 :
2891 5052 3123 5108 Maxima
3159 5053 3412 5122 bonitas,
3459 5073 3488 5125 q
3517 5076 3581 5110 te

2009 5163 2160 5204 meus
2192 5157 2296 5214 est,
2341 5157 2394 5201 et
2424 5149 2602 5203 omnis
2629 5145 2950 5214 eﬂicientia,
2981 5153 3036 5204 in
3071 5165 3129 5204 se
3161 5153 3580 5218 conversa,elli-

2005 5244 2202 5298 cientia
2225 5251 2472 5310 est,cum
2507 5257 2614 5294 non
2641 5242 2946 5297 secundum
2978 5246 3282 5314 potentiam
3317 5255 3475 5322 antea
3511 5249 3584 5302 sit

1999 5337 2258 5398 amentia,
2305 5341 2494 5404 postea
2537 5349 2692 5388 mens
2745 5335 3050 5391 secundum
3098 5336 3580 5404 efﬁcientiamtit;

2001 5429 2182 5496 itaque
2213 5427 2378 5482 etiam
2423 5441 2582 5482 mens
2621 5437 2708 5482 est
2751 5429 2866 5484 sola
2915 5445 3201 5499 pura,non
3239 5431 3444 5486 factitia
3487 5449 3580 5482 u-a

1997 5521 2350 5588 cogitatione.
2383 5519 2478 5574 sed
2511 5535 2608 5589 per
2627 5535 2686 5574 se
2710 5523 2880 5590 ipsam
2929 5525 3154 5578 omnino
3187 5525 3440 5590 intelligit
3493 5525 3580 5574 lit-

1998 5614 2142 5666 enim
2171 5613 2214 5666 si
2235 5613 2468 5668 essentia
2490 5615 2608 5683 ejus
2629 5614 2846 5670 diversa
2867 5627 2970 5681 est,
2991 5633 3110 5686 quae
3133 5627 3310 5670 autem
3327 5617 3486 5684 29.;
3505 5621 3584 5669 in—

1999 5701 2214 5772 tciligit,
2231 5702 2298 5758 ab
2327 5717 2390 5758 ea
2413 5703 2628 5760 diversa
2662 5706 2940 5771 sunt,sine
2967 5719 3129 5758 sensu
3149 5708 3214 5757 sit
3251 5719 3474 5758 necesse
3499 5717 3580 5757 t‘rl
