3994 6204
519 283 628 348 259

1722 285 2144 352 NICEPHORI
2190 291 2578 356 GREGORE

3680 283 3780 346 260

517 399 758 457 essentia
787 399 922 471 eius.
951 399 1005 454 Si
1033 398 1164 470 quid
1192 407 1374 452 autem
1402 395 1590 461 habet,
1623 413 1650 451 a
1680 415 1738 453 se
1770 402 1884 468 ipsa
1912 402 2094 461 habet.

2212 405 2370 456 οὐσία
2399 404 2568 457 αὑτοῦ
2589 419 2601 434 ·
2640 404 2756 456 είτι
2781 402 2836 453 δὲ
2866 400 3003 469 ἔχει,
3036 398 3164 466 παρ’
3190 395 3387 450 ἑαυτοῦ
3413 395 3544 463 εχει,
3569 394 3631 446 οὐ
3658 393 3782 464 παρ’

523 509 629 549 non
663 496 733 548 ab
763 493 889 548 alio.
920 492 974 546 Si
1003 507 1031 545 a
1055 509 1110 545 se
1141 493 1279 561 ipsa,
1304 490 1468 544 etiam
1499 506 1595 558 per
1624 490 1794 558 ipsam
1825 491 2100 560 intelligit.

522 589 644 655 Ipsa
679 596 862 641 autem
893 595 976 638 est
1009 600 1095 648 ea,
1129 600 1250 652 qum
1279 583 1567 650 intelligit;
1609 582 1776 650 igitur
1797 599 1921 637 cum
1951 600 2105 639 mens

522 679 614 739 sit,
648 693 838 730 revera
890 676 1146 744 intelligit
1174 689 1236 727 ea
1273 688 1392 742 quae
1421 674 1492 725 ita
1524 685 1652 727 sunt
1679 687 2018 739 comparata,
2049 686 2107 729 ut

521 788 583 824 ea
619 772 755 838 ipsa.
788 768 952 820 Vides
985 766 1339 820 efﬁcientiam
1378 775 1430 816 et
1479 778 1716 818 mentem
1747 775 1804 820 et
1835 767 2104 820 rationem

523 861 870 932 intelligendi
911 869 965 914 et
996 859 1272 929 cogitandi
1319 860 1434 911 sive
1473 858 1893 924 intelligentiam
1929 869 1983 912 et
2014 873 2106 914 eo-

521 956 846 1023 gitationcm
884 953 1027 1006 idcut
1077 966 1198 1004 esse
1230 965 1352 1002 cum
1390 951 1629 1003 essentia
1672 950 2041 1004 demonstrari
2075 968 2103 1004 a

518 1045 708 1098 divino
739 1043 832 1096 illo
861 1041 1161 1110 magistro?
1190 1041 1388 1109 Accipe
1414 1052 1596 1094 autem
1635 1056 1799 1109 porro
1828 1041 1992 1094 ctiam
2025 1040 2106 1094 al-

520 1149 698 1190 terum
738 1135 986 1205 ejusdem
1019 1136 1226 1189 dictum
1256 1136 1449 1188 eodem
1493 1135 1656 1187 tuodo
1684 1145 2059 1201 comparatum
2089 1152 2104 1187 :

515 1229 670 1283 Nulla
696 1245 782 1282 res
802 1228 1025 1281 omnino
1047 1243 1144 1296 per
1158 1245 1214 1280 se
1247 1227 1361 1294 ipsa
1383 1237 1466 1280 est
1494 1226 1723 1294 simplex
1747 1227 1986 1280 essentia
2010 1236 2107 1282 aut

514 1320 894 1390 intelligentia,
919 1329 977 1373 ut
1011 1320 1177 1372 etiam
1235 1334 1424 1372 monas
1472 1317 1543 1371 sit
1583 1315 1890 1370 individua.
1929 1317 2101 1372 Deum

509 1421 692 1467 autem
755 1411 870 1465 sive
919 1411 1212 1465 essentiam
1264 1410 1519 1473 dicimus,
1539 1423 1649 1462 non
1689 1408 1850 1462 habet
1889 1407 1979 1462 ille
2030 1409 2106 1463 si-

511 1507 624 1560 mul
658 1504 994 1575 intelligendi
1023 1507 1153 1570 vim,
1178 1502 1283 1556 nisi
1309 1503 1452 1557 forte
1482 1501 1822 1573 compositus
1853 1510 1960 1565 est,
1987 1500 2103 1556 sive

510 1597 946 1665 intelligentiam,
976 1611 1082 1648 non
1107 1593 1274 1647 habet
1303 1608 1332 1646 a
1365 1603 1560 1646 natura
1607 1592 1963 1660 recipientem
2009 1589 2102 1645 ille

510 1689 891 1758 intelligentia:
933 1684 1270 1755 suppositam
1292 1682 1734 1738 essentiam.Sed
1769 1691 1986 1752 propter
2015 1696 2105 1736 es-

507 1752 742 1834 sentiam
783 1779 926 1832 Deus
954 1752 1052 1830 esti
1086 1775 1469 1844 intelligentia,
1511 1783 1568 1828 et
1607 1783 1753 1829 totus
1783 1782 1866 1829 cst
1897 1772 2101 1828 intelli-
2135 1752 2174 1805 Β

509 1869 692 1941 gentia
722 1879 776 1924 et
802 1870 976 1923 solum
1001 1908 1014 1929 ,
1041 1875 1096 1921 et
1128 1874 1354 1936 propter
1386 1865 1801 1936 intelligentiam
1829 1866 2094 1936 essentia,

506 1973 563 2017 et
607 1971 752 2016 totus
803 1971 889 2016 est
911 1959 1150 2015 essentia
1182 1968 1231 2014 et
1263 1958 1438 2013 solum
1466 1967 1521 2012 et
1547 1965 1772 2030 propter
1797 1958 2094 2013 essentiam

511 2060 681 2115 totus,
725 2059 782 2104 et
830 2059 1056 2120 propter
1106 2047 1523 2113 intelligentiam
1563 2055 1732 2114 totus;
1763 2058 2099 2118 quapropter

507 2158 701 2196 monas
725 2152 809 2196 est
841 2141 1124 2196 individua
1149 2149 1205 2194 et
1229 2140 1464 2196 indivisa
1482 2149 1537 2194 et
1561 2140 1814 2210 simplex.
1834 2141 1900 2196 Et
1924 2142 2093 2207 alibi,

507 2231 696 2286 Monas
713 2231 880 2295 enim,
909 2231 1109 2300 inquit,
1133 2229 1392 2284 divinitas
1416 2239 1522 2295 est,
1540 2245 1719 2299 neque
1739 2245 1868 2285 vero
1891 2231 2022 2301 dyas
2042 2241 2101 2286 et

509 2325 778 2389 trias,sed
809 2339 916 2377 non
936 2323 1248 2387 multitudo,
1271 2323 1412 2378 initii
1447 2331 1812 2392 estexperset
1843 2325 2098 2396 incorpo-

510 2432 600 2472 rea
622 2424 678 2471 et
708 2415 1060 2470 constans.Et
1085 2430 1311 2470 rursus:
1336 2414 1471 2469 Illud
1489 2415 1632 2470 enim
1665 2426 1859 2470 natura
1885 2428 1970 2471 est
1987 2433 2101 2471 ma-

509 2509 654 2561 xime
682 2507 843 2576 295
874 2507 1050 2560 solum
1076 2547 1090 2568 ,
1126 2506 1429 2576 integrum,
1465 2506 1892 2576 incompositum
1928 2519 1980 2563 et
2012 2509 2095 2562 in-

505 2601 826 2656 dissolubile
859 2609 914 2655 et
945 2615 1099 2669 aeque
1135 2599 1292 2655 abest
1321 2615 1351 2654 a
1392 2600 1718 2655 substantiae
1750 2601 1983 2655 monade
2011 2609 2098 2656 at-

503 2707 611 2760 que
641 2707 670 2746 a
698 2690 942 2746 materia:
970 2690 1145 2760 dyade
1167 2700 1222 2744 et
1245 2705 1275 2744 a
1310 2690 1662 2746 multitudine
1694 2692 2088 2746 essentiarum.

511 2781 673 2837 Vides
708 2782 936 2836 omnino
979 2780 1127 2836 hunc
1158 2780 1408 2835 divinum
1437 2789 1622 2835 vetare
1655 2781 1980 2850 magistrum
2006 2781 2098 2836 hic

504 2890 694 2931 vocem
732 2873 925 2928 triadis
959 2882 1220 2942 tanquam
1257 2888 1548 2926 numerum
1597 2872 1898 2927 multorum
1937 2874 2086 2945 cogi-

503 2967 835 3022 tari?’l‘rias
870 2967 1040 3025 enim.
1086 2964 1286 3033 inquit,
1335 2974 1418 3019 est
1464 2980 1680 3028 monas,
1733 2980 1914 3035 neque
1956 2981 2091 3021 vero

2209 501 2393 554 ἄλλου.
2427 501 2485 553 ΕΞ
2512 501 2567 553 δὲ
2595 498 2726 568 παρ’
2761 495 2959 548 ἑαυτοῦ
2992 495 3088 546 καὶ
3119 496 3176 557 ἐξ
3222 489 3424 545 ἑαυτοῦ
3460 492 3589 552 νοεῖ,
3623 489 3778 552 αὑτός

2208 594 2355 645 ἐστιν
2385 592 2419 645 ἃ
2450 593 2581 644 νοεῖ.
2614 589 2825 643 Οὐκοῦν
2855 586 2979 647 νοῦς
3013 586 3091 638 ὢν
3114 585 3285 647 ὄντως
3319 584 3436 636 νοεῖ
3465 582 3528 634 τὰ
3553 581 3684 634 ὅντα
3709 580 3779 644 ὡς

2209 683 2300 734 ὧν.
2337 703 2354 732 ι
2411 683 2575 753 Ὁρᾷς
2620 683 2737 744 πῶς
2780 681 3062 747 ἐνέργειαν
3111 676 3206 728 καὶ
3246 673 3372 726 νοῦν
3397 673 3494 726 καὶ
3525 677 3666 724 νοεῖν
3692 676 3780 725 καὶ

2208 775 2449 842 φρονεῖν,
2483 772 2664 824 εῖτουν
2697 772 2883 836 νόησιν
2937 770 3032 820 καὶ
3068 767 3354 834 φρόνησιν,
3378 763 3576 816 ταυτὸν
3600 763 3664 830 τῇ
3696 761 3778 814 oo.

2208 868 2301 937 σία
2327 865 2598 917 δείκνυσιν
2648 865 2675 916 ὁ
2704 863 2849 924 θεῖος
2875 855 3047 922 ὀὗτος
3078 858 3432 920 διδάσκαλοςς
3473 855 3670 906 ’Ἄκουε
3696 919 3698 922 ν
3723 852 3778 905 δὲ

2205 960 2392 1012 λοιπδν
2423 959 2516 1011 καὶ
2565 957 2762 1025 ἑτέραν
2785 955 2882 1008 τοῦ
2917 953 3087 1007 αὐτοῦ
3111 954 3270 1021 ῥῆσιν
3303 949 3499 1018 ὁμοίως
3525 947 3773 1016 ἔχουσαν·

2211 1072 2228 1103 ι
2268 1052 2434 1105 Οὐδὲν
2464 1050 2574 1101 τῶν
2600 1050 2766 1102 ὄντων
2793 1050 2856 1099 τὸ
2888 1047 3110 1099 σύνολον
3139 1043 3270 1096 αὐτὸ
3318 1041 3440 1095 καθ’
3469 1039 3600 1094 αὐτὸ
3635 1036 3777 1107 ἁπλῆ

2203 1160 2286 1204 τις
2313 1141 2470 1194 οὐσία
2499 1140 2532 1209 ἢ
2557 1139 2741 1206 νόησίς
2769 1138 2940 1198 ἐστιν,
2965 1136 3054 1187 ἴνα
3077 1136 3174 1186 καὶ
3203 1130 3370 1202 μονὰς
3455 1127 3775 1196 ἀδιαίρετος.

2203 1236 2308 1290 Τὸν
2332 1235 2389 1288 δὲ
2422 1233 2559 1287 Θεὸν
2594 1231 2705 1285 εἴτε
2731 1231 2919 1284 οὐσίαν
2953 1229 3230 1296 εἴποιμεν,
3267 1223 3367 1276 οὐκ
3397 1221 3508 1291 ἔχει
3533 1217 3776 1288 φυσικῶς

2204 1327 2704 1396 συνεπινοουμένην
2739 1324 2838 1392 τὴν
2870 1321 2966 1374 τοῦ
3012 1318 3255 1373 νοεῖσθαι
3284 1315 3536 1378 δύναμιν,
3571 1312 3663 1365 ἵνα
3705 1309 3776 1380 μὴ

2201 1419 2234 1496 ᾖ
2272 1421 2526 1483 σύνθετος
2547 1434 2562 1448 ⁸
2595 1418 2704 1471 εἴτε
2730 1417 2939 1487 νόησιν,
2976 1414 3076 1466 οὐκ
3105 1411 3221 1483 ἔχει
3246 1414 3494 1479 φυσικῶς
3525 1402 3776 1473 δεκτικὴν

2200 1493 2303 1584 τῆς
2332 1515 2571 1580 νοήσεως
2627 1507 2999 1577 ὑποκειμένην
3043 1503 3256 1556 οὐσίαν.
3313 1497 3455 1552 ’Δλλ’
3483 1495 3616 1548 αὐτὸ
3660 1493 3776 1546 κατ’

2199 1605 2388 1658 οὐσίαν
2416 1603 2602 1672 νόησίς
2631 1603 2784 1654 ἐστιν
2815 1601 2842 1653 ὁ
2871 1597 3030 1660 Θεὸς,
3055 1595 3152 1648 καὶ
3175 1594 3297 1656 ὅλος
3327 1593 3516 1660 νόησις
3556 1589 3656 1641 καὶ
3685 1585 3768 1654 μό-

2201 1714 2314 1760 νον,
2349 1695 2446 1750 καὶ
2472 1693 2605 1748 αὐτὸ
2633 1693 2776 1746 κατά
2797 1689 2899 1762 τὴν
2923 1689 3108 1757 νόησιν
3137 1684 3316 1746 οὐσία.
3353 1683 3448 1736 καὶ
3471 1680 3592 1743 ὅλος
3623 1674 3780 1730 οὐσία

2203 1791 2300 1842 καὶ
2345 1788 2529 1856 μόνον,
2565 1788 2661 1840 καὶ
2687 1784 2829 1854 ὑπὲρ
2881 1782 3073 1836 οὐσίαν
3116 1780 3264 1844 ὅλος,
3303 1779 3400 1832 καὶ
3431 1774 3572 1843 ὑπὲρ
3594 1772 3778 1843 νόησιν

2200 1881 2341 1945 ὅλος,
2372 1880 2506 1934 διότι
2549 1877 2718 1948 μονὰς
2741 1875 3048 1948 ἀδιαίρετος
3077 1876 3174 1928 καὶ
3199 1869 3416 1942 ἀμερὴς
3438 1867 3537 1921 καὶ
3553 1865 3724 1934 ἁπλῆ.
3755 1881 3772 1916 ι

2201 1976 2312 2028 Κὰὶ
2334 1971 2594 2044 ἀλλαχοῦ,
2632 1990 2652 2024 ι
2679 1970 2868 2032 Μονὰς
2885 1969 3019 2038 γὰρ,
3061 1985 3081 2020 ι
3114 1966 3304 2035 φησιν,
3344 1981 3363 2014 ι
3388 1963 3421 2032 ή
3451 1960 3665 2030 θεότης,
3686 1957 3782 2012 καὶ

2202 2068 2260 2121 οὖ
2313 2066 2478 2129 δυὰς,
2528 2063 2624 2116 καὶ
2657 2061 2835 2130 τριὰς,
2888 2057 3004 2112 ἀλλ’
3033 2057 3095 2111 ού
3130 2054 3360 2125 πλῆθος,
3415 2053 3491 2116 ὡς
3518 2052 3779 2120 ἄναρχος,

2201 2157 2496 2226 ἀσώματος
2523 2174 2580 2210 τε
2613 2151 2708 2209 καὶ
2738 2152 3122 2211 ἀστασίαστος.
3140 2167 3158 2201 ι
3183 2147 3292 2201 Καὶ
3319 2146 3504 2206 πάλιν,
3534 2163 3554 2196 ι
3576 2144 3785 2198 Ἐκεῖνο

2203 2251 2313 2319 γὰρ
2343 2247 2503 2318 φύσει
2529 2243 2840 2315 μονώτατον
2862 2242 3086 2304 τέλειον,
3111 2239 3173 2291 τδ
3193 2235 3487 2290 ἀσύνθετον
3503 2234 3598 2288 καὶ
3619 2233 3787 2287 ἀσκέ-

2201 2341 2398 2394 δαστον
2453 2337 2550 2391 καὶ
2579 2334 2783 2405 φεῦγον
2817 2333 2906 2386 ἐπ’
2941 2331 3065 2400 ἴσης
3095 2329 3159 2384 τό
3199 2344 3260 2381 τε
3301 2325 3425 2380 καθ’
3478 2323 3787 2378 ὑπόστασιν

2205 2429 2494 2501 μοναδικδν
2521 2427 2617 2482 καὶ
2643 2427 2706 2480 τὸ
2732 2424 2856 2480 καθ’
2883 2422 3016 2491 ὓλην
3038 2421 3222 2474 δυῖκδν
3247 2419 3340 2473 κα)⁸
3364 2419 3426 2472 τδ
3451 2417 3574 2472 κατ’
3593 2415 3788 2469 οὐσίαν

2201 2518 2589 2585 πληθυντικόν.
2619 2535 2639 2570 ι
2688 2515 2854 2586 Ὁρᾷς
2879 2512 2998 2576 πῶς
3031 2511 3092 2564 τὸ
3139 2507 3518 2580 πληθυντικὴν
3541 2503 3786 2559 νοεῖσθαι

2201 2615 2302 2684 τὴν
2325 2612 2426 2681 τῆς
2452 2610 2683 2682 Τριάδος
2715 2604 2954 2661 ἐνταῦθα
2987 2603 3176 2672 φωνὴν
3221 2601 3574 2654 παντάπασιν
3593 2600 3621 2651 ὁ
3640 2597 3785 2660 θεῖος

2200 2703 2358 2769 οὗτος
2378 2699 2718 2772 ἀπαγορεύει
2751 2695 3110 2760 διδάσκαλοςς
3158 2692 3345 2754 Μονὰς
3369 2693 3500 2761 γάρ,
3531 2689 3722 2759 φησιν,
3750 2690 3782 2758 ἡ

2203 2799 2376 2869 Τριὰς
2408 2796 2505 2850 καὶ
2532 2797 2592 2848 οὐ
2636 2791 2867 2862 πλῆθος,
2917 2786 3176 2856 καὶπρὸς
3222 2802 3287 2853 γε
3324 2782 3639 2856 μονώτατον
3689 2783 3784 2835 καὶ

2202 2893 2408 2945 ἑνιαῖον
2431 2889 2527 2942 καὶ
2555 2887 2616 2941 ού
2653 2883 3045 2954 πληθυντικὸν,
3082 2881 3180 2935 καὶ
3217 2877 3312 2931 ἐπὶ
3331 2876 3544 2936 τούτοις
3573 2873 3783 2929 ἁπλοῦν

2201 2983 2296 3037 καὶ
2319 2982 2379 3035 οὐ
2415 2979 2696 3050 μεριστόν.
2735 2977 2812 3031 Τὸ
2849 2977 2952 3046 μὲν
2983 2975 3094 3044 γὰρ
3125 2971 3354 3036 τέλειον,
3401 2969 3462 3024 τὸ
3495 2969 3542 3022 δ’
3563 2968 3779 3030 ἀτελές.

502 3061 821 3123 multitudo,
851 3069 908 3113 et
937 3067 1207 3127 praeterea
1237 3059 1470 3112 maxime
1499 3058 1678 3114 solum
1706 3068 1763 3114 et
1799 3061 1963 3115 unius
1995 3076 2094 3116 ne-

2202 3072 2268 3124 Ὀ
2291 3070 2403 3140 γὰρ
2439 3069 2612 3123 αἴτιον
2646 3068 2885 3129 πάντων,
2919 3065 2978 3119 ἓν
3011 3065 3267 3126 πάντως·
3297 3061 3394 3116 καὶ
3437 3061 3466 3114 ὃ
3498 3060 3612 3114 τῶν
3650 3057 3780 3112 πολ·

500 3165 610 3221 que
643 3167 774 3205 vero
806 3148 1178 3203 multitudinis
1207 3147 1403 3211 inStar,
1437 3157 1494 3202 et
1536 3159 1804 3218 praeterea
1853 3150 2088 3219 simplex

502 3259 682 3314 neque
734 3259 866 3298 vero
919 3243 1256 3303 maximum;
1295 3241 1528 3295 alterum
1575 3245 1726 3296 enim
1774 3251 1862 3297 est
1911 3240 2089 3312 perfe-

501 3349 673 3402 ctum,
709 3337 947 3392 alterum
998 3334 1423 3405 imperfectum;
1455 3334 1605 3404 quod
1649 3335 1800 3390 enim
1834 3335 2085 3390 omnium

499 3442 588 3488 est
619 3446 807 3494 causa,
843 3430 895 3484 id
935 3429 1162 3484 omnino
1185 3436 1355 3482 ttnum
1387 3436 1494 3493 est,
1525 3436 1582 3482 et
1611 3427 1758 3496 quod
1790 3428 2088 3482 multorum

2190 3161 2299 3214 λῶν
2344 3160 2438 3212 καὶ
2470 3157 2741 3212 συνθέτων
2765 3159 2960 3220 αἴτιον,
2995 3154 3206 3209 ἁπλοῦν
3235 3154 3456 3214 πάντως
3491 3153 3592 3204 καὶ
3621 3148 3782 3202 ἀσύν-

2193 3251 2366 3306 θετον.
2395 3251 2457 3304 El
2486 3250 2596 3320 γὰρ
2625 3248 2700 3318 μὴ
2729 3249 2788 3300 ἓν
2821 3249 2961 3308 ἐστι,
3015 3246 3171 3300 οὐδέν
3220 3247 3390 3306 ἐστιν,
3439 3241 3782 3312 ὁποτέρωθεν

2190 3342 2341 3414 ὁρῴη
2361 3359 2446 3406 τις
2485 3343 2572 3398 ἄν.
2604 3341 2715 3394 Καὶ
2743 3339 2796 3392 εί
2847 3339 2924 3408 μὴ
2954 3337 3190 3401 ἁπλοῦν,
3218 3337 3331 3390 οὐδ’
3361 3335 3626 3390 ἐπέκεινα
3676 3331 3782 3386 τῶν

2191 3431 2258 3506 [1.
2294 3431 2396 3488 NO
2416 3431 2498 3503 0.]
2525 3431 2740 3486 πολλῶν
2774 3431 2870 3485 καὶ
2889 3430 3189 3484 συνθέτων.
3223 3429 3284 3481 Εἰ
3308 3426 3355 3480 δ’
3386 3425 3620 3490 ἁπλοῦν,
3651 3425 3782 3477 πᾶν·

501 3533 560 3580 ct
594 3522 1034 3592 compositorum
1065 3529 1366 3583 estcausa,
1394 3519 1629 3588 simplex
1660 3517 1894 3573 omnino
1923 3526 2091 3573 estet

2201 3543 2302 3589 τως
2332 3525 2427 3578 καὶ
2454 3521 2766 3594 ἀδιαίρετον
2809 3522 2928 3594 ἅμα
2953 3523 3051 3576 καὶ
3079 3520 3287 3591 ἀμερές
3311 3536 3325 3552 ο
3356 3521 3466 3573 τῶν
3519 3521 3636 3588 γὰρ
3662 3534 3781 3568 aov—

508 3616 963 3686 incompositum.
1001 3613 1217 3669 Etenim
1249 3611 1294 3666 si
1327 3627 1438 3666 non
1471 3625 1638 3664 unum
1667 3620 1788 3675 est,
1821 3609 1958 3664 nihil
1984 3618 2087 3674 εει,

502 3708 654 3767 unde
682 3709 1089 3771 discernamus,
1121 3721 1186 3760 ac
1227 3705 1272 3760 si
1323 3720 1431 3759 non
1484 3703 1746 3773 simplex,
1779 3701 1923 3758 idem
1977 3718 2090 3758 non

496 3810 590 3856 est
618 3801 758 3856 ultra
798 3800 970 3854 multa
1000 3807 1055 3852 et
1085 3797 1424 3867 composita;
1459 3795 1544 3850 sin
1594 3805 1778 3850 autem
1811 3795 2044 3865 simplex
2071 3834 2087 3860 ,

490 3894 723 3949 omnino
754 3904 838 3948 est
868 3892 1037 3947 etiam
1075 3889 1420 3944 individuum
1459 3887 1625 3943 simul
1674 3896 1730 3942 et
1769 3886 2088 3942 indivisum.

491 3983 816 4054 Composita
845 3982 997 4038 enim
1029 3980 1202 4036 dividi
1244 3988 1301 4034 et
1329 3978 1572 4034 discerni
1618 3988 1851 4048 possunt
1889 3977 1945 4032 in
1985 3993 2090 4044 ea,

493 4091 567 4129 ex
628 4077 832 4145 quibus
890 4082 1239 4129 contractum
1287 4080 1345 4126 et
1393 4073 1766 4141 compositum
1816 4079 1902 4126 est
1956 4069 2093 4126 illud

492 4169 868 4236 compositum
929 4176 987 4222 et
1035 4166 1418 4234 coniunctum.
1473 4164 1618 4230 Quot
1670 4163 1820 4218 enim
1875 4163 2093 4218 discer-

498 4268 732 4325 nuntur,
765 4269 847 4314 tot
877 4267 962 4315 est
994 4260 1354 4328 coniunctum
1385 4294 1401 4319 ,
1451 4273 1519 4311 ex
1569 4271 1680 4326 quo
1730 4257 1848 4312 haec
1885 4257 2096 4313 discer-

499 4363 732 4419 nuntur,
765 4361 820 4406 et
859 4359 997 4418 quot
1047 4349 1137 4404 illa
1190 4350 1388 4412 multa,
1433 4356 1514 4402 tot
1544 4348 1650 4404 hoc
1680 4363 1853 4403 unum
1875 4391 1889 4415 ,
1919 4364 1950 4403 a
1980 4365 2091 4420 quo

2193 3617 2367 3673 θέτων
2409 3618 2559 3670 ἐστὶν
2591 3616 2918 3687 ήδιαίρεσις
2963 3617 3060 3669 καὶ
3093 3615 3367 3685 διάκρισις
3398 3615 3480 3675 είς
3516 3615 3591 3666 τὰ
3631 3611 3691 3677 ἐξ
3711 3602 3782 3664 ὧν

2194 3708 2498 3781 συνῄρηται
2540 3724 2601 3762 τε
2655 3712 2753 3762 καὶ
2804 3709 3151 3762 συντέθειται
3181 3707 3244 3760 τὸ
3288 3707 3551 3760 σύνθετον
3603 3707 3776 3757 ικεῐνο

2193 3807 2291 3858 καὶ
2321 3803 2626 3876 ἡνωμένον.
2665 3802 2808 3856 Ὅσα
2838 3803 2948 3872 γὰρ
3003 3803 3072 3854 τὰ
3100 3801 3512 3872 διακρινόμενα.
3548 3795 3782 3852 τοσαῦτα

2192 3897 2255 3952 τὸ
2280 3897 2560 3968 ἡνωμένον
2605 3897 2701 3967 ἀφ’
2741 3888 2805 3950 οῦ
2836 3893 3000 3948 ταυτὶ
3031 3893 3412 3962 διακρίνεται·
3441 3891 3538 3944 καὶ
3577 3892 3680 3944 ὅσα
3715 3887 3780 3940 τά

2195 3990 2388 4052 πολλὰ,
2423 3989 2661 4044 τοσαῦτα
2691 3987 2753 4042 τὺ
2781 3987 2842 4041 ἐν
2862 3987 2956 4056 ἀφ’
2976 3980 3037 4040 οῦ
3058 3985 3384 4040 διίστανται.
3411 3982 3518 4036 Τοῦ
3547 3981 3781 4037 δ’ἀδιαι-

2198 4081 2358 4153 ρέτου
2409 4081 2508 4135 καὶ
2553 4079 2801 4151 ἀμεροῦς
2854 4079 2958 4133 οὐκ
3000 4077 3117 4131 ἐστι
3158 4076 3346 4130 λασεῑν
3382 4075 3576 4146 μόριον
3607 4072 3780 4130 οὐδὲν.

2194 4173 2321 4227 οῦτε
2342 4173 2608 4246 πρότερον
2641 4172 2819 4226 ἄλλων
2847 4171 2964 4225 οὔθ’
3004 4169 3236 4239 ὕστερον
3283 4169 3482 4228 ἀλλων,
3511 4166 3642 4220 οὔτε
3681 4163 3787 4236 μὴν

2198 4266 2374 4336 ἀρχὴν
2402 4263 2528 4318 οὔτε
2557 4264 2732 4335 πέρας
2754 4281 2770 4296 ο
2823 4264 2954 4319 ἄλλο
2989 4263 3095 4333 γὰρ
3127 4266 3188 4316 τὸ
3218 4265 3395 4330 πέρας
3425 4259 3524 4314 καὶ
3547 4259 3680 4314 ἀλλο
3725 4249 3785 4309 οῦ

2199 4358 2374 4428 πέρας
2403 4397 2418 4419 ,
2452 4359 2549 4410 καὶ
2602 4356 2671 4411 αῦ
2733 4356 2922 4426 ἕτερον
2975 4355 3121 4427 ἀρχὴ
3151 4355 3246 4408 καὶ
3293 4353 3483 4419 ἕτερον
3507 4351 3570 4405 οὗ
3616 4349 3782 4420 ἀρχή.

497 4445 725 4501 distant.
759 4415 1031 4500 individui
1053 4453 1237 4500 autem
1261 4455 1318 4498 et
1340 4429 1567 4498 indivisi
1595 4457 1704 4497 non
1737 4451 1918 4512 potest
1941 4415 2092 4499 eoin-

2201 4415 2368 4499 Τοῦτο
2394 4415 2452 4499 δὲ
2485 4448 2708 4515 συνεχὲς
2755 4415 2852 4500 καὶι
2883 4415 3144 4498 σύνθετον
3174 4445 3268 4498 καὶ
3298 4415 3420 4496 ὅλον
3459 4445 3518 4494 ὲν

494 4538 770 4608 prehendi
802 4537 913 4592 ulla
947 4551 1076 4608 pars
1114 4550 1294 4605 neque
1324 4550 1446 4604 qua:
1480 4535 1632 4604 prior
1657 4534 1730 4589 sit
1757 4535 1878 4590 aliis
1904 4550 2088 4609 neque

487 4644 618 4698 quae
651 4628 926 4694 posterior
975 4627 1118 4692 aliis,
1165 4641 1342 4696 neque
1391 4625 1646 4689 initium,
1696 4639 1875 4694 neque
1927 4627 2089 4692 linis;

489 4719 646 4776 aliud
695 4721 841 4774 enim
885 4728 970 4774 est
1015 4719 1161 4782 linis,
1209 4729 1265 4773 et
1325 4716 1472 4770 aliud
1528 4717 1686 4786 cujus
1731 4726 1819 4772 est
1863 4716 2008 4783 linis,
2038 4729 2094 4773 et

490 4825 695 4870 rursus
725 4812 871 4865 aliud
923 4819 1007 4865 est
1053 4811 1294 4872 initium,
1325 4807 1472 4862 aliud
1503 4808 1663 4878 cujus
1714 4815 1800 4860 est
1838 4807 2082 4865 initium.

495 4903 611 4958 Hoc
641 4919 824 4957 autem
858 4914 942 4957 est
973 4919 1192 4971 semper
1221 4912 1278 4956 et
1309 4900 1675 4968 compositum
1711 4907 1768 4954 et
1819 4908 1995 4953 totum
2030 4901 2087 4954 in

510 4996 725 5063 habitu,
764 5012 886 5057 qua:
915 4994 1097 5049 omnia
1123 5011 1245 5049 esse
1279 5010 1389 5048 non
1421 5003 1652 5062 possunt
1685 4991 1742 5044 in
1775 4991 2007 5061 simplici
2035 4998 2092 5047 et

495 5089 732 5145 immota
764 5097 840 5162 oet
871 5085 1102 5140 indivisa
1153 5085 1243 5139 illa
1276 5085 1542 5141 essentia.
1593 5081 1753 5149 Quod
1802 5091 1986 5138 autem
2027 5100 2094 5139 ex

2202 4537 2270 4589 ’Δ
2300 4537 2482 4590 πάντα
2529 4536 2771 4590 ἀδύνατα
2801 4537 2894 4589 ἐπὶ
2919 4535 3019 4604 τῆς
3052 4534 3234 4604 ἁπλῆς
3291 4534 3381 4587 καὶ
3407 4532 3645 4602 ἀσχέτου
3695 4528 3788 4582 καὶ

2197 4627 2436 4698 ἀμεροῦς
2471 4629 2914 4698 ἐκείνηςοὺσίας.
2945 4629 3009 4681 Ei
3037 4627 3084 4679 δ’
3106 4629 3170 4679 ὲκ
3192 4626 3300 4679 τῶν
3323 4627 3457 4694 ἡμῖν
3489 4639 3791 4694 γνωριμω-

2197 4720 2374 4790 τέρων
2403 4723 2502 4783 τὰς
2536 4721 2594 4773 έν
2637 4722 2768 4790 ἡμῖν
2797 4721 3077 4792 ἀρρήτους
3126 4717 3320 4780 ὠδῖνας
3352 4717 3435 4780 είς
3476 4715 3580 4786 τὴν
3611 4716 3788 4786 ipsa.

2196 4827 2308 4873 τον,
2345 4811 2410 4862 ἵν’
2441 4809 2602 4877 εἴπω,
2633 4812 2984 4881 συναίσθησιν
3014 4811 3112 4881 τῆς
3145 4811 3506 4880 ὑπερηφάνου
3529 4806 3786 4877 γνώσεως

2198 4903 2415 4971 ἐκείνης
2467 4905 2774 4972 ἀνάγεσθαι
2837 4905 3186 4974 πειρώμεθα,
3219 4901 3526 4970 θαυμάζειν
3585 4901 3788 4970 ἥκιστα

2199 4997 2306 5066 χρὴ
2328 5012 2343 5026 ·
2375 4994 2534 5048 τοῦτο
2561 4997 2672 5066 γὰρ
2698 4997 2773 5059 ὼς
2806 4998 2877 5050 τὰ
2907 4997 3083 5050 πολλά
3127 4999 3350 5060 καὶτοῖς
3376 4995 3545 5058 θείοις
3569 4989 3788 5058 Πατρά-

2209 5101 2296 5138 σιν
2319 5083 2594 5137 ἀκώλυτον
2620 5084 2745 5156 έσχε
2777 5085 2837 5137 τὸ
2868 5085 3315 5155 συγκεχωρηκὸς.

492 5179 584 5245 iis,
614 5197 735 5252 qua:
762 5179 926 5234 nobis
957 5179 1131 5248 magis
1157 5179 1356 5233 usitata
1393 5187 1562 5242 sunt,
1595 5185 1811 5230 nostras
1860 5177 2074 5246 ignotas
2109 5178 2394 5248 passiones
2421 5177 2489 5232 ad
2528 5179 2792 5248 ignotam,
2826 5189 2882 5234 ut
2908 5180 2981 5234 ita
3013 5179 3216 5244 dicam,
3254 5177 3788 5234 animadversionem

507 5273 671 5343 296
703 5272 918 5326 altioris
973 5271 1304 5342 cognitionis
1339 5270 1488 5324 illius
1532 5268 1740 5324 referre
1783 5282 2076 5337 conamur,
2109 5271 2335 5326 minime
2367 5271 2556 5326 mirari
2585 5273 2870 5327 debemus.
2905 5273 3031 5328 Haec
3071 5273 3217 5329 enim
3252 5274 3581 5342 plerumque
3617 5270 3781 5324 etiam

488 5367 700 5424 divinis
727 5365 982 5420 Patribus
1008 5365 1180 5418 libera
1207 5364 1311 5419 iuit
1335 5365 1583 5420 licentia.

567 5460 709 5520 XIV.
743 5462 880 5515 Cum
909 5461 1075 5514 etiam
1098 5459 1202 5515 alia
1226 5459 1466 5530 plurima
1489 5474 1614 5529 qua;
1641 5458 1920 5530 proferam
1946 5452 2081 5508 mihi

496 5562 801 5626 suppetant
837 5560 1052 5622 aperta,
1089 5560 1145 5606 et
1175 5566 1298 5621 qua
1331 5551 1408 5607 ita
1447 5562 1516 5607 .ut
1546 5551 1776 5605 refutari
1811 5561 1922 5602 non
1959 5560 2088 5614 pos-

495 5649 626 5707 sint,
663 5645 916 5715 probent,
941 5658 1070 5698 cum
1099 5642 1340 5698 essentia
1376 5641 1523 5696 idem
1554 5638 1936 5698 essediv'inam
1966 5633 2085 5690 elli-

501 5736 794 5802 .ientiam,
827 5744 884 5791 et
933 5735 1250 5791 universam
1299 5733 1648 5792 efﬁcientiam
1687 5734 1856 5792 etiam
1911 5726 2090 5799 ipsius

2266 5454 2364 5509 Li'.
2411 5456 2592 5528 Ἕχων
2624 5458 2669 5512 δ’
2695 5459 2804 5527 ἐγὼ
2839 5463 2932 5514 καὶ
2966 5462 3132 5532 ’ἐτερα
3169 5463 3396 5516 πλεῖστα
3429 5466 3791 5534 προενεγκεῖν

2193 5547 2348 5617 σαφῆ
2382 5551 2476 5601 καὶ
2511 5551 2930 5622 ἀναμφιλέκτως
2961 5557 3257 5610 δεικνύντα
3288 5560 3359 5629 τῇ
3399 5559 3563 5629 οὐσίᾳ
3593 5557 3794 5612 ταυτὸν

2197 5639 2339 5698 εἶναι
2387 5647 2486 5717 τὴν
2529 5647 2682 5702 θείαν
2721 5650 3006 5717 ἐνέργειαν
3049 5650 3147 5703 καὶ
3191 5651 3322 5720 ὅλην
3367 5653 3661 5721 ἐνέργειαν
3701 5650 3796 5704 καὶ

2199 5737 2647 5811 αὑτοενέργειαν,
2683 5742 2923 5811 παρίημι
2953 5741 3040 5796 διὰ
3068 5742 3295 5814 πλῆθος,
3327 5745 3518 5815 ἀρκεῖν
3549 5741 3797 5816 ἡγούμε-
