3994 6204
254 314 367 381 261

254 526 393 586 ῐσιίς
425 524 530 574 κᾶν
578 524 690 584 τοῖς
722 522 849 592 ἑξῆς
869 559 885 584 ,
916 523 1201 588 προϊόντος
1255 521 1350 574 τοῦ
1383 527 1513 590 περὶ
1542 520 1640 590 τῆς
1667 519 1847 573 τοιαύ-

253 634 362 686 της
391 615 678 686 ἐνεργείας
707 615 891 683 λόγου.
920 613 1036 668 Νῦν
1066 614 1122 667 δὲ
1151 614 1392 668 δεικτέον
1426 613 1546 667 ἐστὶ
1577 616 1672 668 καὶ
1700 614 1850 676 ὅπως

257 708 407 778 μετὰ
442 707 872 777 προσδωρισμοῦ
910 725 1075 776 φασιν
1107 708 1158 762 οἱ
1193 707 1324 760 Θεῖοι
1360 708 1601 776 Πατέρες
1634 709 1729 760 καὶ
1761 709 1850 760 τὸν

260 800 395 853 Υἰὸν
428 800 522 851 καὶ
556 799 617 850 τὸ
655 798 814 865 ἅγιον
854 798 1081 866 Πνεῦμα
1114 799 1397 866 ἐνέργειαν
1432 799 1527 851 καὶ
1563 799 1852 865 αὑτοενέρ-

257 907 453 958 γειαν,
500 891 763 959 ἑκάτερον
812 890 1221 958 προσηκόντως.
1275 891 1383 942 Καὶ
1431 890 1562 958 περὶ
1613 889 1711 957 μὲν
1757 887 1852 940 τοῦ

263 982 399 1034 Υἱοῦ
430 984 458 1034 ὁ
490 981 632 1044 οεῐος
662 979 808 1032 οὕτω
837 983 1002 1050 φησὶν
1034 981 1376 1044 Ἀθανὰσιος,
1416 999 1435 1031 ι
1473 981 1585 1032 Οὐκ
1618 979 1853 1048 ἀμφίϐο-

259 1071 357 1125 λον
389 1076 472 1126 ὅτι
508 1073 675 1135 αὐτός
715 1076 865 1126 ἔστιν
900 1074 931 1141 ἡ
967 1073 1061 1126 τοῦ
1106 1074 1316 1143 [ἰατρὸς
1357 1073 1508 1136 ζῶσα
1553 1072 1716 1143 βουλὴ
1761 1072 1854 1123 καὶ

258 1167 512 1228 tandem;
543 1167 794 1238 ἐνέργεια
825 1167 920 1218 καὶ
947 1166 1105 1234 λόγος
1135 1165 1411 1236 ἀληθινός.
1450 1183 1468 1216 ι
1508 1165 1641 1233 Περὶ
1674 1164 1730 1216 δὲ
1756 1163 1851 1216 τοῦ

257 1261 589 1332 Πνεῦματος
629 1264 657 1314 ό
692 1263 857 1325 αὐτὸς
891 1262 1036 1316 οὕτω
1076 1262 1243 1330 φησὶν
1266 1301 1281 1325 ,
1324 1279 1342 1312 ι
1383 1261 1534 1322 Ένὸς
1572 1260 1724 1322 ὗντος
1757 1258 1852 1311 τοῦ

261 1356 398 1409 Υίοῦ
432 1355 528 1408 τοῦ
565 1355 767 1420 ζῶντος
805 1356 1019 1422 Λόγου,
1057 1355 1187 1426 μίαν
1223 1351 1361 1408 εἶναι
1394 1353 1477 1406 δεῖ
1507 1352 1723 1406 τελείαν
1757 1352 1853 1404 καὶ

257 1449 452 1518 πλήρη
484 1447 586 1518 τὴν
621 1448 949 1517 ἁγιαστικὴν
983 1449 1078 1499 καὶ
1113 1447 1450 1516 φωτιστικὴν
1484 1447 1651 1516 ζωὴν,
1685 1443 1854 1498 οὖσαν

256 1543 551 1611 ἐνέργειαν
576 1540 744 1594 αὑτοῦ
767 1541 864 1594 καὶ
890 1540 1121 1610 δωρεὰν,
1147 1541 1269 1610 ἥτις
1298 1542 1362 1592 ὲκ
1390 1542 1604 1610 Πατρῖς
1633 1539 1853 1608 λέγεται

257 1631 689 1702 ἐκπορεύεσθαι.
720 1651 740 1684 ι
769 1631 1038 1702 Κύριλλος
1060 1631 1104 1684 δ’
1124 1631 1330 1702 ὁμοίως
1353 1632 1447 1683 καὶ
1472 1631 1656 1694 αὐτὸς,
1688 1647 1706 1680 ι
1744 1627 1855 1683 Καὶ

257 1725 288 1777 ὁ
317 1723 449 1786 Υἱός
479 1725 599 1775 ἐστι
621 1761 636 1784 ,
677 1741 695 1773 ι
733 1725 931 1792 φησὶν,
968 1740 987 1774 ι
1025 1723 1060 1792 ἡ
1089 1720 1241 1785 ζῶσα
1271 1721 1366 1775 καὶ
1395 1721 1667 1791 οὐσιὼδης
1699 1721 1849 1791 ἐνέρ-
1888 1771 1930 1826 Β

259 1833 390 1887 γεια
428 1817 525 1870 καὶ
563 1814 795 1885 δύναμις
835 1816 928 1868 καὶ
967 1815 1127 1883 σοφία
1160 1813 1254 1868 τοῦ
1296 1814 1529 1880 Πατρός.
1568 1814 1848 1884 Ἐνέργεια

257 1913 358 1966 καὶ
384 1911 482 1964 τοῦ
515 1909 648 1963 Υίοῦ
681 1909 738 1962 τὸ
765 1909 989 1978 Πνεῦμα
1011 1909 1072 1962 τὸ
1100 1907 1278 1976 ἅγιον.
1317 1925 1337 1960 ι
1383 1907 1662 1978 Ἐνέργειι
1694 1906 1850 1974 λέγε·

257 2021 352 2057 ται
381 2003 478 2056 καὶ
505 2003 538 2072 ἡ
567 2000 785 2070 ἑκάστῳ
811 2001 918 2053 τῶν
945 1999 1114 2054 ὄντων
1141 1999 1339 2055 ἐνοῦσα
1363 2001 1568 2070 φυσικὴ
1593 1997 1845 2068 δύναμις,

257 2096 337 2159 ὡς
362 2096 427 2148 τὸ
443 2094 806 2164 θερμαντικὸν
831 2093 909 2162 τῷ
938 2093 1096 2163 πυρὶ,
1111 2093 1205 2146 καὶ
1229 2092 1290 2144 τὸ
1312 2091 1579 2162 ψυκτικὸν
1602 2093 1668 2161 τῇ
1690 2093 1846 2161 χιόνι,

260 2192 357 2244 καὶ
398 2189 459 2242 τὸ
505 2187 823 2258 αἰσθητικὸν
860 2187 940 2256 τῷ
985 2186 1142 2257 ζώῳ,
1179 2186 1275 2240 καὶ
1314 2185 1393 2256 τῷ
1435 2186 1748 2255 ὲνεργοῦντι
1788 2184 1849 2238 τὸ

258 2277 645 2349 ἐνεργητικόν.
675 2277 909 2347 Λέγεται
943 2277 1041 2331 καὶ
1071 2276 1132 2330 τὸ
1163 2276 1268 2347 τῆς
1299 2277 1659 2348 ἑνεργητικῆς
1689 2276 1849 2331 δυνά-

263 2389 416 2443 μεως
440 2372 797 2439 ἀποτέλεσμα
827 2372 1083 2440 ἐνέργεια
1108 2369 1206 2425 καὶ
1230 2369 1390 2440 ἔργον
1416 2371 1510 2423 καὶ
1541 2371 1846 2441 ὲνέργημα,

259 2468 337 2530 ὡς
371 2466 516 2540 ἔργα
547 2465 648 2521 καὶ
679 2467 958 2535 ἐνέργειαι
988 2462 1126 2518 Θεοῦ
1160 2464 1229 2533 γῆ
1265 2464 1364 2518 καὶ
1396 2463 1626 2534 οὐρανὸς
1659 2464 1752 2518 καὶ
1780 2465 1849 2516 τὰ

260 2561 318 2613 ιν
349 2559 569 2622 τούτοις
592 2573 610 2590 ’
648 2558 783 2629 φησι
815 2557 926 2630 γὰρ
957 2558 986 2610 ὀ
1019 2556 1160 2620 θεῖος
1312 2557 1410 2612 ul
1450 2555 1535 2630 r.
1569 2557 1632 2610 ὲκ
1667 2559 1851 2626 Δαμα-

264 2653 397 2708 σκοῦ
433 2653 694 2724 Ἰωάννης
722 2653 797 2716 ὼς
827 2653 861 2722 ἡ
895 2651 1145 2724 ἐνέργεια
1176 2637 1272 2706 δῖα),
1299 2651 1580 2722 ἐνέργημα
1607 2649 1848 2719 λέγεται,

264 2750 356 2800 καὶ
379 2747 704 2801 τούναντίον
729 2746 981 2815 ἐνέργεια
1003 2745 1065 2799 τὸ
1088 2745 1396 2816 ἐνέργημα.
1423 2744 1499 2808 ὡς
1528 2743 1623 2797 καὶ
1647 2743 1709 2796 τὸ
1734 2743 1852 2796 κτί-

264 2858 374 2910 σμα
401 2841 606 2902 κτίσις.
634 2839 773 2894 Καθ’
795 2838 823 2892 ὃ
852 2838 1257 2909 σημαινόμενον
1285 2839 1382 2894 καὶ
1405 2838 1497 2892 τὸν
1522 2833 1674 2892 οἷκον
1699 2837 1852 2908 ἐνέρ-

265 2935 424 3002 γειὰν
458 2950 646 3003 φαμεν
678 2933 776 2986 τοῦ
811 2933 1096 3002 οἰκοδόμου
1118 2972 1134 2998 ,
1169 2934 1266 2986 καὶ
1296 2931 1392 2985 τοῦ
1427 2929 1716 3001 ναυπηγοῦ
1751 2929 1852 3001 τὴν

260 3027 486 3082 ὁλκάδα.
530 3027 814 3096 Ἑνέργεια
853 3026 1074 3094 λέγεται
1111 3025 1210 3077 καὶ
1246 3027 1280 3096 ἡ
1318 3024 1456 3096 πρὸς
1489 3026 1558 3078 τὰ
1595 3021 1853 3094 ὲνεργούο

265 3137 408 3189 μενα
441 3119 698 3192 κίνησις,
735 3119 922 3190 σχέσις
951 3136 1039 3182 τις
1067 3115 1206 3173 οὖσα
1240 3120 1336 3173 καὶ
1367 3119 1575 3188 μεταξὺ
1612 3117 1852 3184 θεωρουο
1879 3134 1923 3193 ο

265 3213 410 3281 μέιη
435 3209 535 3263 τοῦ
563 3227 623 3264 τε
654 3210 1116 3281 δημιουργοῦντος
1149 3212 1242 3269 καὶ
1271 3209 1380 3264 τῶν
1409 3211 1855 3281 δημιουργουμέ-

265 3321 396 3365 νων,
416 3303 674 3372 καθάπερ
693 3305 726 3373 ἡ
742 3303 839 3356 τοῦ
862 3302 1147 3373 οίκοδόμου
1167 3303 1303 3371 πρὸς
1319 3305 1381 3355 τὸ
1397 3303 1856 3373 οἰκοδομούμενον

265 3400 357 3448 καὶ
390 3395 488 3448 τοῦ
521 3395 806 3466 ναυπηγοῦ
838 3395 977 3465 πρὸς
1007 3397 1068 3448 τὸ
1102 3395 1307 3450 πλοῖον.
1338 3396 1410 3449 Ἦ
1444 3396 1538 3449 καὶ
1573 3395 1854 3466 συμσεόη-

265 3489 358 3548 κὸς
403 3482 544 3540 οὖσα
585 3487 707 3540 καθ’
735 3487 906 3557 αὐτὴν
950 3487 1361 3555 συγκαταλήγει
1402 3489 1468 3558 τῇ
1516 3487 1626 3540 τῶν
1667 3487 1855 3558 ἄκρων

263 3579 423 3650 λήξει
448 3579 545 3634 καὶ
568 3581 756 3633 οὐκέτι
781 3580 928 3633 ἐστὶν
953 3579 1128 3633 οὐδέν.
1159 3579 1294 3649 Περὶ
1321 3572 1390 3650 ἦς
1418 3578 1514 3632 καὶ⁹
1538 3581 1565 3633 ὁ
1595 3578 1855 3645 Θεολόγος

264 3677 374 3745 ἔψη
413 3677 446 3729 δ
485 3675 626 3740 Gaio;
667 3675 964 3745 Γρηγόριος
1004 3674 1080 3737 ὡς
1117 3674 1583 3745 ὲνεργηθήσεται,
1623 3673 1718 3728 καὶ
1755 3675 1854 3726 οὐκ

265 3773 592 3840 ἐνεργήσει,
624 3770 716 3820 καὶ
745 3767 881 3837 ὁμοῦ
909 3767 989 3838 τῷ
1019 3765 1382 3838 ἐνεργηοῆναι
1414 3766 1718 3832 παύσεται,
1749 3782 1852 3820 κα-

266 3863 456 3930 Θᾶπερ
485 3860 578 3915 καὶ
609 3861 644 3930 ἡ
681 3858 888 3929 μεταξὺ
920 3858 1016 3912 τοῦ
1054 3859 1334 3930 ὁρωμένου
1366 3861 1460 3912 καὶ
1491 3858 1585 3912 τοῦ
1618 3859 1853 3928 ὁρῶντος

263 3958 465 4026 ὅρασις
494 3955 588 4006 καὶ
619 3955 653 4022 ἡ
696 3951 858 4022 μέσον
892 3949 988 4004 τοῦ
1023 3951 1325 4021 γευομένου
1359 3951 1454 4005 καὶ
1485 3950 1580 4004 τοῦ
1617 3948 1852 4020 γευστοῦ

263 4048 482 4116 γεῦσις.
515 4047 628 4099 Καὶ
659 4047 688 4099 ὁ
720 4044 1019 4099 Νυσσαέων
1049 4043 1105 4096 δὲ
1139 4043 1278 4108 θεῖος
1313 4042 1614 4115 Γρηγόριος
1651 4045 1727 4115 μὴ
1762 4044 1853 4098 δῦ-

265 4140 468 4196 νασοαί
498 4156 664 4210 φησιν
695 4137 976 4206 ἐνέργειαν
1002 4139 1421 4207 ἀπεργαστικήν
1448 4154 1568 4192 τινα
1595 4138 1854 4210 πρᾶγμα·

264 4248 358 4293 τος
388 4229 566 4299 αὐτὴν
596 4228 680 4296 ἐφ’
706 4229 900 4298 ἑαυτῆς
928 4228 1214 4297 συστῆναι,
1248 4229 1322 4298 μή
1353 4245 1496 4291 τινος
1522 4229 1848 4298 ὑποδεχομέ-

265 4339 360 4375 νου
385 4320 488 4388 τῆς
517 4317 799 4388 ἐνεργείας
823 4317 920 4386 τὴν
947 4317 1184 4386 κίνησιν.
1214 4317 1546 4386 ’Λναγκαίαν
1571 4321 1678 4387 γὰρ
1704 4318 1851 4388 ἔχειν

263 4413 449 4467 ταῦτα
478 4413 579 4481 τὴν
616 4411 798 4481 σχέσιν
833 4409 970 4482 πρὸς
1010 4409 1216 4478 ἄλληλα
1247 4411 1350 4479 τήν
1382 4426 1442 4462 τε
1487 4411 1852 4480 ἐνεργητικὴν

1270 318 1722 379 ΒΥΖΛΝΤΙΝᾹΞ
1766 317 2154 378 IUSTORL‘E
2203 317 2344 376 LIB.
2395 316 2577 377 XXX.

255 447 355 494 νος
375 428 550 482 ταῦτα
569 430 639 499 τῇ
664 425 917 500 παρούσῃ
943 426 1137 498 σχεδίῳ
1163 429 1324 499 σχολῇ
1347 446 1360 459 ·
1383 430 1669 499 εἰρήσεται
1693 429 1741 480 δ’
1760 426 1851 479 οὖν

1972 428 2092 497 ejus
2115 426 2485 490 eflic'entiam,
2509 435 2734 497 propter
2757 426 3165 483 multitudinem
3189 429 3402 498 omitto,
3425 448 3555 488 cum

3447 323 3556 390 262

1965 521 2082 574 haec
2117 520 2368 574 sullicere
2414 530 2603 590 putem
2657 520 2788 574 huic
2841 521 3120 591 colloquio
3167 526 3548 592 exteinporali_

1957 613 2219 667 Dicentur
2259 614 2428 682 igitur
2455 612 2686 668 fortasse
2741 614 2906 668 etiam
2940 626 3128 684 postea
3161 619 3556 686 progrediente

1956 705 2024 759 de
2075 706 2170 760 tali
2217 706 2514 760 eﬂicientia
2549 709 2823 761 oratione.
2869 707 3029 763 Nune
3084 719 3272 764 autem
3322 711 3554 764 demon-

1956 799 2244 854 strandum
2271 808 2375 857 est.
2398 801 2676 868 quomodo
2718 810 2996 870 assumpta
3031 802 3352 857 definitione
3378 805 3550 858 divini

1956 890 2148 945 Patres
2184 900 2241 944 et
2280 890 2479 944 Filium
2513 899 2570 945 et
2615 893 2884 960 Spiritum
2923 907 3174 947 sanctum
3208 909 3408 949 vocent
3436 898 3552 950 elli-

1955 984 2216 1038 cientiam
2253 994 2309 1038 et
2337 1001 2531 1039 eorum
2563 985 2809 1055 ipsorum
2847 987 3220 1051 ellicientiam,
3256 998 3552 1058 utrumque

1956 1080 2398 1134 accounnodate.
2433 1080 2611 1148 Atque
2643 1079 2712 1133 de
2762 1079 2901 1132 Filio
2940 1081 3162 1150 quidem
3211 1082 3552 1138 Athanasius

1956 1167 2182 1223 divinus
2218 1170 2290 1222 ita
2323 1169 2461 1222 dicit
2491 1185 2505 1218 :
2537 1168 2656 1221 Non
2681 1168 2906 1222 dubiant
2937 1179 3041 1238 est,
3069 1173 3202 1241 quin
3233 1173 3322 1228 ille
3349 1173 3420 1227 sit
3447 1173 3552 1228 Pa-

1959 1261 2062 1313 tris
2089 1261 2213 1314 viva
2245 1260 2498 1315 voluntas
2519 1299 2532 1322 ,
2565 1271 2620 1314 et
2662 1260 2731 1314 ad
2765 1262 3065 1316 essentiam
3099 1264 3383 1333 pertinens
3423 1265 3550 1318 efﬁ—

1958 1355 2186 1419 cientia,
2234 1365 2290 1408 et
2322 1355 2460 1408 ratio
2486 1369 2642 1410 vera.
2679 1354 2755 1410 De
2789 1353 3000 1425 Spiritu
3047 1370 3232 1411 autem
3284 1359 3425 1412 idem
3475 1359 3546 1412 ita

1957 1447 2205 1514 loquitur
2241 1444 2421 1500 :Cum
2454 1462 2600 1501 unus
2645 1446 2716 1501 sit
2768 1447 2942 1502 Filius
2991 1451 3129 1504 ratio
3177 1449 3338 1512 viva,
3387 1466 3548 1504 unam

1957 1549 2177 1607 oportet
2231 1538 2532 1609 perfectam
2561 1546 2617 1594 et
2642 1539 2859 1608 plenam
2891 1555 3014 1596 esse
3048 1542 3212 1594 vitam
3247 1542 3394 1596 illam
3425 1558 3549 1597 san-

1962 1631 2199 1686 ctificam
2230 1639 2288 1686 et
2311 1631 2610 1696 lucentem,
2633 1648 2758 1686 cum
2789 1634 2860 1688 sit
2887 1631 3312 1704 eﬂicientiarjus
3344 1643 3400 1689 et
3429 1637 3547 1693 dos.

1959 1740 2080 1794 quae
2103 1740 2131 1777 a
2163 1724 2325 1779 Patre
2351 1723 2558 1779 dicitur
2581 1725 2876 1794 proﬁcisci.
2905 1725 3146 1792 Cyr-illus
3168 1737 3354 1782 autem
3380 1729 3545 1783 simili

1960 1816 2123 1870 modo
2156 1827 2208 1871 et
2244 1815 2387 1884 ipse,
2419 1817 2489 1872 Et
2517 1816 2710 1880 Filius,
2745 1818 2943 1887 inquit,
2971 1829 3026 1873 et
3057 1819 3178 1872 viva
3210 1829 3267 1874 et
3295 1820 3552 1874 essentia:

1957 1909 2153 1962 similis
2183 1906 2474 1962 efﬁcientia
2505 1919 2561 1962 et
2603 1909 2683 1962 vis
2707 1918 2762 1963 et
2791 1910 3056 1978 sapientia
3084 1910 3282 1974 Patris,
3312 1913 3553 1966 ellieien—

1959 1997 2030 2051 tia
2063 1998 2230 2052 etiam
2265 1998 2386 2052 Filii
2423 2009 2510 2054 est
2551 1997 2790 2068 Spiritus
2823 2009 3071 2055 sanctus.
3129 2002 3432 2057 Ellieientia
3461 2003 3548 2058 di-

1955 2091 2106 2146 citur
2133 2088 2301 2144 etiam
2335 2091 2436 2155 vis,
2475 2105 2598 2160 quae
2627 2092 2830 2160 cuique
2861 2091 2939 2145 rei
2976 2107 3006 2145 a
3049 2103 3246 2146 natura
3282 2094 3450 2157 inest,
3491 2105 3551 2149 ut

1956 2182 2041 2237 vis
2097 2181 2462 2237 calefaciendi
2516 2181 2678 2252 297
2734 2182 2848 2254 igni
2902 2184 3089 2249 inest,
3139 2196 3193 2240 et
3251 2185 3549 2255 frigerandi

1957 2275 2096 2340 nivi,
2128 2282 2186 2329 et
2230 2274 2512 2330 sentiendi
2561 2275 2827 2341 animali,
2862 2287 2924 2331 et
2964 2276 3235 2332 eﬁlciendi
3267 2280 3549 2334 elliciemi.

1956 2364 2136 2421 Etiam
2182 2365 2473 2422 efﬁcientis
2522 2369 2606 2421 vis
2640 2367 2909 2437 perfectio
2941 2369 3144 2424 dicitur
3179 2369 3470 2426 ellicientia
3495 2379 3554 2427 et

1956 2457 2162 2513 factum
2193 2465 2250 2513 et
2288 2457 2576 2524 effectum,
2615 2470 2673 2514 ut
2701 2461 2840 2516 facta
2869 2472 2926 2516 et
2955 2461 3264 2518 efﬁcientia:
3315 2464 3410 2520 Dei
3461 2465 3550 2520 di-

1955 2560 2160 2606 cuntur
2192 2558 2339 2606 terra
2366 2561 2423 2607 et
2456 2552 2658 2606 cmlum
2682 2559 2738 2606 et
2766 2569 2890 2622 quae
2918 2553 2974 2608 in
3006 2555 3074 2609 iis
3105 2568 3424 2611 versantur.
3460 2559 3551 2612 Ait

1955 2643 2106 2700 enim
2162 2643 2392 2698 divinus
2444 2643 2686 2699 Joannes
2743 2645 3116 2701 Damascenus
3172 2664 3188 2701 :
3250 2649 3550 2703 Eflieientia

1956 2737 2125 2792 etiam
2159 2735 2420 2792 eﬂ‘ectum
2453 2735 2686 2803 dicitur,
2731 2744 2789 2792 et
2840 2752 2910 2793 ex
2961 2740 3242 2795 contrario
3290 2742 3548 2798 ell'ectum

1957 2829 2270 2894 eﬂlcientia,
2298 2837 2360 2883 ut
2423 2829 2594 2884 etiam
2653 2837 2899 2884 creatum
2956 2832 3187 2898 creatio,
3241 2836 3550 2888 secundum

1958 2936 2123 2992 quam
2173 2920 2634 2991 significationem
2686 2923 2854 2977 etiam
2887 2923 3116 2979 domum
3155 2926 3394 2983 dicimus
3432 2928 3550 2984 em-

1959 3011 2220 3068 cientiam
2267 3013 2562 3070 architecti
2597 3024 2655 3069 et
2705 3015 2924 3071 navium
2962 3017 3314 3075 aadiﬁcatoris
3347 3037 3543 3077 navem

1958 3104 2292 3161 onerariam.
2327 3106 2626 3163 Et‘ﬁcientia
2662 3107 2871 3164 dicitur
2909 3108 3078 3165 etiam
3114 3114 3324 3168 moveri
3361 3114 3425 3168 ad
3458 3129 3547 3178 ea,

1957 3211 2082 3266 qua:
2128 3195 2464 3264 elliciuntur,
2493 3208 2551 3254 et
2581 3207 2670 3255 est
2705 3201 2847 3256 ratio
2875 3202 3128 3271 quaedam
3161 3219 3283 3272 qua:
3313 3203 3552 3261 interce‘

1959 3292 2042 3348 dit
2087 3291 2234 3346 inter
2263 3288 2509 3346 elﬁciens
2544 3298 2600 3346 et
2642 3289 2931 3358 effectum,
2989 3302 3049 3348 ut
3101 3295 3443 3351 architectus
3480 3296 3548 3350 ad

1957 3383 2253 3440 aedificium
2284 3384 2520 3450 accedit,
2551 3394 2608 3440 et
2634 3385 2859 3440 navium
2892 3385 3195 3442 aedificator
3233 3389 3298 3442 ad
3329 3405 3548 3456 navem,

1959 3492 2080 3546 quae
2117 3478 2290 3532 motio
2318 3491 2442 3532 cum
2484 3479 2743 3534 accidens
2781 3479 2854 3534 sit
2884 3494 2983 3549 per
3010 3494 3070 3534 se
3096 3495 3224 3535 cum
3267 3491 3550 3536 extremo-

1958 3589 2079 3627 rum
2113 3572 2221 3626 fine
2250 3572 2478 3637 desinit,
2513 3587 2692 3641 neque
2717 3583 2803 3627 est
2829 3572 2943 3642 jam
2973 3572 3300 3642 quidquam.
3339 3575 3411 3628 De
3435 3591 3548 3644 qua

1956 3665 2123 3720 etiam
2157 3663 2374 3720 divinus
2406 3663 2726 3735 Gregorius,
2754 3663 3072 3734 Theologus
3101 3666 3214 3733 ille,
3250 3669 3329 3722 ait
3370 3684 3383 3719 :
3417 3670 3546 3724 Elli-

1959 3756 2157 3820 cietur,
2187 3769 2366 3824 neque
2392 3770 2522 3810 vero
2547 3745 2835 3822 eiliciet,et
2864 3755 3198 3828 simulatque
3221 3759 3415 3814 eﬂecta
3441 3770 3547 3829 est,

1956 3847 2194 3911 desinet,
2231 3856 2290 3902 ut
2317 3848 2482 3902 etiam
2517 3847 2690 3915 visus,
2722 3848 2819 3918 qui
2851 3851 2998 3905 inter
3042 3850 3221 3904 visum
3257 3858 3312 3906 et
3347 3851 3544 3909 viden-

1957 3947 2065 3994 tem
2099 3937 2417 4003 intercedit,
2448 3949 2502 3993 et
2534 3941 2679 3994 inter
2708 3949 3019 4010 gustantem
3045 3949 3102 3996 et
3131 3952 3410 4013 gustatum
3446 3961 3551 4015 guc

1954 4037 2151 4085 status.
2192 4029 2262 4084 Et
2294 4029 2518 4086 divinus
2547 4030 2850 4100 Gregorius
2899 4031 3179 4104 Nyssenus
3228 4034 3386 4101 dicit,
3433 4052 3550 4094 non

1956 4138 2119 4193 posse
2150 4121 2502 4179 etlicientiam
2535 4123 2698 4178 ullam
2732 4124 2811 4180 rei
2839 4124 3115 4182 elﬁcacem
3162 4129 3334 4200 ipsam
3377 4131 3431 4186 in
3479 4147 3546 4189 se

1954 4226 2230 4283 constare,
2260 4217 2364 4272 nisi
2411 4218 2545 4288 quid
2592 4217 2823 4288 recipiat
2872 4218 3166 4276 efﬁcientia
3214 4225 3544 4281 motionem.

1955 4307 2082 4364 Haec
2110 4309 2256 4363 enim
2291 4309 2494 4367 habere
2545 4311 2906 4379 necessariam
2953 4315 3224 4372 rationem
3270 4317 3416 4373 inter
3460 4333 3543 4380 se,

1956 4403 2190 4457 activam
2231 4412 2288 4458 et
2342 4406 2614 4473 passivam
2650 4404 2762 4459 vim
2799 4421 2812 4458 :
2847 4420 3084 4476 quorum
3133 4408 3178 4463 si
3223 4421 3548 4465 secernatur

265 4507 362 4560 καὶ
409 4478 1380 4575 τὴννπαθητικὴνγδύναμιν.Ὦνίεί
1429 4478 1726 4575 χωρισθείη
1772 4505 1850 4574 τῷ

1959 4494 2169 4547 ratione
2200 4494 2456 4560 alterum,
2490 4511 2599 4548 non
2630 4496 2684 4549 in
2719 4511 2777 4550 se
2804 4506 3021 4552 constet
3042 4499 3207 4552 etiam
3241 4500 3544 4570 reliquum;

264 4598 416 4666 λόγῳ
449 4597 510 4648 τὸ
547 4595 770 4666 ἕτερον,
804 4593 905 4644 οὐκ
941 4593 1007 4647 ἂν
1041 4594 1124 4663 ἐφ’
1150 4591 1342 4646 ἑαυτοῦ
1385 4591 1617 4662 συσταίη
1659 4594 1754 4645 καὶ
1788 4592 1849 4644 τὸ

1958 4583 2154 4638 etenim
2185 4585 2231 4638 si
2268 4601 2376 4638 non
2409 4586 2479 4639 sit
2512 4587 2678 4639 etiam
2714 4602 2803 4641 res
2841 4587 3078 4655 patiens,
3115 4589 3278 4659 298
3310 4607 3395 4646 res
3425 4592 3541 4648 elli-

265 4681 594 4755 λειπόμενον
621 4701 635 4714 ·
667 4685 715 4736 εί
749 4684 825 4754 μὴ
855 4682 964 4752 γὰρ
995 4682 1089 4736 καὶ
1117 4682 1178 4736 τὸ
1210 4682 1419 4751 πάσχον
1449 4681 1532 4752 εἴη
1556 4723 1569 4748 ,
1604 4681 1666 4734 τὸ
1697 4684 1851 4752 ἐνερ-

265 4781 404 4850 γοῦν
435 4781 536 4834 οὐκ
567 4778 742 4832 ἔσται.
786 4777 1068 4849 Ἐνέργεια
1101 4776 1315 4846 λέγεται
1350 4775 1444 4828 καὶ
1479 4778 1512 4846 ή
1547 4776 1682 4846 πρδς
1715 4793 1855 4846 φαν-

266 4875 470 4927 τασίαν
494 4863 925 4942 ἁντιῦιῃρημένη
953 4869 1179 4938 ἀλήθεια
1205 4867 1347 4920 κατὰ
1368 4871 1458 4920 τὸν
1483 4869 1624 4920 θεῖον
1651 4867 1855 4938 Κύριλ-

267 4970 386 5029 λον,
402 4967 480 5030 ὼς
497 4965 772 5036 ἐνῴκησεν
788 4964 815 5016 ὁ
833 4962 972 5025 θεῖος
991 4960 1160 5030 Λόγος
1178 4962 1234 5014 ἐν
1251 4963 1314 5032 τῇ
1335 4961 1594 5031 πανάγνῳ
1608 4960 1857 5031 Θεδτόκῳ

268 5061 336 5113 οὐ
367 5060 625 5128 δοκήσει,
660 5056 776 5110 ἀλλ’
803 5053 1056 5125 ἐνεργείᾳ
1084 5053 1259 5106 είτουν
1291 5051 1543 5123 ἀληθείᾳ.
1577 5051 1858 5122 Ἐνέργεια

270 5155 494 5220 λέγεται
525 5152 668 5205 κατὰ
693 5149 786 5203 τὸν
814 5150 956 5204 θεῖον
982 5149 1044 5199 ἐκ
1073 5145 1370 5216 Δαμασκοῦ
1394 5145 1652 5214 Ἰωάννην
1680 5143 1775 5197 καὶ
1799 5142 1859 5195 τὸ

272 5247 496 5317 πρῶτον
531 5247 588 5300 ὲν
624 5245 753 5313 ἡμῖν
795 5241 1187 5309 συνιστάμενον
1219 5238 1431 5308 νόημα,
1466 5239 1558 5291 καὶ
1592 5236 1671 5289 ἔτι
1707 5237 1738 5307 ἡ
1773 5236 1860 5289 διὰ

269 5339 524 5407 γλώττης
559 5336 666 5388 τῶν
702 5334 1005 5403 νοουμένων
1042 5332 1371 5401 φανέρωσις.
1410 5329 1647 5397 Σύνηθες
1682 5328 1725 5380 δ’
1756 5328 1859 5390 ἔτι,

270 5431 437 5500 φησι,
465 5429 561 5480 καὶ
587 5429 657 5498 τῇ
689 5427 812 5497 θείᾳ
842 5425 1030 5496 Γραφῇ
1059 5421 1154 5478 καὶ
1181 5423 1282 5492 τὴν
1311 5419 1404 5474 τοῦ
1435 5418 1571 5472 Θεοῦ
1604 5417 1866 5489 παραχὼε·

268 5540 441 5593 ρησιν
465 5521 644 5584 λέγειν
672 5519 974 5589 ἐνέργειαν.
1002 5515 1234 5584 Λέγεται
1260 5516 1352 5568 καὶ
1381 5511 1588 5580 πλάνης
1615 5510 1866 5580 ἐνέργεια

266 5616 468 5680 ὥσπερ
500 5613 596 5666 καὶ
624 5611 914 5682 δαιμόνων,
946 5610 1088 5662 καθὰ
1123 5607 1220 5662 καὶ
1249 5609 1275 5660 ὁ
1306 5606 1447 5668 Baio;
1478 5603 1867 5674 Χρυσόστομος

270 5711 335 5760 ὲν
363 5711 480 5770 τοῖς
515 5707 647 5774 περὶ⁵
676 5705 1064 5775 ἁκαταλήπτου
1094 5702 1272 5770 λόγοις
1305 5700 1446 5768 ὑπὲρ
1473 5699 1582 5750 τὼν
1613 5697 1868 5767 ἐνεργου-

273 5800 458 5869 μένων
487 5797 744 5868 εὔχεσθαι
786 5799 1076 5868 παραινεῖ,
1107 5796 1216 5850 τῶν
1244 5790 1626 5861 δαιμονώντων
1654 5787 1856 5858 δηλαδὴ

1955 4679 2110 4734 ciens
2137 4694 2244 4732 non
2277 4678 2402 4733 erit.
2444 4677 2745 4733 Efﬁcientia
2775 4679 2978 4735 dicitur
3013 4684 3178 4737 etiam
3219 4685 3414 4740 visioui
3446 4702 3549 4758 op“

1957 4772 2131 4843 posita
2158 4772 2358 4827 veritas
2385 4772 2686 4826 secundum
2713 4773 2960 4828 divinum
2989 4773 3276 4846 Cyrillum,
3309 4790 3368 4835 ut
3397 4796 3524 4836 ver-

1958 4875 2074 4920 sata
2104 4873 2187 4920 est
2240 4866 2379 4919 ratio
2420 4865 2606 4919 divina
2661 4866 2718 4919 in
2766 4869 3113 4922 sanctissima
3168 4867 3390 4942 Virgine
3446 4875 3547 4931 Dei

1958 4954 2129 5010 Matre
2150 4996 2164 5019 ,
2194 4971 2302 5011 non
2335 4957 2538 5025 specie,
2558 4957 2652 5010 sed
2677 4956 2966 5014 efﬁcientia
2997 4960 3113 5016 sive
3146 4965 3397 5021 veritate.
3431 4967 3549 5026 Eﬂ't.

1962 5049 2165 5103 cientia
2195 5047 2400 5102 dicitur
2430 5048 2734 5102 secundant
2763 5050 3012 5106 divinum
3041 5053 3313 5112 Joannem
3353 5057 3548 5114 Dama-

1965 5154 2193 5194 scenum
2230 5138 2396 5194 etiam
2432 5139 2604 5208 prima
2654 5141 2712 5196 in
2757 5143 2918 5199 nobis
2969 5155 3229 5204 constans
3259 5152 3545 5222 cogitatio,
3597 5221 3604 5231 ,

1964 5239 2020 5285 ει
2050 5245 2215 5299 porro
2247 5231 2520 5298 expositio
2579 5234 2946 5303 cogitatorum
3000 5253 3121 5308 qna-
3154 5240 3337 5313 lingua
3376 5243 3546 5300 eﬂlci-

1969 5333 2078 5379 tur.
2103 5324 2460 5380 Consuetudo
2495 5342 2684 5396 porro,
2731 5330 2932 5400 inquit,
2970 5335 3134 5386 etiam
3169 5316 3370 5391 divinae
3395 5337 3548 5394 Scri-

1968 5427 2162 5488 pturaa,
2195 5418 2363 5473 etiam
2402 5415 2492 5472 Dei
2524 5419 2918 5492 indulgentiam
2954 5423 3140 5479 dicere
3173 5425 3545 5482 efficientiam.

1968 5511 2178 5565 Dicitur
2205 5510 2367 5566 etiam
2391 5512 2599 5567 erroris
2618 5512 2910 5569 eﬂicientia
2932 5526 2994 5570 ut
3019 5517 3186 5572 etiam
3208 5520 3542 5582 dazmonum;

1973 5613 2031 5658 ut
2045 5604 2210 5658 etiam
2229 5596 2449 5658 divinus
2466 5603 2889 5677 Chrysostomus
2915 5607 2970 5662 in
2995 5608 3063 5663 iis
3090 5625 3225 5678 quas
3245 5609 3312 5662 de
3335 5610 3548 5661 incom-

1972 5694 2265 5764 prehensis
2296 5695 2516 5764 scripsit
2547 5697 2890 5753 orationibus
2917 5707 2974 5753 ut
3016 5716 3114 5768 pro
3161 5701 3554 5767 energumenis

1970 5801 2195 5843 oremus
2217 5786 2486 5853 hortatur,
2501 5787 2849 5844 dementihus
2865 5791 3121 5846 nimirum
3141 5801 3196 5844 et
3217 5791 3551 5854 furentibuS.
