3994 6204
247 258 352 328 265

1235 252 1672 321 ΒΥΖΑΝΤΙΝίΕ
1714 251 2092 320 HISTORIA!
2119 259 2265 322 LIB.
2289 259 2498 320 XXX.-

3383 255 3489 322 286

245 379 594 450 λιμπάνοντα
663 373 756 432 καὶ
825 376 1011 445 ἀσαφῆ
1068 374 1165 427 καὶ
1217 376 1664 443 ἀνεπεξέργαστα
1721 375 1815 427 καὶ

1925 385 2066 437 sunt.
2086 383 2141 430 et
2171 375 2398 430 obscura
2429 379 2486 430 et
2516 372 2787 427 inexculta
2807 379 2860 428 et
2884 371 3211 429 testimoniis
3227 377 3486 431 carentia.

247 472 566 540 ἀμάρτυρα.
589 469 780 535 Ὅμως
824 468 996 536 μικρὰ
1023 467 1117 519 καὶ
1151 466 1282 535 περὶ⁹
1315 465 1422 518 τῶν
1454 466 1552 518 νῦν
1587 483 1671 518 σοι
1733 467 1818 519 λε-

251 563 494 632 χθέντων
554 557 928 628 φθεγξάμενος
995 554 1406 623 ἀπαλλάξομαι.
1445 557 1508 608 Εἰ
1557 555 1688 610 ἄλλο
1757 556 1820 608 τὸ

247 657 370 724 ἔχον
418 656 514 706 καὶ
564 653 691 706 ἄλλο
737 651 798 703 τὸ
841 649 1100 718 ἐχόμενον
1160 649 1255 700 καὶ
1307 647 1600 716 διάφορον,
1632 648 1725 701 καὶ
1758 647 1820 699 τὸ

251 741 352 814 μὲν
375 745 502 812 ἕχον
539 744 718 803 obsiet,
755 744 816 793 τὸ
857 743 912 794 δέ
942 735 1206 810 ἐχόμενον
1239 738 1338 792 οὐκ
1373 739 1532 792 οὐσία
1567 738 1710 792 κατὰ
1736 739 1818 804 σὲ,

249 837 510 889 ἀνούσιον
564 831 676 902 ἄρα
730 832 793 883 τὸ
841 831 1119 901 ἐχόμενον.
1163 829 1274 882 Καὶ
1319 829 1368 881 εί
1399 829 1433 897 ἡ
1463 827 1621 880 οὐσία
1651 826 1819 891 Θεὸς,

247 929 308 979 τὸ
352 923 606 978 ἀνοῦσιον
656 922 764 991 ἀρα
799 921 860 974 οὐ
900 921 1054 986 Θεὸς,
1091 921 1124 989 ἡ
1155 919 1406 989 ἐνέργεια
1447 917 1671 986 δηλαδή.
1709 915 1821 969 Καὶ

249 1013 470 1070 σύνεστι
497 1015 685 1068 λοιπὸν
717 1013 778 1078 ἐξ
809 1012 982 1066 ἀϊδίου
1016 1009 1083 1082 τῇ
1113 1009 1234 1080 θείᾳ
1278 1009 1374 1062 καὶ
1398 1009 1641 1076 ἀκτίστῳ
1663 1007 1823 1078 οὐσίᾳ

251 1113 284 1180 ἡ
320 1110 573 1171 ἀνούσιος
603 1107 742 1178 αὕτη
794 1107 888 1160 καὶ
921 1105 1175 1174 διάφορος
1223 1103 1494 1171 ἐνέργεια.
1551 1102 1660 1153 Καὶ
1703 1099 1821 1168 ἅμα

245 1201 376 1260 δυὰς
409 1201 444 1267 ἡ
481 1197 697 1250 πάντων
745 1197 888 1266 ἀρχή
930 1212 1013 1248 σοι
1061 1193 1298 1261 γίνεται,
1331 1193 1393 1244 τὺ
1442 1189 1823 1260 ἀτοπώτατον,

250 1291 458 1357 ἑαυτῆς
511 1289 850 1356 διαφέρουσα
906 1286 1002 1338 καὶ
1061 1283 1249 1346 ἀϊδίως
1301 1283 1464 1351 ἑαυτῇ
1515 1282 1820 1351 μαχομένη.

257 1381 402 1434 Ἀλλ’
448 1383 476 1432 ὁ
511 1381 650 1440 θεῖος
681 1379 954 1446 Μάξιμος,
992 1395 1010 1427 t
1047 1377 1122 1429 Οὐ
1173 1373 1597 1444 συνθεωρεῖσθαι
1626 1371 1658 1441 ἢ
1691 1381 1822 1423 συν-

247 1471 675 1539 επιθεωρεῖσθαι
724 1469 946 1521 δύναταί
991 1485 1064 1531 τι,
1112 1465 1266 1534 φησι,
1321 1466 1401 1535 τῷ
1434 1464 1554 1533 Θεῷ
1583 1463 1703 1516 κατ’
1733 1464 1826 1516 οὐ·

249 1563 376 1614 σίαν
407 1562 670 1629 διάφορον
705 1559 763 1624 ἐξ
809 1559 1004 1620 ἀῖδίου,
1035 1559 1134 1610 οὐκ
1163 1555 1320 1618 αἰὼν,
1354 1558 1416 1608 οὐ
1461 1556 1673 1624 χρόνος,
1705 1554 1822 1608 οὐδέ

247 1671 300 1704 τι
331 1653 440 1704 τῶν
475 1653 682 1712 τούτοις
709 1649 1162 1718 ἐνδιαιτωμένων·
1195 1651 1254 1702 οὐ
1284 1649 1394 1719 γὰρ
1429 1647 1824 1717 συμϐαίνουσιν

247 1745 502 1811 ἀλλήλοις
536 1741 754 1794 πώποτε
789 1741 850 1793 τὸ
884 1741 1088 1810 κυρίως
1123 1735 1264 1793 εἶναι
1309 1743 1401 1794 καὶ
1435 1743 1496 1792 οὑ
1531 1743 1754 1809 κυρίως.
1798 1757 1818 1790 ι

251 1837 362 1889 Καὶ
397 1837 560 1887 πάὶιν
607 1835 836 1902 ἄπειρον
885 1829 1024 1885 εἶναι
1053 1832 1221 1886 δυάδα
1251 1831 1500 1901 οὐδαμῶς
1527 1832 1824 1900 ἐνδέχεται·

251 1930 307 1980 αἱ
341 1929 452 1995 γὰρ
488 1926 607 1977 κατ’
653 1925 823 1993 αὐτὴν
877 1925 1105 1994 μονάδες
1163 1923 1424 1993 ἀλλήλαις
1479 1923 1621 1976 κατᾶ
1649 1923 1827 1992 παρά-

257 2019 406 2070 θεσιν
433 2016 882 2086 συνυπάρχουσαι
910 2015 1146 2084 ἀλλήλας
1170 2014 1465 2085 ὁρίζουσιν,
1491 2017 1538 2065 εί
1559 2013 1615 2066 δὲ
1642 2012 1822 2076 τοῦτο,

258 2109 364 2162 οὐδ’
401 2109 666 2178 ἄναρχον·
703 2106 844 2176 ἀρχὴ
875 2107 981 2175 γὰρ
1013 2109 1190 2174 πάσης
1230 2105 1419 2167 δυάδος
1453 2103 1636 2172 μονάς.
1676 2105 1738 2156 Εἰ
1766 2102 1824 2154 δὲ

264 2202 336 2270 μὴ
363 2199 620 2270 ἄναρχον,
645 2199 754 2252 οὐδ’
781 2199 1059 2268 ἀκίνητον·
1095 2199 1331 2250 κινεῖται
1365 2196 1474 2267 γὰρ
1496 2197 1574 2264 τῷ
1604 2194 1824 2266 ἀριθμῷ

265 2293 324 2344 ἐκ
367 2291 611 2360 μονάδων
676 2287 800 2342 καθ’
858 2287 1078 2351 ἕνωσιν,
1137 2285 1200 2338 τὸ
1245 2285 1301 2338 δὲ
1360 2285 1678 2355 κινούμενον
1723 2284 1824 2336 οὐκ

275 2385 428 2452 ἀρχὴ,
461 2381 578 2435 ἀλλ’
609 2379 670 2444 ἐξ
699 2379 895 2449 ἀρχῆς,
925 2378 1126 2448 δηλαδὴ
1159 2377 1252 2430 τοῦ
1297 2377 1598 2439 κινοῦντος.
1637 2376 1824 2440 Μονὰς

277 2475 325 2524 δὲ
353 2476 484 2540 μόνη
537 2471 742 2540 κυρίως
788 2471 1065 2538 ἀκίνητος.
1119 2467 1541 2536 Πεπερασμέναι
1583 2484 1664 2520 σοι
1714 2467 1824 2534 ἄρα

283 2569 357 2618 καὶ
385 2565 475 2617 ὑπ’
508 2563 684 2634 ἀρχὴν
727 2562 783 2614 αἱ
817 2562 1092 2631 θεότητες,
1126 2561 1406 2628 ἄνθρωπε·
1438 2562 1534 2612 καὶ
1560 2563 1608 2612 εί
1641 2561 1821 2618 τοῦτο,

287 2655 590 2724 διαστήμασι
636 2655 878 2715 τοπικοῖς
905 2669 966 2704 τε
1003 2655 1101 2705 καὶ
1147 2653 1420 2722 χρονικοῖς
1466 2651 1822 2704 δεδουλεύκα-

296 2749 702 2816 σιν.1ὶτίσμασιν
733 2747 841 2814 ἀρα
867 2743 1150 2815 λατρεύων
1180 2744 1341 2806 αὐτὸς
1367 2743 1668 2812 ἐλελήθεις.
1701 2743 1822 2796 Ἔτι

293 2841 328 2890 εἰ
349 2841 475 2890 κατὰ
511 2839 571 2889 σέ
605 2837 790 2904 ἕτερον
829 2837 998 2889 οὐσία
1027 2836 1122 2888 καὶ
1154 2835 1343 2904 ἕτερον
1374 2835 1506 2898 Θεὸς
1547 2836 1574 2886 ὁ
1603 2835 1702 2902 τὴν
1733 2833 1824 2885 οὐ·

293 2931 388 2982 είαν
413 2931 544 2998 ἔχων
586 2929 680 2980 καὶ
730 2929 985 2996 διάφορος
1014 2927 1111 2997 τῆς
1161 2929 1372 2990 οἰκείας
1423 2926 1635 2989 οὐσίας,
1675 2925 1824 2979 ἐστιν

294 3021 380 3088 ἄρα
404 3022 528 3082 Bai;
567 3019 814 3078 ἀνούσιος
848 3017 942 3070 καὶ
971 3017 1127 3069 οὐσία
1172 3017 1306 3069 Θεοῦ
1348 3017 1526 3079 ἄθεος.
1555 3017 1692 3082 Φησὶ
1719 3017 1826 3087 γὰρ

292 3115 366 3163 καὶ
399 3115 424 3164 6
465 3111 760 3163 Νυσσαέων
791 3109 1118 3178 Γρηγόριος,
1157 3127 1176 3161 ι
1211 3109 1274 3161 ΕΙ
1311 3109 1371 3161 τὸ
1422 3109 1626 3176 ἀγαθὸν
1653 3107 1734 3170 ὃν,
1767 3109 1829 3162 τὸ

291 3205 498 3272 ποιηρὸν
550 3204 650 3254 οὐκ
695 3195 773 3255 δν·
808 3206 854 3254 εἰ
905 3203 962 3254 δὲ
1011 3203 1072 3252 τὸ
1113 3201 1350 3271 πονηρὸν
1387 3197 1466 3266 ὃν,
1524 3201 1584 3252 τὺ
1622 3199 1827 3268 ἀγαθὸν

289 3297 464 3360 nixo-1,
493 3297 638 3348 κατὰ
677 3297 769 3348 τὸν
825 3297 936 3348 τῶν
991 3297 1215 3364 ἀμέσων
1273 3293 1535 3347 ἐναντίων
1583 3293 1760 3362 λόγον.
1801 3313 1819 3344 ι

290 3387 423 3440 Ὥστε
457 3388 746 3440 πολυθεϊαν
779 3387 1181 3455 ἀγωνιζόμενος
1236 3401 1422 3436 συνιστ
1436 3386 1497 3454 ᾷν
1532 3385 1706 3447 ἐάλιιις
1735 3385 1830 3437 καὶ

288 3478 450 3530 ille!“
473 3481 668 3542 νοσῶν,
700 3480 768 3532 τὰ
797 3482 869 3544 ἐκ,
899 3478 1200 3548 διαμέτρου
1229 3476 1396 3530 κακά·
1428 3477 1523 3529 καὶ
1571 3479 1828 3531 πέπτωκε

287 3571 354 3620 διὰ
385 3571 628 3640 βραχέων
663 3570 730 3622 τὰ
755 3571 864 3622 τῶν
901 3569 1009 3622 σῶν
1059 3569 1412 3638 ἀκροπόλεων
1469 3567 1826 3638 ὀχυρώματα,

289 3663 358 3726 ἐφ’
387 3657 458 3721 οἷς
517 3660 850 3722 ἐπεποίθεις.
887 3661 1009 3712 Ἔτι
1057 3661 1165 3728 μὴν
1208 3660 1505 3730 ἐπειδήπερ
1551 3659 1677 3712 ἄλλο
1724 3659 1828 3730 φῂς

287 3748 406 3804 εἶναι
445 3755 504 3806 rb
550 3753 692 3822 ἕχον,
742 3753 868 3805 ἀλλο
924 3751 981 3804 δὲ
1043 3754 1104 3804 τὸ
1166 3753 1322 3804 ἑκτὸν
1388 3755 1482 3804 καὶ
1545 3754 1825 3823 διάφορον,

288 3845 434 3910 φαίης
483 3845 545 3896 ἂν
587 3847 684 3895 καὶ
731 3843 860 3896 ἄλλο
890 3843 991 3910 μὲν
1021 3843 1078 3908 ἐξ
1113 3843 1358 3912 ἀνάγκης
1385 3839 1526 3894 εἶναι
1552 3843 1644 3893 τὸν
1671 3843 1826 3904 Θεὸν,

283 3931 396 3984 ἄλλο
425 3935 480 3984 δέ
508 3933 606 4003 τὴν
635 3932 870 4002 ὓπαρξιν
899 3931 1088 3984 αὑτὸὖ’
1119 3933 1336 4002 λέγεται
1383 3936 1487 4003 γὰρ
1519 3934 1546 3984 ὁ
1571 3933 1701 3994 Θεὸς
1733 3934 1829 3985 καὶ

279 4022 448 4075 οὐσίαν
476 4025 538 4096 [ί.
576 4025 674 4078 H9.
716 4025 790 4098 tu]
831 4025 976 4094 ἔχειν
1025 4027 1119 4077 καὶ
1169 4025 1422 4094 ὓπαρξιν.
1475 4025 1666 4078 Ἔσται
1721 4025 1829 4096 ἄρα

281 4117 408 4167 κατὰ
439 4117 490 4168 οὲ
527 4117 656 4178 Θεὸς
686 4117 1032 4186 ἀνύπαρκτος
1077 4117 1170 4168 καὶ
1209 4115 1447 4186 ὓπαρξις
1482 4117 1613 4168 Θεοὲ
1646 4115 1826 4178 ἄθεος.

279 4208 380 4258 Καὶ
411 4209 536 4277 περὶ
569 4210 664 4276 τῆς
707 4209 986 4278 ἐνεργείας
1012 4208 1058 4260 δ’
1086 4209 1285 4277 ὁμοίιος
1316 4207 1534 4260 λεκτέον
1567 4209 1661 4260 καὶ
1688 4209 1827 4276 ἐρω-

271 4299 492 4366 τητέον,
543 4301 662 4370 εἱή
714 4300 964 4370 ἐνέργεια
1019 4299 1134 4369 ἔχει
1189 4301 1471 4370 ἐνέργειαν
1511 4299 1694 4368 ἀλλην.
1765 4298 1826 4349 Εί

1922 467 2127 522 Tamen
2159 481 2330 536 pauca
2348 467 2513 520 etiam
2539 465 2606 520 de
2633 465 2722 528 iis,
2745 480 2867 536 quae
2897 481 3044 521 nunc
3073 481 3100 520 a
3147 477 3200 521 te
3254 468 3488 522 dicenda

1923 567 2070 625 sunt,
2107 559 2326 613 locutus
2356 557 2654 612 discedam.
2698 556 2754 612 Si
2792 557 2941 612 aliud
2971 567 3056 612 est
3097 557 3245 627 quod
3279 559 3487 624 habet,

1923 649 2070 704 aliud
2111 650 2258 719 quod
2293 649 2527 704 habetur
2556 655 2612 702 et
2651 648 2948 714 diversum,
2983 663 3046 704 ac
3073 648 3116 703 si
3148 650 3296 718 quod
3325 649 3491 703 habet

1924 747 2008 795 est
2037 739 2276 795 essentia
2301 778 2316 802 ,
2349 740 2492 808 quod
2523 749 2702 794 autem
2738 739 2968 793 habetur
3000 753 3110 793 non
3141 749 3227 795 est
3253 740 3490 794 essentia

1923 828 2226 884 secundum
2278 828 2434 898 301
2474 837 2546 894 te,
2579 829 2840 884 essentia:
2872 839 2951 884 est
2981 843 3177 898 expers
3209 831 3354 900 quod
3387 829 3490 882 lia-

1923 919 2116 984 betur;
2154 933 2218 973 ac
2264 920 2310 974 si
2354 920 2590 974 essentia
2616 927 2701 974 est
2731 919 2895 982 Dens,
2937 919 2990 972 id
3025 919 3190 989 igitur
3221 920 3366 989 quod
3403 935 3492 974 es-

1924 1013 2100 1066 sentia
2132 1021 2284 1066 caret
2317 1026 2425 1066 non
2465 1021 2551 1066 est
2595 1011 2763 1076 Deus,
2798 1011 3088 1066 efﬁcientia
3119 1011 3400 1074 nimirum,
3435 1023 3492 1066 et

1925 1103 2216 1172 conjuncta
2261 1112 2346 1157 est
2388 1103 2498 1173 jam
2551 1115 2766 1171 semper
2794 1112 2848 1156 et
2891 1117 2956 1156 ex
2995 1103 3142 1156 omni
3185 1105 3490 1158 aeternitate

1925 1193 2122 1248 divinat
2153 1201 2210 1248 et
2243 1193 2496 1247 increataa
2521 1193 2772 1248 essentia:
2811 1193 2926 1248 ha-c
2949 1194 3186 1248 essentia
3213 1209 3408 1250 carens
3433 1205 3492 1250 et

1925 1285 2140 1340 diversa
2194 1284 2515 1350 eiiicientia,
2576 1285 2846 1354 simulque
2887 1285 3212 1355 principium
3245 1289 3490 1342 omnium

1927 1377 2022 1431 tibi
2069 1376 2252 1431 evadit
2283 1377 2414 1448 dyas
2445 1377 2786 1447 ineptissimo
2816 1394 2844 1432 a
2876 1393 2934 1432 se
2979 1379 3098 1448 ipsa
3134 1379 3395 1434 ditl'erens
3421 1393 3478 1436 et

1927 1483 2142 1538 semper
2163 1479 2346 1522 secum
2373 1484 2643 1539 pugnans.
2667 1469 2774 1526 Sed
2800 1470 3064 1527 Maximus
3091 1473 3490 1536 divinus,cNon

1927 1563 2126 1628 potest,
2189 1558 2386 1628 inquit.
2441 1559 2733 1629 cogitando
2763 1561 2882 1616 dari
2929 1573 3025 1618 aut
3063 1564 3288 1618 attribui
3325 1563 3489 1632 quid-

1928 1664 2089 1717 quam
2123 1649 2254 1712 Deo,
2295 1650 2438 1718 quod
2471 1652 2542 1705 sit
2577 1651 2646 1704 ab
2677 1653 2794 1722 ejus
2821 1655 3056 1709 essentia
3087 1655 3391 1716 diversum.
3423 1669 3492 1709 ex

1927 1740 2078 1794 omni
2127 1740 2456 1804 aeternitate,
2478 1755 2587 1794 non
2622 1757 2796 1796 aevum
2821 1783 2836 1806 ,
2869 1759 2979 1798 non
3023 1753 3266 1814 tempus,
3315 1757 3493 1812 neque

1929 1829 2238 1898 quidquam
2275 1845 2464 1882 eorum
2517 1845 2637 1898 qua:
2695 1833 2748 1885 in
2803 1833 2885 1887 Itis
2935 1845 3258 1900 versantur;
3315 1849 3493 1903 neque

1931 1920 2076 1972 enim
2127 1920 2616 1974 accommodantur
2665 1921 2766 1975 sibi
2841 1923 3074 1978 invicem
3145 1939 3384 1996 unquam
3436 1925 3486 1978 id

1929 2012 2074 2080 quod
2103 2012 2320 2081 pmprie
2355 2011 2558 2080 aliquid
2579 2022 2742 2067 estet
2772 2015 2916 2084 quod
2954 2032 3062 2069 non
3089 2020 3329 2086 proprie.
3373 2038 3391 2070 ι
3425 2019 3492 2074 Ει

1931 2115 2120 2159 rursus
2154 2105 2366 2158 inﬁnita
2393 2119 2513 2160 esse
2536 2105 2670 2175 dyas
2697 2105 2847 2161 nullo
2879 2107 3041 2161 modo
3067 2117 3278 2177 potest;
3304 2125 3494 2163 mona-

1928 2199 2027 2250 des
2059 2196 2208 2251 enim
2245 2195 2298 2248 in
2323 2211 2388 2250 ea
2420 2209 2484 2250 ex
2515 2197 2925 2264 comparatione
2965 2198 3280 2267 composita:
3315 2213 3374 2252 se
3407 2199 3494 2252 in-

1927 2288 2102 2342 vicem
2140 2287 2450 2341 definiunt:
2483 2287 2566 2342 sin
2602 2296 2783 2342 autem
2829 2287 2932 2342 hoc
2978 2297 3080 2350 est,
3131 2304 3238 2343 non
3283 2299 3367 2344 est
3403 2290 3490 2344 illa

1929 2379 2180 2450 principii
2207 2393 2442 2449 expers;
2468 2379 2797 2449 principium
2821 2379 2966 2434 enim
2988 2379 3179 2450 dyadis
3207 2380 3387 2436 omnis
3411 2393 3496 2436 est

1929 2485 2139 2524 monas.
2176 2469 2382 2536 Quodsi
2411 2469 2502 2523 illa
2533 2485 2644 2524 nou
2674 2477 2756 2525 est
2780 2469 3032 2540 principii
3058 2486 3274 2540 expers.
3301 2473 3491 2527 eadem

1931 2575 2039 2614 non
2057 2553 2687 2614 est'immota.Movetur
2713 2559 2858 2614 enim
2889 2575 3120 2615 numero
3144 2575 3210 2616 ex
3241 2563 3495 2616 monadin

1927 2655 2028 2708 bus
2057 2651 2359 2708 secundum
2375 2651 2852 2718 consociationem;
2877 2653 3019 2721 quod
3041 2661 3221 2708 autem
3245 2667 3494 2710 movetur

1925 2759 2034 2799 non
2058 2753 2143 2799 est
2171 2743 2499 2813 principium
2531 2783 2545 2808 ,
2594 2742 2688 2797 sed
2728 2751 2980 2797 movetur
3006 2759 3070 2799 ex
3103 2746 3372 2814 principio
3405 2747 3494 2800 ni-

1931 2837 2129 2892 mirum
2161 2845 2432 2891 movente.
2466 2835 2653 2888 Menas
2683 2843 2864 2889 autem
2895 2836 3007 2890 sola
3037 2837 3257 2908 proprie
3280 2847 3365 2892 est
3397 2839 3496 2892 im-

1929 2937 2097 2982 mota.
2127 2925 2397 2996 Subjectze
2431 2925 2597 2993 igitur
2621 2925 2716 2980 tibi
2753 2934 2882 2980 sunt
2911 2967 2925 2992 ,
2959 2929 3152 2992 amice,
3191 2930 3354 2984 etiam
3389 2930 3493 2984 sub

1851 3036 1895 3098 α
1929 3019 2268 3090 principium
2300 3017 2663 3083 divinitates;
2703 3019 2899 3086 quodsi
2947 3019 3052 3074 hoc
3089 3024 3492 3086 est,mensuris

1929 3109 2173 3164 iocorum
2209 3119 2264 3164 et
2297 3119 2605 3178 temporum
2639 3110 2978 3178 inserviunt;
3005 3123 3188 3168 creata
3209 3113 3374 3184 igitur
3401 3131 3494 3169 co-

1929 3198 1998 3251 lis
2033 3199 2279 3267 ignarus.
2313 3197 2431 3252 Jam
2485 3213 2615 3253 vero
2647 3199 2692 3253 si
2740 3209 2808 3254 ex
2866 3210 2956 3256 tua
3019 3203 3288 3260 sententia
3349 3206 3493 3259 aliud

1928 3298 2014 3342 est
2034 3288 2465 3352 essentia,aliud
2499 3289 2643 3344 Deus
2669 3291 2763 3359 qui
2791 3293 3082 3346 essentiam
3111 3295 3296 3360 habet;
3327 3306 3383 3350 et
3413 3296 3496 3350 di-

1929 3395 2120 3437 versus
2145 3393 2230 3437 est
2257 3398 2285 3437 a
2314 3398 2410 3438 sua
2437 3383 2610 3454 ipsius
2641 3387 2900 3449 essentia,
2929 3395 3012 3441 est
3041 3386 3202 3456 igitur
3230 3389 3370 3441 Deus
3407 3389 3460 3441 in
3481 3415 3496 3426 ο

1928 3473 2239 3528 essentialis
2256 3475 2415 3545 302
2437 3486 2492 3531 et
2520 3478 2754 3532 essentia
2783 3477 2874 3532 Dei
2899 3478 3184 3534 divinitate
3208 3479 3492 3534 destituta.

1929 3567 2019 3620 Ait
2048 3568 2192 3621 enim
2223 3569 2387 3622 etiam
2412 3569 2705 3636 Gregorius
2729 3571 3006 3640 Nyssenus
3027 3571 3139 3625 :tSi
3168 3573 3372 3626 bonum
3387 3581 3491 3632 est,

1931 3671 2156 3724 pravum
2193 3671 2300 3710 non
2352 3667 2469 3724 est;
2508 3659 2588 3712 sin
2618 3669 2798 3714 autem
2849 3675 3076 3728 pravum
3117 3669 3241 3724 est,
3289 3663 3490 3714 bonum

1931 3761 2038 3801 non
2075 3757 2180 3812 est,
2213 3751 2516 3804 secundum
2565 3765 2684 3804 eam
2717 3753 3006 3815 rationem,
3039 3752 3183 3822 quod
3216 3755 3494 3808 contraria

1929 3839 2182 3907 componi
2228 3854 2334 3893 non
2367 3852 2617 3908 possunt.
2669 3859 2687 3893 ι
2721 3843 2909 3912 Itaque
2948 3859 3070 3898 cum
3104 3845 3305 3898 multos
3363 3847 3493 3898 deos

1929 3943 2260 3997 componere
2286 3931 2687 3994 contenderes,
2721 3931 3100 4000 deprehensus
3134 3947 3193 3986 es
3227 3933 3388 3985 etiam
3426 3949 3491 3986 ex

1929 4019 2222 4090 negatione
2253 4020 2415 4074 unius
2462 4021 2550 4074 Dei
2590 4029 2880 4090 argrotans,
2917 4031 3038 4092 quat
3085 4031 3211 4076 sunt
3260 4024 3492 4077 maxime

1929 4111 2176 4181 opposita
2214 4111 2376 4174 mala,
2417 4119 2472 4166 et
2505 4113 2862 4166 conciderunt
2889 4114 3072 4183 parvis
3117 4114 3328 4170 arcium
3375 4127 3492 4170 tua-

1929 4215 2050 4255 rum
2083 4201 2304 4255 castella
2335 4209 2391 4255 et
2420 4201 2786 4268 munitiones,
2817 4205 3021 4273 quibus
3062 4206 3302 4260 conlisus
3349 4223 3490 4262 eras.

1929 4292 2136 4347 Deinde
2162 4301 2344 4346 autem
2363 4294 2621 4363 quoniam
2646 4294 2793 4350 aliud
2825 4296 2964 4350 dicis
2987 4311 3106 4352 esse
3127 4298 3271 4366 quod
3305 4298 3490 4358 habet.

265 4391 370 4457 γὰρ
404 4393 538 4458 ἔχει,
585 4392 677 4443 δύο
721 4391 849 4462 ἄρα’
911 4392 1006 4444 καὶ
1055 4393 1100 4444 εξ
1160 4391 1272 4456 δύο,
1307 4391 1539 4461 διάφορα
1574 4391 1820 4450 πάντως·

1927 4383 2074 4438 αιίυιίί
2114 4383 2260 4453 quod
2296 4384 2532 4439 habetur
2576 4393 2630 4438 et
2680 4385 2960 4442 diversum
2988 4427 3004 4452 ,
3061 4388 3292 4442 fortasse
3341 4388 3492 4442 dices

259 4481 389 4534 ἄλλο
437 4483 544 4551 γὰρ
575 4483 685 4534 δεῖν
721 4479 861 4535 εἷναι
915 4482 1055 4551 ἔφης
1109 4482 1204 4534 τοῦ
1261 4481 1520 4552 ἐχομένου
1572 4478 1633 4530 τὸ
1677 4479 1820 4548 ἔχον.

257 4577 368 4628 Καὶ
397 4574 606 4641 γίνεται
637 4591 719 4633 τις
747 4579 1156 4642 τερατόμορφος
1187 4571 1653 4640 ἐνεργοενέργεια.
1687 4568 1746 4620 El
1769 4567 1825 4619 δὲ

255 4665 338 4734 μὴ
371 4665 549 4728 τοῦτο,
582 4666 680 4717 οὐκ
707 4664 772 4716 ἂν
800 4665 886 4734 εἴη
916 4663 1012 4735 τὴν
1039 4665 1319 4731 ἐνέργειαν
1345 4661 1488 4730 ἔχειν
1520 4660 1818 4728 ἐνέργειαν.

251 4757 368 4808 Καὶ
397 4757 741 4825 συμϐήσεται
791 4755 890 4824 τὴν
923 4754 1181 4819 τοιαύτην
1214 4751 1496 4821 ἐνέργειαν
1530 4750 1822 4818 ἀνενέργη-
1865 4818 1870 4824 .

245 4863 344 4898 τον
377 4843 542 4897 εἶναι.
579 4846 652 4896 Τὸ
689 4843 732 4896 δ’
765 4846 1129 4912 ἀνενέργητον
1185 4845 1280 4898 καὶ
1320 4844 1666 4912 ἀνύπαρκτον
1697 4841 1819 4896 καθ’

243 4937 319 5007 ἧν
349 4937 747 5006 βωμολοχήσας
781 4935 1098 5004 προῦθηκας
1129 4935 1275 4987 θέσιν
1307 4952 1364 4986 τε
1414 4935 1508 4986 καὶ
1552 4933 1821 5002 πρότασιν

245 5027 436 5086 αὐτὸς.
465 5025 538 5074 Τὸ
563 5025 670 5091 γὰρ
701 5021 776 5091 μὴ
828 5021 972 5090 ἕχον,
1001 5023 1156 5092 ἔφης,
1204 5021 1487 5090 ἐνέργειαν
1533 5019 1648 5073 οὒτ’
1673 5019 1822 5071 ἐστιν

241 5115 374 5168 οὔτε
411 5113 464 5166 τι
498 5117 668 5165 ἐστιν.
701 5109 813 5162 οὒτ’
850 5111 966 5163 ἐστι
995 5112 1269 5172 παντελῶς
1313 5107 1482 5161 αὑτοῦ
1525 5107 1700 5169 θέσις,
1728 5107 1822 5158 καὶ

243 5204 505 5257 ἀπόλωλέ
539 5221 620 5255 σοι
658 5204 718 5256 τὸ
744 5203 1068 5270 σπούδασμα
1090 5199 1156 5254 δι’
1179 5201 1356 5268 ὀλίγου
1378 5199 1472 5251 καὶ
1495 5199 1592 5266 τῆς
1618 5195 1820 5265 μοχθηο

241 5299 348 5366 ρᾶς
385 5295 666 5362 γεωργίας
717 5295 745 5344 ὁ
789 5293 1013 5360 στάχυς,
1070 5292 1102 5359 ἢ
1164 5293 1218 5353 ἐς
1271 5291 1620 5358 ἀνύπαρκτον
1671 5287 1820 5356 ἡμᾶς

235 5385 634 5454 δογματίζοντι
689 5382 969 5434 πιστεύειν
1031 5381 1182 5449 ἥείς
1243 5380 1506 5432 σύνθετον
1556 5377 1814 5445 Θεότητα.

249 5477 634 5531 Ἐναντιοῦται
660 5478 770 5546 γάρ
811 5493 893 5528 σοι
933 5477 1028 5526 καὶ
1066 5473 1092 5525 ὁ
1123 5473 1266 5536 θεῖος
1283 5471 1592 5552 ἡΚύριλλος,
1618 5471 1820 5524 ἄτοπον

237 5567 384 5621 εἶναι
421 5569 650 5636 φάσκων
685 5571 744 5618 τὸ
805 5569 982 5634 λέγειν
1040 5563 1297 5632 τοιαύτην
1347 5563 1494 5632 ἐχειν
1549 5563 1640 5614 τὸν
1689 5561 1821 5612 Θεὸν

248 5661 354 5730 τὴν
387 5660 595 5728 γιῶσεν
617 5661 706 5711 ὀπί
728 5660 810 5710 ίαν
842 5661 932 5710 καὶ
961 5659 1142 5727 ἡμεῖς·
1179 5657 1224 5707 εί
1251 5655 1358 5724 γὰρ
1388 5653 1625 5726 [ὥσπερ]
1663 5655 1820 5722 ἡμεῖς

585 5756 850 5812 Panum.
887 5755 1000 5812 (in.
1051 5751 1314 5813 CXLIX.

1926 4475 2091 4528 etiam
2119 4475 2266 4529 aliud
2296 4491 2418 4532 esse
2445 4479 2760 4532 necessario
2791 4475 2985 4542 Deum,
3027 4478 3173 4533 aliud
3207 4481 3326 4548 ejus
3358 4481 3490 4532 sub-

1929 4564 2216 4620 stantiam.
2264 4566 2476 4621 Dicitur
2519 4567 2668 4621 enim
2701 4567 2841 4622 Deus
2877 4580 2933 4623 et
2962 4570 3252 4623 essentiam
3290 4569 3490 4623 habere

1925 4661 1980 4708 et
2008 4653 2393 4708 substantiam.
2421 4653 2537 4709 Erit
2575 4657 2740 4725 igitur
2787 4672 2854 4710 ex
2900 4665 2989 4709 tua
3039 4657 3312 4712 sententia
3343 4658 3490 4712 Dens

1926 4759 2036 4799 non
2066 4743 2478 4808 substantialis,
2507 4755 2563 4800 et
2596 4743 2901 4800 substantia
2943 4745 3037 4802 Dei
3073 4749 3361 4804 divinitate
3389 4749 3492 4802 de-

1924 4837 2132 4892 stituta.
2164 4837 2230 4892 Et
2287 4831 2355 4892 dé
2403 4839 2688 4892 ellicientia
2741 4837 2882 4893 idem
2924 4839 3219 4894 dicendum
3279 4841 3385 4894 erit
3433 4853 3490 4896 et

1924 4929 2321 4993 quan-emittm,
2382 4941 2514 4980 num
2575 4927 2859 4982 elﬁcientia
2918 4930 3114 4984 habeat
3145 4931 3488 4986 eﬂicientiatn

1925 5016 2111 5072 aliam.
2137 5017 2350 5071 Etenim
2382 5019 2425 5072 si
2455 5017 2640 5083 habet,
2667 5029 2794 5074 sunt
2825 5021 2992 5090 igitur
3025 5026 3154 5084 duo,
3187 5039 3249 5077 ac
3281 5023 3327 5076 si
3354 5023 3485 5084 duo.

1925 5104 2141 5159 diversa
2169 5106 2434 5172 omnino;
2467 5108 2610 5162 aliud
2644 5111 2789 5162 enim
2819 5120 3075 5178 oportere
3103 5126 3224 5167 esse
3261 5113 3484 5167 dicebas

1925 5204 2088 5265 atque
2109 5197 2161 5250 id
2184 5197 2328 5266 quod
2354 5197 2588 5252 habetur
2609 5199 2662 5252 id
2685 5201 2829 5269 quod
2857 5201 3041 5264 habet,
3065 5211 3122 5256 et
3145 5205 3320 5258 oritur
3339 5219 3488 5274 que-

1925 5285 2048 5340 dam
2073 5288 2272 5341 mirum
2308 5288 2364 5341 in
2395 5288 2618 5344 modum
2645 5291 2877 5346 formata
2907 5292 3213 5350 cﬂicientite
3241 5295 3484 5350 eiiicien-

1925 5380 2031 5444 tia;
2065 5379 2146 5432 sin
2179 5389 2358 5434 autem
2389 5381 2494 5436 ltoc
2523 5397 2712 5437 verum
2751 5399 2859 5440 non
2882 5395 2987 5452 est,
3022 5403 3126 5441 non
3158 5399 3342 5459 potest
3371 5387 3483 5444 om.

1899 5459 2124 5522 ‘cientia
2141 5469 2482 5524 eﬂicientiam
2504 5471 2731 5536 habere,
2754 5483 2812 5528 et
2832 5485 3092 5544 sequetur
3113 5487 3172 5530 ut
3193 5477 3480 5534 efﬁcientia

1924 5561 2190 5626 ejusmodi
2237 5563 2304 5614 sit
2353 5562 2620 5617 incilicax.
2663 5565 2818 5630 Quod
2864 5579 3044 5622 autem
3091 5568 3332 5622 incilicax
3375 5585 3480 5630 est,

1925 5651 2088 5703 etiam
2112 5657 2190 5700 est
2218 5667 2322 5702 non
2347 5653 2725 5722 substantiaic,
2743 5659 3041 5711 secundum
3065 5675 3206 5718 eam,
3231 5673 3392 5726 quam
3422 5671 3474 5710 I'I

3009 5753 3046 5808 ι)
