3994 6204
554 338 662 399 971

1731 336 2143 397 NICEPHORI
2190 338 2569 399 ῦῙὶΕῦΟΠίΕ

3691 345 3794 406 ΞῙΞ).

556 459 741 513 omnia
781 459 947 513 simili
1009 460 1220 514 ratione
1275 470 1615 529 quaecunque
1664 455 1913 526 opposita
1956 464 2121 519 sunt,

2236 455 2454 516 ἁπλοῦν,
2498 457 2633 509 ἀλλὰ
2664 455 2932 520 σύνθετον,
2975 455 3075 520 κὲιξ
3120 449 3193 507 ὧν
3231 455 3539 509 συντίθπαι
3581 458 3788 524 μεριζὸ-

561 551 803 621 eognitio
835 561 891 605 et
920 567 1041 621 qua:
1072 568 1183 605 non
1214 560 1299 606 est
1331 550 1596 620 cognitio,
1631 550 1711 603 vis
1740 558 1794 601 et
1825 564 1945 617 qua:
1976 548 2130 602 simi-

556 639 635 693 Iia
662 648 790 693 sunt
815 654 881 693 ex
906 639 1106 708 ineptis
1138 639 1435 707 impietatis
1462 636 1672 692 verbis.
1710 635 2016 705 Improprie
2034 651 2130 689 au-

562 739 671 785 tem
707 729 913 785 habere
965 729 1033 783 de
1083 729 1195 783 Deo
1243 729 1352 783 dici
1403 728 1743 782 demonstrat
1768 742 1916 781 nunc
1963 727 2126 780 etiam

554 821 781 877 divinus
812 822 1260 892 Chrysostomus,
1293 820 1482 874 dicens
1511 838 1523 874 :
1556 838 1574 870 ι
1607 819 1743 873 Cum
1791 818 1982 872 audias
2029 817 2133 872 Pa-

556 923 700 968 trem
728 914 869 968 sicut
911 912 965 966 in
1015 928 1073 965 sc
1123 912 1289 965 habet
1333 911 1529 973 vitam,
1590 908 1660 962 ita
1692 908 1908 962 dedisse
1960 906 2126 962 etiam

557 1003 718 1067 Filio,
758 1002 1003 1057 utvitam
1034 1003 1226 1057 habeat
1262 1009 1313 1056 et
1354 1000 1611 1055 facultate
1654 998 1890 1061 fruatur,
1924 1013 1991 1051 ne
2036 1012 2127 1052 su-

558 1089 792 1156 Spiceris
844 1090 1339 1153 compositionem,
1383 1102 1521 1140 neve
1572 1100 1697 1141 cum
1768 1084 1925 1138 audis
1970 1083 2023 1136 in
2052 1098 2119 1138 eo

553 1183 727 1235 fuisse
742 1182 932 1245 vitam,
954 1181 1197 1250 opineris
1227 1180 1597 1248 compositum
1625 1191 1749 1229 eum
1785 1174 1977 1239 fuisse;
2006 1189 2127 1244 pro-

549 1274 809 1342 grediens
839 1274 985 1327 enim
1021 1274 1115 1336 ait,
1148 1273 1259 1342 Ego
1283 1286 1402 1324 sum
1426 1271 1541 1324 vita
1569 1285 1585 1333 ;
1623 1268 1697 1322 ita
1735 1276 1795 1321 ut
1826 1267 1983 1321 bruta
2006 1266 2124 1320 visa

2238 563 2422 615 μενον.
2490 547 2550 600 '0
2600 546 2658 600 δὲ
2718 550 2782 616 τῇ
2825 549 3018 619 ἀμερεῖ
3084 548 3267 620 ἐκείνῃ
3320 547 3418 601 καὶ
3476 547 3593 619 θείᾳ
3642 549 3796 608 φύσει

2232 638 2587 708 προστιθέναι
2637 638 3018 710 πειρώμενος,
3135 640 3295 710 φύσει
3347 640 3609 711 πρόσεστι
3673 641 3797 710 μήτ’

2231 729 2492 795 αὔξεσθαι
2551 731 2690 801 μήτε
2736 730 3045 800 μειοῦσθαι,
3085 718 3404 802 λέληθείτό
3435 751 3497 801 γε
3545 726 3679 804 ἧκον
3721 735 3799 795 εἰς

2230 818 2428 884 αὑτὸν,
2456 818 2697 874 ὲλαττῶν
2735 819 2836 887 μὲν
2882 822 2950 890 τῇ
2990 821 3277 893 προσθήκῃ
3308 819 3405 891 τὴν
3447 822 3546 891 τῆς
3592 820 3799 888 φύσεως

2229 910 2491 979 δύναμιν,
2544 908 2730 975 αὖξειν
2781 910 2826 963 δ’
2864 911 3066 979 ἥκιστα
3131 912 3347 964 πάντων
3403 910 3719 979 δυνάμενος,
3768 912 3801 980 ἢ

2237 995 2509 1065 μηδεμιᾶς
2538 995 2652 1049 οὔτ’
2679 995 2873 1065 ἐδεήθη
2904 997 3036 1049 ποτὲ
3064 995 3186 1051 οὒτε
3208 997 3455 1064 δεήσεται
3488 998 3803 1067 προσθήκης

2231 1085 2265 1154 ἢ
2305 1085 2661 1155 ὑφαιρέσεως,
2704 1086 2916 1150 οὐδενὸς
2955 1087 3108 1150 ὄντος
3136 1083 3198 1140 οὗ
3240 1089 3490 1158 δεήσεταί
3520 1088 3640 1142 ποτ’
3668 1089 3804 1158 αὐτὴ

2233 1177 2523 1246 πληροῦσα
2545 1177 2613 1231 τὰ
2645 1178 2825 1233 πάντα
2861 1181 2953 1234 καὶ
2992 1181 3157 1251 μηδὲν
3201 1181 3358 1245 ἐκτὸς
3401 1183 3547 1234 ὲὼσα
3593 1181 3655 1234 τὸ
3702 1177 3804 1233 πά-

2236 1267 2436 1337 ράπαν.

544 1369 627 1421 sit
658 1367 929 1435 sapientia
974 1377 1067 1420 tua
1100 1367 1267 1421 etiam
1305 1364 1397 1419 hic
1456 1363 1647 1417 dicens
1705 1361 1867 1415 simili
1910 1360 2125 1413 ratione
2165 1368 2331 1428 atque
2398 1361 2452 1415 in
2484 1361 2712 1417 homine
2769 1372 2825 1417 et
2854 1363 3057 1434 lapide,
3090 1364 3162 1419 ita
3180 1365 3346 1420 etiam
3382 1364 3472 1419 Dei
3507 1366 3799 1420 essentiam

543 1474 676 1513 cum
713 1459 803 1525 iis,
829 1475 949 1527 qua:
976 1474 1005 1513 ιι
1038 1468 1235 1512 natura
1260 1458 1314 1510 in
1346 1472 1409 1510 ea
1470 1456 1601 1520 sint,
1669 1453 1926 1507 omnibus
1995 1452 2387 1520 comprehendi
2423 1453 2492 1507 ab
2525 1454 2594 1508 iis
2619 1455 2713 1523 qui
2738 1470 2855 1509 eam
2886 1456 3111 1510 definire
3147 1459 3332 1512 velint.
3361 1460 3516 1524 Quod
3558 1458 3707 1512 enim
3737 1473 3802 1511 ex

554 1555 751 1618 talibus
784 1563 1016 1615 constat,
1046 1568 1153 1607 non
1173 1550 1584 1604 estindivisum
1635 1562 1813 1617 neque
1866 1545 2117 1615 simplex,
2154 1545 2249 1600 sed
2315 1546 2681 1616 compositum
2719 1555 2775 1600 et
2816 1546 2882 1602 iis
2926 1563 2991 1602 ex
3046 1548 3248 1617 quibus
3274 1553 3622 1621 componitur
3666 1552 3809 1607 divi-

543 1653 696 1713 ‘Sum,
735 1649 825 1718 qui
855 1656 1039 1701 autem
1071 1644 1318 1699 indivisa:
1351 1643 1429 1696 illi
1462 1652 1519 1697 et
1556 1642 1756 1695 divinae
1783 1648 1996 1693 naturae
2034 1639 2275 1709 adjicere
2307 1640 2511 1709 aliquid
2583 1649 2835 1708 conatur,
2895 1642 2983 1696 cui
3049 1657 3080 1695 a
3142 1654 3336 1699 natura
3389 1648 3670 1716 preprium
3726 1656 3812 1703 est

556 1748 613 1793 ut
630 1754 807 1808 neque
836 1749 1100 1806 augeatur
1127 1749 1305 1804 neque
1338 1733 1644 1797 minuatur,
1673 1745 1801 1785 eum
1860 1730 1998 1799 fugit
2060 1729 2188 1791 hoc,
2227 1730 2373 1799 quod
2405 1730 2480 1784 illi
2504 1731 2731 1787 accedat
2763 1732 3010 1788 minuere
3031 1737 3348 1791 accessione
3405 1747 3616 1793 naturae
3657 1743 3767 1794 vim
3795 1780 3809 1801 .

545 1848 676 1886 cum
710 1830 935 1886 minime
966 1827 1138 1898 possit
1172 1840 1372 1897 angere
1399 1840 1542 1888 eam,
1609 1839 1731 1893 quae.
1799 1822 1949 1876 nulla
2017 1820 2203 1891 neque
2246 1821 2481 1893 indignit
2523 1840 2764 1895 unquam
2808 1840 2989 1896 neque
3036 1826 3306 1899 indigebit
3349 1833 3669 1888 accessione
3713 1844 3813 1890 aut

556 1924 917 1986 detractione,
966 1934 1093 1974 cum
1141 1918 1281 1971 nihil
1308 1916 1567 1983 ,futurum
1614 1914 1820 1983 sitquo
1855 1913 2096 1985 indigeat
2163 1928 2406 1984 unquam
2464 1915 2555 1970 illa
2624 1917 2743 1987 ipsa
2790 1918 3022 1988 impleas
3048 1921 3323 1986 universa,
3354 1936 3530 1992 neque
3581 1913 3810 1983 omnino

555 2019 856 2088 quidquam
890 2024 1046 2070 extra
1079 2029 1138 2069 se
1171 2028 1291 2068 esse
1322 2012 1531 2068 sinens.

628 2114 792 2184 308
808 2111 946 2193 VIII.
983 2110 1189 2177 Quodsi
1218 2110 1272 2165 in
1299 2109 1560 2178 qualitate
1581 2122 1702 2177 quae
1728 2106 2126 2177 magnitudinis

2304 2107 2364 2160 Ei
2401 2107 2446 2159 δ’
2478 2109 2535 2163 ἐν
2568 2110 2816 2177 ποιότητι
2853 2112 3040 2182 ἀὸγκῳ
3095 2130 3155 2166 τε
3200 2114 3296 2166 καὶ
3341 2114 3598 2184 ἅμεγέθει
3641 2120 3811 2190 μέρος

547 2214 613 2259 et
651 2201 1034 2273 amplitudinis
1076 2209 1160 2255 est
1191 2215 1409 2270 expers,
1443 2208 1654 2270 partem
1691 2213 1801 2252 non
1838 2198 1969 2252 licet
1997 2211 2131 2268 pro-

552 2295 676 2363 prie
708 2295 914 2358 dicere,
968 2307 1147 2361 neque
1195 2289 1630 2361 magnitudinem
1666 2288 1831 2342 ullam
1884 2287 2128 2357 adjicere

559 2395 655 2442 aut
694 2385 981 2440 detrahere
1018 2389 1149 2451 (non
1209 2382 1356 2436 enim
1432 2380 1667 2435 dicimus
1720 2393 1968 2449 magnam
2038 2383 2132 2432 aut

559 2492 783 2547 parvam
839 2473 1260 2541 albitudinem):
1295 2470 1529 2524 multum
1569 2468 1816 2540 profecto
1879 2469 1993 2523 sive
2040 2481 2133 2537 po-

467 2564 473 2572 ’
560 2567 671 2620 tins
728 2579 889 2618 omne
925 2564 1100 2628 abest,
1143 2570 1201 2616 ut
1250 2560 1317 2615 de
1355 2559 1540 2614 divina
1594 2559 1829 2613 essentia
1877 2557 2002 2611 talia
2035 2571 2133 2611 co-

550 2659 795 2730 gitemus
829 2665 885 2712 et
911 2656 1183 2719 dicamus,
1212 2668 1334 2724 qua:
1387 2650 1822 2722 magnitudinem
1850 2658 1925 2715 et,
1950 2649 2131 2718 parvi-

561 2761 728 2807 tatem
783 2749 913 2804 fecit
955 2758 1011 2804 et
1053 2762 1269 2816 semper
1302 2745 1468 2810 facit;
1501 2745 1617 2798 ha'c
1644 2752 1827 2797 autem
1856 2758 1885 2797 a
1937 2752 2129 2796 natura

561 2843 714 2899 nullo
741 2841 903 2896 modo
932 2840 1231 2909 quidquam
1261 2847 1343 2891 est
1376 2852 1566 2891 eorum
1592 2851 1711 2903 qua:
1741 2835 1869 2889 fecit
1901 2844 1955 2889 et
1989 2849 2130 2887 sem-

554 2951 660 3004 per
714 2935 843 2988 facit
895 2947 1074 3001 neque
1110 2928 1293 2999 prodit
1340 2927 1396 2982 in
1448 2926 1864 2995 amplitudinem
1894 2967 1909 2992 ,
1950 2941 2130 2995 neque

557 3046 806 3101 unquam
839 3026 1126 3098 procedet,
1160 3025 1362 3080 etenim
1386 3023 1530 3092 quod
1561 3022 1922 3091 amplitudine
1956 3024 2133 3090 majus

565 3125 647 3187 Iit,
673 3122 724 3175 vi
760 3120 816 3173 fit
846 3119 1033 3173 minus
1064 3125 1121 3172 et
1143 3114 1409 3186 quidquid
1437 3112 1809 3183 magnitudine
1836 3112 2130 3166 maximum

565 3224 672 3278 est,
703 3212 772 3267 ab
795 3208 1153 3280 amplitudine
1186 3206 1516 3277 relinquitur
1549 3205 1719 3267 omni,
1750 3214 1810 3258 ut
1836 3203 2129 3257 maximum

563 3323 717 3379 aque
740 3319 960 3375 semper
1006 3309 1346 3371 permaneat.
1381 3299 1596 3354 Etenim
1631 3297 1674 3352 si
1716 3297 1783 3352 de
1821 3296 2130 3351 albitudine

564 3414 688 3470 quae
737 3407 819 3451 est
868 3396 924 3449 in
980 3394 1107 3448 nive
1143 3392 1379 3447 velimus
1411 3391 1613 3453 dicere,
1648 3390 1882 3458 exempli
1913 3389 2128 3459 gratia,

565 3462 672 3546 non
725 3487 1084 3544 albitudinem
1121 3502 1240 3556 qua:
1270 3494 1353 3538 est
1386 3483 1441 3537 in
1490 3491 1643 3551 parte
1694 3481 1836 3535 nivis
1881 3481 2128 3534 dicamus
2157 3462 2200 3520 (ἶ

564 3588 773 3652 partem
822 3576 1144 3632 albitudinis
1182 3588 1304 3644 quae
1340 3581 1426 3626 est
1455 3571 1511 3625 in
1567 3568 1803 3639 plurima
1856 3568 2004 3633 nive,
2032 3566 2127 3622 sed

563 3670 926 3726 albitudinem
982 3667 1154 3737 partis
1198 3664 1339 3718 nivis
1364 3662 1640 3726 ,‘minime
1686 3671 1868 3715 autem
1919 3668 2128 3728 partem

563 3758 905 3817 albitudinis.
946 3753 1340 3825 Amplitndinis
1380 3751 1527 3807 enim
1560 3762 1612 3805 et
1670 3749 1993 3821 quantitatis
2033 3763 2129 3803 ex-

556 3868 692 3925 pers
721 3867 819 3923 per
855 3865 915 3905 se
971 3858 1027 3903 et
1066 3844 1466 3918 magnitudinis
1510 3850 1595 3899 est
1624 3841 1893 3906 albitudo,
1936 3848 1998 3895 ut
2039 3839 2134 3895 de-

556 3953 934 4001 .monsnatum
973 3946 1078 3994 est.
1123 3937 1219 3992 Sin
1251 3946 1431 3990 autem
1480 3949 1548 3989 ne
1603 3933 1856 3988 accidens
1908 3929 2129 4001 quidem

560 4051 689 4091 esse
720 4037 842 4090 haec
878 4030 1247 4086 incssentialis
1287 4043 1318 4081 a
1357 4036 1408 4081 te
1442 4024 1767 4081 conceditur
1797 4021 2088 4077 efﬁcientia
2115 4059 2130 4083 ,

568 4126 661 4179 ubi
697 4139 814 4178 eam
873 4120 1180 4192 ponemus?
1220 4117 1476 4171 Not-mam
1513 4127 1568 4171 tu
1599 4131 1757 4185 pone.
1793 4112 1929 4168 Cum
1985 4113 2130 4168 enim

566 4231 670 4269 vox
703 4215 821 4283 ejus
851 4211 996 4280 quod
1053 4218 1138 4263 est
1185 4209 1238 4262 in
1304 4208 1598 4261 essentiam
1642 4213 1697 4260 et
1755 4204 2010 4259 accidens
2051 4203 2132 4258 di-

571 4304 815 4368 vidatur,
849 4302 896 4355 si
926 4301 1013 4353 illa
1046 4315 1225 4367 neque
1255 4297 1496 4351 essentia
1526 4303 1608 4349 est
1645 4309 1820 4363 neque
1850 4292 2131 4359 accidens,

568 4414 677 4452 non
713 4395 820 4450 dici
860 4401 1039 4463 potest
1062 4390 1367 4461 quidquam
1392 4402 1581 4443 eorum
1612 4401 1734 4455 qua:
1763 4395 1891 4440 sunt
1920 4402 1933 4439 :
1969 4385 2133 4441 relin-

569 4488 759 4560 quitur
790 4486 954 4557 igitur
998 4482 1312 4538 necessario
1347 4490 1405 4533 ut
1456 4496 1562 4534 non
1594 4495 1713 4535 esse
1749 4480 1987 4534 dicatur.
2042 4480 2135 4534 lite

570 4588 703 4635 sunt
732 4593 1000 4633 novorum
1056 4585 1276 4629 tttorum
1328 4571 1643 4639 dogmatum
1690 4572 1999 4641 praestigire,
2034 4570 2135 4624 Pa-

568 4672 709 4726 |.ma
733 4671 975 4741 egregie,
1005 4678 1063 4722 ut
1114 4665 1306 4720 credas
1332 4664 1385 4718 in
1419 4665 1469 4717 id
1498 4662 1641 4732 quod
1687 4662 1851 4734 309
1888 4678 1994 4715 non
2025 4670 2129 4721 est,

2233 2199 2339 2251 οὐκ
2361 2199 2537 2263 ἔξεστι
2567 2201 2745 2270 λέγειν
2774 2205 3000 2272 κυρίως,
3035 2204 3158 2259 οὗτε
3194 2206 3424 2276 μέγεθος
3454 2210 3602 2262 οὐδὲν
3631 2228 3809 2280 προσ-

2233 2290 2440 2343 τιθέναι
2488 2291 2522 2361 ἢ
2554 2292 2812 2363 ἀφαιρεῖν
2849 2295 2931 2365 (οὐ
2965 2296 3072 2369 γὰρ
3115 2296 3346 2367 λέγομεν
3390 2298 3511 2352 οὔτε
3553 2303 3815 2374 μεγάλην

2233 2381 2359 2434 οὕτε
2399 2384 2602 2452 μικρὰν
2659 2384 3019 2457 λευκότητα),
3058 2389 3251 2443 πολλοῦ
3290 2390 3439 2461 μέντ’
3480 2391 3547 2446 ἂν
3591 2394 3815 2462 δεήσειε

2235 2475 2326 2527 καὶ
2355 2474 2446 2528 τοῦ
2479 2477 2679 2541 παντὸς
2711 2469 2840 2549 περὶ
2872 2480 2973 2551 τῆς
3002 2481 3152 2544 θείας
3179 2482 3373 2546 οὐσίας
3406 2487 3637 2540 τοιαῦτα
3664 2493 3816 2544 νοεῖν

2235 2566 2331 2620 καὶ
2355 2566 2555 2634 λέγειν,
2591 2569 2625 2639 ἢ
2663 2568 2874 2642 μεγέθη
2917 2572 3019 2640 μὲν
3054 2575 3151 2625 καὶ
3202 2574 3510 2644 μικρότητα.
3537 2580 3813 2650 πεποίηκέ

2233 2677 2292 2712 τε
2326 2661 2425 2713 καὶ
2472 2662 2557 2713 ἀεὶ
2608 2666 2774 2729 ποιεῖ,
2825 2664 2962 2736 αὐτὴ
2994 2665 3041 2719 δ’
3074 2666 3196 2719 ἐστὶ
3237 2668 3377 2721 κατὰ
3407 2670 3566 2737 φύσιν
3588 2672 3807 2744 οὐδαμῆ

2239 2750 2405 2821 μηδὲν
2449 2744 2524 2804 ὧν
2556 2752 2826 2823 πεποίηκέ
2860 2771 2919 2807 τε
2950 2756 3043 2808 καὶ
3074 2756 3161 2809 ἀεὶ
3189 2761 3351 2812 ποιεῖ.
3383 2760 3517 2813 Οὐδὲ
3551 2762 3809 2832 πρόεισιν

2234 2842 2314 2899 εἰς
2369 2840 2557 2907 ὄγκον,
2606 2842 2715 2894 οὐδ’
2761 2844 2821 2896 οὐ
2866 2842 2940 2914 μὴ
2988 2847 3326 2916 προχωρήσῃ
3372 2849 3524 2903 ποτέ.
3576 2851 3649 2902 Τὸ
3690 2854 3808 2923 γὰρ

2234 2932 2385 3002 ὄγκῳ
2443 2934 2630 3001 μεῖζον
2681 2936 2968 3006 γινόμενον
3025 2938 3253 3006 δυνάμει
3302 2942 3512 3007 γίνεται
3559 2941 3805 3008 ἔλαττον,

2234 3026 2327 3076 καὶ
2368 3024 2427 3076 τὸ
2462 3024 2744 3095 δυνάμεως
2790 3028 3012 3097 μεγέθει
3042 3030 3299 3098 μέγιστον
3346 3033 3512 3099 ὄγκου
3555 3033 3807 3089 λείπεται

2235 3116 2457 3180 παντὸς,
2486 3117 2573 3169 ἵνα
2612 3120 2872 3187 μέγιστον
2899 3121 3107 3190 ὁμοίως
3146 3122 3234 3175 ἀεὶ
3262 3124 3515 3197 διαμένῃ.
3547 3128 3659 3182 Καὶ
3694 3130 3807 3200 γὰρ

2234 3211 2331 3260 καὶ
2358 3209 2405 3260 εἰ
2439 3210 2569 3279 περὶ
2596 3209 2693 3277 τῆς
2718 3210 2775 3262 ὲν
2801 3211 2941 3280 χιόνι
2978 3213 3374 3286 βουληθείημεν
3406 3218 3585 3286 λέγειν
3618 3219 3809 3274 λευκός

2234 3315 2392 3368 τητος
2426 3299 2818 3369 ὑποδεῖ-(ματος
2850 3292 3061 3370 ἕνεκεν,
3092 3306 3153 3359 οὐ
3186 3305 3284 3376 τὴν
3325 3309 3384 3361 ἐν
3411 3309 3487 3378 τῷ
3522 3310 3677 3381 μέρει
3703 3315 3806 3383 τῆς

2244 3393 2435 3461 χιόνος
2460 3392 2758 3462 λευκότητα
2791 3394 2957 3464 μέρος
2987 3396 3053 3449 ἂν
3081 3397 3320 3467 φαίημεν
3350 3399 3445 3468 τῆς
3476 3402 3535 3453 ἐν
3578 3403 3809 3477 πλείστῃ

2234 3480 2377 3550 χιόνι
2397 3481 2744 3549 λευκότητος,
2775 3482 2911 3537 ἀλλὰ
2937 3486 3138 3555 μέρους
3168 3489 3269 3556 μὲν
3290 3490 3463 3559 χιόνος
3482 3490 3805 3563 λευκότητα.

2236 3568 2399 3636 μέρος
2429 3568 2485 3621 δὲ
2510 3570 2831 3641 λευκότητος
2861 3573 3085 3643 ἧκιστα’
3120 3575 3322 3644 ἄογκον
3344 3578 3456 3649 γὰρ
3480 3581 3574 3633 καὶ
3592 3581 3804 3636 ἄποσον

2232 3661 2357 3714 καθ’
2382 3663 2514 3716 αὐτὸ
2543 3666 2639 3717 καὶ
2669 3665 2936 3734 ἁμέγεθες
2978 3668 3010 3735 ἡ
3056 3668 3341 3739 λευκότης,
3393 3672 3469 3735 ὡς
3507 3672 3804 3729 δέδεικται.

2234 3751 2296 3803 Εἰ
2325 3749 2381 3802 δὲ
2423 3751 2558 3822 μηδὲ
2597 3753 2948 3826 συμϐεϐηκὸς
2991 3758 3023 3827 ἡ
3059 3758 3311 3825 ἀνούσιος
3341 3761 3481 3834 αὕτη
3510 3769 3810 3836 συγχωρεῖ-

2234 3844 2325 3897 ταί
2365 3861 2447 3899 σοι
2480 3846 2727 3913 γίνεσθαι
2759 3849 3034 3917 ἐνέργεια,
3065 3850 3170 3906 ποῦ
3200 3852 3406 3923 ταύτην
3437 3854 3642 3923 θετέον;
3676 3857 3802 3921 λέγε

2234 3935 2331 3988 καὶ
2383 3937 2661 4007 νομοθέτει
2693 3938 2779 3993 σύ.
2816 3940 2927 4007 Τῆς
2983 3942 3092 4010 γὰρ
3149 3943 3245 3996 τοῦ
3294 3944 3445 4008 ὄντος
3496 3948 3680 4016 φωνῆς
3723 3950 3804 4013 εις

2237 4026 2427 4079 οὐσίαν
2454 4029 2548 4080 καὶ
2582 4029 2929 4101 συμϐεϐηκὸς
2962 4032 3369 4106 διαιρουμένης,
3390 4038 3441 4090 εί
3483 4038 3610 4108 μήτ’
3646 4041 3805 4095 οὐσία

2240 4116 2378 4186 μήτε
2417 4118 2765 4190 συμϐεϐηκὸς
2798 4121 2909 4190 εἴη,
2943 4123 3051 4176 τῶν
3103 4124 3274 4195 δντιρν
3312 4128 3412 4180 οὐκ
3452 4129 3519 4182 ἂν
3566 4130 3801 4200 λέγοιτο.

2240 4205 2504 4260 Λείπεται
2541 4206 2649 4278 ἄρα
2696 4211 2771 4280 μὴ
2829 4210 2889 4265 ὃν
2934 4212 2992 4279 ἐξ
3045 4215 3290 4284 ἀνάγκης
3341 4204 3611 4286 λέγεσθαι.
3655 4221 3805 4293 Αὕτη

2234 4294 2343 4348 τῶν
2368 4295 2574 4349 καινῶν
2602 4314 2696 4349 σου
2724 4299 3013 4370 δογμάτων
3040 4304 3070 4373 ἡ
3094 4305 3368 4373 τερατεία,
3392 4306 3519 4359 καλὲ
3547 4308 3804 4378 Παλαμᾶ,

2236 4386 2299 4439 τὸ
2342 4386 2623 4442 πιστεύειν
2684 4391 2767 4454 είς
2818 4392 2878 4445 τὸ
2913 4392 2991 4464 μὴ
3038 4392 3097 4447 ὃν
3153 4396 3251 4448 καὶ
3302 4395 3476 4466 ψιλοῖς
3521 4398 3804 4469 λατρεύειν

2237 4478 2523 4548 ὀνόμασιν,
2564 4482 2723 4536 ὁποῖα
2780 4485 2877 4537 καὶ
2935 4486 3063 4549 τοὺς
3111 4486 3210 4557 τῆς
3245 4488 3594 4560 Πλατωνικῆς
3644 4493 3805 4554 στοᾶς

2241 4569 2339 4623 καὶ
2389 4570 2727 4642 Ἀκαδημίας
2781 4575 3085 4643 φάσκοντας
3135 4580 3292 4647 ῑσμεν
3346 4580 3475 4649 περί
3526 4599 3585 4634 τε
3633 4584 3806 4648 γενῶν

2241 4662 2335 4712 καὶ
2370 4661 2548 4726 εἰδῶν,
2587 4666 2683 4716 καὶ
2720 4665 2774 4717 εἴ
2805 4684 2949 4730 τινες
2989 4663 3099 4721 εἷεν
3136 4673 3198 4722 ἐκ
3228 4671 3336 4723 τῶν
3368 4673 3595 4743 ὕστερον
3628 4673 3806 4726 ἄλλοτ’

567 4772 624 4816 et
674 4763 817 4816 nuda
857 4762 1074 4814 nomina
1108 4758 1276 4820 colas,
1317 4757 1496 4824 qualia
1529 4756 1692 4809 etiam
1738 4755 2046 4807 Platonicos
2078 4764 2132 4807 et

2240 4754 2415 4818 ἄλλως
2437 4756 2624 4819 αὐτοῖς
2659 4758 3108 4832 ἡκολουθηκότων
3148 4762 3457 4834 Βογομίὶων
3493 4769 3583 4819 καὶ
3632 4769 3806 4820 Μανι-

569 4855 933 4914 Academicos
948 4852 1130 4906 dicere
1164 4850 1404 4903 solemus
1431 4846 1497 4900 de
1527 4845 1819 4915 generibus
1844 4852 1899 4898 et
1919 4844 2131 4905 formis,

567 4958 623 5002 et
654 4948 698 5001 si
728 4944 821 5015 qui
852 4952 981 4996 sunt
1014 4957 1077 4994 ex
1110 4940 1195 5003 iis,
1226 4938 1319 5007 qui
1349 4946 1538 5007 postea
1569 4935 1702 4988 alias
1737 4935 1897 4988 aliter
1927 4948 2022 4987 eos
2047 4949 2133 4987 se-

568 5036 683 5091 cuti
744 5041 910 5096 sunt,
959 5028 1255 5099 Bogomilis
1318 5027 1571 5080 nimirum
1628 5034 1683 5079 ct
1727 5023 2036 5078 Manichmis
2078 5032 2135 5078 ct

570 5125 882 5183 Massilianis
909 5132 964 5178 et
988 5118 1365 5183 Eunomianis,
1394 5132 1532 5189 quos
1553 5116 1717 5170 etiam
1749 5130 1943 5183 magna
1982 5116 2130 5169 insa-

571 5218 661 5272 nia
686 5213 1011 5287 perturbare
1029 5209 1161 5264 dicit
1194 5222 1421 5277 magnus
1444 5206 1675 5260 Basilius
1704 5212 1959 5273 tanquam
1982 5219 2131 5257 com-

573 5320 739 5361 mune
771 5317 943 5374 gcnus
971 5298 1270 5370 quoddam,
1301 5294 1450 5365 quod
1482 5295 1693 5347 ratione
1747 5294 1857 5346 sola
1894 5294 2137 5362 perspici

573 5395 767 5467 possit,
818 5394 871 5447 in
912 5392 1059 5445 nulla
1092 5387 1395 5444 substantia
1439 5385 1733 5439 essentiam
1768 5383 1989 5443 haheat,
2015 5399 2135 5437 cum

573 5487 762 5541 dicant
828 5482 996 5536 Deum
1051 5479 1106 5533 in
1178 5476 1473 5548 suppositis
1530 5475 1787 5545 perspici.
1838 5473 1942 5525 Sed
2009 5474 2135 5526 audi

561 5582 677 5650 jam
712 5576 858 5639 quod
901 5573 1041 5628 dicit
1082 5585 1273 5625 rursus
1327 5569 1470 5623 idem
1513 5582 1743 5637 magnus
1797 5564 2029 5619 Basilius
2071 5565 2137 5617 de

2240 4845 2407 4916 καίων
2430 4848 2526 4900 καὶ
2555 4849 2922 4904 Μασαλιανῶν
2946 4854 3042 4906 καὶ
3076 4854 3444 4925 Εὐνομιανῶν,
3482 4857 3573 4920 οὒς
3601 4859 3700 4912 καὶ
3728 4860 3806 4922 εἰς

2243 4937 2384 5007 μέγα
2438 4940 2827 5011 παραπληξίας
2886 4945 3135 4999 ἐλαύνειν
3193 4949 3223 5001 ὁ
3256 4948 3430 5017 μέγας
3459 4952 3595 5018 φησι
3641 4950 3804 5004 Βασί-

2242 5023 2385 5086 λειος
2422 5024 2611 5096 ὥσπερ
2638 5028 2928 5099 κοινότητα
2977 5049 3099 5085 τινα
3125 5032 3271 5104 λόγῳ
3305 5036 3453 5107 μόνῳ
3500 5036 3803 5108 θεωρητὴν,

2243 5116 2300 5168 ὲν
2329 5117 2558 5191 οὐδεμιᾷ
2591 5121 2890 5178 ὑποστάσει
2921 5125 2984 5199 [Γ.
3021 5128 3124 5183 LM
3148 5128 3227 5200 v.]
3270 5130 3332 5181 τὸ
3375 5124 3512 5183 εἶναι
3552 5129 3804 5198 ἔλουσαν.

2236 5211 2316 5271 εἰς
2343 5212 2409 5263 τὰ
2453 5213 2792 5284 ὑποκείμενα
2831 5220 3156 5290 θεωρεῖσθαι
3184 5223 3497 5292 φάσκοντας
3526 5223 3620 5276 τὸν
3647 5222 3805 5277 Θεόν.

2250 5300 2390 5354 Ἀλλ’
2445 5304 2608 5359 ἄκουε
2666 5308 2853 5363 λοιπὸν
2886 5314 2939 5364 τί
2972 5328 3137 5382 φησιν
3168 5311 3322 5376 αὖθις
3364 5318 3393 5368 ὸ
3424 5315 3588 5378 αὐτὸς
3633 5315 3809 5383 μέγας

2239 5389 2516 5455 Batonem;
2550 5399 2679 5467 περὶ
2723 5402 2820 5467 τῆς
2868 5404 3149 5472 ἐνεργείας
3196 5406 3330 5460 Θεοῦ
3380 5408 3479 5477 τῆς
3518 5407 3806 5465 ἀκτίστου.

2233 5478 2307 5542 ὡς
2338 5483 2430 5535 ἐπὶ
2461 5486 2557 5555 τῆς
2587 5489 2765 5559 ἁπλῆς
2821 5493 2919 5546 καὶ
2957 5495 3253 5565 ἀσωμάτου
3281 5496 3496 5566 φύσεως
3520 5497 3613 5551 τὸν
3642 5498 3810 5551 αὐτὸν

2237 5570 2395 5641 λόγον
2445 5577 2753 5651 ἐπιδέχεται
2804 5584 2836 5654 η
2872 5587 3119 5656 ἐνέργεια
3164 5591 3229 5659 τῇ
3263 5590 3444 5661 οὐσίᾳ.

569 5674 860 5732 ellicientia
890 5672 983 5727 Dei
1016 5670 1257 5724 inereata
1291 5665 1382 5719 :in
1415 5663 1649 5733 simplici
1681 5662 1891 5717 scilicet
1918 5674 1969 5716 et
2019 5663 2341 5732 incorporea
2374 5682 2567 5728 natura
2604 5679 2851 5733 eamdem
2886 5696 3009 5735 cum
3045 5684 3281 5739 essentia
3307 5684 3572 5739 rationem
3608 5682 3814 5756 accipit

566 5768 884 5824 efficientia.
