  <div class='ocr_page' id='page_1' title='image "/cluster/home/n/w/nwhite01/storage/ocr_20150623/149/hvd.32044073498818/140.png"; bbox 0 0 3994 6204; ppageno 0'>
   <div class='ocr_carea' id='block_1_1' title="bbox 193 281 284 344">
    <p class='ocr_par' dir='ltr' id='par_1_1' title="bbox 193 281 284 344">
     <span class='ocr_line' id='line_1_1' title="bbox 193 281 284 344; baseline -0.066 0"><span class='ocrx_word' id='word_1_1' title='bbox 193 281 284 344; x_wconf 66' lang='lat'><strong>273</strong></span> 
     </span>
    </p>
   </div>
   <div class='ocr_carea' id='block_1_2' title="bbox 1117 295 2398 362">
    <p class='ocr_par' dir='ltr' id='par_1_2' title="bbox 1117 295 2398 362">
     <span class='ocr_line' id='line_1_2' title="bbox 1117 295 2398 362; baseline 0.007 -9"><span class='ocrx_word' id='word_1_2' title='bbox 1117 295 1564 356; x_wconf 67' lang='grc' dir='ltr'><strong>ΒΥΖΑΝΤΙΝίΕ</strong></span> <span class='ocrx_word' id='word_1_3' title='bbox 1607 299 1987 360; x_wconf 76' lang='lat' dir='ltr'><strong>HISTORle</strong></span> <span class='ocrx_word' id='word_1_4' title='bbox 2027 301 2168 362; x_wconf 85' lang='lat' dir='ltr'><strong>LIB.</strong></span> <span class='ocrx_word' id='word_1_5' title='bbox 2213 303 2398 362; x_wconf 78' lang='lat' dir='ltr'><strong>XXX.</strong></span> 
     </span>
    </p>
   </div>
   <div class='ocr_carea' id='block_1_3' title="bbox 3325 305 3436 368">
    <p class='ocr_par' dir='ltr' id='par_1_3' title="bbox 3325 305 3436 368">
     <span class='ocr_line' id='line_1_3' title="bbox 3325 305 3436 368; baseline 0.036 -4"><span class='ocrx_word' id='word_1_6' title='bbox 3325 305 3436 368; x_wconf 61' lang='lat' dir='ltr'><strong>97f</strong></span> 
     </span>
    </p>
   </div>
   <div class='ocr_carea' id='block_1_4' title="bbox 253 391 1749 480">
    <p class='ocr_par' dir='ltr' id='par_1_4' title="bbox 253 391 1749 476">
     <span class='ocr_line' id='line_1_4' title="bbox 253 391 1749 476; baseline 0.011 -32"><span class='ocrx_word' id='word_1_7' title='bbox 253 391 350 444; x_wconf 65' lang='grc' dir='ltr'>ιθ.</span> <span class='ocrx_word' id='word_1_8' title='bbox 395 393 550 446; x_wconf 70' lang='grc' dir='ltr'>Ἐπεὶ</span> <span class='ocrx_word' id='word_1_9' title='bbox 591 395 634 446; x_wconf 80' lang='grc' dir='ltr'>δ’</span> <span class='ocrx_word' id='word_1_10' title='bbox 657 397 686 446; x_wconf 83' lang='grc' dir='ltr'>ὁ</span> <span class='ocrx_word' id='word_1_11' title='bbox 725 397 820 465; x_wconf 78' lang='grc' dir='ltr'>τῆς</span> <span class='ocrx_word' id='word_1_12' title='bbox 857 399 1042 462; x_wconf 72' lang='grc' dir='ltr'>οὐσίας</span> <span class='ocrx_word' id='word_1_13' title='bbox 1070 404 1194 473; x_wconf 78' lang='grc' dir='ltr'>ὄρος</span> <span class='ocrx_word' id='word_1_14' title='bbox 1226 409 1322 459; x_wconf 71' lang='grc' dir='ltr'>καὶ</span> <span class='ocrx_word' id='word_1_15' title='bbox 1353 407 1508 470; x_wconf 69' lang='grc' dir='ltr'>λνῖγοε</span> <span class='ocrx_word' id='word_1_16' title='bbox 1532 407 1749 476; x_wconf 56' lang='lat' dir='ltr'><strong>(tamen</strong></span> 
     </span>
    </p>
   </div>
   <div class='ocr_carea' id='block_1_5' title="bbox 1857 391 3440 480">
    <p class='ocr_par' dir='ltr' id='par_1_5' title="bbox 1939 413 3440 479">
     <span class='ocr_line' id='line_1_5' title="bbox 1939 413 3440 479; baseline 0.002 -13"><span class='ocrx_word' id='word_1_17' title='bbox 1939 414 2078 467; x_wconf 70' lang='lat' dir='ltr'><strong>XIX.</strong></span> <span class='ocrx_word' id='word_1_18' title='bbox 2113 415 2382 479; x_wconf 82' lang='lat' dir='ltr'><strong>Quoniam</strong></span> <span class='ocrx_word' id='word_1_19' title='bbox 2420 425 2600 466; x_wconf 86' lang='lat' dir='ltr'><strong>autem</strong></span> <span class='ocrx_word' id='word_1_20' title='bbox 2646 415 2900 470; x_wconf 70' lang='lat' dir='ltr'><strong>essentiae</strong></span> <span class='ocrx_word' id='word_1_21' title='bbox 2932 413 3177 468; x_wconf 71' lang='lat' dir='ltr'><strong>definitio</strong></span> <span class='ocrx_word' id='word_1_22' title='bbox 3207 425 3261 467; x_wconf 85' lang='lat' dir='ltr'><strong>et</strong></span> <span class='ocrx_word' id='word_1_23' title='bbox 3298 417 3440 469; x_wconf 87' lang='lat' dir='ltr'><strong>ratio</strong></span> 
     </span>
    </p>
   </div>
   <div class='ocr_carea' id='block_1_6' title="bbox 189 483 1752 566">
    <p class='ocr_par' dir='ltr' id='par_1_6' title="bbox 189 483 1752 566">
     <span class='ocr_line' id='line_1_6' title="bbox 189 483 1752 566; baseline 0.012 -34"><span class='ocrx_word' id='word_1_24' title='bbox 189 485 288 550; x_wconf 79' lang='grc' dir='ltr'>γὰρ</span> <span class='ocrx_word' id='word_1_25' title='bbox 318 483 444 550; x_wconf 79' lang='grc' dir='ltr'>ὅρος</span> <span class='ocrx_word' id='word_1_26' title='bbox 497 484 590 535; x_wconf 73' lang='grc' dir='ltr'><strong>καὶ</strong></span> <span class='ocrx_word' id='word_1_27' title='bbox 635 485 820 554; x_wconf 83' lang='grc' dir='ltr'><strong>λόγος)</strong></span> <span class='ocrx_word' id='word_1_28' title='bbox 853 491 1084 556; x_wconf 73' lang='grc' dir='ltr'>πρᾶγμα</span> <span class='ocrx_word' id='word_1_29' title='bbox 1143 496 1293 546; x_wconf 80' lang='grc' dir='ltr'>ἐστιν</span> <span class='ocrx_word' id='word_1_30' title='bbox 1343 495 1752 566; x_wconf 81' lang='grc' dir='ltr'>αὺθύπαρκτον,</span> 
     </span>
    </p>
   </div>
   <div class='ocr_carea' id='block_1_7' title="bbox 193 573 1756 654">
    <p class='ocr_par' dir='ltr' id='par_1_7' title="bbox 193 573 1756 654">
     <span class='ocr_line' id='line_1_7' title="bbox 193 573 1756 654; baseline 0.01 -31"><span class='ocrx_word' id='word_1_31' title='bbox 193 573 258 642; x_wconf 79' lang='grc' dir='ltr'>μὴ</span> <span class='ocrx_word' id='word_1_32' title='bbox 290 573 550 642; x_wconf 80' lang='grc' dir='ltr'>δεόμενον</span> <span class='ocrx_word' id='word_1_33' title='bbox 603 576 798 644; x_wconf 79' lang='grc' dir='ltr'>ἐτέρου</span> <span class='ocrx_word' id='word_1_34' title='bbox 857 581 996 648; x_wconf 79' lang='grc' dir='ltr'>πρὸς</span> <span class='ocrx_word' id='word_1_35' title='bbox 1041 581 1300 654; x_wconf 78' lang='grc' dir='ltr'>ὓπαρξιν,</span> <span class='ocrx_word' id='word_1_36' title='bbox 1331 586 1413 654; x_wconf 76' lang='grc' dir='ltr'><strong>εἴη</strong></span> <span class='ocrx_word' id='word_1_37' title='bbox 1447 585 1512 638; x_wconf 87' lang='grc' dir='ltr'><strong>ἂν</strong></span> <span class='ocrx_word' id='word_1_38' title='bbox 1539 589 1756 648; x_wconf 80' lang='grc' dir='ltr'>πάντως</span> 
     </span>
    </p>
   </div>
   <div class='ocr_carea' id='block_1_8' title="bbox 189 667 1758 746">
    <p class='ocr_par' dir='ltr' id='par_1_8' title="bbox 189 667 1758 746">
     <span class='ocr_line' id='line_1_8' title="bbox 189 667 1758 746; baseline 0.009 -28"><span class='ocrx_word' id='word_1_39' title='bbox 189 667 322 718; x_wconf 74' lang='grc' dir='ltr'><strong>καὶὸ</strong></span> <span class='ocrx_word' id='word_1_40' title='bbox 349 667 450 735; x_wconf 86' lang='grc' dir='ltr'>τῆς</span> <span class='ocrx_word' id='word_1_41' title='bbox 483 671 766 738; x_wconf 73' lang='grc' dir='ltr'><strong>ἐνεργείας</strong></span> <span class='ocrx_word' id='word_1_42' title='bbox 799 671 958 738; x_wconf 78' lang='grc' dir='ltr'>λόγος</span> <span class='ocrx_word' id='word_1_43' title='bbox 995 675 1022 726; x_wconf 84' lang='grc' dir='ltr'>ὁ</span> <span class='ocrx_word' id='word_1_44' title='bbox 1051 674 1236 740; x_wconf 79' lang='grc' dir='ltr'>αὐτὸς,</span> <span class='ocrx_word' id='word_1_45' title='bbox 1263 675 1368 728; x_wconf 75' lang='grc' dir='ltr'>κᾶν</span> <span class='ocrx_word' id='word_1_46' title='bbox 1395 681 1508 736; x_wconf 79' lang='grc' dir='ltr'>τοῖς</span> <span class='ocrx_word' id='word_1_47' title='bbox 1528 677 1758 746; x_wconf 80' lang='grc' dir='ltr'>ὀνόμασι</span> 
     </span>
    </p>
   </div>
   <div class='ocr_carea' id='block_1_9' title="bbox 185 755 1758 839">
    <p class='ocr_par' dir='ltr' id='par_1_9' title="bbox 185 755 1758 839">
     <span class='ocr_line' id='line_1_9' title="bbox 185 755 1758 839; baseline 0.008 -29"><span class='ocrx_word' id='word_1_48' title='bbox 185 755 492 826; x_wconf 74' lang='grc' dir='ltr'>διαφέρωσι,</span> <span class='ocrx_word' id='word_1_49' title='bbox 530 761 768 828; x_wconf 72' lang='grc' dir='ltr'>πρᾶγμα</span> <span class='ocrx_word' id='word_1_50' title='bbox 821 763 1212 834; x_wconf 77' lang='grc' dir='ltr'>αὐῡύπαρκτον</span> <span class='ocrx_word' id='word_1_51' title='bbox 1271 767 1498 838; x_wconf 87' lang='grc' dir='ltr'>δηλαδὴ,</span> <span class='ocrx_word' id='word_1_52' title='bbox 1535 770 1608 839; x_wconf 78' lang='grc' dir='ltr'>μὴ</span> <span class='ocrx_word' id='word_1_53' title='bbox 1643 771 1758 824; x_wconf 71' lang='grc' dir='ltr'>δεό-</span> 
     </span>
    </p>
   </div>
   <div class='ocr_carea' id='block_1_10' title="bbox 192 850 1759 930">
    <p class='ocr_par' dir='ltr' id='par_1_10' title="bbox 192 850 1759 930">
     <span class='ocr_line' id='line_1_10' title="bbox 192 850 1759 930; baseline 0.011 -31"><span class='ocrx_word' id='word_1_54' title='bbox 192 865 342 914; x_wconf 83' lang='grc' dir='ltr'>με·.ον</span> <span class='ocrx_word' id='word_1_55' title='bbox 391 850 582 920; x_wconf 77' lang='grc' dir='ltr'>ἐτέρου</span> <span class='ocrx_word' id='word_1_56' title='bbox 633 853 771 922; x_wconf 83' lang='grc' dir='ltr'>πρὸς</span> <span class='ocrx_word' id='word_1_57' title='bbox 811 853 1070 922; x_wconf 81' lang='grc' dir='ltr'>ὕπαρξιν.</span> <span class='ocrx_word' id='word_1_58' title='bbox 1111 857 1268 912; x_wconf 79' lang='grc' dir='ltr'>Οὕτω</span> <span class='ocrx_word' id='word_1_59' title='bbox 1313 859 1423 930; x_wconf 87' lang='grc' dir='ltr'>γὰρ</span> <span class='ocrx_word' id='word_1_60' title='bbox 1473 861 1567 914; x_wconf 78' lang='grc' dir='ltr'>καὶ</span> <span class='ocrx_word' id='word_1_61' title='bbox 1598 863 1626 914; x_wconf 86' lang='grc' dir='ltr'>ὁ</span> <span class='ocrx_word' id='word_1_62' title='bbox 1655 861 1759 930; x_wconf 81' lang='grc' dir='ltr'>τῆς</span> 
     </span>
    </p>
   </div>
   <div class='ocr_carea' id='block_1_11' title="bbox 183 941 1758 1024">
    <p class='ocr_par' dir='ltr' id='par_1_11' title="bbox 183 941 1758 1024">
     <span class='ocr_line' id='line_1_11' title="bbox 183 941 1758 1024; baseline 0.011 -34"><span class='ocrx_word' id='word_1_63' title='bbox 183 941 502 1012; x_wconf 78' lang='grc' dir='ltr'>ταυτότητος</span> <span class='ocrx_word' id='word_1_64' title='bbox 560 943 793 1008; x_wconf 79' lang='grc' dir='ltr'>σώζεται</span> <span class='ocrx_word' id='word_1_65' title='bbox 849 947 1026 1016; x_wconf 73' lang='grc' dir='ltr'>λόγος,</span> <span class='ocrx_word' id='word_1_66' title='bbox 1092 950 1168 1013; x_wconf 84' lang='grc' dir='ltr'>ὡς</span> <span class='ocrx_word' id='word_1_67' title='bbox 1230 951 1325 1004; x_wconf 77' lang='grc' dir='ltr'><strong>καὶ</strong></span> <span class='ocrx_word' id='word_1_68' title='bbox 1383 954 1412 1004; x_wconf 83' lang='grc' dir='ltr'>ὁ</span> <span class='ocrx_word' id='word_1_69' title='bbox 1465 953 1566 1022; x_wconf 78' lang='grc' dir='ltr'>τῆς</span> <span class='ocrx_word' id='word_1_70' title='bbox 1623 953 1758 1024; x_wconf 79' lang='grc' dir='ltr'>ἀλη-</span> 
     </span>
    </p>
   </div>
   <div class='ocr_carea' id='block_1_12' title="bbox 183 1033 1759 1115">
    <p class='ocr_par' dir='ltr' id='par_1_12' title="bbox 183 1033 1759 1115">
     <span class='ocr_line' id='line_1_12' title="bbox 183 1033 1759 1115; baseline 0.011 -33"><span class='ocrx_word' id='word_1_71' title='bbox 183 1033 317 1094; x_wconf 78' lang='grc' dir='ltr'>θείας</span> <span class='ocrx_word' id='word_1_72' title='bbox 373 1036 722 1107; x_wconf 69' lang='grc' dir='ltr'>ὁμολογητὴς</span> <span class='ocrx_word' id='word_1_73' title='bbox 783 1039 1076 1108; x_wconf 77' lang='grc' dir='ltr'>σοφώτατα</span> <span class='ocrx_word' id='word_1_74' title='bbox 1145 1043 1566 1115; x_wconf 82' lang='grc' dir='ltr'>μεμαρτύρηκε,</span> <span class='ocrx_word' id='word_1_75' title='bbox 1627 1046 1759 1100; x_wconf 82' lang='grc' dir='ltr'><strong>Θεό-</strong></span> 
     </span>
    </p>
   </div>
   <div class='ocr_carea' id='block_1_13' title="bbox 185 1125 1759 1206">
    <p class='ocr_par' dir='ltr' id='par_1_13' title="bbox 185 1125 1759 1206">
     <span class='ocr_line' id='line_1_13' title="bbox 185 1125 1759 1206; baseline 0.006 -26"><span class='ocrx_word' id='word_1_76' title='bbox 185 1125 346 1196; x_wconf 74' lang='grc' dir='ltr'>δωρος</span> <span class='ocrx_word' id='word_1_77' title='bbox 399 1130 430 1182; x_wconf 86' lang='grc' dir='ltr'><strong><em>ὁ</em></strong></span> <span class='ocrx_word' id='word_1_78' title='bbox 489 1130 764 1198; x_wconf 82' lang='grc' dir='ltr'>Γραπτὸς,</span> <span class='ocrx_word' id='word_1_79' title='bbox 825 1149 844 1182; x_wconf 74' lang='grc' dir='ltr'><strong>ι</strong></span> <span class='ocrx_word' id='word_1_80' title='bbox 885 1131 1074 1197; x_wconf 82' lang='grc' dir='ltr'><strong>Οὕτως</strong></span> <span class='ocrx_word' id='word_1_81' title='bbox 1129 1135 1217 1198; x_wconf 85' lang='grc' dir='ltr'>ἂν,</span> <span class='ocrx_word' id='word_1_82' title='bbox 1276 1136 1481 1206; x_wconf 80' lang='grc' dir='ltr'>φήσας,</span> <span class='ocrx_word' id='word_1_83' title='bbox 1520 1138 1759 1203; x_wconf 74' lang='grc' dir='ltr'>εὐσεϐῶς</span> 
     </span>
    </p>
   </div>
   <div class='ocr_carea' id='block_1_14' title="bbox 181 1219 1757 1297">
    <p class='ocr_par' dir='ltr' id='par_1_14' title="bbox 181 1219 1757 1297">
     <span class='ocr_line' id='line_1_14' title="bbox 181 1219 1757 1297; baseline 0.01 -27"><span class='ocrx_word' id='word_1_84' title='bbox 181 1219 394 1287; x_wconf 76' lang='grc' dir='ltr'>νοηθείη</span> <span class='ocrx_word' id='word_1_85' title='bbox 421 1222 454 1288; x_wconf 75' lang='grc' dir='ltr'>ἡ</span> <span class='ocrx_word' id='word_1_86' title='bbox 489 1222 588 1288; x_wconf 77' lang='grc' dir='ltr'>μὲν</span> <span class='ocrx_word' id='word_1_87' title='bbox 619 1223 738 1275; x_wconf 74' lang='grc' dir='ltr'>θεία</span> <span class='ocrx_word' id='word_1_88' title='bbox 767 1224 1020 1294; x_wconf 84' lang='grc' dir='ltr'>ἐνέργεια</span> <span class='ocrx_word' id='word_1_89' title='bbox 1043 1227 1232 1290; x_wconf 62' lang='lat' dir='ltr'><strong>«nam,</strong></span> <span class='ocrx_word' id='word_1_90' title='bbox 1259 1228 1460 1297; x_wconf 80' lang='grc' dir='ltr'>μᾶλλον</span> <span class='ocrx_word' id='word_1_91' title='bbox 1484 1229 1532 1280; x_wconf 80' lang='grc' dir='ltr'>δ’</span> <span class='ocrx_word' id='word_1_92' title='bbox 1555 1231 1757 1285; x_wconf 79' lang='grc' dir='ltr'>αὺτεν-</span> 
     </span>
    </p>
   </div>
   <div class='ocr_carea' id='block_1_15' title="bbox 189 1311 1756 1392">
    <p class='ocr_par' dir='ltr' id='par_1_15' title="bbox 189 1311 1756 1392">
     <span class='ocr_line' id='line_1_15' title="bbox 189 1311 1756 1392; baseline 0.01 -32"><span class='ocrx_word' id='word_1_93' title='bbox 189 1311 392 1380; x_wconf 87' lang='grc' dir='ltr'>ἐργεια,</span> <span class='ocrx_word' id='word_1_94' title='bbox 427 1313 506 1382; x_wconf 83' lang='grc' dir='ltr'>τῷ</span> <span class='ocrx_word' id='word_1_95' title='bbox 542 1316 616 1383; x_wconf 82' lang='grc' dir='ltr'>μὴ</span> <span class='ocrx_word' id='word_1_96' title='bbox 677 1315 966 1384; x_wconf 75' lang='grc' dir='ltr'><strong>διωρίσθαι</strong></span> <span class='ocrx_word' id='word_1_97' title='bbox 987 1317 1086 1386; x_wconf 86' lang='grc' dir='ltr'>τῆς</span> <span class='ocrx_word' id='word_1_98' title='bbox 1113 1318 1302 1383; x_wconf 72' lang='grc' dir='ltr'>οὐσίας</span> <span class='ocrx_word' id='word_1_99' title='bbox 1327 1321 1426 1388; x_wconf 76' lang='grc' dir='ltr'>τὴν</span> <span class='ocrx_word' id='word_1_100' title='bbox 1458 1322 1756 1392; x_wconf 79' lang='grc' dir='ltr'><strong>ἐνέργειαν,</strong></span> 
     </span>
    </p>
   </div>
   <div class='ocr_carea' id='block_1_16' title="bbox 181 1405 1757 1484">
    <p class='ocr_par' dir='ltr' id='par_1_16' title="bbox 181 1405 1757 1484">
     <span class='ocr_line' id='line_1_16' title="bbox 181 1405 1757 1484; baseline 0.008 -30"><span class='ocrx_word' id='word_1_101' title='bbox 181 1405 310 1456; x_wconf 74' lang='grc' dir='ltr'><strong>ἀλλὰ</strong></span> <span class='ocrx_word' id='word_1_102' title='bbox 367 1406 462 1457; x_wconf 82' lang='grc' dir='ltr'>τὸν</span> <span class='ocrx_word' id='word_1_103' title='bbox 519 1408 682 1460; x_wconf 75' lang='grc' dir='ltr'>αὐτὸν</span> <span class='ocrx_word' id='word_1_104' title='bbox 739 1407 902 1475; x_wconf 80' lang='grc' dir='ltr'>λόγον</span> <span class='ocrx_word' id='word_1_105' title='bbox 953 1411 1308 1479; x_wconf 73' lang='grc' dir='ltr'><strong>ἐπιδέχεσθαι</strong></span> <span class='ocrx_word' id='word_1_106' title='bbox 1365 1413 1454 1466; x_wconf 77' lang='grc' dir='ltr'>διὰ</span> <span class='ocrx_word' id='word_1_107' title='bbox 1509 1415 1610 1484; x_wconf 83' lang='grc' dir='ltr'><strong>τὴν</strong></span> <span class='ocrx_word' id='word_1_108' title='bbox 1657 1415 1757 1484; x_wconf 74' lang='grc' dir='ltr'><strong>τῆς</strong></span> 
     </span>
    </p>
   </div>
   <div class='ocr_carea' id='block_1_17' title="bbox 179 1497 1752 1574">
    <p class='ocr_par' dir='ltr' id='par_1_17' title="bbox 179 1497 1752 1574">
     <span class='ocr_line' id='line_1_17' title="bbox 179 1497 1752 1574; baseline 0.007 -26"><span class='ocrx_word' id='word_1_109' title='bbox 179 1497 350 1562; x_wconf 65' lang='grc' dir='ltr'>ἁπλῆς</span> <span class='ocrx_word' id='word_1_110' title='bbox 387 1499 484 1548; x_wconf 82' lang='grc' dir='ltr'><strong>καὶ</strong></span> <span class='ocrx_word' id='word_1_111' title='bbox 517 1499 816 1568; x_wconf 77' lang='grc' dir='ltr'><strong>ἀσωμάτου</strong></span> <span class='ocrx_word' id='word_1_112' title='bbox 845 1500 1062 1568; x_wconf 73' lang='grc' dir='ltr'>φύσεως</span> <span class='ocrx_word' id='word_1_113' title='bbox 1099 1504 1360 1574; x_wconf 79' lang='grc' dir='ltr'>ἰδιότητα.</span> <span class='ocrx_word' id='word_1_114' title='bbox 1393 1523 1412 1556; x_wconf 76' lang='grc' dir='ltr'><strong>ι</strong></span> <span class='ocrx_word' id='word_1_115' title='bbox 1433 1507 1542 1558; x_wconf 79' lang='grc' dir='ltr'><strong>Καὶ</strong></span> <span class='ocrx_word' id='word_1_116' title='bbox 1565 1506 1752 1572; x_wconf 83' lang='grc' dir='ltr'>πάλιν,</span> 
     </span>
    </p>
   </div>
   <div class='ocr_carea' id='block_1_18' title="bbox 187 1589 1754 1666">
    <p class='ocr_par' dir='ltr' id='par_1_18' title="bbox 187 1589 1754 1666">
     <span class='ocr_line' id='line_1_18' title="bbox 187 1589 1754 1666; baseline 0.006 -26"><span class='ocrx_word' id='word_1_117' title='bbox 187 1589 470 1656; x_wconf 82' lang='grc' dir='ltr'>ιἸΞτερον</span> <span class='ocrx_word' id='word_1_118' title='bbox 525 1591 720 1644; x_wconf 79' lang='grc' dir='ltr'>οὐσίαν</span> <span class='ocrx_word' id='word_1_119' title='bbox 767 1595 862 1645; x_wconf 78' lang='grc' dir='ltr'>καὶ</span> <span class='ocrx_word' id='word_1_120' title='bbox 917 1594 1046 1648; x_wconf 83' lang='grc' dir='ltr'><strong>ἄλλο</strong></span> <span class='ocrx_word' id='word_1_121' title='bbox 1087 1595 1374 1666; x_wconf 75' lang='grc' dir='ltr'>ἐνέργειαν</span> <span class='ocrx_word' id='word_1_122' title='bbox 1423 1597 1533 1650; x_wconf 87' lang='grc' dir='ltr'><strong>τῶν</strong></span> <span class='ocrx_word' id='word_1_123' title='bbox 1583 1598 1754 1652; x_wconf 79' lang='grc' dir='ltr'>πάλαι</span> 
     </span>
    </p>
   </div>
   <div class='ocr_carea' id='block_1_19' title="bbox 183 1682 1754 1758">
    <p class='ocr_par' dir='ltr' id='par_1_19' title="bbox 183 1682 1754 1758">
     <span class='ocr_line' id='line_1_19' title="bbox 183 1682 1754 1758; baseline 0.006 -26"><span class='ocrx_word' id='word_1_124' title='bbox 183 1682 339 1743; x_wconf 81' lang='grc' dir='ltr'>τινές,</span> <span class='ocrx_word' id='word_1_125' title='bbox 375 1682 454 1744; x_wconf 82' lang='grc' dir='ltr'><strong>ῶς</strong></span> <span class='ocrx_word' id='word_1_126' title='bbox 495 1684 588 1736; x_wconf 71' lang='grc' dir='ltr'>ἐπὶ</span> <span class='ocrx_word' id='word_1_127' title='bbox 621 1683 732 1736; x_wconf 88' lang='grc' dir='ltr'><strong>τῶν</strong></span> <span class='ocrx_word' id='word_1_128' title='bbox 779 1687 1114 1756; x_wconf 72' lang='grc' dir='ltr'>σωματικῶς</span> <span class='ocrx_word' id='word_1_129' title='bbox 1163 1688 1582 1758; x_wconf 79' lang='grc' dir='ltr'><strong>θεωρουμένων,</strong></span> <span class='ocrx_word' id='word_1_130' title='bbox 1611 1691 1754 1742; x_wconf 73' lang='grc' dir='ltr'>οὓτω</span> 
     </span>
    </p>
   </div>
   <div class='ocr_carea' id='block_1_20' title="bbox 185 1767 1756 1848">
    <p class='ocr_par' dir='ltr' id='par_1_20' title="bbox 185 1767 1756 1848">
     <span class='ocr_line' id='line_1_20' title="bbox 185 1767 1756 1848; baseline 0.008 -28"><span class='ocrx_word' id='word_1_131' title='bbox 185 1767 242 1836; x_wconf 71' lang='grc' dir='ltr'>δὴ</span> <span class='ocrx_word' id='word_1_132' title='bbox 273 1771 412 1822; x_wconf 79' lang='grc' dir='ltr'><strong>κάπὶ</strong></span> <span class='ocrx_word' id='word_1_133' title='bbox 445 1771 542 1824; x_wconf 79' lang='grc' dir='ltr'><strong>τοῦ</strong></span> <span class='ocrx_word' id='word_1_134' title='bbox 576 1775 726 1828; x_wconf 78' lang='grc' dir='ltr'><strong>θείου</strong></span> <span class='ocrx_word' id='word_1_135' title='bbox 783 1775 944 1841; x_wconf 82' lang='grc' dir='ltr'><strong>λόγου</strong></span> <span class='ocrx_word' id='word_1_136' title='bbox 1001 1777 1267 1832; x_wconf 78' lang='grc' dir='ltr'>ἐτίθεντο.</span> <span class='ocrx_word' id='word_1_137' title='bbox 1311 1780 1488 1848; x_wconf 79' lang='grc' dir='ltr'>Ὅπερ</span> <span class='ocrx_word' id='word_1_138' title='bbox 1523 1783 1635 1842; x_wconf 86' lang='grc' dir='ltr'>τοῖς</span> <span class='ocrx_word' id='word_1_139' title='bbox 1667 1782 1756 1832; x_wconf 87' lang='grc' dir='ltr'><strong>εὐ-</strong></span> 
     </span>
    </p>
   </div>
   <div class='ocr_carea' id='block_1_21' title="bbox 187 1863 1756 1939">
    <p class='ocr_par' dir='ltr' id='par_1_21' title="bbox 187 1863 1756 1939">
     <span class='ocr_line' id='line_1_21' title="bbox 187 1863 1756 1939; baseline 0.009 -28"><span class='ocrx_word' id='word_1_140' title='bbox 187 1863 388 1916; x_wconf 72' lang='grc' dir='ltr'>σεϐέσιν</span> <span class='ocrx_word' id='word_1_141' title='bbox 425 1865 748 1935; x_wconf 83' lang='grc' dir='ltr'>ἀπείρηται.</span> <span class='ocrx_word' id='word_1_142' title='bbox 798 1868 929 1921; x_wconf 73' lang='grc' dir='ltr'><strong>Ἐπὶ</strong></span> <span class='ocrx_word' id='word_1_143' title='bbox 969 1869 1080 1939; x_wconf 79' lang='grc' dir='ltr'>γὰρ</span> <span class='ocrx_word' id='word_1_144' title='bbox 1125 1869 1234 1922; x_wconf 84' lang='grc' dir='ltr'><strong>τῶν</strong></span> <span class='ocrx_word' id='word_1_145' title='bbox 1267 1871 1456 1924; x_wconf 82' lang='grc' dir='ltr'>ἁπλῶν</span> <span class='ocrx_word' id='word_1_146' title='bbox 1489 1873 1581 1924; x_wconf 72' lang='grc' dir='ltr'><strong>καὶ</strong></span> <span class='ocrx_word' id='word_1_147' title='bbox 1613 1873 1756 1924; x_wconf 85' lang='grc' dir='ltr'>ἀσω-</span> 
     </span>
    </p>
   </div>
   <div class='ocr_carea' id='block_1_22' title="bbox 189 1954 1758 2030">
    <p class='ocr_par' dir='ltr' id='par_1_22' title="bbox 189 1954 1758 2030">
     <span class='ocr_line' id='line_1_22' title="bbox 189 1954 1758 2030; baseline 0.007 -27"><span class='ocrx_word' id='word_1_148' title='bbox 189 1954 360 2020; x_wconf 67' lang='grc' dir='ltr'>μάτων</span> <span class='ocrx_word' id='word_1_149' title='bbox 401 1957 458 2008; x_wconf 86' lang='grc' dir='ltr'><strong>ἐν</strong></span> <span class='ocrx_word' id='word_1_150' title='bbox 505 1957 684 2008; x_wconf 73' lang='grc' dir='ltr'>οὐδενὶ</span> <span class='ocrx_word' id='word_1_151' title='bbox 719 1957 1002 2028; x_wconf 77' lang='grc' dir='ltr'>διαφέρειν</span> <span class='ocrx_word' id='word_1_152' title='bbox 1053 1959 1272 2012; x_wconf 74' lang='grc' dir='ltr'>ἴσασιν·</span> <span class='ocrx_word' id='word_1_153' title='bbox 1329 1961 1391 2012; x_wconf 79' lang='grc' dir='ltr'><strong>οὐ</strong></span> <span class='ocrx_word' id='word_1_154' title='bbox 1442 1963 1550 2030; x_wconf 85' lang='grc' dir='ltr'>γὰρ</span> <span class='ocrx_word' id='word_1_155' title='bbox 1587 1961 1758 2030; x_wconf 88' lang='grc' dir='ltr'>διορι-</span> 
     </span>
    </p>
   </div>
   <div class='ocr_carea' id='block_1_23' title="bbox 191 2045 1756 2124">
    <p class='ocr_par' dir='ltr' id='par_1_23' title="bbox 191 2045 1756 2124">
     <span class='ocr_line' id='line_1_23' title="bbox 191 2045 1756 2124; baseline 0.008 -29"><span class='ocrx_word' id='word_1_156' title='bbox 191 2045 332 2097; x_wconf 80' lang='grc' dir='ltr'>στέον</span> <span class='ocrx_word' id='word_1_157' title='bbox 381 2047 562 2100; x_wconf 76' lang='grc' dir='ltr'>ταῦτα</span> <span class='ocrx_word' id='word_1_158' title='bbox 619 2049 890 2118; x_wconf 80' lang='grc' dir='ltr'>ἀλλήλων,</span> <span class='ocrx_word' id='word_1_159' title='bbox 938 2051 1026 2103; x_wconf 76' lang='grc' dir='ltr'><strong>ἵνα</strong></span> <span class='ocrx_word' id='word_1_160' title='bbox 1078 2052 1152 2122; x_wconf 83' lang='grc' dir='ltr'>μὴ</span> <span class='ocrx_word' id='word_1_161' title='bbox 1213 2051 1468 2106; x_wconf 80' lang='grc' dir='ltr'>σύνθετον</span> <span class='ocrx_word' id='word_1_162' title='bbox 1517 2053 1577 2106; x_wconf 79' lang='grc' dir='ltr'><strong>τὸ</strong></span> <span class='ocrx_word' id='word_1_163' title='bbox 1613 2055 1756 2124; x_wconf 85' lang='grc' dir='ltr'>ὑπὲρ</span> 
     </span>
    </p>
   </div>
   <div class='ocr_carea' id='block_1_24' title="bbox 199 2138 1754 2212">
    <p class='ocr_par' dir='ltr' id='par_1_24' title="bbox 199 2138 1754 2212">
     <span class='ocr_line' id='line_1_24' title="bbox 199 2138 1754 2212; baseline 0.006 -26"><span class='ocrx_word' id='word_1_164' title='bbox 199 2139 358 2190; x_wconf 74' lang='grc' dir='ltr'>πᾶσαν</span> <span class='ocrx_word' id='word_1_165' title='bbox 393 2138 676 2208; x_wconf 80' lang='grc' dir='ltr'><strong>ἁπλότητα</strong></span> <span class='ocrx_word' id='word_1_166' title='bbox 735 2141 942 2209; x_wconf 79' lang='grc' dir='ltr'>νοῆται.</span> <span class='ocrx_word' id='word_1_167' title='bbox 1007 2141 1146 2194; x_wconf 77' lang='grc' dir='ltr'>Οὔτε</span> <span class='ocrx_word' id='word_1_168' title='bbox 1208 2141 1316 2212; x_wconf 67' lang='grc' dir='ltr'><strong>γὰρ</strong></span> <span class='ocrx_word' id='word_1_169' title='bbox 1359 2145 1394 2212; x_wconf 84' lang='grc' dir='ltr'>ἠ</span> <span class='ocrx_word' id='word_1_170' title='bbox 1443 2143 1561 2196; x_wconf 74' lang='grc' dir='ltr'>θεία</span> <span class='ocrx_word' id='word_1_171' title='bbox 1593 2143 1754 2196; x_wconf 78' lang='grc' dir='ltr'>οὐσία</span> 
     </span>
    </p>
   </div>
   <div class='ocr_carea' id='block_1_25' title="bbox 201 2229 1746 2305">
    <p class='ocr_par' dir='ltr' id='par_1_25' title="bbox 201 2229 1746 2305">
     <span class='ocr_line' id='line_1_25' title="bbox 201 2229 1746 2305; baseline 0.006 -25"><span class='ocrx_word' id='word_1_172' title='bbox 201 2229 530 2299; x_wconf 70' lang='grc' dir='ltr'>ἀνενέργητος</span> <span class='ocrx_word' id='word_1_173' title='bbox 561 2231 648 2299; x_wconf 82' lang='grc' dir='ltr'><strong>εἴη</strong></span> <span class='ocrx_word' id='word_1_174' title='bbox 677 2232 742 2286; x_wconf 79' lang='grc' dir='ltr'>ἄν</span> <span class='ocrx_word' id='word_1_175' title='bbox 779 2249 930 2296; x_wconf 86' lang='grc' dir='ltr'>ποτε,</span> <span class='ocrx_word' id='word_1_176' title='bbox 957 2231 1068 2285; x_wconf 74' lang='grc' dir='ltr'>οὔτ’</span> <span class='ocrx_word' id='word_1_177' title='bbox 1111 2234 1360 2299; x_wconf 77' lang='grc' dir='ltr'>ἀνούσιος</span> <span class='ocrx_word' id='word_1_178' title='bbox 1387 2237 1420 2305; x_wconf 80' lang='grc' dir='ltr'>ἡ</span> <span class='ocrx_word' id='word_1_179' title='bbox 1445 2236 1746 2305; x_wconf 77' lang='grc' dir='ltr'>ἐνέργεια.›</span> 
     </span>
    </p>
   </div>
   <div class='ocr_carea' id='block_1_26' title="bbox 215 2321 1751 2399">
    <p class='ocr_par' dir='ltr' id='par_1_26' title="bbox 215 2321 1751 2399">
     <span class='ocr_line' id='line_1_26' title="bbox 215 2321 1751 2399; baseline 0.008 -26"><span class='ocrx_word' id='word_1_180' title='bbox 215 2321 428 2384; x_wconf 72' lang='grc' dir='ltr'>’Δχοὺεις</span> <span class='ocrx_word' id='word_1_181' title='bbox 489 2323 598 2375; x_wconf 88' lang='grc' dir='ltr'><strong>τῶν</strong></span> <span class='ocrx_word' id='word_1_182' title='bbox 637 2326 798 2394; x_wconf 78' lang='grc' dir='ltr'>ἱερῶν</span> <span class='ocrx_word' id='word_1_183' title='bbox 845 2327 1184 2380; x_wconf 77' lang='grc' dir='ltr'>διδασκάλων</span> <span class='ocrx_word' id='word_1_184' title='bbox 1251 2330 1352 2396; x_wconf 77' lang='grc' dir='ltr'>τῆς</span> <span class='ocrx_word' id='word_1_185' title='bbox 1421 2331 1751 2399; x_wconf 82' lang='grc' dir='ltr'>Ἐκκλησίας</span> 
     </span>
    </p>
   </div>
   <div class='ocr_carea' id='block_1_27' title="bbox 213 2411 1748 2488">
    <p class='ocr_par' dir='ltr' id='par_1_27' title="bbox 213 2411 1748 2488">
     <span class='ocr_line' id='line_1_27' title="bbox 213 2411 1748 2488; baseline 0.01 -28"><span class='ocrx_word' id='word_1_186' title='bbox 213 2411 334 2479; x_wconf 72' lang='grc' dir='ltr'>ταρᾶ</span> <span class='ocrx_word' id='word_1_187' title='bbox 359 2411 612 2466; x_wconf 78' lang='grc' dir='ltr'>τοσοῦτον</span> <span class='ocrx_word' id='word_1_188' title='bbox 659 2419 726 2486; x_wconf 81' lang='grc' dir='ltr'><strong>τῇ</strong></span> <span class='ocrx_word' id='word_1_189' title='bbox 767 2416 928 2487; x_wconf 73' lang='grc' dir='ltr'><strong>οὐσίᾳ</strong></span> <span class='ocrx_word' id='word_1_190' title='bbox 963 2417 1061 2484; x_wconf 78' lang='grc' dir='ltr'>τὴν</span> <span class='ocrx_word' id='word_1_191' title='bbox 1097 2418 1386 2488; x_wconf 73' lang='grc' dir='ltr'>ἐνέργειαν</span> <span class='ocrx_word' id='word_1_192' title='bbox 1413 2421 1470 2474; x_wconf 82' lang='grc' dir='ltr'>ἓν</span> <span class='ocrx_word' id='word_1_193' title='bbox 1495 2424 1588 2474; x_wconf 77' lang='grc' dir='ltr'><strong>καὶ</strong></span> <span class='ocrx_word' id='word_1_194' title='bbox 1613 2441 1748 2477; x_wconf 87' lang='grc' dir='ltr'>ταυ-</span> 
     </span>
    </p>
   </div>
   <div class='ocr_carea' id='block_1_28' title="bbox 217 2503 1750 2582">
    <p class='ocr_par' dir='ltr' id='par_1_28' title="bbox 217 2503 1750 2582">
     <span class='ocr_line' id='line_1_28' title="bbox 217 2503 1750 2582; baseline 0.01 -28"><span class='ocrx_word' id='word_1_195' title='bbox 217 2503 282 2555; x_wconf 68' lang='grc' dir='ltr'><strong>τδν</strong></span> <span class='ocrx_word' id='word_1_196' title='bbox 317 2505 402 2557; x_wconf 77' lang='grc' dir='ltr'>ἐπὶ</span> <span class='ocrx_word' id='word_1_197' title='bbox 433 2505 568 2558; x_wconf 77' lang='grc' dir='ltr'>Θεοῦ</span> <span class='ocrx_word' id='word_1_198' title='bbox 607 2506 1067 2576; x_wconf 76' lang='grc' dir='ltr'>δογματιζόντων,</span> <span class='ocrx_word' id='word_1_199' title='bbox 1107 2511 1237 2582; x_wconf 69' lang='grc' dir='ltr'>παρ’</span> <span class='ocrx_word' id='word_1_200' title='bbox 1276 2513 1400 2566; x_wconf 79' lang='grc' dir='ltr'>ὅσον</span> <span class='ocrx_word' id='word_1_201' title='bbox 1438 2517 1536 2568; x_wconf 75' lang='grc' dir='ltr'>καὶ</span> <span class='ocrx_word' id='word_1_202' title='bbox 1557 2518 1750 2570; x_wconf 85' lang='grc' dir='ltr'>αὐτεν-</span> 
     </span>
    </p>
   </div>
   <div class='ocr_carea' id='block_1_29' title="bbox 225 2595 1750 2678">
    <p class='ocr_par' dir='ltr' id='par_1_29' title="bbox 225 2595 1750 2678">
     <span class='ocr_line' id='line_1_29' title="bbox 225 2595 1750 2678; baseline 0.012 -34"><span class='ocrx_word' id='word_1_203' title='bbox 225 2595 392 2662; x_wconf 63' lang='grc' dir='ltr'>ἐργειαν</span> <span class='ocrx_word' id='word_1_204' title='bbox 479 2599 710 2652; x_wconf 54' lang='grc' dir='ltr'>καλοῦσι</span> <span class='ocrx_word' id='word_1_205' title='bbox 761 2601 849 2653; x_wconf 68' lang='grc' dir='ltr'><strong>διὰ</strong></span> <span class='ocrx_word' id='word_1_206' title='bbox 909 2601 1008 2672; x_wconf 76' lang='grc' dir='ltr'>τὴν</span> <span class='ocrx_word' id='word_1_207' title='bbox 1063 2603 1241 2672; x_wconf 79' lang='grc' dir='ltr'>ἄκραν</span> <span class='ocrx_word' id='word_1_208' title='bbox 1303 2608 1630 2678; x_wconf 80' lang='grc' dir='ltr'>ταυτότητα,</span> <span class='ocrx_word' id='word_1_209' title='bbox 1675 2609 1750 2672; x_wconf 82' lang='grc' dir='ltr'><strong>ῶς</strong></span> 
     </span>
    </p>
   </div>
   <div class='ocr_carea' id='block_1_30' title="bbox 230 2687 1748 2768">
    <p class='ocr_par' dir='ltr' id='par_1_30' title="bbox 230 2687 1748 2768">
     <span class='ocr_line' id='line_1_30' title="bbox 230 2687 1748 2768; baseline 0.011 -31"><span class='ocrx_word' id='word_1_210' title='bbox 230 2687 312 2756; x_wconf 71' lang='grc' dir='ltr'>μηδ’</span> <span class='ocrx_word' id='word_1_211' title='bbox 333 2689 482 2758; x_wconf 82' lang='grc' dir='ltr'>ἄχρις</span> <span class='ocrx_word' id='word_1_212' title='bbox 529 2691 778 2751; x_wconf 70' lang='grc' dir='ltr'>ἐπινοίας</span> <span class='ocrx_word' id='word_1_213' title='bbox 823 2693 1216 2762; x_wconf 70' lang='grc' dir='ltr'>παρακύπτειν</span> <span class='ocrx_word' id='word_1_214' title='bbox 1273 2697 1392 2749; x_wconf 78' lang='grc' dir='ltr'>ἐκεῖ</span> <span class='ocrx_word' id='word_1_215' title='bbox 1443 2699 1748 2768; x_wconf 77' lang='grc' dir='ltr'><strong>δυναμένης</strong></span> 
     </span>
    </p>
   </div>
   <div class='ocr_carea' id='block_1_31' title="bbox 231 2773 1744 2854">
    <p class='ocr_par' dir='ltr' id='par_1_31' title="bbox 231 2773 1744 2854">
     <span class='ocr_line' id='line_1_31' title="bbox 231 2773 1744 2854; baseline 0.006 -26"><span class='ocrx_word' id='word_1_216' title='bbox 231 2773 435 2846; x_wconf 55' lang='grc' dir='ltr'>διαφορᾶς</span> <span class='ocrx_word' id='word_1_217' title='bbox 467 2779 710 2834; x_wconf 63' lang='grc' dir='ltr'>διασοῦν.</span> <span class='ocrx_word' id='word_1_218' title='bbox 757 2801 774 2833; x_wconf 75' lang='grc' dir='ltr'><strong>ι</strong></span> <span class='ocrx_word' id='word_1_219' title='bbox 813 2783 1062 2846; x_wconf 78' lang='grc' dir='ltr'>Ἀκούεις</span> <span class='ocrx_word' id='word_1_220' title='bbox 1103 2785 1148 2838; x_wconf 87' lang='grc' dir='ltr'>δ’</span> <span class='ocrx_word' id='word_1_221' title='bbox 1197 2783 1282 2838; x_wconf 71' lang='grc' dir='ltr'>ἔτι</span> <span class='ocrx_word' id='word_1_222' title='bbox 1321 2786 1420 2839; x_wconf 70' lang='grc' dir='ltr'><strong>καὶ</strong></span> <span class='ocrx_word' id='word_1_223' title='bbox 1467 2786 1608 2854; x_wconf 80' lang='grc' dir='ltr'>ὅπερ</span> <span class='ocrx_word' id='word_1_224' title='bbox 1663 2803 1744 2838; x_wconf 89' lang='grc' dir='ltr'>σοι</span> 
     </span>
    </p>
   </div>
   <div class='ocr_carea' id='block_1_32' title="bbox 229 2865 1748 2947">
    <p class='ocr_par' dir='ltr' id='par_1_32' title="bbox 229 2865 1748 2947">
     <span class='ocr_line' id='line_1_32' title="bbox 229 2865 1748 2947; baseline 0.007 -29"><span class='ocrx_word' id='word_1_225' title='bbox 229 2865 434 2939; x_wconf 69' lang='grc' dir='ltr'>ἀνωτέρω</span> <span class='ocrx_word' id='word_1_226' title='bbox 473 2873 888 2942; x_wconf 83' lang='grc' dir='ltr'><strong>δεδηλώκαμεν·</strong></span> <span class='ocrx_word' id='word_1_227' title='bbox 925 2875 988 2927; x_wconf 81' lang='grc' dir='ltr'><strong>σὺ</strong></span> <span class='ocrx_word' id='word_1_228' title='bbox 1017 2877 1126 2946; x_wconf 79' lang='grc' dir='ltr'>γὰρ</span> <span class='ocrx_word' id='word_1_229' title='bbox 1165 2875 1354 2944; x_wconf 76' lang='grc' dir='ltr'>ἔλεγες</span> <span class='ocrx_word' id='word_1_230' title='bbox 1387 2877 1748 2947; x_wconf 83' lang='grc' dir='ltr'>ἀνενέργητον</span> 
     </span>
    </p>
   </div>
   <div class='ocr_carea' id='block_1_33' title="bbox 226 2957 1746 3034">
    <p class='ocr_par' dir='ltr' id='par_1_33' title="bbox 226 2957 1746 3034">
     <span class='ocr_line' id='line_1_33' title="bbox 226 2957 1746 3034; baseline 0.007 -24"><span class='ocrx_word' id='word_1_231' title='bbox 226 2957 306 3010; x_wconf 72' lang='grc' dir='ltr'>τότ’</span> <span class='ocrx_word' id='word_1_232' title='bbox 325 2957 450 3015; x_wconf 78' lang='grc' dir='ltr'>εἶναι</span> <span class='ocrx_word' id='word_1_233' title='bbox 478 2963 579 3033; x_wconf 81' lang='grc' dir='ltr'>τὴν</span> <span class='ocrx_word' id='word_1_234' title='bbox 598 2964 752 3017; x_wconf 78' lang='grc' dir='ltr'>θείαν</span> <span class='ocrx_word' id='word_1_235' title='bbox 785 2967 986 3034; x_wconf 76' lang='grc' dir='ltr'>μᾶλλον</span> <span class='ocrx_word' id='word_1_236' title='bbox 1009 2967 1218 3030; x_wconf 81' lang='grc' dir='ltr'>οὐσίαν,</span> <span class='ocrx_word' id='word_1_237' title='bbox 1238 2967 1369 3020; x_wconf 84' lang='grc' dir='ltr'>ὅταν</span> <span class='ocrx_word' id='word_1_238' title='bbox 1401 2967 1458 3020; x_wconf 75' lang='grc' dir='ltr'><strong>ἐν</strong></span> <span class='ocrx_word' id='word_1_239' title='bbox 1489 2971 1583 3020; x_wconf 72' lang='grc' dir='ltr'>καὶ</span> <span class='ocrx_word' id='word_1_240' title='bbox 1612 2985 1746 3020; x_wconf 79' lang='grc' dir='ltr'><strong>ταυ-</strong></span> 
     </span>
    </p>
   </div>
   <div class='ocr_carea' id='block_1_34' title="bbox 221 3052 1744 3133">
    <p class='ocr_par' dir='ltr' id='par_1_34' title="bbox 221 3052 1744 3133">
     <span class='ocr_line' id='line_1_34' title="bbox 221 3052 1744 3133; baseline 0.009 -33"><span class='ocrx_word' id='word_1_241' title='bbox 221 3052 288 3102; x_wconf 73' lang='grc' dir='ltr'><strong>τὸν</strong></span> <span class='ocrx_word' id='word_1_242' title='bbox 309 3053 510 3124; x_wconf 78' lang='grc' dir='ltr'><strong>λέγηται</strong></span> <span class='ocrx_word' id='word_1_243' title='bbox 539 3057 730 3127; x_wconf 69' lang='grc' dir='ltr'>ἄμφω,</span> <span class='ocrx_word' id='word_1_244' title='bbox 749 3061 870 3112; x_wconf 83' lang='grc' dir='ltr'>τότε</span> <span class='ocrx_word' id='word_1_245' title='bbox 896 3058 939 3111; x_wconf 85' lang='grc' dir='ltr'>δ’</span> <span class='ocrx_word' id='word_1_246' title='bbox 960 3060 1182 3130; x_wconf 79' lang='grc' dir='ltr'>ἐνεργῆ,</span> <span class='ocrx_word' id='word_1_247' title='bbox 1203 3062 1332 3113; x_wconf 83' lang='grc' dir='ltr'>ὅταν</span> <span class='ocrx_word' id='word_1_248' title='bbox 1416 3061 1744 3132; x_wconf 76' lang='grc' dir='ltr'>διῃρημένα,</span> 
     </span>
    </p>
   </div>
   <div class='ocr_carea' id='block_1_35' title="bbox 1868 505 3437 576">
    <p class='ocr_par' dir='ltr' id='par_1_35' title="bbox 1868 505 3437 576">
     <span class='ocr_line' id='line_1_35' title="bbox 1868 505 3437 576; baseline -0.001 -16"><span class='ocrx_word' id='word_1_249' title='bbox 1868 506 2036 576; x_wconf 87' lang='lat' dir='ltr'><strong>(idem</strong></span> <span class='ocrx_word' id='word_1_250' title='bbox 2085 507 2231 559; x_wconf 89' lang='lat' dir='ltr'><strong>enim</strong></span> <span class='ocrx_word' id='word_1_251' title='bbox 2261 506 2508 559; x_wconf 78' lang='lat' dir='ltr'><strong>deﬁnitio</strong></span> <span class='ocrx_word' id='word_1_252' title='bbox 2541 519 2594 560; x_wconf 87' lang='lat' dir='ltr'><strong>et</strong></span> <span class='ocrx_word' id='word_1_253' title='bbox 2641 505 2802 574; x_wconf 85' lang='lat' dir='ltr'><strong>ratio)</strong></span> <span class='ocrx_word' id='word_1_254' title='bbox 2835 521 2919 559; x_wconf 85' lang='lat' dir='ltr'><strong>res</strong></span> <span class='ocrx_word' id='word_1_255' title='bbox 2943 515 3028 558; x_wconf 89' lang='lat' dir='ltr'><strong>est</strong></span> <span class='ocrx_word' id='word_1_256' title='bbox 3059 505 3437 558; x_wconf 75' lang='lat' dir='ltr'><strong>substantialis</strong></span> 
     </span>
    </p>
   </div>
   <div class='ocr_carea' id='block_1_36' title="bbox 1865 597 3434 666">
    <p class='ocr_par' dir='ltr' id='par_1_36' title="bbox 1865 597 3434 666">
     <span class='ocr_line' id='line_1_36' title="bbox 1865 597 3434 666; baseline -0.001 -16"><span class='ocrx_word' id='word_1_257' title='bbox 1865 611 1985 665; x_wconf 65' lang='lat' dir='ltr'><strong>qum</strong></span> <span class='ocrx_word' id='word_1_258' title='bbox 2019 613 2126 650; x_wconf 84' lang='lat' dir='ltr'><strong>non</strong></span> <span class='ocrx_word' id='word_1_259' title='bbox 2181 607 2332 666; x_wconf 80' lang='lat' dir='ltr'><strong>egeat</strong></span> <span class='ocrx_word' id='word_1_260' title='bbox 2375 599 2476 650; x_wconf 87' lang='lat' dir='ltr'><strong>alia</strong></span> <span class='ocrx_word' id='word_1_261' title='bbox 2511 598 2572 650; x_wconf 88' lang='lat' dir='ltr'><strong>ad</strong></span> <span class='ocrx_word' id='word_1_262' title='bbox 2611 597 3009 659; x_wconf 77' lang='lat' dir='ltr'><strong>exsistentiam,</strong></span> <span class='ocrx_word' id='word_1_263' title='bbox 3055 597 3278 654; x_wconf 80' lang='lat' dir='ltr'><strong>omnino</strong></span> <span class='ocrx_word' id='word_1_264' title='bbox 3326 612 3434 649; x_wconf 89' lang='lat' dir='ltr'><strong>non</strong></span> 
     </span>
    </p>
   </div>
   <div class='ocr_carea' id='block_1_37' title="bbox 1867 683 3438 754">
    <p class='ocr_par' dir='ltr' id='par_1_37' title="bbox 1867 683 3438 754">
     <span class='ocr_line' id='line_1_37' title="bbox 1867 683 3438 754; baseline -0.001 -15"><span class='ocrx_word' id='word_1_265' title='bbox 1867 695 2188 754; x_wconf 77' lang='lat' dir='ltr'><strong>potestesse</strong></span> <span class='ocrx_word' id='word_1_266' title='bbox 2217 687 2380 740; x_wconf 88' lang='lat' dir='ltr'><strong>etiam</strong></span> <span class='ocrx_word' id='word_1_267' title='bbox 2406 687 2706 741; x_wconf 82' lang='lat' dir='ltr'><strong>ellicientiae</strong></span> <span class='ocrx_word' id='word_1_268' title='bbox 2767 685 2906 739; x_wconf 88' lang='lat' dir='ltr'><strong>ratio</strong></span> <span class='ocrx_word' id='word_1_269' title='bbox 2961 700 3070 738; x_wconf 89' lang='lat' dir='ltr'><strong>non</strong></span> <span class='ocrx_word' id='word_1_270' title='bbox 3101 683 3294 738; x_wconf 88' lang='lat' dir='ltr'><strong>eadem</strong></span> <span class='ocrx_word' id='word_1_271' title='bbox 3353 686 3438 738; x_wconf 78' lang='lat' dir='ltr'><strong>vel</strong></span> 
     </span>
    </p>
   </div>
   <div class='ocr_carea' id='block_1_38' title="bbox 1869 775 3440 842">
    <p class='ocr_par' dir='ltr' id='par_1_38' title="bbox 1869 775 3440 842">
     <span class='ocr_line' id='line_1_38' title="bbox 1869 775 3440 842; baseline 0 -13"><span class='ocrx_word' id='word_1_272' title='bbox 1869 777 1924 830; x_wconf 91' lang='lat' dir='ltr'><strong>in</strong></span> <span class='ocrx_word' id='word_1_273' title='bbox 1961 777 2282 831; x_wconf 89' lang='lat' dir='ltr'><strong>nominibus</strong></span> <span class='ocrx_word' id='word_1_274' title='bbox 2309 779 2546 832; x_wconf 74' lang='lat' dir='ltr'><strong>diversis</strong></span> <span class='ocrx_word' id='word_1_275' title='bbox 2571 820 2584 842; x_wconf 90' lang='lat'><strong>,</strong></span> <span class='ocrx_word' id='word_1_276' title='bbox 2629 793 2714 832; x_wconf 86' lang='lat' dir='ltr'><strong>res</strong></span> <span class='ocrx_word' id='word_1_277' title='bbox 2749 777 3006 830; x_wconf 84' lang='lat' dir='ltr'><strong>nimirum</strong></span> <span class='ocrx_word' id='word_1_278' title='bbox 3058 775 3440 830; x_wconf 84' lang='lat' dir='ltr'><strong>substantialis</strong></span> 
     </span>
    </p>
   </div>
   <div class='ocr_carea' id='block_1_39' title="bbox 1865 865 3438 938">
    <p class='ocr_par' dir='ltr' id='par_1_39' title="bbox 1865 865 3438 938">
     <span class='ocr_line' id='line_1_39' title="bbox 1865 865 3438 938; baseline -0.003 -16"><span class='ocrx_word' id='word_1_279' title='bbox 1865 883 1987 938; x_wconf 66' lang='lat' dir='ltr'><strong>quae</strong></span> <span class='ocrx_word' id='word_1_280' title='bbox 2018 884 2126 922; x_wconf 89' lang='lat' dir='ltr'><strong>non</strong></span> <span class='ocrx_word' id='word_1_281' title='bbox 2153 879 2308 938; x_wconf 86' lang='lat' dir='ltr'><strong>egeat</strong></span> <span class='ocrx_word' id='word_1_282' title='bbox 2329 871 2431 923; x_wconf 81' lang='lat' dir='ltr'><strong>alia</strong></span> <span class='ocrx_word' id='word_1_283' title='bbox 2457 868 2522 922; x_wconf 89' lang='lat' dir='ltr'><strong>ad</strong></span> <span class='ocrx_word' id='word_1_284' title='bbox 2545 869 2909 922; x_wconf 78' lang='lat' dir='ltr'><strong>substantiam</strong></span> <span class='ocrx_word' id='word_1_285' title='bbox 2945 887 2958 922; x_wconf 90' lang='lat'>:</span> <span class='ocrx_word' id='word_1_286' title='bbox 2995 869 3068 922; x_wconf 85' lang='lat' dir='ltr'><strong>ita</strong></span> <span class='ocrx_word' id='word_1_287' title='bbox 3099 865 3245 923; x_wconf 90' lang='lat' dir='ltr'><strong>enim</strong></span> <span class='ocrx_word' id='word_1_288' title='bbox 3271 867 3438 921; x_wconf 86' lang='lat' dir='ltr'><strong>etiam</strong></span> 
     </span>
    </p>
   </div>
   <div class='ocr_carea' id='block_1_40' title="bbox 1866 954 3438 1028">
    <p class='ocr_par' dir='ltr' id='par_1_40' title="bbox 1866 954 3438 1028">
     <span class='ocr_line' id='line_1_40' title="bbox 1866 954 3438 1028; baseline -0.003 -16"><span class='ocrx_word' id='word_1_289' title='bbox 1866 959 2112 1028; x_wconf 86' lang='lat' dir='ltr'><strong>ejusdem</strong></span> <span class='ocrx_word' id='word_1_290' title='bbox 2149 959 2368 1028; x_wconf 80' lang='lat' dir='ltr'><strong>generis</strong></span> <span class='ocrx_word' id='word_1_291' title='bbox 2415 959 2552 1012; x_wconf 85' lang='lat' dir='ltr'><strong>ratio</strong></span> <span class='ocrx_word' id='word_1_292' title='bbox 2587 971 2860 1019; x_wconf 78' lang='lat' dir='ltr'><strong>servatur,</strong></span> <span class='ocrx_word' id='word_1_293' title='bbox 2895 957 3039 1026; x_wconf 87' lang='lat' dir='ltr'><strong>quod</strong></span> <span class='ocrx_word' id='word_1_294' title='bbox 3099 955 3263 1010; x_wconf 90' lang='lat' dir='ltr'><strong>etiam</strong></span> <span class='ocrx_word' id='word_1_295' title='bbox 3293 954 3438 1008; x_wconf 75' lang='lat' dir='ltr'><strong>reri-</strong></span> 
     </span>
    </p>
   </div>
   <div class='ocr_carea' id='block_1_41' title="bbox 1867 1045 3442 1118">
    <p class='ocr_par' dir='ltr' id='par_1_41' title="bbox 1867 1045 3442 1118">
     <span class='ocr_line' id='line_1_41' title="bbox 1867 1045 3442 1118; baseline -0.002 -16"><span class='ocrx_word' id='word_1_296' title='bbox 1867 1051 1997 1104; x_wconf 86' lang='lat' dir='ltr'><strong>tatis</strong></span> <span class='ocrx_word' id='word_1_297' title='bbox 2027 1049 2314 1104; x_wconf 80' lang='lat' dir='ltr'><strong>confessor</strong></span> <span class='ocrx_word' id='word_1_298' title='bbox 2348 1049 2757 1118; x_wconf 87' lang='lat' dir='ltr'><strong>sapientissime</strong></span> <span class='ocrx_word' id='word_1_299' title='bbox 2799 1056 3029 1102; x_wconf 85' lang='lat' dir='ltr'><strong>testatus</strong></span> <span class='ocrx_word' id='word_1_300' title='bbox 3076 1055 3160 1102; x_wconf 86' lang='lat' dir='ltr'><strong>est</strong></span> <span class='ocrx_word' id='word_1_301' title='bbox 3185 1045 3442 1100; x_wconf 86' lang='lat' dir='ltr'><strong>Theodo-</strong></span> 
     </span>
    </p>
   </div>
   <div class='ocr_carea' id='block_1_42' title="bbox 1867 1137 3436 1210">
    <p class='ocr_par' dir='ltr' id='par_1_42' title="bbox 1867 1137 3436 1210">
     <span class='ocr_line' id='line_1_42' title="bbox 1867 1137 3436 1210; baseline -0.004 -15"><span class='ocrx_word' id='word_1_302' title='bbox 1867 1157 1963 1196; x_wconf 90' lang='lat' dir='ltr'><strong>rus</strong></span> <span class='ocrx_word' id='word_1_303' title='bbox 1994 1141 2255 1210; x_wconf 82' lang='lat' dir='ltr'><strong>Graptus,</strong></span> <span class='ocrx_word' id='word_1_304' title='bbox 2288 1158 2410 1196; x_wconf 88' lang='lat' dir='ltr'><strong>cum</strong></span> <span class='ocrx_word' id='word_1_305' title='bbox 2440 1143 2625 1196; x_wconf 83' lang='lat' dir='ltr'><strong>dicat:</strong></span> <span class='ocrx_word' id='word_1_306' title='bbox 2659 1159 2676 1192; x_wconf 74' lang='grc' dir='ltr'><strong>ι</strong></span> <span class='ocrx_word' id='word_1_307' title='bbox 2713 1139 2825 1206; x_wconf 75' lang='lat' dir='ltr'><strong>Hoc</strong></span> <span class='ocrx_word' id='word_1_308' title='bbox 2883 1141 3043 1194; x_wconf 88' lang='lat' dir='ltr'><strong>modo</strong></span> <span class='ocrx_word' id='word_1_309' title='bbox 3073 1139 3161 1206; x_wconf 80' lang='lat' dir='ltr'><strong>pic</strong></span> <span class='ocrx_word' id='word_1_310' title='bbox 3204 1137 3436 1206; x_wconf 83' lang='lat' dir='ltr'><strong>cogitari</strong></span> 
     </span>
    </p>
   </div>
   <div class='ocr_carea' id='block_1_43' title="bbox 1867 1229 3437 1300">
    <p class='ocr_par' dir='ltr' id='par_1_43' title="bbox 1867 1229 3437 1300">
     <span class='ocr_line' id='line_1_43' title="bbox 1867 1229 3437 1300; baseline -0.001 -18"><span class='ocrx_word' id='word_1_311' title='bbox 1867 1241 2000 1300; x_wconf 91' lang='lat' dir='ltr'><strong>puto</strong></span> <span class='ocrx_word' id='word_1_312' title='bbox 2027 1251 2040 1284; x_wconf 92' lang='lat'><strong>:</strong></span> <span class='ocrx_word' id='word_1_313' title='bbox 2067 1232 2250 1284; x_wconf 88' lang='lat' dir='ltr'><strong>divina</strong></span> <span class='ocrx_word' id='word_1_314' title='bbox 2282 1231 2574 1286; x_wconf 83' lang='lat' dir='ltr'><strong>cilicientia</strong></span> <span class='ocrx_word' id='word_1_315' title='bbox 2601 1241 2685 1285; x_wconf 91' lang='lat' dir='ltr'><strong>est</strong></span> <span class='ocrx_word' id='word_1_316' title='bbox 2725 1230 3080 1298; x_wconf 85' lang='lat' dir='ltr'><strong>sempiterna,</strong></span> <span class='ocrx_word' id='word_1_317' title='bbox 3107 1229 3218 1282; x_wconf 76' lang='lat' dir='ltr'><strong>sive</strong></span> <span class='ocrx_word' id='word_1_318' title='bbox 3251 1229 3437 1297; x_wconf 83' lang='lat' dir='ltr'><strong>potius</strong></span> 
     </span>
    </p>
   </div>
   <div class='ocr_carea' id='block_1_44' title="bbox 1867 1319 3438 1394">
    <p class='ocr_par' dir='ltr' id='par_1_44' title="bbox 1867 1319 3438 1394">
     <span class='ocr_line' id='line_1_44' title="bbox 1867 1319 3438 1394; baseline 0 -22"><span class='ocrx_word' id='word_1_319' title='bbox 1867 1324 1982 1394; x_wconf 85' lang='lat' dir='ltr'><strong>ipsa</strong></span> <span class='ocrx_word' id='word_1_320' title='bbox 2011 1323 2327 1388; x_wconf 84' lang='lat' dir='ltr'><strong>efﬁcientia,</strong></span> <span class='ocrx_word' id='word_1_321' title='bbox 2373 1324 2500 1394; x_wconf 86' lang='lat' dir='ltr'><strong>quia</strong></span> <span class='ocrx_word' id='word_1_322' title='bbox 2535 1341 2644 1378; x_wconf 91' lang='lat' dir='ltr'><strong>non</strong></span> <span class='ocrx_word' id='word_1_323' title='bbox 2680 1323 2940 1378; x_wconf 88' lang='lat' dir='ltr'><strong>distincta</strong></span> <span class='ocrx_word' id='word_1_324' title='bbox 2968 1331 3052 1376; x_wconf 87' lang='lat' dir='ltr'><strong>est</strong></span> <span class='ocrx_word' id='word_1_325' title='bbox 3089 1321 3156 1374; x_wconf 90' lang='lat' dir='ltr'><strong>ab</strong></span> <span class='ocrx_word' id='word_1_326' title='bbox 3198 1319 3438 1373; x_wconf 84' lang='lat' dir='ltr'><strong>essentia</strong></span> 
     </span>
    </p>
   </div>
   <div class='ocr_carea' id='block_1_45' title="bbox 1863 1412 3436 1480">
    <p class='ocr_par' dir='ltr' id='par_1_45' title="bbox 1863 1412 3436 1480">
     <span class='ocr_line' id='line_1_45' title="bbox 1863 1412 3436 1480; baseline -0.006 -8"><span class='ocrx_word' id='word_1_327' title='bbox 1863 1416 2180 1478; x_wconf 72' lang='lat' dir='ltr'><strong>efﬁcientia,</strong></span> <span class='ocrx_word' id='word_1_328' title='bbox 2225 1417 2318 1470; x_wconf 89' lang='lat' dir='ltr'><strong>sed</strong></span> <span class='ocrx_word' id='word_1_329' title='bbox 2361 1417 2610 1470; x_wconf 77' lang='lat' dir='ltr'><strong>eamdem</strong></span> <span class='ocrx_word' id='word_1_330' title='bbox 2667 1416 2932 1469; x_wconf 88' lang='lat' dir='ltr'><strong>rationem</strong></span> <span class='ocrx_word' id='word_1_331' title='bbox 2976 1412 3178 1480; x_wconf 76' lang='lat' dir='ltr'><strong>accipit</strong></span> <span class='ocrx_word' id='word_1_332' title='bbox 3215 1419 3436 1479; x_wconf 87' lang='lat' dir='ltr'><strong>propter</strong></span> 
     </span>
    </p>
   </div>
   <div class='ocr_carea' id='block_1_46' title="bbox 1863 1502 3448 1578">
    <p class='ocr_par' dir='ltr' id='par_1_46' title="bbox 1863 1502 3448 1578">
     <span class='ocr_line' id='line_1_46' title="bbox 1863 1502 3448 1578; baseline -0.004 -15"><span class='ocrx_word' id='word_1_333' title='bbox 1863 1509 2128 1578; x_wconf 85' lang='lat' dir='ltr'><strong>simplicis</strong></span> <span class='ocrx_word' id='word_1_334' title='bbox 2156 1517 2211 1562; x_wconf 90' lang='lat' dir='ltr'><strong>et</strong></span> <span class='ocrx_word' id='word_1_335' title='bbox 2259 1510 2598 1577; x_wconf 69' lang='lat' dir='ltr'><strong>incorporate</strong></span> <span class='ocrx_word' id='word_1_336' title='bbox 2633 1517 2844 1562; x_wconf 68' lang='lat' dir='ltr'><strong>naturte</strong></span> <span class='ocrx_word' id='word_1_337' title='bbox 2874 1503 3289 1576; x_wconf 81' lang='lat' dir='ltr'><strong>prOprietatem.</strong></span> <span class='ocrx_word' id='word_1_338' title='bbox 3331 1521 3348 1552; x_wconf 74' lang='grc' dir='ltr'><strong>ι</strong></span> <span class='ocrx_word' id='word_1_339' title='bbox 3371 1502 3448 1556; x_wconf 77' lang='lat' dir='ltr'><strong>Et</strong></span> 
     </span>
    </p>
   </div>
   <div class='ocr_carea' id='block_1_47' title="bbox 1867 1595 3438 1662">
    <p class='ocr_par' dir='ltr' id='par_1_47' title="bbox 1867 1595 3438 1662">
     <span class='ocr_line' id='line_1_47' title="bbox 1867 1595 3438 1662; baseline -0.003 -9"><span class='ocrx_word' id='word_1_340' title='bbox 1867 1615 2060 1654; x_wconf 89' lang='lat' dir='ltr'><strong>rursus</strong></span> <span class='ocrx_word' id='word_1_341' title='bbox 2090 1615 2102 1650; x_wconf 95' lang='lat'>:</span> <span class='ocrx_word' id='word_1_342' title='bbox 2140 1619 2157 1650; x_wconf 78' lang='grc' dir='ltr'><strong>ι</strong></span> <span class='ocrx_word' id='word_1_343' title='bbox 2187 1600 2347 1654; x_wconf 82' lang='lat' dir='ltr'><strong>Aliud</strong></span> <span class='ocrx_word' id='word_1_344' title='bbox 2383 1615 2504 1653; x_wconf 88' lang='lat' dir='ltr'><strong>esse</strong></span> <span class='ocrx_word' id='word_1_345' title='bbox 2554 1599 2875 1662; x_wconf 85' lang='lat' dir='ltr'><strong>essentiam,</strong></span> <span class='ocrx_word' id='word_1_346' title='bbox 2911 1597 3057 1650; x_wconf 88' lang='lat' dir='ltr'><strong>aliud</strong></span> <span class='ocrx_word' id='word_1_347' title='bbox 3093 1595 3438 1650; x_wconf 77' lang='lat' dir='ltr'><strong>efﬁcientiam</strong></span> 
     </span>
    </p>
   </div>
   <div class='ocr_carea' id='block_1_48' title="bbox 1863 1688 3442 1761">
    <p class='ocr_par' dir='ltr' id='par_1_48' title="bbox 1863 1688 3442 1761">
     <span class='ocr_line' id='line_1_48' title="bbox 1863 1688 3442 1761; baseline -0.003 -16"><span class='ocrx_word' id='word_1_348' title='bbox 1863 1691 2028 1760; x_wconf 81' lang='lat'><strong>310</strong></span> <span class='ocrx_word' id='word_1_349' title='bbox 2069 1691 2378 1761; x_wconf 82' lang='lat' dir='ltr'><strong>priscorum</strong></span> <span class='ocrx_word' id='word_1_350' title='bbox 2426 1691 2650 1760; x_wconf 90' lang='lat' dir='ltr'><strong>quidam</strong></span> <span class='ocrx_word' id='word_1_351' title='bbox 2681 1701 2740 1744; x_wconf 89' lang='lat' dir='ltr'><strong>ut</strong></span> <span class='ocrx_word' id='word_1_352' title='bbox 2771 1690 2824 1743; x_wconf 92' lang='lat' dir='ltr'><strong>in</strong></span> <span class='ocrx_word' id='word_1_353' title='bbox 2859 1689 3062 1758; x_wconf 80' lang='lat' dir='ltr'><strong>iisqme</strong></span> <span class='ocrx_word' id='word_1_354' title='bbox 3104 1688 3155 1740; x_wconf 92' lang='lat' dir='ltr'><strong>in</strong></span> <span class='ocrx_word' id='word_1_355' title='bbox 3195 1688 3442 1756; x_wconf 88' lang='lat' dir='ltr'><strong>corpori-</strong></span> 
     </span>
    </p>
   </div>
   <div class='ocr_carea' id='block_1_49' title="bbox 1789 1781 3442 1866">
    <p class='ocr_par' dir='ltr' id='par_1_49' title="bbox 1789 1781 3442 1866">
     <span class='ocr_line' id='line_1_49' title="bbox 1789 1781 3442 1866; baseline -0.004 -31"><span class='ocrx_word' id='word_1_356' title='bbox 1789 1811 1830 1866; x_wconf 67' lang='grc' dir='ltr'><strong><em>Β</em></strong></span> <span class='ocrx_word' id='word_1_357' title='bbox 1861 1782 1965 1837; x_wconf 84' lang='lat' dir='ltr'><strong>bus</strong></span> <span class='ocrx_word' id='word_1_358' title='bbox 2015 1783 2452 1851; x_wconf 85' lang='lat' dir='ltr'><strong>perspiciuntur,</strong></span> <span class='ocrx_word' id='word_1_359' title='bbox 2485 1781 2558 1835; x_wconf 89' lang='lat' dir='ltr'><strong>ita</strong></span> <span class='ocrx_word' id='word_1_360' title='bbox 2592 1781 2753 1834; x_wconf 87' lang='lat' dir='ltr'><strong>etiam</strong></span> <span class='ocrx_word' id='word_1_361' title='bbox 2795 1781 2846 1834; x_wconf 90' lang='lat' dir='ltr'><strong>in</strong></span> <span class='ocrx_word' id='word_1_362' title='bbox 2883 1781 3068 1834; x_wconf 83' lang='lat' dir='ltr'><strong>divina</strong></span> <span class='ocrx_word' id='word_1_363' title='bbox 3099 1781 3310 1832; x_wconf 86' lang='lat' dir='ltr'><strong>ratione</strong></span> <span class='ocrx_word' id='word_1_364' title='bbox 3345 1793 3442 1846; x_wconf 87' lang='lat' dir='ltr'><strong>po-</strong></span> 
     </span>
    </p>
   </div>
   <div class='ocr_carea' id='block_1_50' title="bbox 1860 1871 3444 1943">
    <p class='ocr_par' dir='ltr' id='par_1_50' title="bbox 1860 1871 3444 1943">
     <span class='ocr_line' id='line_1_50' title="bbox 1860 1871 3444 1943; baseline -0.003 -16"><span class='ocrx_word' id='word_1_365' title='bbox 1860 1883 2123 1939; x_wconf 86' lang='lat' dir='ltr'><strong>suerunt,</strong></span> <span class='ocrx_word' id='word_1_366' title='bbox 2175 1875 2224 1928; x_wconf 93' lang='lat' dir='ltr'><strong>id</strong></span> <span class='ocrx_word' id='word_1_367' title='bbox 2283 1873 2428 1943; x_wconf 87' lang='lat' dir='ltr'><strong>quod</strong></span> <span class='ocrx_word' id='word_1_368' title='bbox 2483 1873 2557 1942; x_wconf 86' lang='lat' dir='ltr'><strong>pii</strong></span> <span class='ocrx_word' id='word_1_369' title='bbox 2613 1873 2940 1928; x_wconf 85' lang='lat' dir='ltr'><strong>refutarunt.</strong></span> <span class='ocrx_word' id='word_1_370' title='bbox 2981 1871 3036 1925; x_wconf 86' lang='lat' dir='ltr'><strong>In</strong></span> <span class='ocrx_word' id='word_1_371' title='bbox 3098 1873 3444 1939; x_wconf 76' lang='lat' dir='ltr'><strong>simplicibus</strong></span> 
     </span>
    </p>
   </div>
   <div class='ocr_carea' id='block_1_51' title="bbox 1859 1963 3440 2034">
    <p class='ocr_par' dir='ltr' id='par_1_51' title="bbox 1859 1963 3440 2034">
     <span class='ocr_line' id='line_1_51' title="bbox 1859 1963 3440 2034; baseline -0.003 -15"><span class='ocrx_word' id='word_1_372' title='bbox 1859 1965 2008 2019; x_wconf 87' lang='lat' dir='ltr'><strong>enim</strong></span> <span class='ocrx_word' id='word_1_373' title='bbox 2070 1973 2126 2019; x_wconf 88' lang='lat' dir='ltr'><strong>et</strong></span> <span class='ocrx_word' id='word_1_374' title='bbox 2177 1965 2517 2034; x_wconf 83' lang='lat' dir='ltr'><strong>incorporeis</strong></span> <span class='ocrx_word' id='word_1_375' title='bbox 2551 1965 2703 2018; x_wconf 88' lang='lat' dir='ltr'><strong>nullo</strong></span> <span class='ocrx_word' id='word_1_376' title='bbox 2732 1964 2895 2018; x_wconf 90' lang='lat' dir='ltr'><strong>modo</strong></span> <span class='ocrx_word' id='word_1_377' title='bbox 2946 1963 3037 2016; x_wconf 87' lang='lat' dir='ltr'><strong>illa</strong></span> <span class='ocrx_word' id='word_1_378' title='bbox 3068 1963 3282 2016; x_wconf 88' lang='lat' dir='ltr'><strong>diversa</strong></span> <span class='ocrx_word' id='word_1_379' title='bbox 3317 1975 3440 2016; x_wconf 86' lang='lat' dir='ltr'><strong>esse</strong></span> 
     </span>
    </p>
   </div>
   <div class='ocr_carea' id='block_1_52' title="bbox 1859 2049 3442 2126">
    <p class='ocr_par' dir='ltr' id='par_1_52' title="bbox 1859 2049 3442 2126">
     <span class='ocr_line' id='line_1_52' title="bbox 1859 2049 3442 2126; baseline -0.004 -17"><span class='ocrx_word' id='word_1_380' title='bbox 1859 2068 2110 2125; x_wconf 88' lang='lat' dir='ltr'><strong>possunt;</strong></span> <span class='ocrx_word' id='word_1_381' title='bbox 2133 2071 2312 2125; x_wconf 83' lang='lat' dir='ltr'><strong>neque</strong></span> <span class='ocrx_word' id='word_1_382' title='bbox 2334 2057 2480 2110; x_wconf 88' lang='lat' dir='ltr'><strong>enim</strong></span> <span class='ocrx_word' id='word_1_383' title='bbox 2506 2055 2889 2126; x_wconf 75' lang='lat' dir='ltr'><strong>distinguenda</strong></span> <span class='ocrx_word' id='word_1_384' title='bbox 2921 2063 3047 2106; x_wconf 91' lang='lat' dir='ltr'><strong>sunt</strong></span> <span class='ocrx_word' id='word_1_385' title='bbox 3065 2068 3094 2106; x_wconf 91' lang='lat' dir='ltr'><strong>a</strong></span> <span class='ocrx_word' id='word_1_386' title='bbox 3113 2067 3171 2106; x_wconf 88' lang='lat' dir='ltr'><strong>se</strong></span> <span class='ocrx_word' id='word_1_387' title='bbox 3203 2049 3442 2104; x_wconf 77' lang='lat' dir='ltr'><strong>invicem</strong></span> 
     </span>
    </p>
   </div>
   <div class='ocr_carea' id='block_1_53' title="bbox 1857 2143 3438 2218">
    <p class='ocr_par' dir='ltr' id='par_1_53' title="bbox 1857 2143 3438 2218">
     <span class='ocr_line' id='line_1_53' title="bbox 1857 2143 3438 2218; baseline -0.006 -18"><span class='ocrx_word' id='word_1_388' title='bbox 1857 2148 1999 2212; x_wconf 64' lang='lat' dir='ltr'><strong>haec,</strong></span> <span class='ocrx_word' id='word_1_389' title='bbox 2021 2163 2090 2202; x_wconf 89' lang='lat' dir='ltr'><strong>ne</strong></span> <span class='ocrx_word' id='word_1_390' title='bbox 2109 2148 2477 2216; x_wconf 89' lang='lat' dir='ltr'><strong>compositum</strong></span> <span class='ocrx_word' id='word_1_391' title='bbox 2503 2147 2776 2218; x_wconf 75' lang='lat' dir='ltr'><strong>cogitetur</strong></span> <span class='ocrx_word' id='word_1_392' title='bbox 2807 2145 2862 2201; x_wconf 93' lang='lat' dir='ltr'><strong>id</strong></span> <span class='ocrx_word' id='word_1_393' title='bbox 2881 2143 3026 2214; x_wconf 91' lang='lat' dir='ltr'><strong>quod</strong></span> <span class='ocrx_word' id='word_1_394' title='bbox 3059 2159 3275 2198; x_wconf 80' lang='lat' dir='ltr'><strong>onmem</strong></span> <span class='ocrx_word' id='word_1_395' title='bbox 3303 2143 3386 2195; x_wconf 80' lang='lat' dir='ltr'><strong>Sil:</strong></span> <span class='ocrx_word' id='word_1_396' title='bbox 3409 2171 3438 2183; x_wconf 85' lang='grc'><strong>-</strong></span> 
     </span>
    </p>
   </div>
   <div class='ocr_carea' id='block_1_54' title="bbox 1856 2233 3436 2308">
    <p class='ocr_par' dir='ltr' id='par_1_54' title="bbox 1856 2233 3436 2308">
     <span class='ocr_line' id='line_1_54' title="bbox 1856 2233 3436 2308; baseline -0.006 -15"><span class='ocrx_word' id='word_1_397' title='bbox 1856 2237 2158 2308; x_wconf 86' lang='lat' dir='ltr'><strong>plicitatem</strong></span> <span class='ocrx_word' id='word_1_398' title='bbox 2203 2247 2426 2306; x_wconf 88' lang='lat' dir='ltr'><strong>supcrat</strong></span> <span class='ocrx_word' id='word_1_399' title='bbox 2454 2253 2471 2304; x_wconf 91' lang='lat'><strong>;</strong></span> <span class='ocrx_word' id='word_1_400' title='bbox 2507 2251 2617 2290; x_wconf 91' lang='lat' dir='ltr'><strong>non</strong></span> <span class='ocrx_word' id='word_1_401' title='bbox 2675 2237 2824 2291; x_wconf 86' lang='lat' dir='ltr'><strong>enim</strong></span> <span class='ocrx_word' id='word_1_402' title='bbox 2855 2235 3044 2288; x_wconf 80' lang='lat' dir='ltr'><strong>divina</strong></span> <span class='ocrx_word' id='word_1_403' title='bbox 3069 2233 3304 2287; x_wconf 72' lang='lat' dir='ltr'><strong>essentia</strong></span> <span class='ocrx_word' id='word_1_404' title='bbox 3331 2249 3436 2286; x_wconf 88' lang='lat' dir='ltr'><strong>un-</strong></span> 
     </span>
    </p>
   </div>
   <div class='ocr_carea' id='block_1_55' title="bbox 1857 2325 3430 2399">
    <p class='ocr_par' dir='ltr' id='par_1_55' title="bbox 1857 2325 3430 2399">
     <span class='ocr_line' id='line_1_55' title="bbox 1857 2325 3430 2399; baseline -0.003 -17"><span class='ocrx_word' id='word_1_405' title='bbox 1857 2345 2019 2399; x_wconf 88' lang='lat' dir='ltr'><strong>quam</strong></span> <span class='ocrx_word' id='word_1_406' title='bbox 2055 2345 2176 2384; x_wconf 79' lang='lat' dir='ltr'><strong>eSse</strong></span> <span class='ocrx_word' id='word_1_407' title='bbox 2199 2339 2380 2399; x_wconf 83' lang='lat' dir='ltr'><strong>potest</strong></span> <span class='ocrx_word' id='word_1_408' title='bbox 2407 2327 2656 2384; x_wconf 83' lang='lat' dir='ltr'><strong>ineiIicax</strong></span> <span class='ocrx_word' id='word_1_409' title='bbox 2682 2367 2696 2392; x_wconf 85' lang='lat'><strong>,</strong></span> <span class='ocrx_word' id='word_1_410' title='bbox 2736 2343 2912 2396; x_wconf 88' lang='lat' dir='ltr'><strong>neque</strong></span> <span class='ocrx_word' id='word_1_411' title='bbox 2952 2325 3242 2380; x_wconf 73' lang='lat' dir='ltr'><strong>efficientia</strong></span> <span class='ocrx_word' id='word_1_412' title='bbox 3285 2325 3430 2377; x_wconf 83' lang='lat' dir='ltr'><strong>ines-</strong></span> 
     </span>
    </p>
   </div>
   <div class='ocr_carea' id='block_1_56' title="bbox 1853 2418 3440 2494">
    <p class='ocr_par' dir='ltr' id='par_1_56' title="bbox 1853 2418 3440 2494">
     <span class='ocr_line' id='line_1_56' title="bbox 1853 2418 3440 2494; baseline -0.003 -19"><span class='ocrx_word' id='word_1_413' title='bbox 1853 2421 2122 2494; x_wconf 85' lang='lat' dir='ltr'><strong>sentialis.</strong></span> <span class='ocrx_word' id='word_1_414' title='bbox 2165 2439 2182 2471; x_wconf 77' lang='grc' dir='ltr'><strong>ι</strong></span> <span class='ocrx_word' id='word_1_415' title='bbox 2219 2420 2394 2475; x_wconf 74' lang='lat' dir='ltr'><strong>Audis</strong></span> <span class='ocrx_word' id='word_1_416' title='bbox 2427 2431 2648 2478; x_wconf 86' lang='lat' dir='ltr'><strong>sanctos</strong></span> <span class='ocrx_word' id='word_1_417' title='bbox 2695 2419 2952 2475; x_wconf 69' lang='lat' dir='ltr'><strong>Ecclesiae</strong></span> <span class='ocrx_word' id='word_1_418' title='bbox 3000 2418 3253 2472; x_wconf 79' lang='lat' dir='ltr'><strong>doctores</strong></span> <span class='ocrx_word' id='word_1_419' title='bbox 3319 2427 3440 2472; x_wconf 84' lang='lat' dir='ltr'><strong>tan-</strong></span> 
     </span>
    </p>
   </div>
   <div class='ocr_carea' id='block_1_57' title="bbox 1857 2511 3433 2577">
    <p class='ocr_par' dir='ltr' id='par_1_57' title="bbox 1857 2511 3433 2577">
     <span class='ocr_line' id='line_1_57' title="bbox 1857 2511 3433 2577; baseline -0.004 -9"><span class='ocrx_word' id='word_1_420' title='bbox 1857 2524 1970 2568; x_wconf 91' lang='lat' dir='ltr'><strong>tum</strong></span> <span class='ocrx_word' id='word_1_421' title='bbox 2006 2529 2134 2569; x_wconf 90' lang='lat' dir='ltr'><strong>cum</strong></span> <span class='ocrx_word' id='word_1_422' title='bbox 2159 2513 2400 2568; x_wconf 82' lang='lat' dir='ltr'><strong>essentia</strong></span> <span class='ocrx_word' id='word_1_423' title='bbox 2436 2512 2786 2567; x_wconf 77' lang='lat' dir='ltr'><strong>elﬁcientiam</strong></span> <span class='ocrx_word' id='word_1_424' title='bbox 2815 2527 2984 2565; x_wconf 90' lang='lat' dir='ltr'><strong>unum</strong></span> <span class='ocrx_word' id='word_1_425' title='bbox 3011 2511 3269 2577; x_wconf 89' lang='lat' dir='ltr'><strong>idemque</strong></span> <span class='ocrx_word' id='word_1_426' title='bbox 3310 2524 3433 2562; x_wconf 89' lang='lat' dir='ltr'><strong>esse</strong></span> 
     </span>
    </p>
   </div>
   <div class='ocr_carea' id='block_1_58' title="bbox 1853 2600 3432 2673">
    <p class='ocr_par' dir='ltr' id='par_1_58' title="bbox 1853 2600 3432 2673">
     <span class='ocr_line' id='line_1_58' title="bbox 1853 2600 3432 2673; baseline -0.005 -14"><span class='ocrx_word' id='word_1_427' title='bbox 1853 2606 1906 2659; x_wconf 89' lang='lat' dir='ltr'><strong>in</strong></span> <span class='ocrx_word' id='word_1_428' title='bbox 1941 2607 2050 2659; x_wconf 89' lang='lat' dir='ltr'><strong>Deo</strong></span> <span class='ocrx_word' id='word_1_429' title='bbox 2073 2615 2386 2668; x_wconf 83' lang='lat' dir='ltr'><strong>censentes,</strong></span> <span class='ocrx_word' id='word_1_430' title='bbox 2407 2613 2672 2673; x_wconf 87' lang='lat' dir='ltr'><strong>quantum</strong></span> <span class='ocrx_word' id='word_1_431' title='bbox 2704 2601 2866 2656; x_wconf 89' lang='lat' dir='ltr'><strong>etiam</strong></span> <span class='ocrx_word' id='word_1_432' title='bbox 2891 2601 3062 2670; x_wconf 85' lang='lat' dir='ltr'><strong>ipsam</strong></span> <span class='ocrx_word' id='word_1_433' title='bbox 3087 2600 3432 2654; x_wconf 80' lang='lat' dir='ltr'><strong>etiicientiam</strong></span> 
     </span>
    </p>
   </div>
   <div class='ocr_carea' id='block_1_59' title="bbox 1858 2691 3432 2767">
    <p class='ocr_par' dir='ltr' id='par_1_59' title="bbox 1858 2691 3432 2767">
     <span class='ocr_line' id='line_1_59' title="bbox 1858 2691 3432 2767; baseline -0.009 -14"><span class='ocrx_word' id='word_1_434' title='bbox 1858 2707 2054 2753; x_wconf 78' lang='lat' dir='ltr'><strong>vocant</strong></span> <span class='ocrx_word' id='word_1_435' title='bbox 2081 2715 2199 2752; x_wconf 86' lang='lat' dir='ltr'><strong>eam</strong></span> <span class='ocrx_word' id='word_1_436' title='bbox 2226 2707 2452 2767; x_wconf 88' lang='lat' dir='ltr'><strong>propter</strong></span> <span class='ocrx_word' id='word_1_437' title='bbox 2473 2711 2748 2750; x_wconf 79' lang='lat' dir='ltr'><strong>summum</strong></span> <span class='ocrx_word' id='word_1_438' title='bbox 2773 2693 3110 2750; x_wconf 71' lang='lat' dir='ltr'><strong>discriminis</strong></span> <span class='ocrx_word' id='word_1_439' title='bbox 3134 2691 3432 2760; x_wconf 52' lang='lat' dir='ltr'><strong>derectam,</strong></span> 
     </span>
    </p>
   </div>
   <div class='ocr_carea' id='block_1_60' title="bbox 1859 2785 3432 2858">
    <p class='ocr_par' dir='ltr' id='par_1_60' title="bbox 1859 2785 3432 2858">
     <span class='ocr_line' id='line_1_60' title="bbox 1859 2785 3432 2858; baseline -0.004 -14"><span class='ocrx_word' id='word_1_440' title='bbox 1859 2791 1936 2844; x_wconf 86' lang='lat' dir='ltr'><strong>ita</strong></span> <span class='ocrx_word' id='word_1_441' title='bbox 1981 2800 2043 2844; x_wconf 91' lang='lat' dir='ltr'><strong>ut</strong></span> <span class='ocrx_word' id='word_1_442' title='bbox 2095 2805 2163 2843; x_wconf 91' lang='lat' dir='ltr'><strong>ne</strong></span> <span class='ocrx_word' id='word_1_443' title='bbox 2199 2787 2255 2842; x_wconf 89' lang='lat' dir='ltr'><strong>in</strong></span> <span class='ocrx_word' id='word_1_444' title='bbox 2313 2787 2708 2858; x_wconf 79' lang='lat' dir='ltr'><strong>cogitationem</strong></span> <span class='ocrx_word' id='word_1_445' title='bbox 2755 2786 3308 2855; x_wconf 79' lang='lat' dir='ltr'><strong>quidem-insinuare</strong></span> <span class='ocrx_word' id='word_1_446' title='bbox 3356 2785 3432 2838; x_wconf 87' lang='lat' dir='ltr'><strong>ibi</strong></span> 
     </span>
    </p>
   </div>
   <div class='ocr_carea' id='block_1_61' title="bbox 1855 2873 3432 2948">
    <p class='ocr_par' dir='ltr' id='par_1_61' title="bbox 1855 2873 3432 2948">
     <span class='ocr_line' id='line_1_61' title="bbox 1855 2873 3432 2948; baseline -0.004 -17"><span class='ocrx_word' id='word_1_447' title='bbox 1855 2879 2030 2948; x_wconf 89' lang='lat' dir='ltr'><strong>possit</strong></span> <span class='ocrx_word' id='word_1_448' title='bbox 2059 2877 2368 2932; x_wconf 72' lang='lat' dir='ltr'><strong>diﬂ‘ercntia</strong></span> <span class='ocrx_word' id='word_1_449' title='bbox 2397 2877 2814 2946; x_wconf 86' lang='lat' dir='ltr'><strong>qualiscunque.</strong></span> <span class='ocrx_word' id='word_1_450' title='bbox 2854 2873 3029 2928; x_wconf 83' lang='lat' dir='ltr'><strong>Audis</strong></span> <span class='ocrx_word' id='word_1_451' title='bbox 3068 2889 3234 2944; x_wconf 87' lang='lat' dir='ltr'><strong>porro</strong></span> <span class='ocrx_word' id='word_1_452' title='bbox 3265 2875 3432 2928; x_wconf 81' lang='lat' dir='ltr'><strong>etiam</strong></span> 
     </span>
    </p>
   </div>
   <div class='ocr_carea' id='block_1_62' title="bbox 1857 2962 3435 3038">
    <p class='ocr_par' dir='ltr' id='par_1_62' title="bbox 1857 2962 3435 3038">
     <span class='ocr_line' id='line_1_62' title="bbox 1857 2962 3435 3038; baseline -0.004 -14"><span class='ocrx_word' id='word_1_453' title='bbox 1857 2967 1915 3024; x_wconf 89' lang='lat' dir='ltr'><strong>id</strong></span> <span class='ocrx_word' id='word_1_454' title='bbox 1944 2968 2090 3038; x_wconf 88' lang='lat' dir='ltr'><strong>quod</strong></span> <span class='ocrx_word' id='word_1_455' title='bbox 2117 2983 2283 3036; x_wconf 88' lang='lat' dir='ltr'><strong>supra</strong></span> <span class='ocrx_word' id='word_1_456' title='bbox 2318 2969 2414 3022; x_wconf 88' lang='lat' dir='ltr'><strong>tibi</strong></span> <span class='ocrx_word' id='word_1_457' title='bbox 2437 2967 2959 3022; x_wconf 68' lang='lat' dir='ltr'><strong>demonstravimus.</strong></span> <span class='ocrx_word' id='word_1_458' title='bbox 2992 2965 3072 3018; x_wconf 90' lang='lat' dir='ltr'><strong>Tu</strong></span> <span class='ocrx_word' id='word_1_459' title='bbox 3106 2962 3252 3018; x_wconf 86' lang='lat' dir='ltr'><strong>enim</strong></span> <span class='ocrx_word' id='word_1_460' title='bbox 3285 2964 3435 3018; x_wconf 86' lang='lat' dir='ltr'><strong>dicc-</strong></span> 
     </span>
    </p>
   </div>
   <div class='ocr_carea' id='block_1_63' title="bbox 1855 3057 3436 3128">
    <p class='ocr_par' dir='ltr' id='par_1_63' title="bbox 1855 3057 3436 3128">
     <span class='ocr_line' id='line_1_63' title="bbox 1855 3057 3436 3128; baseline -0.006 -12"><span class='ocrx_word' id='word_1_461' title='bbox 1855 3062 1954 3116; x_wconf 88' lang='lat' dir='ltr'><strong>bas</strong></span> <span class='ocrx_word' id='word_1_462' title='bbox 1989 3063 2325 3116; x_wconf 77' lang='lat' dir='ltr'><strong>inefﬁcacem</strong></span> <span class='ocrx_word' id='word_1_463' title='bbox 2361 3069 2474 3115; x_wconf 92' lang='lat' dir='ltr'><strong>tum</strong></span> <span class='ocrx_word' id='word_1_464' title='bbox 2497 3075 2616 3114; x_wconf 88' lang='lat' dir='ltr'><strong>esse</strong></span> <span class='ocrx_word' id='word_1_465' title='bbox 2643 3059 2884 3114; x_wconf 73' lang='lat' dir='ltr'><strong>divinant</strong></span> <span class='ocrx_word' id='word_1_466' title='bbox 2910 3058 3093 3128; x_wconf 91' lang='lat' dir='ltr'><strong>potius</strong></span> <span class='ocrx_word' id='word_1_467' title='bbox 3111 3057 3436 3118; x_wconf 71' lang='lat' dir='ltr'><strong>essentiam.</strong></span> 
     </span>
    </p>
   </div>
   <div class='ocr_carea' id='block_1_64' title="bbox 221 3147 1749 3225">
    <p class='ocr_par' dir='ltr' id='par_1_64' title="bbox 221 3147 1749 3225">
     <span class='ocr_line' id='line_1_64' title="bbox 221 3147 1749 3225; baseline 0.01 -32"><span class='ocrx_word' id='word_1_468' title='bbox 221 3147 407 3216; x_wconf 76' lang='grc' dir='ltr'>πρᾶγμα</span> <span class='ocrx_word' id='word_1_469' title='bbox 435 3151 904 3219; x_wconf 80' lang='grc' dir='ltr'>τερατωδέστατόν</span> <span class='ocrx_word' id='word_1_470' title='bbox 926 3169 985 3204; x_wconf 88' lang='grc' dir='ltr'>τε</span> <span class='ocrx_word' id='word_1_471' title='bbox 1009 3153 1104 3205; x_wconf 80' lang='grc' dir='ltr'>καὶ</span> <span class='ocrx_word' id='word_1_472' title='bbox 1124 3153 1519 3220; x_wconf 71' lang='grc' dir='ltr'>ἀμαθέστατον,</span> <span class='ocrx_word' id='word_1_473' title='bbox 1552 3157 1647 3207; x_wconf 76' lang='grc' dir='ltr'>καὶ</span> <span class='ocrx_word' id='word_1_474' title='bbox 1676 3155 1749 3225; x_wconf 82' lang='grc' dir='ltr'>μὴ</span> 
     </span>
    </p>
   </div>
   <div class='ocr_carea' id='block_1_65' title="bbox 1857 3147 3436 3225">
    <p class='ocr_par' dir='ltr' id='par_1_65' title="bbox 1857 3153 3436 3222">
     <span class='ocr_line' id='line_1_65' title="bbox 1857 3153 3436 3222; baseline -0.006 -12"><span class='ocrx_word' id='word_1_475' title='bbox 1857 3169 1983 3210; x_wconf 87' lang='lat' dir='ltr'><strong>cum</strong></span> <span class='ocrx_word' id='word_1_476' title='bbox 2014 3155 2272 3210; x_wconf 87' lang='lat' dir='ltr'><strong>dicantur</strong></span> <span class='ocrx_word' id='word_1_477' title='bbox 2295 3154 2459 3208; x_wconf 89' lang='lat' dir='ltr'><strong>ambo</strong></span> <span class='ocrx_word' id='word_1_478' title='bbox 2494 3169 2662 3207; x_wconf 91' lang='lat' dir='ltr'><strong>unum</strong></span> <span class='ocrx_word' id='word_1_479' title='bbox 2695 3153 2948 3222; x_wconf 89' lang='lat' dir='ltr'><strong>idemque</strong></span> <span class='ocrx_word' id='word_1_480' title='bbox 2996 3167 3138 3216; x_wconf 88' lang='lat' dir='ltr'><strong>esse,</strong></span> <span class='ocrx_word' id='word_1_481' title='bbox 3177 3157 3290 3202; x_wconf 88' lang='lat' dir='ltr'><strong>tum</strong></span> <span class='ocrx_word' id='word_1_482' title='bbox 3334 3163 3436 3202; x_wconf 90' lang='lat' dir='ltr'><strong>au-</strong></span> 
     </span>
    </p>
   </div>
   <div class='ocr_carea' id='block_1_66' title="bbox 229 3237 1744 3318">
    <p class='ocr_par' dir='ltr' id='par_1_66' title="bbox 229 3237 1744 3318">
     <span class='ocr_line' id='line_1_66' title="bbox 229 3237 1744 3318; baseline 0.009 -32"><span class='ocrx_word' id='word_1_483' title='bbox 229 3237 369 3289; x_wconf 77' lang='grc' dir='ltr'>πᾶσαν</span> <span class='ocrx_word' id='word_1_484' title='bbox 389 3241 548 3308; x_wconf 75' lang='grc' dir='ltr'>μόνον</span> <span class='ocrx_word' id='word_1_485' title='bbox 572 3241 878 3309; x_wconf 80' lang='grc' dir='ltr'>ἐκπλῆττον</span> <span class='ocrx_word' id='word_1_486' title='bbox 905 3243 1076 3311; x_wconf 72' lang='grc' dir='ltr'>ἀκοὴν</span> <span class='ocrx_word' id='word_1_487' title='bbox 1096 3247 1161 3314; x_wconf 80' lang='grc' dir='ltr'>τῇ</span> <span class='ocrx_word' id='word_1_488' title='bbox 1197 3245 1518 3316; x_wconf 79' lang='grc' dir='ltr'>ἀϐελτηρίᾳ,</span> <span class='ocrx_word' id='word_1_489' title='bbox 1547 3247 1630 3299; x_wconf 81' lang='grc' dir='ltr'><strong>ὅτι</strong></span> <span class='ocrx_word' id='word_1_490' title='bbox 1670 3247 1744 3318; x_wconf 81' lang='grc' dir='ltr'>μὴ</span> 
     </span>
    </p>
   </div>
   <div class='ocr_carea' id='block_1_67' title="bbox 219 3331 1746 3406">
    <p class='ocr_par' dir='ltr' id='par_1_67' title="bbox 219 3331 1746 3406">
     <span class='ocr_line' id='line_1_67' title="bbox 219 3331 1746 3406; baseline 0.007 -28"><span class='ocrx_word' id='word_1_491' title='bbox 219 3331 412 3394; x_wconf 55' lang='lat' dir='ltr'><strong>tuitui);</strong></span> <span class='ocrx_word' id='word_1_492' title='bbox 431 3333 632 3401; x_wconf 78' lang='grc' dir='ltr'>σοφοὺς</span> <span class='ocrx_word' id='word_1_493' title='bbox 655 3336 908 3386; x_wconf 82' lang='grc' dir='ltr'><strong>τουτουσὶ</strong></span> <span class='ocrx_word' id='word_1_494' title='bbox 925 3334 1277 3398; x_wconf 76' lang='grc' dir='ltr'>διδασκάλους</span> <span class='ocrx_word' id='word_1_495' title='bbox 1301 3337 1402 3404; x_wconf 85' lang='grc' dir='ltr'><strong>τῆς</strong></span> <span class='ocrx_word' id='word_1_496' title='bbox 1419 3337 1746 3406; x_wconf 78' lang='grc' dir='ltr'>Ἐκκλησίας</span> 
     </span>
    </p>
   </div>
   <div class='ocr_carea' id='block_1_68' title="bbox 217 3423 1743 3495">
    <p class='ocr_par' dir='ltr' id='par_1_68' title="bbox 217 3423 1743 3495">
     <span class='ocr_line' id='line_1_68' title="bbox 217 3423 1743 3495; baseline 0.007 -27"><span class='ocrx_word' id='word_1_497' title='bbox 217 3423 544 3488; x_wconf 66' lang='grc' dir='ltr'>σνιιοφαντοῦν</span> <span class='ocrx_word' id='word_1_498' title='bbox 584 3423 774 3486; x_wconf 82' lang='grc' dir='ltr'>ἀδεῶς·</span> <span class='ocrx_word' id='word_1_499' title='bbox 805 3425 868 3477; x_wconf 83' lang='grc' dir='ltr'>οὐ</span> <span class='ocrx_word' id='word_1_500' title='bbox 909 3425 1018 3495; x_wconf 74' lang='grc' dir='ltr'>γὰρ</span> <span class='ocrx_word' id='word_1_501' title='bbox 1038 3425 1344 3493; x_wconf 79' lang='grc' dir='ltr'>διοριστέον</span> <span class='ocrx_word' id='word_1_502' title='bbox 1377 3424 1552 3478; x_wconf 79' lang='grc' dir='ltr'>ταῦτα</span> <span class='ocrx_word' id='word_1_503' title='bbox 1578 3426 1743 3494; x_wconf 71' lang='grc' dir='ltr'>φασιν</span> 
     </span>
    </p>
   </div>
   <div class='ocr_carea' id='block_1_69' title="bbox 215 3511 1739 3586">
    <p class='ocr_par' dir='ltr' id='par_1_69' title="bbox 215 3511 1739 3586">
     <span class='ocr_line' id='line_1_69' title="bbox 215 3511 1739 3586; baseline 0.005 -24"><span class='ocrx_word' id='word_1_504' title='bbox 215 3511 416 3581; x_wconf 70' lang='grc' dir='ltr'>ἀλλήλων</span> <span class='ocrx_word' id='word_1_505' title='bbox 445 3517 668 3580; x_wconf 75' lang='grc' dir='ltr'>ἐκεῖνοι,</span> <span class='ocrx_word' id='word_1_506' title='bbox 699 3515 786 3568; x_wconf 81' lang='grc' dir='ltr'>ἵνα</span> <span class='ocrx_word' id='word_1_507' title='bbox 821 3533 880 3568; x_wconf 86' lang='grc' dir='ltr'><strong>τε</strong></span> <span class='ocrx_word' id='word_1_508' title='bbox 907 3517 1042 3585; x_wconf 85' lang='grc' dir='ltr'>μήτε</span> <span class='ocrx_word' id='word_1_509' title='bbox 1079 3516 1336 3570; x_wconf 77' lang='grc' dir='ltr'>σύνθετον</span> <span class='ocrx_word' id='word_1_510' title='bbox 1367 3519 1428 3568; x_wconf 76' lang='grc' dir='ltr'><strong>τὸ</strong></span> <span class='ocrx_word' id='word_1_511' title='bbox 1455 3517 1596 3586; x_wconf 71' lang='grc' dir='ltr'><strong>ὑπὲρ</strong></span> <span class='ocrx_word' id='word_1_512' title='bbox 1631 3520 1739 3570; x_wconf 85' lang='grc' dir='ltr'><strong>πᾶ-</strong></span> 
     </span>
    </p>
   </div>
   <div class='ocr_carea' id='block_1_70' title="bbox 219 3609 1741 3683">
    <p class='ocr_par' dir='ltr' id='par_1_70' title="bbox 219 3609 1741 3683">
     <span class='ocr_line' id='line_1_70' title="bbox 219 3609 1741 3683; baseline 0.007 -30"><span class='ocrx_word' id='word_1_513' title='bbox 219 3621 296 3656; x_wconf 77' lang='grc' dir='ltr'><strong>σαν</strong></span> <span class='ocrx_word' id='word_1_514' title='bbox 315 3609 584 3672; x_wconf 75' lang='grc' dir='ltr'>ἁπλότητα</span> <span class='ocrx_word' id='word_1_515' title='bbox 607 3610 822 3676; x_wconf 74' lang='grc' dir='ltr'>νοῆται,</span> <span class='ocrx_word' id='word_1_516' title='bbox 849 3611 944 3662; x_wconf 81' lang='grc' dir='ltr'><strong>καὶ</strong></span> <span class='ocrx_word' id='word_1_517' title='bbox 964 3611 1052 3662; x_wconf 80' lang='grc' dir='ltr'><strong>ἵνα</strong></span> <span class='ocrx_word' id='word_1_518' title='bbox 1081 3611 1208 3679; x_wconf 76' lang='grc' dir='ltr'><strong>μήθ’</strong></span> <span class='ocrx_word' id='word_1_519' title='bbox 1237 3613 1268 3680; x_wconf 81' lang='grc' dir='ltr'>ὴ</span> <span class='ocrx_word' id='word_1_520' title='bbox 1289 3611 1462 3683; x_wconf 56' lang='grc'><strong>[12145</strong></span> <span class='ocrx_word' id='word_1_521' title='bbox 1487 3609 1564 3680; x_wconf 64' lang='grc'><strong>1.]</strong></span> <span class='ocrx_word' id='word_1_522' title='bbox 1582 3611 1741 3664; x_wconf 71' lang='grc' dir='ltr'>οὐσία</span> 
     </span>
    </p>
   </div>
   <div class='ocr_carea' id='block_1_71' title="bbox 211 3697 1737 3773">
    <p class='ocr_par' dir='ltr' id='par_1_71' title="bbox 211 3697 1737 3773">
     <span class='ocr_line' id='line_1_71' title="bbox 211 3697 1737 3773; baseline 0.007 -27"><span class='ocrx_word' id='word_1_523' title='bbox 211 3697 524 3770; x_wconf 72' lang='grc' dir='ltr'>ἂνενέργητος</span> <span class='ocrx_word' id='word_1_524' title='bbox 551 3703 636 3770; x_wconf 75' lang='grc' dir='ltr'><strong>εἴη</strong></span> <span class='ocrx_word' id='word_1_525' title='bbox 687 3703 752 3756; x_wconf 70' lang='grc' dir='ltr'>ἄν</span> <span class='ocrx_word' id='word_1_526' title='bbox 783 3719 908 3754; x_wconf 74' lang='grc' dir='ltr'>ποτε</span> <span class='ocrx_word' id='word_1_527' title='bbox 937 3705 1062 3772; x_wconf 81' lang='grc' dir='ltr'>μήτ’</span> <span class='ocrx_word' id='word_1_528' title='bbox 1093 3705 1344 3766; x_wconf 81' lang='grc' dir='ltr'>ἀνούσιος</span> <span class='ocrx_word' id='word_1_529' title='bbox 1377 3705 1410 3773; x_wconf 85' lang='grc' dir='ltr'>ἠ</span> <span class='ocrx_word' id='word_1_530' title='bbox 1446 3705 1737 3773; x_wconf 78' lang='grc' dir='ltr'>ἐνέργεια.</span> 
     </span>
    </p>
   </div>
   <div class='ocr_carea' id='block_1_72' title="bbox 1855 3240 3438 3313">
    <p class='ocr_par' dir='ltr' id='par_1_72' title="bbox 1855 3240 3438 3313">
     <span class='ocr_line' id='line_1_72' title="bbox 1855 3240 3438 3313; baseline -0.005 -11"><span class='ocrx_word' id='word_1_531' title='bbox 1855 3257 1964 3302; x_wconf 88' lang='lat' dir='ltr'><strong>tem</strong></span> <span class='ocrx_word' id='word_1_532' title='bbox 1992 3247 2288 3310; x_wconf 79' lang='lat' dir='ltr'><strong>efﬁcacem,</strong></span> <span class='ocrx_word' id='word_1_533' title='bbox 2323 3261 2450 3300; x_wconf 90' lang='lat' dir='ltr'><strong>cum</strong></span> <span class='ocrx_word' id='word_1_534' title='bbox 2480 3246 2591 3301; x_wconf 89' lang='lat' dir='ltr'><strong>sint</strong></span> <span class='ocrx_word' id='word_1_535' title='bbox 2619 3245 2792 3300; x_wconf 86' lang='lat' dir='ltr'><strong>divisa</strong></span> <span class='ocrx_word' id='word_1_536' title='bbox 2827 3261 2842 3298; x_wconf 88' lang='lat'><strong>:</strong></span> <span class='ocrx_word' id='word_1_537' title='bbox 2880 3259 3001 3313; x_wconf 73' lang='lat' dir='ltr'><strong>qua:</strong></span> <span class='ocrx_word' id='word_1_538' title='bbox 3036 3257 3130 3296; x_wconf 87' lang='lat' dir='ltr'><strong>res</strong></span> <span class='ocrx_word' id='word_1_539' title='bbox 3158 3249 3244 3295; x_wconf 86' lang='lat' dir='ltr'><strong>est</strong></span> <span class='ocrx_word' id='word_1_540' title='bbox 3267 3240 3438 3294; x_wconf 87' lang='lat' dir='ltr'><strong>mira-</strong></span> 
     </span>
    </p>
   </div>
   <div class='ocr_carea' id='block_1_73' title="bbox 1854 3337 3432 3408">
    <p class='ocr_par' dir='ltr' id='par_1_73' title="bbox 1854 3337 3432 3408">
     <span class='ocr_line' id='line_1_73' title="bbox 1854 3337 3432 3408; baseline -0.006 -16"><span class='ocrx_word' id='word_1_541' title='bbox 1854 3339 1964 3392; x_wconf 87' lang='lat' dir='ltr'><strong>culi</strong></span> <span class='ocrx_word' id='word_1_542' title='bbox 1991 3347 2048 3393; x_wconf 87' lang='lat' dir='ltr'><strong>et</strong></span> <span class='ocrx_word' id='word_1_543' title='bbox 2093 3338 2416 3408; x_wconf 58' lang='lat' dir='ltr'><strong>ignorantia;</strong></span> <span class='ocrx_word' id='word_1_544' title='bbox 2466 3337 2880 3406; x_wconf 83' lang='lat' dir='ltr'><strong>pleuissima,et</strong></span> <span class='ocrx_word' id='word_1_545' title='bbox 2911 3351 3032 3405; x_wconf 49' lang='lat' dir='ltr'><strong>qui:</strong></span> <span class='ocrx_word' id='word_1_546' title='bbox 3064 3343 3277 3386; x_wconf 86' lang='lat' dir='ltr'><strong>tantum</strong></span> <span class='ocrx_word' id='word_1_547' title='bbox 3324 3347 3432 3386; x_wconf 89' lang='lat' dir='ltr'><strong>non</strong></span> 
     </span>
    </p>
   </div>
   <div class='ocr_carea' id='block_1_74' title="bbox 1852 3423 3425 3497">
    <p class='ocr_par' dir='ltr' id='par_1_74' title="bbox 1852 3423 3425 3497">
     <span class='ocr_line' id='line_1_74' title="bbox 1852 3423 3425 3497; baseline -0.005 -15"><span class='ocrx_word' id='word_1_548' title='bbox 1852 3443 2045 3482; x_wconf 87' lang='lat' dir='ltr'><strong>omnes</strong></span> <span class='ocrx_word' id='word_1_549' title='bbox 2094 3427 2383 3497; x_wconf 79' lang='lat' dir='ltr'><strong>perturbet</strong></span> <span class='ocrx_word' id='word_1_550' title='bbox 2442 3443 2606 3481; x_wconf 88' lang='lat' dir='ltr'><strong>aures</strong></span> <span class='ocrx_word' id='word_1_551' title='bbox 2659 3425 3026 3488; x_wconf 83' lang='lat' dir='ltr'><strong>absurditate,</strong></span> <span class='ocrx_word' id='word_1_552' title='bbox 3053 3425 3222 3478; x_wconf 86' lang='lat' dir='ltr'><strong>multo</strong></span> <span class='ocrx_word' id='word_1_553' title='bbox 3253 3423 3425 3492; x_wconf 84' lang='lat' dir='ltr'><strong>magis</strong></span> 
     </span>
    </p>
   </div>
   <div class='ocr_carea' id='block_1_75' title="bbox 1847 3515 3442 3588">
    <p class='ocr_par' dir='ltr' id='par_1_75' title="bbox 1847 3515 3442 3588">
     <span class='ocr_line' id='line_1_75' title="bbox 1847 3515 3442 3588; baseline -0.004 -15"><span class='ocrx_word' id='word_1_554' title='bbox 1847 3519 2011 3573; x_wconf 88' lang='lat' dir='ltr'><strong>etiam</strong></span> <span class='ocrx_word' id='word_1_555' title='bbox 2031 3519 2308 3588; x_wconf 85' lang='lat' dir='ltr'><strong>sapientes</strong></span> <span class='ocrx_word' id='word_1_556' title='bbox 2327 3519 2426 3572; x_wconf 90' lang='lat' dir='ltr'><strong>hos</strong></span> <span class='ocrx_word' id='word_1_557' title='bbox 2447 3519 2700 3572; x_wconf 90' lang='lat' dir='ltr'><strong>doctores</strong></span> <span class='ocrx_word' id='word_1_558' title='bbox 2719 3517 2974 3571; x_wconf 66' lang='lat' dir='ltr'><strong>Ecclesiae</strong></span> <span class='ocrx_word' id='word_1_559' title='bbox 2985 3517 3312 3570; x_wconf 87' lang='lat' dir='ltr'><strong>criminetur</strong></span> <span class='ocrx_word' id='word_1_560' title='bbox 3333 3515 3442 3567; x_wconf 83' lang='lat' dir='ltr'><strong>im-</strong></span> 
     </span>
    </p>
   </div>
   <div class='ocr_carea' id='block_1_76' title="bbox 1849 3606 3436 3679">
    <p class='ocr_par' dir='ltr' id='par_1_76' title="bbox 1849 3606 3436 3679">
     <span class='ocr_line' id='line_1_76' title="bbox 1849 3606 3436 3679; baseline -0.004 -16"><span class='ocrx_word' id='word_1_561' title='bbox 1849 3610 2142 3678; x_wconf 88' lang='lat' dir='ltr'><strong>pudenter.</strong></span> <span class='ocrx_word' id='word_1_562' title='bbox 2171 3609 2362 3679; x_wconf 89' lang='lat' dir='ltr'><strong>Neque</strong></span> <span class='ocrx_word' id='word_1_563' title='bbox 2383 3609 2525 3664; x_wconf 88' lang='lat' dir='ltr'><strong>enim</strong></span> <span class='ocrx_word' id='word_1_564' title='bbox 2551 3609 2938 3678; x_wconf 87' lang='lat' dir='ltr'><strong>distinguenda</strong></span> <span class='ocrx_word' id='word_1_565' title='bbox 2965 3623 3084 3662; x_wconf 87' lang='lat' dir='ltr'><strong>esse</strong></span> <span class='ocrx_word' id='word_1_566' title='bbox 3103 3609 3220 3660; x_wconf 78' lang='lat' dir='ltr'><strong>lizi-c</strong></span> <span class='ocrx_word' id='word_1_567' title='bbox 3243 3606 3436 3660; x_wconf 91' lang='lat' dir='ltr'><strong>dicunt</strong></span> 
     </span>
    </p>
   </div>
   <div class='ocr_carea' id='block_1_77' title="bbox 1851 3694 3446 3766">
    <p class='ocr_par' dir='ltr' id='par_1_77' title="bbox 1851 3694 3446 3766">
     <span class='ocr_line' id='line_1_77' title="bbox 1851 3694 3446 3766; baseline -0.003 -14"><span class='ocrx_word' id='word_1_568' title='bbox 1851 3699 1930 3753; x_wconf 84' lang='lat' dir='ltr'><strong>illi</strong></span> <span class='ocrx_word' id='word_1_569' title='bbox 1970 3717 2001 3755; x_wconf 83' lang='lat' dir='ltr'><strong>a</strong></span> <span class='ocrx_word' id='word_1_570' title='bbox 2035 3715 2092 3754; x_wconf 88' lang='lat' dir='ltr'><strong>se</strong></span> <span class='ocrx_word' id='word_1_571' title='bbox 2119 3699 2360 3756; x_wconf 83' lang='lat' dir='ltr'><strong>invicem</strong></span> <span class='ocrx_word' id='word_1_572' title='bbox 2387 3739 2402 3763; x_wconf 89' lang='lat'><strong>,</strong></span> <span class='ocrx_word' id='word_1_573' title='bbox 2457 3713 2528 3752; x_wconf 84' lang='lat' dir='ltr'><strong>ne</strong></span> <span class='ocrx_word' id='word_1_574' title='bbox 2579 3697 2944 3766; x_wconf 85' lang='lat' dir='ltr'><strong>compositum</strong></span> <span class='ocrx_word' id='word_1_575' title='bbox 2979 3697 3250 3766; x_wconf 76' lang='lat' dir='ltr'><strong>cogitetur</strong></span> <span class='ocrx_word' id='word_1_576' title='bbox 3285 3694 3446 3762; x_wconf 77' lang='lat' dir='ltr'><strong>quod.</strong></span> 
     </span>
    </p>
   </div>
   <div class='ocr_carea' id='block_1_78' title="bbox 211 3787 3434 3865">
    <p class='ocr_par' dir='ltr' id='par_1_78' title="bbox 211 3787 3434 3865">
     <span class='ocr_line' id='line_1_78' title="bbox 211 3787 3434 3865; baseline -0.001 -24"><span class='ocrx_word' id='word_1_577' title='bbox 211 3805 392 3846; x_wconf 85' lang='lat' dir='ltr'><strong>omnem</strong></span> <span class='ocrx_word' id='word_1_578' title='bbox 455 3795 866 3865; x_wconf 84' lang='lat' dir='ltr'><strong>simplicitatem</strong></span> <span class='ocrx_word' id='word_1_579' title='bbox 910 3805 1174 3865; x_wconf 87' lang='lat' dir='ltr'><strong>superat,</strong></span> <span class='ocrx_word' id='word_1_580' title='bbox 1215 3812 1354 3852; x_wconf 83' lang='lat' dir='ltr'><strong>neve</strong></span> <span class='ocrx_word' id='word_1_581' title='bbox 1395 3809 1638 3864; x_wconf 86' lang='lat' dir='ltr'><strong>unquam</strong></span> <span class='ocrx_word' id='word_1_582' title='bbox 1676 3793 1750 3850; x_wconf 88' lang='lat' dir='ltr'><strong>sit</strong></span> <span class='ocrx_word' id='word_1_583' title='bbox 1797 3808 1977 3864; x_wconf 84' lang='lat' dir='ltr'><strong>neque</strong></span> <span class='ocrx_word' id='word_1_584' title='bbox 2041 3792 2280 3848; x_wconf 85' lang='lat' dir='ltr'><strong>essentia</strong></span> <span class='ocrx_word' id='word_1_585' title='bbox 2345 3791 2618 3858; x_wconf 76' lang='lat' dir='ltr'><strong>inellicax,</strong></span> <span class='ocrx_word' id='word_1_586' title='bbox 2651 3805 2830 3860; x_wconf 88' lang='lat' dir='ltr'><strong>neque</strong></span> <span class='ocrx_word' id='word_1_587' title='bbox 2860 3787 3150 3846; x_wconf 85' lang='lat' dir='ltr'><strong>cilicientia</strong></span> <span class='ocrx_word' id='word_1_588' title='bbox 3189 3787 3434 3840; x_wconf 87' lang='lat' dir='ltr'><strong>inessen-</strong></span> 
     </span>
    </p>
   </div>
   <div class='ocr_carea' id='block_1_79' title="bbox 211 3885 344 3940">
    <p class='ocr_par' dir='ltr' id='par_1_79' title="bbox 211 3885 344 3940">
     <span class='ocr_line' id='line_1_79' title="bbox 211 3885 344 3940; baseline 0.045 -6"><span class='ocrx_word' id='word_1_589' title='bbox 211 3885 344 3940; x_wconf 82' lang='lat' dir='ltr'><strong>tiaiis.</strong></span> 
     </span>
    </p>
   </div>
   <div class='ocr_carea' id='block_1_80' title="bbox 265 3979 1743 4056">
    <p class='ocr_par' dir='ltr' id='par_1_80' title="bbox 265 3979 1743 4056">
     <span class='ocr_line' id='line_1_80' title="bbox 265 3979 1743 4056; baseline -0.001 -24"><span class='ocrx_word' id='word_1_590' title='bbox 265 3980 335 4034; x_wconf 78' lang='lat' dir='ltr'><strong>K&#39;.</strong></span> <span class='ocrx_word' id='word_1_591' title='bbox 369 3983 511 4052; x_wconf 65' lang='grc' dir='ltr'>Πρὸς</span> <span class='ocrx_word' id='word_1_592' title='bbox 541 3985 715 4037; x_wconf 76' lang='grc' dir='ltr'>ταῦτα</span> <span class='ocrx_word' id='word_1_593' title='bbox 739 3989 768 4040; x_wconf 79' lang='grc' dir='ltr'>ὁ</span> <span class='ocrx_word' id='word_1_594' title='bbox 799 3985 1060 4056; x_wconf 77' lang='grc' dir='ltr'>[Ιαλαμᾶς</span> <span class='ocrx_word' id='word_1_595' title='bbox 1091 3983 1390 4050; x_wconf 79' lang='grc' dir='ltr'>ἀντιλέγων</span> <span class='ocrx_word' id='word_1_596' title='bbox 1421 3981 1608 4034; x_wconf 82' lang='grc' dir='ltr'>κοινὸν</span> <span class='ocrx_word' id='word_1_597' title='bbox 1641 3979 1743 4050; x_wconf 76' lang='grc' dir='ltr'><strong>μὲν</strong></span> 
     </span>
    </p>
   </div>
   <div class='ocr_carea' id='block_1_81' title="bbox 211 4069 1744 4148">
    <p class='ocr_par' dir='ltr' id='par_1_81' title="bbox 211 4069 1744 4148">
     <span class='ocr_line' id='line_1_81' title="bbox 211 4069 1744 4148; baseline 0.004 -28"><span class='ocrx_word' id='word_1_598' title='bbox 211 4069 380 4140; x_wconf 67' lang='grc' dir='ltr'>ἑςησεν</span> <span class='ocrx_word' id='word_1_599' title='bbox 421 4071 560 4129; x_wconf 71' lang='grc' dir='ltr'>εἶναι</span> <span class='ocrx_word' id='word_1_600' title='bbox 615 4079 792 4148; x_wconf 73' lang='grc' dir='ltr'>δόγμα</span> <span class='ocrx_word' id='word_1_601' title='bbox 842 4078 950 4129; x_wconf 84' lang='grc' dir='ltr'><strong>τῶν</strong></span> <span class='ocrx_word' id='word_1_602' title='bbox 996 4095 1054 4129; x_wconf 83' lang='grc' dir='ltr'><strong>τε</strong></span> <span class='ocrx_word' id='word_1_603' title='bbox 1109 4077 1305 4142; x_wconf 69' lang='grc' dir='ltr'>ἔξωθεν</span> <span class='ocrx_word' id='word_1_604' title='bbox 1341 4075 1436 4128; x_wconf 70' lang='grc' dir='ltr'><strong>καὶ</strong></span> <span class='ocrx_word' id='word_1_605' title='bbox 1473 4075 1581 4127; x_wconf 89' lang='grc' dir='ltr'><strong>τῶν</strong></span> <span class='ocrx_word' id='word_1_606' title='bbox 1621 4073 1744 4126; x_wconf 79' lang='grc' dir='ltr'>καθ’</span> 
     </span>
    </p>
   </div>
   <div class='ocr_carea' id='block_1_82' title="bbox 1913 3974 3434 4042">
    <p class='ocr_par' dir='ltr' id='par_1_82' title="bbox 1913 3974 3434 4042">
     <span class='ocr_line' id='line_1_82' title="bbox 1913 3974 3434 4042; baseline -0.001 -13"><span class='ocrx_word' id='word_1_607' title='bbox 1913 3975 2033 4029; x_wconf 76' lang='lat' dir='ltr'><strong>XX.</strong></span> <span class='ocrx_word' id='word_1_608' title='bbox 2069 3975 2148 4029; x_wconf 74' lang='lat' dir='ltr'><strong>Ad</strong></span> <span class='ocrx_word' id='word_1_609' title='bbox 2179 3977 2292 4030; x_wconf 65' lang='lat' dir='ltr'><strong>haec</strong></span> <span class='ocrx_word' id='word_1_610' title='bbox 2317 3975 2564 4030; x_wconf 84' lang='lat' dir='ltr'><strong>Palamas</strong></span> <span class='ocrx_word' id='word_1_611' title='bbox 2604 3974 2968 4042; x_wconf 81' lang='lat' dir='ltr'><strong>respondens,</strong></span> <span class='ocrx_word' id='word_1_612' title='bbox 2987 3985 3277 4026; x_wconf 87' lang='lat' dir='ltr'><strong>commune</strong></span> <span class='ocrx_word' id='word_1_613' title='bbox 3309 3986 3434 4028; x_wconf 84' lang='lat' dir='ltr'><strong>esse</strong></span> 
     </span>
    </p>
   </div>
   <div class='ocr_carea' id='block_1_83' title="bbox 1843 4067 3428 4138">
    <p class='ocr_par' dir='ltr' id='par_1_83' title="bbox 1843 4067 3428 4138">
     <span class='ocr_line' id='line_1_83' title="bbox 1843 4067 3428 4138; baseline -0.003 -15"><span class='ocrx_word' id='word_1_614' title='bbox 1843 4070 1978 4124; x_wconf 67' lang='lat' dir='ltr'><strong>dixit</strong></span> <span class='ocrx_word' id='word_1_615' title='bbox 2019 4069 2122 4122; x_wconf 87' lang='lat' dir='ltr'><strong>hoc</strong></span> <span class='ocrx_word' id='word_1_616' title='bbox 2176 4067 2374 4138; x_wconf 80' lang='lat' dir='ltr'><strong>dogma</strong></span> <span class='ocrx_word' id='word_1_617' title='bbox 2436 4077 2783 4122; x_wconf 81' lang='lat' dir='ltr'><strong>externorum</strong></span> <span class='ocrx_word' id='word_1_618' title='bbox 2811 4067 2969 4136; x_wconf 81' lang='lat'><strong>311</strong></span> <span class='ocrx_word' id='word_1_619' title='bbox 3004 4077 3060 4120; x_wconf 85' lang='lat' dir='ltr'><strong>et</strong></span> <span class='ocrx_word' id='word_1_620' title='bbox 3111 4075 3428 4120; x_wconf 90' lang='lat' dir='ltr'><strong>nostrorum</strong></span> 
     </span>
    </p>
   </div>
   <div class='ocr_carea' id='block_1_84' title="bbox 211 4155 1749 4234">
    <p class='ocr_par' dir='ltr' id='par_1_84' title="bbox 211 4161 1748 4234">
     <span class='ocr_line' id='line_1_84' title="bbox 211 4161 1748 4234; baseline -0.024 11"><span class='ocrx_word' id='word_1_621' title='bbox 211 4161 330 4226; x_wconf 52' lang='grc' dir='ltr'><strong>ἡμᾶς</strong></span> <span class='ocrx_word' id='word_1_622' title='bbox 363 4167 670 4233; x_wconf 57' lang='grc' dir='ltr'><strong>φθοσδῖνων</strong></span> <span class='ocrx_word' id='word_1_623' title='bbox 701 4169 877 4233; x_wconf 67' lang='grc' dir='ltr'><strong>τουτὶ,</strong></span> <span class='ocrx_word' id='word_1_624' title='bbox 929 4169 1025 4219; x_wconf 72' lang='grc' dir='ltr'>καὶ</span> <span class='ocrx_word' id='word_1_625' title='bbox 1056 4168 1156 4220; x_wconf 82' lang='grc' dir='ltr'><strong>οὐκ</strong></span> <span class='ocrx_word' id='word_1_626' title='bbox 1199 4167 1484 4233; x_wconf 78' lang='grc' dir='ltr'>ἀντιλέγω·</span> <span class='ocrx_word' id='word_1_627' title='bbox 1511 4163 1649 4234; x_wconf 79' lang='grc' dir='ltr'>πλὴν</span> <span class='ocrx_word' id='word_1_628' title='bbox 1679 4163 1748 4216; x_wconf 70' lang='grc' dir='ltr'><strong>τὰ</strong></span> 
     </span>
    </p>
   </div>
   <div class='ocr_carea' id='block_1_85' title="bbox 1857 4155 3430 4234">
    <p class='ocr_par' dir='ltr' id='par_1_85' title="bbox 1857 4155 3430 4230">
     <span class='ocr_line' id='line_1_85' title="bbox 1857 4155 3430 4230; baseline -0.001 -18"><span class='ocrx_word' id='word_1_629' title='bbox 1857 4160 2320 4230; x_wconf 70' lang='lat' dir='ltr'><strong>philosophorum,</strong></span> <span class='ocrx_word' id='word_1_630' title='bbox 2381 4173 2560 4228; x_wconf 85' lang='lat' dir='ltr'><strong>neque</strong></span> <span class='ocrx_word' id='word_1_631' title='bbox 2621 4171 2722 4227; x_wconf 79' lang='lat' dir='ltr'><strong>ego</strong></span> <span class='ocrx_word' id='word_1_632' title='bbox 2771 4156 2952 4212; x_wconf 87' lang='lat' dir='ltr'><strong>eidem</strong></span> <span class='ocrx_word' id='word_1_633' title='bbox 2987 4169 3276 4226; x_wconf 84' lang='lat' dir='ltr'><strong>repugno:</strong></span> <span class='ocrx_word' id='word_1_634' title='bbox 3331 4155 3430 4210; x_wconf 85' lang='lat' dir='ltr'><strong>sed</strong></span> 
     </span>
    </p>
   </div>
   <div class='ocr_carea' id='block_1_86' title="bbox 205 4249 1741 4326">
    <p class='ocr_par' dir='ltr' id='par_1_86' title="bbox 205 4249 1741 4326">
     <span class='ocr_line' id='line_1_86' title="bbox 205 4249 1741 4326; baseline 0.007 -29"><span class='ocrx_word' id='word_1_635' title='bbox 205 4249 278 4300; x_wconf 61' lang='grc' dir='ltr'><strong>τὸν</strong></span> <span class='ocrx_word' id='word_1_636' title='bbox 301 4255 449 4306; x_wconf 69' lang='grc' dir='ltr'>αὑτὸν</span> <span class='ocrx_word' id='word_1_637' title='bbox 497 4257 862 4326; x_wconf 68' lang='grc' dir='ltr'>ἐπιδεχόμενοι</span> <span class='ocrx_word' id='word_1_638' title='bbox 921 4258 1081 4325; x_wconf 87' lang='grc' dir='ltr'>λόγον</span> <span class='ocrx_word' id='word_1_639' title='bbox 1129 4257 1223 4309; x_wconf 79' lang='grc' dir='ltr'>δύο</span> <span class='ocrx_word' id='word_1_640' title='bbox 1253 4259 1370 4310; x_wconf 76' lang='grc' dir='ltr'>ἐστὶ</span> <span class='ocrx_word' id='word_1_641' title='bbox 1415 4259 1509 4309; x_wconf 70' lang='grc' dir='ltr'><strong>καὶ</strong></span> <span class='ocrx_word' id='word_1_642' title='bbox 1540 4257 1640 4324; x_wconf 78' lang='grc' dir='ltr'>οὐχ</span> <span class='ocrx_word' id='word_1_643' title='bbox 1662 4253 1741 4306; x_wconf 76' lang='grc' dir='ltr'>ἐν.</span> 
     </span>
    </p>
   </div>
   <div class='ocr_carea' id='block_1_87' title="bbox 207 4339 1745 4418">
    <p class='ocr_par' dir='ltr' id='par_1_87' title="bbox 207 4339 1745 4418">
     <span class='ocr_line' id='line_1_87' title="bbox 207 4339 1745 4418; baseline 0.005 -27"><span class='ocrx_word' id='word_1_644' title='bbox 207 4339 296 4393; x_wconf 73' lang='grc' dir='ltr'>Καὶ</span> <span class='ocrx_word' id='word_1_645' title='bbox 345 4349 389 4397; x_wconf 87' lang='grc' dir='ltr'>εἱ</span> <span class='ocrx_word' id='word_1_646' title='bbox 439 4347 554 4408; x_wconf 75' lang='grc' dir='ltr'>δύο,</span> <span class='ocrx_word' id='word_1_647' title='bbox 599 4347 717 4410; x_wconf 81' lang='grc' dir='ltr'>πῶς</span> <span class='ocrx_word' id='word_1_648' title='bbox 765 4351 934 4418; x_wconf 76' lang='grc' dir='ltr'>χωρίς</span> <span class='ocrx_word' id='word_1_649' title='bbox 988 4348 1308 4418; x_wconf 74' lang='grc' dir='ltr'>ἡστινοσοῦν</span> <span class='ocrx_word' id='word_1_650' title='bbox 1361 4347 1494 4416; x_wconf 83' lang='grc' dir='ltr'>πρὸς</span> <span class='ocrx_word' id='word_1_651' title='bbox 1539 4345 1745 4414; x_wconf 82' lang='grc' dir='ltr'>ἄλληλα</span> 
     </span>
    </p>
   </div>
   <div class='ocr_carea' id='block_1_88' title="bbox 207 4429 1743 4516">
    <p class='ocr_par' dir='ltr' id='par_1_88' title="bbox 207 4429 1743 4516">
     <span class='ocr_line' id='line_1_88' title="bbox 207 4429 1743 4516; baseline 0.005 -34"><span class='ocrx_word' id='word_1_652' title='bbox 207 4429 475 4505; x_wconf 63' lang='grc' dir='ltr'>διαφορᾶςς</span> <span class='ocrx_word' id='word_1_653' title='bbox 531 4439 722 4491; x_wconf 75' lang='grc' dir='ltr'>’Ἔστιν</span> <span class='ocrx_word' id='word_1_654' title='bbox 771 4440 876 4516; x_wconf 75' lang='grc' dir='ltr'><strong>οὖν⁴</strong></span> <span class='ocrx_word' id='word_1_655' title='bbox 915 4441 948 4510; x_wconf 79' lang='grc' dir='ltr'>ὴ</span> <span class='ocrx_word' id='word_1_656' title='bbox 1005 4441 1104 4508; x_wconf 85' lang='grc' dir='ltr'><strong>μὲν</strong></span> <span class='ocrx_word' id='word_1_657' title='bbox 1148 4440 1412 4508; x_wconf 70' lang='grc' dir='ltr'>ταυτότης</span> <span class='ocrx_word' id='word_1_658' title='bbox 1457 4439 1550 4490; x_wconf 74' lang='grc' dir='ltr'><strong>τοῦ</strong></span> <span class='ocrx_word' id='word_1_659' title='bbox 1584 4439 1743 4505; x_wconf 77' lang='grc' dir='ltr'><strong>λόγου</strong></span> 
     </span>
    </p>
   </div>
   <div class='ocr_carea' id='block_1_89' title="bbox 1847 4247 3430 4322">
    <p class='ocr_par' dir='ltr' id='par_1_89' title="bbox 1847 4247 3430 4322">
     <span class='ocr_line' id='line_1_89' title="bbox 1847 4247 3430 4322; baseline -0.002 -16"><span class='ocrx_word' id='word_1_660' title='bbox 1847 4269 1968 4322; x_wconf 83' lang='lat' dir='ltr'><strong>quae</strong></span> <span class='ocrx_word' id='word_1_661' title='bbox 1999 4253 2253 4307; x_wconf 84' lang='lat' dir='ltr'><strong>eamdem</strong></span> <span class='ocrx_word' id='word_1_662' title='bbox 2287 4251 2560 4306; x_wconf 87' lang='lat' dir='ltr'><strong>rationem</strong></span> <span class='ocrx_word' id='word_1_663' title='bbox 2609 4250 2888 4320; x_wconf 90' lang='lat' dir='ltr'><strong>accipiunt</strong></span> <span class='ocrx_word' id='word_1_664' title='bbox 2944 4247 3054 4305; x_wconf 91' lang='lat' dir='ltr'><strong>duo</strong></span> <span class='ocrx_word' id='word_1_665' title='bbox 3095 4250 3206 4303; x_wconf 88' lang='lat' dir='ltr'><strong>sint</strong></span> <span class='ocrx_word' id='word_1_666' title='bbox 3249 4263 3430 4318; x_wconf 87' lang='lat' dir='ltr'><strong>neque</strong></span> 
     </span>
    </p>
   </div>
   <div class='ocr_carea' id='block_1_90' title="bbox 1849 4343 3432 4414">
    <p class='ocr_par' dir='ltr' id='par_1_90' title="bbox 1849 4343 3432 4414">
     <span class='ocr_line' id='line_1_90' title="bbox 1849 4343 3432 4414; baseline -0.001 -17"><span class='ocrx_word' id='word_1_667' title='bbox 1849 4361 1984 4399; x_wconf 84' lang='lat' dir='ltr'><strong>vero</strong></span> <span class='ocrx_word' id='word_1_668' title='bbox 2015 4361 2220 4411; x_wconf 77' lang='lat' dir='ltr'><strong>mium;</strong></span> <span class='ocrx_word' id='word_1_669' title='bbox 2261 4361 2326 4400; x_wconf 89' lang='lat' dir='ltr'><strong>ac</strong></span> <span class='ocrx_word' id='word_1_670' title='bbox 2358 4344 2403 4400; x_wconf 89' lang='lat' dir='ltr'><strong>si</strong></span> <span class='ocrx_word' id='word_1_671' title='bbox 2441 4344 2552 4398; x_wconf 91' lang='lat' dir='ltr'><strong>duo</strong></span> <span class='ocrx_word' id='word_1_672' title='bbox 2576 4384 2592 4409; x_wconf 90' lang='lat'><strong><em>,</em></strong></span> <span class='ocrx_word' id='word_1_673' title='bbox 2639 4343 2918 4414; x_wconf 87' lang='lat' dir='ltr'><strong>quomodo</strong></span> <span class='ocrx_word' id='word_1_674' title='bbox 2957 4351 3164 4397; x_wconf 90' lang='lat' dir='ltr'><strong>remota</strong></span> <span class='ocrx_word' id='word_1_675' title='bbox 3216 4351 3344 4396; x_wconf 88' lang='lat' dir='ltr'><strong>sunt</strong></span> <span class='ocrx_word' id='word_1_676' title='bbox 3399 4361 3432 4396; x_wconf 87' lang='lat' dir='ltr'><strong>a</strong></span> 
     </span>
    </p>
   </div>
   <div class='ocr_carea' id='block_1_91' title="bbox 1852 4433 3430 4506">
    <p class='ocr_par' dir='ltr' id='par_1_91' title="bbox 1852 4433 3430 4506">
     <span class='ocr_line' id='line_1_91' title="bbox 1852 4433 3430 4506; baseline -0.004 -16"><span class='ocrx_word' id='word_1_677' title='bbox 1852 4437 2229 4506; x_wconf 81' lang='lat' dir='ltr'><strong>qualicunque</strong></span> <span class='ocrx_word' id='word_1_678' title='bbox 2283 4435 2598 4490; x_wconf 72' lang='lat' dir='ltr'><strong>differentia</strong></span> <span class='ocrx_word' id='word_1_679' title='bbox 2637 4435 2783 4490; x_wconf 87' lang='lat' dir='ltr'><strong>inter</strong></span> <span class='ocrx_word' id='word_1_680' title='bbox 2828 4435 2932 4488; x_wconf 89' lang='lat' dir='ltr'><strong>se?</strong></span> <span class='ocrx_word' id='word_1_681' title='bbox 2969 4433 3236 4488; x_wconf 79' lang='lat' dir='ltr'><strong>identilas</strong></span> <span class='ocrx_word' id='word_1_682' title='bbox 3267 4433 3430 4500; x_wconf 84' lang='lat' dir='ltr'><strong>igitur</strong></span> 
     </span>
    </p>
   </div>
   <div class='ocr_carea' id='block_1_92' title="bbox 205 4511 1749 4601">
    <p class='ocr_par' dir='ltr' id='par_1_92' title="bbox 205 4529 1742 4601">
     <span class='ocr_line' id='line_1_92' title="bbox 205 4529 1742 4601; baseline -0.001 -19"><span class='ocrx_word' id='word_1_683' title='bbox 205 4531 322 4582; x_wconf 60' lang='grc' dir='ltr'>γετὰ</span> <span class='ocrx_word' id='word_1_684' title='bbox 353 4531 411 4582; x_wconf 74' lang='grc' dir='ltr'>τὸ</span> <span class='ocrx_word' id='word_1_685' title='bbox 461 4529 600 4584; x_wconf 73' lang='grc' dir='ltr'>εἶναι</span> <span class='ocrx_word' id='word_1_686' title='bbox 648 4533 838 4600; x_wconf 65' lang='grc' dir='ltr'>ἄμφω,</span> <span class='ocrx_word' id='word_1_687' title='bbox 877 4533 976 4601; x_wconf 81' lang='grc' dir='ltr'><strong>τήν</strong></span> <span class='ocrx_word' id='word_1_688' title='bbox 1010 4550 1064 4584; x_wconf 85' lang='grc' dir='ltr'><strong>τε</strong></span> <span class='ocrx_word' id='word_1_689' title='bbox 1117 4532 1306 4583; x_wconf 75' lang='grc' dir='ltr'>οὐσίαν</span> <span class='ocrx_word' id='word_1_690' title='bbox 1337 4531 1432 4583; x_wconf 72' lang='grc' dir='ltr'><strong>καὶ</strong></span> <span class='ocrx_word' id='word_1_691' title='bbox 1461 4529 1558 4600; x_wconf 81' lang='grc' dir='ltr'>τὴν</span> <span class='ocrx_word' id='word_1_692' title='bbox 1589 4530 1742 4600; x_wconf 79' lang='grc' dir='ltr'>ἐνέρ-</span> 
     </span>
    </p>
   </div>
   <div class='ocr_carea' id='block_1_93' title="bbox 1857 4511 3430 4601">
    <p class='ocr_par' dir='ltr' id='par_1_93' title="bbox 1857 4523 3430 4593">
     <span class='ocr_line' id='line_1_93' title="bbox 1857 4523 3430 4593; baseline -0.006 -9"><span class='ocrx_word' id='word_1_693' title='bbox 1857 4529 2080 4584; x_wconf 87' lang='lat' dir='ltr'><strong>rationis</strong></span> <span class='ocrx_word' id='word_1_694' title='bbox 2127 4528 2184 4581; x_wconf 93' lang='lat' dir='ltr'><strong>in</strong></span> <span class='ocrx_word' id='word_1_695' title='bbox 2243 4543 2310 4582; x_wconf 90' lang='lat' dir='ltr'><strong>eo</strong></span> <span class='ocrx_word' id='word_1_696' title='bbox 2377 4528 2479 4581; x_wconf 87' lang='lat' dir='ltr'><strong>sita</strong></span> <span class='ocrx_word' id='word_1_697' title='bbox 2511 4535 2636 4592; x_wconf 82' lang='lat' dir='ltr'><strong>est,</strong></span> <span class='ocrx_word' id='word_1_698' title='bbox 2667 4525 2816 4593; x_wconf 88' lang='lat' dir='ltr'><strong>quod</strong></span> <span class='ocrx_word' id='word_1_699' title='bbox 2860 4524 3056 4586; x_wconf 88' lang='lat' dir='ltr'><strong>ambo,</strong></span> <span class='ocrx_word' id='word_1_700' title='bbox 3107 4531 3164 4578; x_wconf 89' lang='lat' dir='ltr'><strong>et</strong></span> <span class='ocrx_word' id='word_1_701' title='bbox 3193 4523 3430 4576; x_wconf 86' lang='lat' dir='ltr'><strong>essentia</strong></span> 
     </span>
    </p>
   </div>
   <div class='ocr_carea' id='block_1_94' title="bbox 623 4623 770 4650">
    <p class='ocr_par' dir='ltr' id='par_1_94' title="bbox 623 4623 770 4650">
     <span class='ocr_line' id='line_1_94' title="bbox 623 4623 770 4650; baseline 0 0"><span class='ocrx_word' id='word_1_702' title='bbox 623 4623 770 4650; x_wconf 51' lang='lat'><strong>.42</strong></span> 
     </span>
    </p>
   </div>
   <div class='ocr_carea' id='block_1_95' title="bbox 201 4617 1746 4692">
    <p class='ocr_par' dir='ltr' id='par_1_95' title="bbox 201 4617 1746 4692">
     <span class='ocr_line' id='line_1_95' title="bbox 201 4617 1746 4692; baseline 0.003 -26"><span class='ocrx_word' id='word_1_703' title='bbox 201 4629 350 4682; x_wconf 74' lang='grc' dir='ltr'>γειαν,</span> <span class='ocrx_word' id='word_1_704' title='bbox 385 4621 636 4674; x_wconf 76' lang='grc' dir='ltr'>ἅκτιστα·</span> <span class='ocrx_word' id='word_1_705' title='bbox 679 4625 712 4692; x_wconf 89' lang='grc' dir='ltr'><strong>ή</strong></span> <span class='ocrx_word' id='word_1_706' title='bbox 744 4623 800 4674; x_wconf 79' lang='grc' dir='ltr'>δὲ</span> <span class='ocrx_word' id='word_1_707' title='bbox 849 4622 1082 4689; x_wconf 73' lang='grc' dir='ltr'>διαφορὰ</span> <span class='ocrx_word' id='word_1_708' title='bbox 1125 4621 1184 4673; x_wconf 77' lang='grc' dir='ltr'><strong>τὸ</strong></span> <span class='ocrx_word' id='word_1_709' title='bbox 1218 4621 1318 4691; x_wconf 82' lang='grc' dir='ltr'><strong>μὲν</strong></span> <span class='ocrx_word' id='word_1_710' title='bbox 1361 4619 1576 4686; x_wconf 72' lang='grc' dir='ltr'>οὐσίαν,</span> <span class='ocrx_word' id='word_1_711' title='bbox 1609 4619 1670 4671; x_wconf 72' lang='grc' dir='ltr'><strong>τὸ</strong></span> <span class='ocrx_word' id='word_1_712' title='bbox 1700 4617 1746 4671; x_wconf 79' lang='grc' dir='ltr'>δ’</span> 
     </span>
    </p>
   </div>
   <div class='ocr_carea' id='block_1_96' title="bbox 197 4707 1143 4785">
    <p class='ocr_par' dir='ltr' id='par_1_96' title="bbox 197 4707 1143 4785">
     <span class='ocr_line' id='line_1_96' title="bbox 197 4707 1143 4785; baseline 0.007 -25"><span class='ocrx_word' id='word_1_713' title='bbox 197 4707 442 4776; x_wconf 79' lang='grc' dir='ltr'>ἀνούσιον,</span> <span class='ocrx_word' id='word_1_714' title='bbox 471 4731 570 4785; x_wconf 86' lang='grc' dir='ltr'><strong>την</strong></span> <span class='ocrx_word' id='word_1_715' title='bbox 601 4715 886 4785; x_wconf 78' lang='grc' dir='ltr'>ἐνέργειαν</span> <span class='ocrx_word' id='word_1_716' title='bbox 916 4715 1143 4785; x_wconf 78' lang='grc' dir='ltr'>δηλαδή.</span> 
     </span>
    </p>
   </div>
   <div class='ocr_carea' id='block_1_97' title="bbox 255 4891 1748 4963">
    <p class='ocr_par' dir='ltr' id='par_1_97' title="bbox 255 4891 1748 4963">
     <span class='ocr_line' id='line_1_97' title="bbox 255 4891 1748 4963; baseline 0.003 -19"><span class='ocrx_word' id='word_1_717' title='bbox 255 4891 376 4945; x_wconf 62' lang='grc' dir='ltr'><strong>κεν.</strong></span> <span class='ocrx_word' id='word_1_718' title='bbox 421 4894 480 4945; x_wconf 85' lang='grc'><strong>’0</strong></span> <span class='ocrx_word' id='word_1_719' title='bbox 505 4894 560 4946; x_wconf 80' lang='grc' dir='ltr'>δὲ</span> <span class='ocrx_word' id='word_1_720' title='bbox 593 4895 898 4963; x_wconf 84' lang='grc' dir='ltr'>Γρηγορᾶς,</span> <span class='ocrx_word' id='word_1_721' title='bbox 931 4894 1056 4946; x_wconf 87' lang='grc' dir='ltr'>Ὅτι</span> <span class='ocrx_word' id='word_1_722' title='bbox 1083 4895 1200 4962; x_wconf 77' lang='grc' dir='ltr'>μὲν,</span> <span class='ocrx_word' id='word_1_723' title='bbox 1229 4893 1384 4962; x_wconf 79' lang='grc' dir='ltr'>φησὶ,</span> <span class='ocrx_word' id='word_1_724' title='bbox 1414 4894 1474 4946; x_wconf 87' lang='grc' dir='ltr'>τὸ</span> <span class='ocrx_word' id='word_1_725' title='bbox 1495 4893 1748 4948; x_wconf 82' lang='grc' dir='ltr'>ἀνούσιον</span> 
     </span>
    </p>
   </div>
   <div class='ocr_carea' id='block_1_98' title="bbox 186 4983 1748 5056">
    <p class='ocr_par' dir='ltr' id='par_1_98' title="bbox 186 4983 1748 5056">
     <span class='ocr_line' id='line_1_98' title="bbox 186 4983 1748 5056; baseline 0.003 -22"><span class='ocrx_word' id='word_1_726' title='bbox 186 4983 276 5037; x_wconf 72' lang='grc' dir='ltr'><strong>οὐκ</strong></span> <span class='ocrx_word' id='word_1_727' title='bbox 294 4985 368 5050; x_wconf 75' lang='grc' dir='ltr'>ὃν,</span> <span class='ocrx_word' id='word_1_728' title='bbox 403 4989 462 5040; x_wconf 64' lang='grc' dir='ltr'><strong>τ’,</strong></span> <span class='ocrx_word' id='word_1_729' title='bbox 493 4987 538 5038; x_wconf 76' lang='grc' dir='ltr'>δ’</span> <span class='ocrx_word' id='word_1_730' title='bbox 563 4988 662 5039; x_wconf 75' lang='grc' dir='ltr'>οὐκ</span> <span class='ocrx_word' id='word_1_731' title='bbox 685 4987 744 5040; x_wconf 82' lang='grc' dir='ltr'>ὂν</span> <span class='ocrx_word' id='word_1_732' title='bbox 773 4991 833 5039; x_wconf 63' lang='grc' dir='ltr'><strong>οὐ</strong></span> <span class='ocrx_word' id='word_1_733' title='bbox 877 4989 1032 5049; x_wconf 67' lang='grc' dir='ltr'>Θεὸς,</span> <span class='ocrx_word' id='word_1_734' title='bbox 1056 4987 1215 5054; x_wconf 77' lang='grc' dir='ltr'>δῆλον</span> <span class='ocrx_word' id='word_1_735' title='bbox 1247 4989 1358 5049; x_wconf 66' lang='lat' dir='ltr'><strong>cci;</strong></span> <span class='ocrx_word' id='word_1_736' title='bbox 1389 4987 1562 5039; x_wconf 77' lang='grc' dir='ltr'>ἅπασι</span> <span class='ocrx_word' id='word_1_737' title='bbox 1609 4987 1748 5056; x_wconf 81' lang='grc' dir='ltr'>πλὴν</span> 
     </span>
    </p>
   </div>
   <div class='ocr_carea' id='block_1_99' title="bbox 185 5075 1746 5147">
    <p class='ocr_par' dir='ltr' id='par_1_99' title="bbox 185 5075 1746 5147">
     <span class='ocr_line' id='line_1_99' title="bbox 185 5075 1746 5147; baseline 0.004 -22"><span class='ocrx_word' id='word_1_738' title='bbox 185 5075 288 5129; x_wconf 73' lang='grc' dir='ltr'><strong>σοῦ.</strong></span> <span class='ocrx_word' id='word_1_739' title='bbox 323 5079 446 5131; x_wconf 75' lang='grc' dir='ltr'>Ὀτι</span> <span class='ocrx_word' id='word_1_740' title='bbox 481 5079 526 5130; x_wconf 82' lang='grc' dir='ltr'>δ’</span> <span class='ocrx_word' id='word_1_741' title='bbox 560 5080 710 5132; x_wconf 75' lang='grc' dir='ltr'>οὐδὲν</span> <span class='ocrx_word' id='word_1_742' title='bbox 742 5080 822 5132; x_wconf 78' lang='grc' dir='ltr'>ἔτι</span> <span class='ocrx_word' id='word_1_743' title='bbox 857 5079 1089 5132; x_wconf 82' lang='grc' dir='ltr'>κωλύσει.</span> <span class='ocrx_word' id='word_1_744' title='bbox 1126 5080 1312 5131; x_wconf 70' lang='grc' dir='ltr'>λοιπὸν</span> <span class='ocrx_word' id='word_1_745' title='bbox 1343 5079 1746 5147; x_wconf 75' lang='grc' dir='ltr'>συμπεραίνειν</span> 
     </span>
    </p>
   </div>
   <div class='ocr_carea' id='block_1_100' title="bbox 179 5171 1748 5244">
    <p class='ocr_par' dir='ltr' id='par_1_100' title="bbox 179 5171 1748 5244">
     <span class='ocr_line' id='line_1_100' title="bbox 179 5171 1748 5244; baseline 0.005 -26"><span class='ocrx_word' id='word_1_746' title='bbox 179 5173 263 5221; x_wconf 75' lang='grc' dir='ltr'><strong>καὶ</strong></span> <span class='ocrx_word' id='word_1_747' title='bbox 302 5173 448 5240; x_wconf 73' lang='grc' dir='ltr'>ἡμᾶς</span> <span class='ocrx_word' id='word_1_748' title='bbox 497 5175 588 5223; x_wconf 75' lang='grc' dir='ltr'><strong>ἐπὶ</strong></span> <span class='ocrx_word' id='word_1_749' title='bbox 635 5173 734 5240; x_wconf 75' lang='grc' dir='ltr'>τῆς</span> <span class='ocrx_word' id='word_1_750' title='bbox 775 5173 1032 5225; x_wconf 72' lang='grc' dir='ltr'><strong>συνθέτου</strong></span> <span class='ocrx_word' id='word_1_751' title='bbox 1077 5174 1184 5244; x_wconf 78' lang='grc' dir='ltr'>ἄρα</span> <span class='ocrx_word' id='word_1_752' title='bbox 1222 5171 1438 5240; x_wconf 72' lang='grc' dir='ltr'>φύσεως</span> <span class='ocrx_word' id='word_1_753' title='bbox 1473 5172 1563 5224; x_wconf 78' lang='grc' dir='ltr'>τὸν</span> <span class='ocrx_word' id='word_1_754' title='bbox 1595 5175 1748 5226; x_wconf 58' lang='grc' dir='ltr'>ἀντι.</span> 
     </span>
    </p>
   </div>
   <div class='ocr_carea' id='block_1_101' title="bbox 173 5261 1744 5336">
    <p class='ocr_par' dir='ltr' id='par_1_101' title="bbox 173 5261 1744 5336">
     <span class='ocr_line' id='line_1_101' title="bbox 173 5261 1744 5336; baseline 0.004 -26"><span class='ocrx_word' id='word_1_755' title='bbox 173 5261 422 5332; x_wconf 47' lang='grc' dir='ltr'>κείμενον</span> <span class='ocrx_word' id='word_1_756' title='bbox 471 5264 724 5334; x_wconf 75' lang='grc' dir='ltr'>δέχεσθαι</span> <span class='ocrx_word' id='word_1_757' title='bbox 781 5265 938 5332; x_wconf 84' lang='grc' dir='ltr'>λόγον</span> <span class='ocrx_word' id='word_1_758' title='bbox 973 5265 1070 5334; x_wconf 85' lang='grc' dir='ltr'><strong>τὴν</strong></span> <span class='ocrx_word' id='word_1_759' title='bbox 1113 5265 1398 5334; x_wconf 84' lang='grc' dir='ltr'>ἐνέργειαν</span> <span class='ocrx_word' id='word_1_760' title='bbox 1444 5268 1508 5334; x_wconf 76' lang='grc' dir='ltr'><strong>τῇ</strong></span> <span class='ocrx_word' id='word_1_761' title='bbox 1565 5265 1744 5336; x_wconf 72' lang='grc' dir='ltr'>οὐσίᾳ,</span> 
     </span>
    </p>
   </div>
   <div class='ocr_carea' id='block_1_102' title="bbox 169 5351 1750 5426">
    <p class='ocr_par' dir='ltr' id='par_1_102' title="bbox 169 5351 1750 5426">
     <span class='ocr_line' id='line_1_102' title="bbox 169 5351 1750 5426; baseline 0.005 -24"><span class='ocrx_word' id='word_1_762' title='bbox 169 5355 260 5406; x_wconf 76' lang='grc' dir='ltr'><strong>καὶ</strong></span> <span class='ocrx_word' id='word_1_763' title='bbox 291 5351 436 5408; x_wconf 78' lang='grc' dir='ltr'>εἶναι</span> <span class='ocrx_word' id='word_1_764' title='bbox 471 5357 616 5408; x_wconf 79' lang='grc' dir='ltr'>δυοῖν</span> <span class='ocrx_word' id='word_1_765' title='bbox 669 5355 728 5420; x_wconf 80' lang='grc' dir='ltr'>ἐξ</span> <span class='ocrx_word' id='word_1_766' title='bbox 773 5357 1015 5426; x_wconf 70' lang='grc' dir='ltr'>ἀνάγκης</span> <span class='ocrx_word' id='word_1_767' title='bbox 1053 5358 1360 5426; x_wconf 81' lang='grc' dir='ltr'>Θὰτερον,ἢ</span> <span class='ocrx_word' id='word_1_768' title='bbox 1396 5359 1495 5426; x_wconf 83' lang='grc' dir='ltr'><strong>τὴν</strong></span> <span class='ocrx_word' id='word_1_769' title='bbox 1530 5359 1630 5424; x_wconf 83' lang='grc' dir='ltr'><strong>μὲν</strong></span> <span class='ocrx_word' id='word_1_770' title='bbox 1658 5361 1750 5410; x_wconf 77' lang='grc' dir='ltr'><strong>οὖ·-</strong></span> 
     </span>
    </p>
   </div>
   <div class='ocr_carea' id='block_1_103' title="bbox 163 5445 1745 5521">
    <p class='ocr_par' dir='ltr' id='par_1_103' title="bbox 163 5445 1745 5521">
     <span class='ocr_line' id='line_1_103' title="bbox 163 5445 1745 5521; baseline 0.004 -25"><span class='ocrx_word' id='word_1_771' title='bbox 163 5445 288 5499; x_wconf 79' lang='grc' dir='ltr'>σίαν</span> <span class='ocrx_word' id='word_1_772' title='bbox 337 5449 502 5517; x_wconf 75' lang='grc' dir='ltr'>ἡμῶν</span> <span class='ocrx_word' id='word_1_773' title='bbox 547 5449 824 5512; x_wconf 79' lang='grc' dir='ltr'>ἄκτιστον,</span> <span class='ocrx_word' id='word_1_774' title='bbox 859 5449 956 5520; x_wconf 81' lang='grc' dir='ltr'>τὴν</span> <span class='ocrx_word' id='word_1_775' title='bbox 1001 5449 1046 5502; x_wconf 87' lang='grc' dir='ltr'>δ’</span> <span class='ocrx_word' id='word_1_776' title='bbox 1103 5450 1383 5520; x_wconf 77' lang='grc' dir='ltr'>ἐνέργειαν</span> <span class='ocrx_word' id='word_1_777' title='bbox 1437 5451 1745 5521; x_wconf 77' lang='grc' dir='ltr'>κτιστὴν,ῆ</span> 
     </span>
    </p>
   </div>
   <div class='ocr_carea' id='block_1_104' title="bbox 156 5535 1751 5610">
    <p class='ocr_par' dir='ltr' id='par_1_104' title="bbox 156 5535 1751 5610">
     <span class='ocr_line' id='line_1_104' title="bbox 156 5535 1751 5610; baseline 0.004 -23"><span class='ocrx_word' id='word_1_778' title='bbox 156 5537 255 5606; x_wconf 80' lang='grc' dir='ltr'>τῆς</span> <span class='ocrx_word' id='word_1_779' title='bbox 297 5539 494 5600; x_wconf 74' lang='grc' dir='ltr'>οὐσίας</span> <span class='ocrx_word' id='word_1_780' title='bbox 523 5537 689 5608; x_wconf 71' lang='grc' dir='ltr'>οὔσης</span> <span class='ocrx_word' id='word_1_781' title='bbox 712 5540 936 5608; x_wconf 73' lang='grc' dir='ltr'>κτιστῆς</span> <span class='ocrx_word' id='word_1_782' title='bbox 969 5535 1104 5592; x_wconf 71' lang='grc' dir='ltr'>εἶναι</span> <span class='ocrx_word' id='word_1_783' title='bbox 1133 5543 1230 5610; x_wconf 75' lang='grc' dir='ltr'><strong>τὴν</strong></span> <span class='ocrx_word' id='word_1_784' title='bbox 1277 5542 1556 5610; x_wconf 77' lang='grc' dir='ltr'>ἐνέργειαν</span> <span class='ocrx_word' id='word_1_785' title='bbox 1597 5543 1751 5596; x_wconf 82' lang='grc' dir='ltr'>ἄκτι-</span> 
     </span>
    </p>
   </div>
   <div class='ocr_carea' id='block_1_105' title="bbox 155 5629 1747 5700">
    <p class='ocr_par' dir='ltr' id='par_1_105' title="bbox 155 5629 1747 5700">
     <span class='ocr_line' id='line_1_105' title="bbox 155 5629 1747 5700; baseline 0.001 -20"><span class='ocrx_word' id='word_1_786' title='bbox 155 5645 310 5696; x_wconf 84' lang='grc' dir='ltr'>στον,</span> <span class='ocrx_word' id='word_1_787' title='bbox 345 5629 513 5696; x_wconf 85' lang='grc' dir='ltr'>δῆλον</span> <span class='ocrx_word' id='word_1_788' title='bbox 555 5633 650 5684; x_wconf 82' lang='grc' dir='ltr'>καὶ</span> <span class='ocrx_word' id='word_1_789' title='bbox 697 5631 860 5684; x_wconf 77' lang='grc' dir='ltr'>τοῦτο</span> <span class='ocrx_word' id='word_1_790' title='bbox 897 5631 1055 5684; x_wconf 77' lang='grc' dir='ltr'>παντί</span> <span class='ocrx_word' id='word_1_791' title='bbox 1090 5649 1188 5684; x_wconf 82' lang='grc' dir='ltr'><strong>που</strong></span> <span class='ocrx_word' id='word_1_792' title='bbox 1233 5631 1302 5685; x_wconf 70' lang='grc' dir='ltr'>τὰ</span> <span class='ocrx_word' id='word_1_793' title='bbox 1357 5631 1590 5700; x_wconf 76' lang='grc' dir='ltr'>μάλιστα</span> <span class='ocrx_word' id='word_1_794' title='bbox 1616 5649 1628 5662; x_wconf 93' lang='grc'><strong>·</strong></span> <span class='ocrx_word' id='word_1_795' title='bbox 1675 5634 1747 5696; x_wconf 76' lang='grc' dir='ltr'>ὡς</span> 
     </span>
    </p>
   </div>
   <div class='ocr_carea' id='block_1_106' title="bbox 153 5721 1744 5796">
    <p class='ocr_par' dir='ltr' id='par_1_106' title="bbox 153 5721 1744 5796">
     <span class='ocr_line' id='line_1_106' title="bbox 153 5721 1744 5796; baseline 0.002 -20"><span class='ocrx_word' id='word_1_796' title='bbox 153 5725 266 5796; x_wconf 66' lang='grc' dir='ltr'><strong>γὰρ</strong></span> <span class='ocrx_word' id='word_1_797' title='bbox 295 5723 378 5788; x_wconf 72' lang='grc' dir='ltr'>οἷς</span> <span class='ocrx_word' id='word_1_798' title='bbox 423 5727 480 5778; x_wconf 65' lang='grc' dir='ltr'>τὸ</span> <span class='ocrx_word' id='word_1_799' title='bbox 509 5721 648 5777; x_wconf 68' lang='grc' dir='ltr'>εἶναι</span> <span class='ocrx_word' id='word_1_800' title='bbox 677 5726 868 5778; x_wconf 53' lang='lat' dir='ltr'><strong>taurini</strong></span> <span class='ocrx_word' id='word_1_801' title='bbox 920 5727 1012 5780; x_wconf 63' lang='lat' dir='ltr'><strong>zu“.</strong></span> <span class='ocrx_word' id='word_1_802' title='bbox 1039 5727 1064 5778; x_wconf 75' lang='grc' dir='ltr'>ὁ</span> <span class='ocrx_word' id='word_1_803' title='bbox 1095 5725 1252 5792; x_wconf 59' lang='grc' dir='ltr'>λύίιές</span> <span class='ocrx_word' id='word_1_804' title='bbox 1288 5726 1312 5777; x_wconf 85' lang='grc' dir='ltr'><em>ὀ</em></span> <span class='ocrx_word' id='word_1_805' title='bbox 1347 5725 1527 5788; x_wconf 62' lang='grc' dir='ltr'>αὖτὶς,</span> <span class='ocrx_word' id='word_1_806' title='bbox 1569 5723 1744 5788; x_wconf 69' lang='grc' dir='ltr'>οὕτως</span> 
     </span>
    </p>
   </div>
   <div class='ocr_carea' id='block_1_107' title="bbox 1849 4615 3427 4682">
    <p class='ocr_par' dir='ltr' id='par_1_107' title="bbox 1849 4615 3427 4682">
     <span class='ocr_line' id='line_1_107' title="bbox 1849 4615 3427 4682; baseline -0.006 -6"><span class='ocrx_word' id='word_1_807' title='bbox 1849 4630 1906 4676; x_wconf 91' lang='lat' dir='ltr'><strong>et</strong></span> <span class='ocrx_word' id='word_1_808' title='bbox 1935 4619 2254 4682; x_wconf 81' lang='lat' dir='ltr'><strong>eilicientia,</strong></span> <span class='ocrx_word' id='word_1_809' title='bbox 2288 4619 2400 4672; x_wconf 87' lang='lat' dir='ltr'><strong>sint</strong></span> <span class='ocrx_word' id='word_1_810' title='bbox 2445 4619 2689 4672; x_wconf 87' lang='lat' dir='ltr'><strong>increata</strong></span> <span class='ocrx_word' id='word_1_811' title='bbox 2723 4635 2736 4669; x_wconf 90' lang='lat'><strong>:</strong></span> <span class='ocrx_word' id='word_1_812' title='bbox 2765 4615 3072 4670; x_wconf 75' lang='lat' dir='ltr'><strong>dilIcrentia</strong></span> <span class='ocrx_word' id='word_1_813' title='bbox 3117 4624 3297 4668; x_wconf 90' lang='lat' dir='ltr'><strong>autem</strong></span> <span class='ocrx_word' id='word_1_814' title='bbox 3339 4629 3427 4678; x_wconf 86' lang='lat' dir='ltr'><strong>ea,</strong></span> 
     </span>
    </p>
   </div>
   <div class='ocr_carea' id='block_1_108' title="bbox 1852 4705 3428 4774">
    <p class='ocr_par' dir='ltr' id='par_1_108' title="bbox 1852 4705 3428 4774">
     <span class='ocr_line' id='line_1_108' title="bbox 1852 4705 3428 4774; baseline -0.004 -7"><span class='ocrx_word' id='word_1_815' title='bbox 1852 4723 1910 4767; x_wconf 92' lang='lat' dir='ltr'><strong>ut</strong></span> <span class='ocrx_word' id='word_1_816' title='bbox 1963 4714 2199 4766; x_wconf 85' lang='lat' dir='ltr'><strong>alterum</strong></span> <span class='ocrx_word' id='word_1_817' title='bbox 2234 4713 2306 4766; x_wconf 83' lang='lat' dir='ltr'><strong>sit</strong></span> <span class='ocrx_word' id='word_1_818' title='bbox 2339 4711 2582 4766; x_wconf 87' lang='lat' dir='ltr'><strong>essentia</strong></span> <span class='ocrx_word' id='word_1_819' title='bbox 2607 4751 2621 4774; x_wconf 92' lang='lat'><strong><em>,</em></strong></span> <span class='ocrx_word' id='word_1_820' title='bbox 2659 4709 2892 4762; x_wconf 87' lang='lat' dir='ltr'><strong>alterum</strong></span> <span class='ocrx_word' id='word_1_821' title='bbox 2940 4715 3124 4759; x_wconf 77' lang='lat' dir='ltr'><strong>autem</strong></span> <span class='ocrx_word' id='word_1_822' title='bbox 3178 4705 3428 4761; x_wconf 86' lang='lat' dir='ltr'><strong>inessen—</strong></span> 
     </span>
    </p>
   </div>
   <div class='ocr_carea' id='block_1_109' title="bbox 1849 4803 2648 4868">
    <p class='ocr_par' dir='ltr' id='par_1_109' title="bbox 1849 4803 2648 4868">
     <span class='ocr_line' id='line_1_109' title="bbox 1849 4803 2648 4868; baseline -0.003 -9"><span class='ocrx_word' id='word_1_823' title='bbox 1849 4805 2002 4868; x_wconf 83' lang='lat' dir='ltr'><strong>tiale,</strong></span> <span class='ocrx_word' id='word_1_824' title='bbox 2031 4806 2322 4860; x_wconf 86' lang='lat' dir='ltr'><strong>eilicieutia</strong></span> <span class='ocrx_word' id='word_1_825' title='bbox 2357 4803 2648 4858; x_wconf 88' lang='lat' dir='ltr'><strong>nimirum.</strong></span> 
     </span>
    </p>
   </div>
   <div class='ocr_carea' id='block_1_110' title="bbox 1921 4891 3440 4968">
    <p class='ocr_par' dir='ltr' id='par_1_110' title="bbox 1921 4891 3440 4968">
     <span class='ocr_line' id='line_1_110' title="bbox 1921 4891 3440 4968; baseline -0.005 -17"><span class='ocrx_word' id='word_1_826' title='bbox 1921 4898 2066 4952; x_wconf 77' lang='lat' dir='ltr'><strong>XXI.</strong></span> <span class='ocrx_word' id='word_1_827' title='bbox 2107 4899 2381 4968; x_wconf 85' lang='lat' dir='ltr'><strong>Gregoras</strong></span> <span class='ocrx_word' id='word_1_828' title='bbox 2406 4907 2628 4950; x_wconf 81' lang='lat' dir='ltr'><strong>autent:</strong></span> <span class='ocrx_word' id='word_1_829' title='bbox 2657 4893 3040 4959; x_wconf 79' lang='lat' dir='ltr'><strong>inessentjale,</strong></span> <span class='ocrx_word' id='word_1_830' title='bbox 3065 4891 3275 4961; x_wconf 85' lang='lat' dir='ltr'><strong>inquit,</strong></span> <span class='ocrx_word' id='word_1_831' title='bbox 3317 4905 3440 4944; x_wconf 85' lang='lat' dir='ltr'><strong>non-</strong></span> 
     </span>
    </p>
   </div>
   <div class='ocr_carea' id='block_1_111' title="bbox 1849 4983 3430 5060">
    <p class='ocr_par' dir='ltr' id='par_1_111' title="bbox 1849 4983 3430 5060">
     <span class='ocr_line' id='line_1_111' title="bbox 1849 4983 3430 5060; baseline -0.008 -14"><span class='ocrx_word' id='word_1_832' title='bbox 1849 5007 1970 5046; x_wconf 73' lang='lat' dir='ltr'><strong>esse</strong></span> <span class='ocrx_word' id='word_1_833' title='bbox 1993 5033 2008 5056; x_wconf 90' lang='lat'><strong>,</strong></span> <span class='ocrx_word' id='word_1_834' title='bbox 2040 4993 2186 5060; x_wconf 90' lang='lat' dir='ltr'><strong>quod</strong></span> <span class='ocrx_word' id='word_1_835' title='bbox 2219 4999 2402 5044; x_wconf 90' lang='lat' dir='ltr'><strong>autem</strong></span> <span class='ocrx_word' id='word_1_836' title='bbox 2435 5005 2542 5042; x_wconf 85' lang='lat' dir='ltr'><strong>non</strong></span> <span class='ocrx_word' id='word_1_837' title='bbox 2564 4988 2655 5051; x_wconf 82' lang='lat' dir='ltr'><strong>sit,</strong></span> <span class='ocrx_word' id='word_1_838' title='bbox 2686 5003 2792 5040; x_wconf 89' lang='lat' dir='ltr'><strong>non</strong></span> <span class='ocrx_word' id='word_1_839' title='bbox 2827 5000 2947 5039; x_wconf 91' lang='lat' dir='ltr'><strong>esse</strong></span> <span class='ocrx_word' id='word_1_840' title='bbox 2983 4985 3172 5042; x_wconf 87' lang='lat' dir='ltr'><strong>Deum.</strong></span> <span class='ocrx_word' id='word_1_841' title='bbox 3210 4983 3278 5036; x_wconf 88' lang='lat' dir='ltr'><strong>ab</strong></span> <span class='ocrx_word' id='word_1_842' title='bbox 3311 4999 3430 5036; x_wconf 90' lang='lat' dir='ltr'><strong>om-</strong></span> 
     </span>
    </p>
   </div>
   <div class='ocr_carea' id='block_1_112' title="bbox 1851 5072 3429 5149">
    <p class='ocr_par' dir='ltr' id='par_1_112' title="bbox 1851 5072 3429 5149">
     <span class='ocr_line' id='line_1_112' title="bbox 1851 5072 3429 5149; baseline -0.005 -15"><span class='ocrx_word' id='word_1_843' title='bbox 1851 5081 2016 5134; x_wconf 86' lang='lat' dir='ltr'><strong>nibus</strong></span> <span class='ocrx_word' id='word_1_844' title='bbox 2045 5081 2370 5149; x_wconf 86' lang='lat' dir='ltr'><strong>intelligitur</strong></span> <span class='ocrx_word' id='word_1_845' title='bbox 2399 5080 2504 5133; x_wconf 87' lang='lat' dir='ltr'><strong>nisi</strong></span> <span class='ocrx_word' id='word_1_846' title='bbox 2529 5095 2560 5131; x_wconf 87' lang='lat' dir='ltr'><strong>a</strong></span> <span class='ocrx_word' id='word_1_847' title='bbox 2585 5087 2658 5131; x_wconf 86' lang='lat' dir='ltr'><strong>te.</strong></span> <span class='ocrx_word' id='word_1_848' title='bbox 2711 5075 2860 5130; x_wconf 84' lang='lat' dir='ltr'><strong>Nihil</strong></span> <span class='ocrx_word' id='word_1_849' title='bbox 2897 5083 3081 5128; x_wconf 85' lang='lat' dir='ltr'><strong>autem</strong></span> <span class='ocrx_word' id='word_1_850' title='bbox 3115 5077 3224 5143; x_wconf 86' lang='lat' dir='ltr'><strong>jam</strong></span> <span class='ocrx_word' id='word_1_851' title='bbox 3249 5072 3429 5140; x_wconf 82' lang='lat' dir='ltr'><strong>impc-</strong></span> 
     </span>
    </p>
   </div>
   <div class='ocr_carea' id='block_1_113' title="bbox 1849 5164 3430 5239">
    <p class='ocr_par' dir='ltr' id='par_1_113' title="bbox 1849 5164 3430 5239">
     <span class='ocr_line' id='line_1_113' title="bbox 1849 5164 3430 5239; baseline -0.006 -11"><span class='ocrx_word' id='word_1_852' title='bbox 1849 5173 2099 5228; x_wconf 89' lang='lat' dir='ltr'><strong>diturum</strong></span> <span class='ocrx_word' id='word_1_853' title='bbox 2125 5187 2269 5236; x_wconf 84' lang='lat' dir='ltr'><strong>esse,</strong></span> <span class='ocrx_word' id='word_1_854' title='bbox 2305 5170 2604 5239; x_wconf 88' lang='lat' dir='ltr'><strong>quominus</strong></span> <span class='ocrx_word' id='word_1_855' title='bbox 2633 5183 2734 5222; x_wconf 90' lang='lat' dir='ltr'><strong>nos</strong></span> <span class='ocrx_word' id='word_1_856' title='bbox 2757 5181 2978 5236; x_wconf 85' lang='lat' dir='ltr'><strong>quoque</strong></span> <span class='ocrx_word' id='word_1_857' title='bbox 3008 5164 3430 5227; x_wconf 84' lang='lat' dir='ltr'><strong>concludamus,</strong></span> 
     </span>
    </p>
   </div>
   <div class='ocr_carea' id='block_1_114' title="bbox 1851 5257 3426 5334">
    <p class='ocr_par' dir='ltr' id='par_1_114' title="bbox 1851 5257 3426 5334">
     <span class='ocr_line' id='line_1_114' title="bbox 1851 5257 3426 5334; baseline -0.006 -14"><span class='ocrx_word' id='word_1_858' title='bbox 1851 5268 1906 5321; x_wconf 92' lang='lat' dir='ltr'><strong>in</strong></span> <span class='ocrx_word' id='word_1_859' title='bbox 1925 5263 2230 5334; x_wconf 88' lang='lat' dir='ltr'><strong>composita</strong></span> <span class='ocrx_word' id='word_1_860' title='bbox 2267 5273 2458 5317; x_wconf 89' lang='lat' dir='ltr'><strong>natura</strong></span> <span class='ocrx_word' id='word_1_861' title='bbox 2486 5260 2839 5317; x_wconf 83' lang='lat' dir='ltr'><strong>elilcientiam</strong></span> <span class='ocrx_word' id='word_1_862' title='bbox 2873 5259 3127 5326; x_wconf 87' lang='lat' dir='ltr'><strong>accipere</strong></span> <span class='ocrx_word' id='word_1_863' title='bbox 3157 5257 3426 5310; x_wconf 89' lang='lat' dir='ltr'><strong>rationem</strong></span> 
     </span>
    </p>
   </div>
   <div class='ocr_carea' id='block_1_115' title="bbox 1849 5351 3429 5425">
    <p class='ocr_par' dir='ltr' id='par_1_115' title="bbox 1849 5351 3429 5425">
     <span class='ocr_line' id='line_1_115' title="bbox 1849 5351 3429 5425; baseline -0.009 -11"><span class='ocrx_word' id='word_1_864' title='bbox 1849 5360 2099 5414; x_wconf 74' lang='lat' dir='ltr'><strong>essentia:</strong></span> <span class='ocrx_word' id='word_1_865' title='bbox 2130 5357 2436 5425; x_wconf 85' lang='lat' dir='ltr'><strong>oppositam</strong></span> <span class='ocrx_word' id='word_1_866' title='bbox 2468 5398 2480 5420; x_wconf 89' lang='lat'><em>,</em></span> <span class='ocrx_word' id='word_1_867' title='bbox 2530 5365 2730 5408; x_wconf 87' lang='lat' dir='ltr'><strong>etesse</strong></span> <span class='ocrx_word' id='word_1_868' title='bbox 2773 5351 3202 5406; x_wconf 84' lang='lat' dir='ltr'><strong>alterumutrum</strong></span> <span class='ocrx_word' id='word_1_869' title='bbox 3237 5363 3429 5402; x_wconf 79' lang='lat' dir='ltr'><strong>neces-</strong></span> 
     </span>
    </p>
   </div>
   <div class='ocr_carea' id='block_1_116' title="bbox 1850 5439 3428 5511">
    <p class='ocr_par' dir='ltr' id='par_1_116' title="bbox 1850 5439 3428 5511">
     <span class='ocr_line' id='line_1_116' title="bbox 1850 5439 3428 5511; baseline -0.009 -6"><span class='ocrx_word' id='word_1_870' title='bbox 1850 5449 2031 5511; x_wconf 89' lang='lat' dir='ltr'><strong>sario.</strong></span> <span class='ocrx_word' id='word_1_871' title='bbox 2067 5459 2162 5502; x_wconf 90' lang='lat' dir='ltr'><strong>aut</strong></span> <span class='ocrx_word' id='word_1_872' title='bbox 2225 5449 2519 5502; x_wconf 84' lang='lat' dir='ltr'><strong>essentiam</strong></span> <span class='ocrx_word' id='word_1_873' title='bbox 2610 5455 2852 5500; x_wconf 89' lang='lat' dir='ltr'><strong>nostram</strong></span> <span class='ocrx_word' id='word_1_874' title='bbox 2919 5443 3254 5506; x_wconf 85' lang='lat' dir='ltr'><strong>inereatam,</strong></span> <span class='ocrx_word' id='word_1_875' title='bbox 3316 5439 3428 5494; x_wconf 81' lang='lat' dir='ltr'><strong>elli-</strong></span> 
     </span>
    </p>
   </div>
   <div class='ocr_carea' id='block_1_117' title="bbox 1850 5535 3438 5610">
    <p class='ocr_par' dir='ltr' id='par_1_117' title="bbox 1850 5535 3438 5610">
     <span class='ocr_line' id='line_1_117' title="bbox 1850 5535 3438 5610; baseline -0.009 -13"><span class='ocrx_word' id='word_1_876' title='bbox 1850 5541 2108 5597; x_wconf 84' lang='lat' dir='ltr'><strong>cienliam</strong></span> <span class='ocrx_word' id='word_1_877' title='bbox 2161 5551 2344 5610; x_wconf 78' lang='lat' dir='ltr'><strong>autem</strong></span> <span class='ocrx_word' id='word_1_878' title='bbox 2401 5549 2666 5604; x_wconf 85' lang='lat' dir='ltr'><strong>creatam,</strong></span> <span class='ocrx_word' id='word_1_879' title='bbox 2720 5547 2810 5592; x_wconf 84' lang='lat' dir='ltr'><strong>aut</strong></span> <span class='ocrx_word' id='word_1_880' title='bbox 2843 5535 3136 5592; x_wconf 85' lang='lat' dir='ltr'><strong>essentiam</strong></span> <span class='ocrx_word' id='word_1_881' title='bbox 3164 5540 3438 5595; x_wconf 71' lang='lat' dir='ltr'><strong>creatam,</strong></span> 
     </span>
    </p>
   </div>
   <div class='ocr_carea' id='block_1_118' title="bbox 1850 5621 3444 5694">
    <p class='ocr_par' dir='ltr' id='par_1_118' title="bbox 1850 5621 3444 5694">
     <span class='ocr_line' id='line_1_118' title="bbox 1850 5621 3444 5694; baseline -0.009 -8"><span class='ocrx_word' id='word_1_882' title='bbox 1850 5633 2194 5686; x_wconf 82' lang='lat' dir='ltr'><strong>ellieientiam</strong></span> <span class='ocrx_word' id='word_1_883' title='bbox 2261 5641 2444 5686; x_wconf 87' lang='lat' dir='ltr'><strong>autem</strong></span> <span class='ocrx_word' id='word_1_884' title='bbox 2514 5633 2851 5694; x_wconf 77' lang='lat' dir='ltr'><strong>inet-catam,</strong></span> <span class='ocrx_word' id='word_1_885' title='bbox 2897 5631 2998 5684; x_wconf 84' lang='lat' dir='ltr'><strong>hoc</strong></span> <span class='ocrx_word' id='word_1_886' title='bbox 3056 5627 3126 5681; x_wconf 89' lang='lat' dir='ltr'><strong>ab</strong></span> <span class='ocrx_word' id='word_1_887' title='bbox 3169 5621 3444 5678; x_wconf 72' lang='lat' dir='ltr'><strong>erunibus-</strong></span> 
     </span>
    </p>
   </div>
   <div class='ocr_carea' id='block_1_119' title="bbox 1851 5711 3444 5792">
    <p class='ocr_par' dir='ltr' id='par_1_119' title="bbox 1851 5711 3444 5792">
     <span class='ocr_line' id='line_1_119' title="bbox 1851 5711 3444 5792; baseline -0.004 -16"><span class='ocrx_word' id='word_1_888' title='bbox 1851 5725 2020 5792; x_wconf 81' lang='lat' dir='ltr'><strong>probe</strong></span> <span class='ocrx_word' id='word_1_889' title='bbox 2081 5725 2420 5790; x_wconf 72' lang='lat' dir='ltr'><strong>intelligitur.</strong></span> <span class='ocrx_word' id='word_1_890' title='bbox 2471 5725 2688 5779; x_wconf 76' lang='lat' dir='ltr'><strong>Etenim</strong></span> <span class='ocrx_word' id='word_1_891' title='bbox 2721 5735 2776 5776; x_wconf 91' lang='lat' dir='ltr'><strong>ut</strong></span> <span class='ocrx_word' id='word_1_892' title='bbox 2813 5725 2878 5776; x_wconf 82' lang='lat' dir='ltr'><strong>iis</strong></span> <span class='ocrx_word' id='word_1_893' title='bbox 2928 5722 3126 5790; x_wconf 79' lang='lat' dir='ltr'><strong>quibus</strong></span> <span class='ocrx_word' id='word_1_894' title='bbox 3183 5711 3444 5770; x_wconf 61' lang='grc' dir='ltr'>εεδυυῑὲίιι</span> 
     </span>
    </p>
   </div>
  </div>
