3994 6204
535 340 642 400 E7!)

1736 350 2150 409 Nltli‘ll’llOiil
2196 353 2574 413 GREGORJ‘I

3678 361 3782 421 276

538 456 755 519 eadem,
794 459 935 512 ratio
980 476 1201 530 quoque
1226 460 1415 514 eadem
1447 472 1550 525 cst,
1581 462 1654 517 ita
1692 465 1759 517 iis
1802 466 2003 534 quibus
2028 482 2114 519 es-

2230 467 2298 532 οἷς
2331 472 2392 523 τὸ
2429 466 2571 525 εἶναι
2617 473 2897 540 διάφορον,
2930 474 3021 525 καὶ
3065 474 3093 525 ὁ
3137 472 3295 540 λόγος
3339 471 3619 542 διάφορος.
3660 474 3784 526 Ἐπὶ

540 552 714 602 sentia
767 550 1004 618 diversa,
1044 554 1182 605 ratio
1238 568 1457 622 quoque
1502 553 1715 609 diversa
1746 565 1868 618 est;
1906 556 2111 609 etenim

544 643 599 695 in
657 643 937 697 essentiali
990 645 1296 698 substantia
1347 655 1567 701 sanctos
1599 647 1700 701 bos
1745 647 2001 702 audivisti
2028 649 2112 701 tli-

541 749 668 789 rere
696 750 819 789 esse
851 737 1097 789 eamdem
1134 737 1241 789 vim
1284 736 1513 792 rationis
1554 738 1669 794 sive
1698 739 2035 794 deﬁnitionis
2059 748 2115 794 et

541 825 689 896 quod
725 826 791 881 ad
844 825 1220 881 diversitatem
1255 830 1486 883 attineat
1517 832 1743 885 omnino
1790 832 1948 885 nihil.
1980 832 2112 887 Ete-

541 920 650 971 nim
678 920 721 973 si
752 936 818 975 ex
853 919 1300 989 pronuntiatione
1324 932 1377 975 et
1397 923 1795 992 signiticatiole
1829 924 2114 991 utriusque

543 1021 780 1078 utraque
820 1009 1190 1065 differentiam
1220 1014 1431 1082 accepit
1464 1029 1584 1079 vox,
1613 1024 1763 1069 certe
1793 1014 1848 1067 in
1873 1012 2113 1082 simplici

541 1111 599 1158 et
642 1101 1011 1171 incomposita
1042 1113 1238 1156 natura
1269 1104 1515 1158 eamdem
1542 1113 1598 1159 et
1630 1118 1793 1158 unam
1832 1114 1886 1159 et
1916 1103 2118 1159 immu-

548 1188 772 1245 tabilem
798 1191 1003 1245 habent
1030 1192 1485 1262 signiﬁcationem
1506 1195 1666 1263 312
1689 1195 1881 1255 ambte.
1907 1193 2114 1249 Deinde

547 1282 591 1334 si
649 1280 994 1336 eﬂicientiam
1033 1282 1306 1337 diversam
1352 1299 1473 1339 esse
1511 1284 1651 1341 dicis
1697 1286 1860 1340 etiam
1894 1286 1948 1339 in
1979 1287 2115 1352 Deo,

549 1382 608 1426 ut
640 1376 695 1427 in
728 1374 891 1428 nobis
930 1375 1254 1443 compositis
1279 1415 1293 1441 ,
1325 1385 1382 1430 et
1435 1376 1658 1446 proprie
1708 1378 2008 1432 incrcatam
2032 1379 2119 1431 di-

544 1465 848 1531 vinitatem,
872 1476 927 1521 et
960 1476 1256 1536 utrumque
1279 1475 1365 1523 est
1406 1469 1552 1538 quod
1596 1471 1827 1525 alterum
1860 1486 1969 1524 non
2001 1479 2109 1535 est,

547 1569 601 1611 et
623 1572 842 1626 semper
869 1560 1100 1613 alterum
1135 1576 1245 1630 pra:
1277 1561 1450 1615 altero
1481 1562 1715 1616 invicem
1749 1561 2115 1617 ditlerentiam

528 1645 597 1700 ὀι
635 1664 868 1718 pugnant
905 1648 1136 1718 suscipit
1173 1649 1359 1704 verbis
1403 1660 1459 1704 et
1487 1651 1651 1705 rebus
1683 1650 1790 1721 (est
1845 1652 1992 1704 enim
2018 1666 2113 1707 ne-

546 1755 696 1795 cesse
724 1741 950 1794 omnino
978 1782 993 1807 ,
1042 1756 1167 1810 quae
1218 1753 1326 1795 tam
1365 1740 1479 1794 sint
1522 1742 1700 1796 aliena
1749 1751 1803 1796 et
1837 1750 2035 1799 natura
2063 1752 2117 1797 et

546 1839 966 1907 signiﬁcatione,
997 1853 1109 1892 non
1149 1839 1294 1894 idem
1323 1854 1445 1894 esse
1488 1839 1644 1895 alteri
1690 1841 1946 1910 alterum)
1975 1839 2119 1906 ;erit

549 1927 736 1996 igitur,
771 1928 814 1984 si
856 1928 1147 1983 eﬂieientia
1188 1931 1431 1985 iuercata
1474 1941 1558 1986 est
1601 1940 1656 1986 et
1714 1930 2078 1985 inessentialis
2104 1971 2117 1994 ,

548 2028 730 2074 creata
752 2019 1074 2075 etinellicax
1109 2022 1372 2088 essentia,
1408 2029 1468 2075 ut
1499 2037 1665 2089 supra
1690 2021 1946 2075 audivisti
1986 2019 2124 2074 divi-

551 2129 649 2167 nos
681 2113 833 2167 viros
864 2114 1169 2168 secundum
1193 2114 1411 2183 regulas
1440 2114 1804 2182 philoSOptiize
1844 2111 2121 2167 contraria

549 2204 846 2258 contrariis
876 2205 1130 2259 delinire.
1155 2204 1251 2259 Sin
1285 2221 1454 2275 porro
1501 2206 1667 2259 etiam
1699 2205 2005 2260 ellicientite
2025 2219 2123 2258 no-

552 2312 676 2349 men
709 2297 1041 2365 generaliter
1070 2311 1136 2350 ex
1170 2306 1261 2350 tua
1284 2297 1736 2365 sententiamque
1760 2295 1829 2350 de
1868 2295 2123 2349 omnibus

554 2387 880 2453 pranlicatur
899 2386 1236 2449 nominibus,
1253 2386 1472 2440 virtutis
1491 2397 1643 2455 puta.
1662 2385 2119 2455 sapientiaa,vitae,

554 2479 803 2543 luminis,
835 2478 1025 2542 animi,
1056 2478 1388 2543 clementite,
1419 2478 1513 2532 inae
1534 2519 1549 2542 ,
1584 2477 2121 2548 tranquillitatis,'ta-

561 2572 831 2638 liumque,
872 2569 1299 2640 quibuscunquc
1331 2584 1424 2623 usa
1461 2574 1547 2623 ρει
1588 2567 1878 2637 Scriptura
1936 2566 2122 2620 divina

557 2664 668 2716 Deo
711 2662 1115 2717 convenienter
1160 2659 1564 2715 allirmantibus
1616 2669 1673 2715 et
1707 2657 2037 2728 negantibus
2070 2668 2124 2711 et

554 2753 823 2823 oppositis
849 2754 1168 2807 nominibus
1189 2794 1203 2817 ,
1232 2751 1459 2806 accedet
1487 2753 1596 2822 jam
1629 2753 1795 2805 etiam
1832 2750 1917 2805 bis
1946 2749 2126 2803 omni-

554 2850 655 2903 bus
692 2856 961 2917 tequezet
986 2846 1148 2900 simili
1183 2846 1345 2899 modo
1382 2861 1597 2915 semper
1634 2844 1917 2898 insultabit
1945 2840 2126 2897 nomi-

558 2938 719 2992 nibus
755 2932 1015 2991 oinnibus
1069 2934 1400 2997 absurditas,
1427 2943 1482 2987 et
1513 2949 1698 2988 secum
1731 2933 1988 3002 pugnabit
2016 2930 2129 2985 elli-

554 3028 758 3081 cientia
824 3041 1050 3090 nomen,
1103 3040 1226 3077 cum
1295 3025 1411 3078 ιιωο
1464 3025 1770 3078 secundum
1805 3033 1857 3078 te
1905 3022 2127 3092 proprie

2216 563 2324 629 γὰρ
2369 561 2471 627 τῆς
2517 563 2808 623 ούσιὼδους
2853 562 3138 631 ὑπάρξεως
3167 562 3289 623 τοὺς
3345 561 3534 628 ἁγίους
3565 562 3783 624 τούτο-ις

2215 653 2463 722 ἀκήκοας
2495 654 2755 721 λέγοντας
2781 654 2880 719 τὴν
2925 657 3019 708 τοῦ
3065 654 3225 721 λόγου
3253 657 3579 720 ταυτότητά,
3614 656 3785 707 είτουν

2214 745 2312 799 τοῦ
2367 748 2518 814 ὅρου,
2565 746 2659 799 καὶ
2700 746 2822 799 καθ’
2868 747 3056 815 ἕτερον
3104 746 3326 809 πάντως
3373 748 3547 800 οὐδέν.
3594 747 3652 798 Εἰ
3682 748 3787 813 γὰρ

2218 837 2359 890 κατὰ
2393 838 2678 907 προφορὰν
2718 839 2814 891 καὶ
2862 838 3227 907 ἐτυμολογίαν
3259 840 3526 907 ἑκατέρας
3558 840 3788 906 ἑκατέρα

2216 930 2313 1000 τὴν
2341 931 2603 1000 διαφοράν
2647 933 2917 1001 ἐκτήσατο
2964 932 3131 997 λέξις.
3165 932 3280 988 ἀλλ’
3334 933 3429 986 ἐπὶ
3470 933 3573 999 τῆς
3615 932 3787 999 ἁπλῆς

2218 1023 2308 1074 καί
2341 1022 2635 1075 ἁσυνθέτου
2663 1024 2876 1090 φύσεως
2906 1022 3005 1093 τὴν
3038 1022 3211 1092 αὐτὴν
3240 1023 3334 1075 καὶ
3368 1024 3498 1090 μίαν
3528 1022 3620 1075 καὶ
3653 1023 3793 1074 άπα-

2218 1113 2526 1186 ράλλακτον
2566 1112 2751 1182 ἔχουσι
2783 1112 3060 1180 σημασίαν
3101 1115 3288 1181 ἄμφω.
3323 1114 3557 1165 Ἔπειτα
3602 1114 3649 1164 εἰ
3694 1112 3791 1178 τὴν

2216 1203 2501 1275 ἐνέργειαν
2542 1206 2729 1275 ἓτερον
2779 1203 2918 1258 εἶναι
2954 1204 3133 1271 λέγεις
3179 1206 3315 1257 κάπὶ
3360 1203 3494 1257 Θεοῦ
3541 1203 3791 1271 καθάπερ

2218 1290 2318 1350 tu):
2349 1297 2460 1349 τῶν
2511 1296 2786 1350 συνθέτων
2822 1296 3006 1365 ἡμῶν,
3042 1296 3139 1348 καὶ
3187 1296 3342 1359 ἰδίως
3384 1296 3637 1349 ἄκτιστον
3681 1295 3791 1347 θεό-

2216 1407 2374 1458 τητα,
2404 1390 2499 1442 καὶ
2553 1388 2700 1443 ἔστιν
2763 1391 3026 1459 ἑκάτερον
3088 1389 3296 1442 τούτων
3341 1390 3482 1458 ὅπερ
3519 1391 3620 1442 οὐκ
3648 1389 3794 1443 ἐστιν

2219 1483 2500 1551 ἑκάτερον,
2536 1485 2632 1537 καὶ
2659 1483 2748 1536 ἀεὶ
2777 1482 3006 1552 θάτερον
3036 1482 3190 1551 παρὰ
3240 1483 3470 1552 θάτερον
3499 1483 3795 1552 ἀμοιϐαδὸν

2218 1574 2316 1644 τὴν
2347 1574 2612 1644 διαφορὰν
2644 1576 2739 1628 καί⁵
2769 1575 2950 1644 μάχην
2972 1574 3253 1644 λαμϐάνον
3278 1574 3457 1640 λόγοις
3490 1577 3581 1626 καὶ
3619 1573 3796 1641 πράγ-

2223 1679 2390 1733 μασιν
2421 1662 2661 1731 (ἀνάγκη
2696 1664 2803 1732 γὰρ
2836 1662 2902 1716 ἂν
2936 1664 3021 1732 εἴη
3060 1664 3212 1715 πᾶσα
3242 1663 3310 1714 τὰ
3333 1660 3507 1720 οὕτως
3542 1661 3797 1730 ἀλλότρια

2220 1754 2287 1821 τῇ
2323 1751 2486 1820 φύσει
2519 1754 2616 1803 καὶ
2654 1751 2904 1820 σημασίᾳ.
2938 1751 3011 1819 μὴ
3044 1750 3242 1803 ταυτὸν
3277 1746 3418 1802 εἶναι
3446 1748 3667 1819 θατέρῳ
3701 1748 3795 1801 θά·

2221 1843 2427 1913 τερον),
2459 1843 2610 1897 ἔσται
2641 1844 2772 1914 ἄρα,
2804 1846 2851 1896 εί
2879 1845 2911 1913 ή
2937 1843 3190 1914 ἐνέργεια
3224 1844 3478 1906 άκτιστος
3517 1843 3614 1895 καὶ
3642 1842 3800 1896 άνού-

2225 1951 2361 1997 σιος,
2393 1932 2587 2004 κτιστὴ
2641 1935 2673 2003 ἡ
2702 1934 2861 1986 οὐσία
2891 1935 2987 1988 καὶ
3029 1934 3415 2002 ἀνενέργητος,
3443 1931 3518 1994 ὡς
3546 1933 3799 2000 ἀνωτέρω

2223 2044 2285 2095 γε
2317 2025 2579 2095 ἡκηκόεις
2610 2025 2720 2077 τῶν
2753 2024 2912 2079 θείων
2949 2025 3072 2078 κατ’
3118 2026 3436 2093 ἐπιστήμην
3479 2024 3546 2077 τά
3583 2023 3801 2076 ἐναντία

2222 2120 2335 2180 τοῖς
2370 2117 2633 2179 ἐναντίοις
2659 2117 2995 2187 ὁριζομένων
3025 2118 3258 2187 ἀνδρῶν.
3294 2117 3356 2170 Et
3381 2117 3439 2170 δὲ
3474 2117 3571 2170 καὶ
3606 2116 3669 2169 τὸ
3703 2117 3798 2181 τῆς

2223 2207 2507 2278 ἐνεργείας
2537 2206 2709 2275 ὄνομα
2738 2207 2971 2275 γενικῶς
3001 2209 3141 2260 κατὰ
3178 2207 3239 2259 σὲ.
3274 2207 3495 2261 πάντων
3543 2204 3633 2258 ἐπ’
3676 2207 3798 2272 τσης

2224 2302 2583 2370 κατηγοροῖτο
2609 2298 2718 2353 τῶν
2745 2299 3049 2368 ὀνομάτων,
3083 2299 3368 2367 δυνάμεως
3392 2298 3555 2365 λέγω,
3582 2297 3803 2364 σοφίας,

2224 2392 2397 2464 ζωῆς,
2429 2394 2627 2463 φωτὸς,
2661 2391 2858 2460 θυμοῦ,
2915 2392 3322 2462 μακροθυμίας,
3357 2391 3548 2460 ὀργῆς,
3596 2392 3808 2459 άοργηο

2226 2488 2370 2552 σὲας,
2431 2486 2525 2538 καὶ
2581 2485 2692 2537 τῶν
2736 2484 3019 2551 τοιούτων,
3055 2483 3206 2543 ὅσοις
3262 2483 3294 2549 ὴ
3349 2479 3470 2534 θεία
3529 2479 3803 2547 κέχρηται

2226 2573 2420 2643 Γραφὴ
2451 2571 2772 2641 θεοπρεπῶς
2799 2571 3195 2637 καταφατικοῖς
3217 2586 3277 2624 τε
3311 2570 3404 2622 καὶ
3439 2566 3805 2635 ἀποφατικοῐς

2226 2661 2319 2714 καί⁵
2340 2659 2742 2728 ἀντικειμένοις
2763 2658 3046 2728 ὀνόμασιν,
3076 2657 3458 2726 ἐπιδραμεῖται
3500 2652 3686 2704 λοιπὸν
3717 2651 3807 2703 καὶ

2227 2754 2362 2806 πᾶσι
2411 2751 2622 2813 τούτοις
2674 2749 2769 2821 ὲπζ
2807 2750 2950 2818 ἴσης,
2978 2749 3073 2801 καὶ
3095 2748 3296 2816 ὁμοίως
3343 2745 3407 2819 [ί.
3455 2744 3556 2798 “5
3596 2741 3675 2814 tu]
3715 2742 3802 2795 ἀεὶ

2227 2845 2628 2915 κατορχήσεται
2673 2842 2782 2894 τῶν
2840 2836 3120 2911 ὀνομάτων
3167 2839 3424 2894 ἁπάντων
3473 2837 3797 2905 τᾶτόπημα,

2228 2938 2324 2990 καὶ
2360 2936 2646 2989 στασιάσει
2680 2933 2815 3004 πρὸς
2852 2933 3014 2987 ἑαυτὸ
3063 2933 3124 2984 τὸ
3154 2932 3251 3001 τῆς
3289 2928 3567 2999 ἐνεργείας
3602 2926 3802 2995 ὄνομα,

2227 3026 2433 3095 ταύτης
2458 3026 2522 3097 δὴ
2550 3029 2647 3096 τῆς
2693 3024 3003 3088 ἰδιαζόντως
3032 3024 3169 3076 κατᾶ
3197 3022 3258 3076 σὲ
3303 3022 3601 3090 λεγομένης
3630 3020 3805 3073 άκτί-

555 3118 776 3168 dieatur
843 3114 1086 3168 increata
1138 3112 1438 3179 divinitas,
1496 3125 1722 3183 propter
1787 3115 1932 3183 quod
1978 3112 2124 3167 enim

2230 3138 2358 3174 στου
2420 3120 2690 3187 θεότητος.
2744 3118 2881 3172 Καθ’
2910 3118 2937 3171 δ
2988 3118 3097 3188 γὰρ
3146 3116 3377 3169 ἕκαστον
3424 3114 3658 3166 ἑκάστου
3696 3110 3805 3165 τῶν

558 3208 845 3277 quodlibet
879 3223 908 3259 a
943 3206 1141 3275 quovis
1185 3205 1423 3261 aliorum
1473 3206 1720 3259 omnium
1767 3204 2121 3276 relinquitur,

559 3306 785 3369 propter
818 3296 872 3351 id
909 3297 1034 3352 aliis
1056 3297 1318 3352 omnibus
1347 3308 1433 3352 est
1467 3296 1648 3351 minus
1677 3296 1746 3350 ab
1777 3296 1954 3365 iisque
1994 3296 2127 3350 alie—

556 3406 715 3457 num,
746 3400 913 3461 atque
940 3405 1113 3444 unum
1166 3389 1393 3444 omnino
1443 3403 1564 3443 esse
1597 3388 1893 3443 essentiam
1928 3402 2126 3441 conce-

557 3486 710 3543 ditur
744 3492 800 3538 et
828 3491 1025 3539 natura
1056 3497 1243 3549 omne,
1271 3482 1419 3549 quod
1451 3481 1655 3537 dicitur
1686 3490 1988 3535 etvacatur
2019 3480 2128 3534 Deo

557 3575 956 3635 convenienter
987 3591 1016 3629 a
1047 3575 1202 3631 vobis
1252 3583 1309 3629 et
1335 3583 1419 3629 est
1458 3583 1513 3629 et
1559 3580 1678 3628 erat
1711 3581 1765 3627 et
1826 3571 1933 3625 erit
1968 3570 2128 3640 313

561 3672 703 3723 heus
728 3677 943 3739 potens,
980 3668 1187 3738 justus,
1221 3668 1522 3731 increatus,
1558 3666 1787 3728 veritas,
1837 3663 2127 3733 sapientia,

561 3764 751 3825 virtus,
781 3761 915 3824 vita,
946 3760 1155 3827 lumen,
1186 3757 1499 3822 ellicientia,
1520 3769 1576 3813 et
1600 3758 1821 3813 similia.

631 3852 790 3909 XXII.
816 3850 952 3906 Cum
987 3860 1170 3905 autem
1194 3852 1309 3905 suis
1342 3850 1516 3920 ipsius
1557 3849 1748 3919 verbis
1798 3858 1853 3902 et
1912 3846 2133 3916 scriptis

560 3946 680 4014 capi
715 3944 960 3999 Palamas
984 3959 1044 3998 sc
1065 3943 1277 3998 videret
1311 3942 1595 4007 continuo,
1630 3962 1648 3992 ι
1680 3940 1803 3995 Non
1840 3941 1893 3993 in
1922 3938 2129 4005 verbis,

560 4039 760 4106 inquit,
795 4051 973 4105 neque
1006 4036 1234 4091 omnino
1271 4037 1326 4089 in
1361 4034 1603 4104 scriptis,
1636 4037 1728 4088 sed
1761 4033 1815 4087 in
1850 4032 2014 4087 rebus
2035 4045 2132 4084 no-

560 4130 689 4183 stris
720 4130 893 4197 pietas
917 4128 1164 4182 cernitur
1199 4125 1501 4182 secundum
1533 4125 1838 4194 theologos.
1880 4143 1898 4175 ι
1931 4122 2135 4176 Paulu-

564 4221 675 4274 lum
730 4219 859 4274 dein
894 4229 1135 4273 moratus
1164 4217 1435 4288 Gregoras
1467 4235 1480 4271 :
1519 4216 1713 4277 «Proh,
1741 4215 1936 4284 inquit,
1956 4214 2137 4269 stulti-

566 4311 751 4364 tiam!»
784 4318 840 4362 et
868 4309 1178 4377 dCSpiciens
1214 4322 1343 4361 eum
1377 4320 1393 4359 τ
1432 4306 1604 4374 «Ergo
1636 4304 1881 4374 fugiebat
1903 4304 2135 4366 nos,in~

567 4406 709 4474 quit,
740 4412 792 4457 te
821 4417 944 4457 esse
965 4401 1179 4454 aurium
1210 4400 1529 4455 obtusarum
1568 4408 1623 4450 et
1663 4396 1888 4451 surdmn
1945 4404 1998 4449 et
2022 4410 2138 4449 om-

2227 3212 2403 3270 ἄλλων
2449 3212 2695 3265 λείπεται
2753 3210 2995 3276 πάντων,
3055 3209 3178 3262 κατ’
3232 3210 3411 3260 έκεῖνο
3458 3205 3567 3257 τῶν
3622 3203 3806 3256 ἄλλων

2228 3305 2485 3360 ἁπάντων
2537 3304 2843 3373 ὴλάττωταί
2896 3319 2956 3357 τε
3008 3302 3104 3356 καὶ
3158 3300 3540 3371 ἠλλοτρίωται.
3582 3296 3699 3350 Καὶ
3751 3294 3807 3348 ἓν

2228 3393 2367 3450 εἶναι
2401 3397 2619 3457 πάντως
2671 3394 2861 3448 οὐσίαν
2908 3395 3257 3464 ὁμολογεῖται
3303 3392 3397 3446 καὶ
3442 3391 3603 3459 φύσει
3638 3391 3753 3441 πᾶν
3780 3385 3807 3439 ὃ

2228 3485 2444 3555 λέγεται
2467 3487 2561 3540 καὶ
2582 3486 2906 3562 ὀνομάζεται
2929 3485 3251 3555 θεοπρεπῶς
3277 3486 3432 3556 ἡμῖν.
3452 3484 3545 3536 καὶ
3567 3482 3689 3535 ἔστι
3717 3481 3809 3534 καὶ

2229 3575 2297 3651 ἦν
2330 3579 2424 3630 καὶ
2448 3577 2622 3639 ἔσται,
2654 3576 2784 3640 Θεὸς
2814 3577 3051 3647 ἰσχυρὸς,
3082 3575 3309 3640 δίκαιος,
3351 3575 3627 3637 ἄκτιστος,
3676 3572 3811 3641 ὰλή·

2233 3672 2373 3735 θεια,
2417 3668 2598 3737 σοφία,
2633 3667 2886 3736 δύναμις,
2921 3668 3056 3739 ζωὴ,
3106 3666 3242 3736 φῶς,
3292 3666 3562 3736 ἐνέργεια,
3607 3664 3708 3715 καὶ
3740 3662 3810 3714 τὰ

2232 3758 2476 3814 τοιαῦτα.

2303 3850 2433 3907 ΚΒ’.
2474 3849 2651 3905 Ἐπεί
2680 3868 2745 3919 γε
2806 3850 2912 3921 μὴν
2942 3854 3005 3904 ὲκ
3053 3849 3162 3902 τῶν
3195 3849 3413 3901 οἰκείων
3453 3847 3721 3917 ῥημάτων
3749 3862 3810 3898 τε

2234 3947 2330 3999 καὶ
2389 3945 2737 4016 γραμμάτων
2787 3942 3143 4011 ἁλισκόμενον
3191 3943 3220 3994 ὁ
3278 3940 3541 4009 Παλαμᾶς
3608 3938 3809 3990 ἑαυτὸν

2236 4037 2386 4107 ἑώρα
2429 4037 2713 4106 διηνεκῶς,
2746 4055 2764 4087 ι
2822 4036 2938 4089 Οὐκ
2986 4036 3045 4087 ὲν
3075 4035 3306 4105 ῥήμασι,
3347 4051 3366 4084 ι
3421 4032 3607 4100 φησιν,
3641 4048 3661 4080 ι
3698 4027 3812 4082 οὐδ’

2238 4128 2427 4193 ἁπλῶς
2461 4131 2519 4182 ἐν
2566 4129 2916 4198 γράμμασιν,
2952 4126 3068 4179 ἀλλ’
3096 4129 3155 4180 έν
3199 4126 3527 4193 πράγμασιν
3568 4119 3734 4191 ἡμῶν
3779 4121 3813 4190 ἠ

2238 4220 2489 4275 εὐσέϐεια
2538 4221 2680 4275 κατὰ
2728 4221 2856 4284 τοὺς
2901 4220 3205 4287 θεολόγους.
3250 4236 3269 4269 ι
3303 4214 3515 4283 Μικρὸν
3558 4211 3653 4267 οὖν
3694 4216 3819 4266 ἐπι-

2240 4310 2384 4381 σχὼν
2413 4312 2440 4363 ὁ
2482 4310 2789 4379 Γρηγορᾶς,
2827 4327 2847 4359 ι
2895 4307 2994 4362 Ἰοὺ
3027 4308 3132 4373 iob,
3185 4324 3204 4356 ι
3260 4306 3416 4376 φησὶ,
3458 4321 3478 4355 ι
3512 4302 3613 4365 τῆς
3650 4302 3816 4353 ἀϐελ-

2238 4399 2454 4470 τηρίας.
2493 4418 2512 4450 ι
2551 4398 2663 4454 Καὶ
2691 4398 2896 4451 ἀπιδὼν
2928 4398 3063 4469 πρὸς
3094 4395 3274 4460 αὐτὸν,
3305 4412 3324 4446 ι
3359 4391 3490 4448 Εἶτα
3519 4390 3818 4452 ἐλάνθανες

570 4473 702 4553 nino
753 4495 1001 4564 ignarum
1071 4489 1387 4547 festivitatis
1434 4496 1488 4542 et
1540 4486 1923 4542 celebrationis
1965 4487 2126 4540 docta

2244 4493 2415 4563 ἡμᾶς,
2459 4510 2478 4544 ι
2515 4492 2671 4560 φησὶ,
2709 4508 2730 4543 ι
2784 4490 3125 4558 λασιόκωφός
3170 4504 3256 4550 τις
3308 4485 3384 4539 ὢν
3430 4483 3527 4538 καὶ
3579 4484 3816 4549 ἀνήκοος

569 4588 835 4640 librorum
869 4584 1205 4649 divinorum,
1239 4593 1293 4636 et
1317 4581 1609 4635 inserendo
1642 4588 1695 4634 et
1722 4577 2134 4648 tranSponeudo

561 4679 782 4733 aliunde
812 4677 945 4732 alibi
974 4684 1288 4746 pervertere
1322 4673 1628 4743 ignorantia
1658 4687 1877 4731 omnem
1911 4683 2136 4725 sensum

563 4781 617 4824 et
653 4786 816 4821 Otlllll:
857 4768 1144 4821 consilium
1179 4765 1496 4833 Scripturas.
1565 4763 1675 4816 lloc
1715 4763 1861 4816 enim
1908 4774 2136 4831 magnus

571 4879 620 4913 Ill
653 4860 922 4929 theologia
984 4858 1118 4914 dicit
1168 4858 1465 4926 Gregorius
1517 4870 1581 4910 ea
1637 4868 1757 4924 quae
1815 4869 1844 4907 a
1878 4852 2137 4921 Dionysio

566 4953 751 5007 divino
785 4951 931 5005 dicta
960 4943 1090 5004 sntit
1123 4950 1478 5014 conﬁrmans,
1522 4957 1676 5018 puto,
1726 4954 1782 5000 et
1826 4944 2136 5002 concedens

568 5048 680 5110 ipse
728 5056 783 5098 et
837 5042 1245 5114 quodammodo
1299 5042 1598 5097 adhortans
1653 5048 1714 5095 ut
1771 5052 1940 5109 pareo
1999 5052 2137 5106 quo-

568 5142 689 5191 dum
724 5138 885 5191 modo
921 5137 1212 5192 occasione
1244 5134 1308 5188 ad
1332 5150 1429 5191 eos
1484 5133 1759 5197 aﬂ‘abiles,
1791 5131 1883 5201 qui
1926 5130 1984 5185 in
2012 5145 2137 5185 sen-

572 5234 756 5284 lenitis
783 5238 835 5283 et
865 5228 1177 5298 cogaii'one
1212 5227 1321 5281 sint
1363 5226 1592 5294 diversi,
1655 5231 1886 5279 vocante
1918 5232 2138 5276 utamur
2168 5260 2177 5269 .

568 5338 737 5394 pauca
796 5322 1172 5387 indulgentius
1230 5317 1460 5372 diversis
1516 5314 1891 5372 accedentium
1969 5312 2135 5366 mori-

565 5418 670 5479 bus
699 5416 1006 5471 necessario
1041 5427 1436 5482 nonnunquam
1466 5429 1481 5465 :
1518 5411 1591 5465 ita
1616 5420 1675 5465 ut
1712 5410 1765 5464 in
1800 5410 1963 5463 rebus
2017 5422 2139 5477 gra-

565 5507 805 5564 vissimis
836 5507 960 5560 lidei
992 5504 1282 5562 consensio
1304 5504 1557 5574 quamvis
1595 5519 1705 5557 non
1735 5501 1915 5556 verbis
1941 5502 2134 5554 saltem

514 5632 517 5635 -
567 5600 993 5669 t-ogitationibus
1018 5610 1265 5653 servetur
1304 5606 1585 5652 constans.
1644 5595 1761 5661 Qua
1795 5593 1848 5647 in
1885 5610 1942 5646 re
1970 5591 2138 5646 licere

568 5694 645 5746 ait
667 5691 808 5745 banc
840 5691 923 5744 vel
951 5690 1096 5743 illaut
1130 5704 1317 5742 vocem
1365 5689 1527 5740 etiam
1585 5685 1705 5739 aliis
1759 5684 2031 5737 similibus
2082 5693 2140 5736 et

569 5783 1054 5857 sign'i‘teatiozibus
1090 5780 1365 5838 vocabulis
1421 5779 1698 5849 explicare
1746 5789 1958 5832 ratone
2026 5777 2135 5830 Deo

2241 4585 2334 4636 καὶ
2365 4582 2680 4637 παντάπασι
2715 4582 2814 4649 τῆς
2842 4581 2950 4633 τῶν
2973 4580 3132 4634 θείων
3163 4579 3395 4650 Γραφῶν
3422 4572 3820 4639 διδασκαλικῆς

2241 4676 2434 4745 ἑορτῆς
2464 4691 2520 4727 τε
2553 4676 2648 4726 καὶ
2695 4671 3083 4742 πανηγύρεως,
3112 4672 3208 4725 καὶ
3251 4666 3727 4739 μετεγκεντρίζων
3764 4666 3818 4727 ἐξ

2240 4768 2480 4835 ἀμαθίας
2515 4765 2737 4819 ἄλλοθεν
2785 4764 2968 4817 ἄλλοθι
3012 4765 3106 4815 τὸν
3135 4762 3353 4815 ἅπαντα
3391 4760 3517 4813 νοῦν
3559 4760 3658 4809 καὶ
3690 4773 3820 4807 σκο-

2240 4859 2341 4910 πὸν
2387 4855 2490 4926 τῆς
2535 4855 2788 4924 Γφαφῆς.
2822 4852 2994 4907 Τοῦτο
3041 4852 3152 4923 γάρ
3182 4852 3210 4903 ὁ
3246 4851 3419 4920 μέγας
3453 4850 3510 4901 ὲν
3557 4846 3819 4913 θεολογία

2242 4952 2441 5016 φάσκει
2485 4948 2808 5018 Γρηγὸριος,
2839 4947 2909 4999 τα
2951 4945 3214 5012 Διονυσίῳ
3261 4943 3337 5014 τῷ
3376 4940 3504 5010 θείῳ
3549 4939 3818 5007 λεχθέντα

2239 5039 2736 5107 διαϐεϐαιούμενος,
2771 5033 2945 5107 οἶμαι,
2990 5039 3086 5089 καὶ
3142 5034 3444 5105 συγχωρῶν
3498 5032 3595 5085 καὶ
3649 5030 3821 5090 αὐτὸς

2240 5134 2333 5186 καὶ
2382 5132 2545 5185 οἱονεὶ
2606 5130 3048 5201 προτρεπόμενος
3095 5126 3425 5195 οἰκονομικῷ
3474 5141 3582 5177 τινι
3621 5125 3819 5195 τρόπῳ

2239 5225 2432 5295 καιροῦ
2488 5223 2778 5287 καλοῦντος
2815 5223 2950 5294 πρὸς
3001 5223 3128 5284 τοὺς
3162 5222 3271 5274 τῶν
3305 5218 3580 5291 ὁμιλητῶν
3624 5216 3823 5286 διαφό-

2243 5336 2371 5387 ρους
2414 5318 2511 5380 τὰς
2561 5317 2784 5385 γνώμας
2817 5318 2911 5368 καὶ
2945 5316 3176 5384 γνώσεις
3220 5312 3545 5383 κεχρῆσθαι,
3580 5312 3674 5364 καὶ
3724 5328 3823 5379 μι..

2241 5410 2373 5481 κρὸν
2405 5408 2662 5461 ἐνδιδόναι
2688 5409 2797 5468 τοῖς
2827 5405 3106 5474 διαφόροις
3145 5404 3253 5457 τῶν
3284 5403 3621 5476 προσιόντων
3651 5398 3820 5470 ἡθεσι

2240 5499 2307 5554 δι’
2352 5499 2597 5563 ἀνάγκην
2646 5497 2837 5560 ἐνίοτε,
2867 5494 3006 5547 ὥστε
3043 5493 3142 5562 τὴν
3174 5495 3230 5544 ἐν
3273 5493 3385 5553 τοῖς
3440 5488 3674 5558 καιρίοις
3716 5487 3821 5552 τῆς

2243 5589 2483 5649 πίστεως
2512 5585 2820 5653 ὁμολογίαν.
2860 5584 2908 5635 εί
2940 5584 3031 5636 καὶ
3058 5582 3130 5653 μὴ
3161 5579 3391 5644 λέξεσιν,
3426 5578 3656 5657 ἁλλάλέ
3692 5576 3827 5637 ταῖς

2240 5683 2465 5741 ἐννοίαις
2480 5678 2838 5745 φυλάττεσθαι
2856 5674 3229 5743 ἀπαράϐατον.
3254 5671 3340 5724 Ἑν
3362 5666 3440 5731 οἷς
3461 5669 3660 5735 ὲξ;ίλαί
3678 5682 3828 5736 φησι

2240 5773 2398 5837 τήνδε
2428 5773 2459 5842 ἢ
2487 5770 2644 5842 τήνδε
2691 5772 2786 5840 τὴν
2812 5769 2952 5833 λέξιν
2990 5770 3081 5821 καὶ
3112 5766 3177 5820 δι’
3209 5765 3411 5837 ἐτέρων
3453 5763 3828 5836 ὁμοδυνάμων

3798 5935 3831 5951 ς
