3994 6204
486 361 591 419 279
618 354 621 359 ’

1677 348 2094 412 NICEPHORE
2130 347 2516 409 GREGORr‘E

3629 331 3735 396 280

487 467 661 520 vicem
682 463 847 536 316
877 463 1249 535 signiﬁcamus
1299 459 1614 516 nominibus
1647 459 1830 514 ductis
1872 475 1939 512 ex
1973 457 2058 511 di—

2190 459 2401 513 ’νωστδν
2447 460 2578 528 ἡμῖν
2624 456 2845 510 δύναται
2877 451 3122 520 γίνεσθαι
3171 445 3264 501 τοῦ
3323 444 3458 499 Θεοῦ
3505 444 3593 497 διὰ
3624 443 3734 496 τῶν

487 557 664 614 versis
698 555 1079 611 notationibus
1124 555 1439 609 necessario
1495 565 1722 623 propter
1769 567 1929 606 usum
1960 565 2058 602 no-

490 661 663 702 strum
688 648 1086 702 sententiarum
1115 646 1183 701 ad
1225 645 1647 701 similitudinem
1681 645 2057 700 formatarum.

490 738 610 792 Non
648 745 832 793 autem
869 739 989 793 sine
1017 736 1230 807 regula,
1264 745 1325 789 ut
1352 738 1552 808 cuique
1589 735 1839 790 voluntas
1869 747 2064 802 sugge-

496 830 594 895 rit,
627 830 733 884 hoc
759 829 1013 897 facimus,
1044 829 1141 885 sed
1175 830 1492 888 divinorum
1523 829 1746 885 Patrum
1782 827 2064 894 sequimur

494 915 770 994 dogmata,
829 922 940 976 imo
987 923 1151 979 etiam
1214 922 1430 992 litteras
1483 923 1760 977 fortuitas.
1818 918 2063 977 Primum

493 1013 638 1066 enim
704 1012 955 1067 Salvator
1015 1011 1069 1067 in
1126 1012 1438 1082 Evangeliis
1496 1023 1703 1077 monet,
1766 1024 1834 1064 ne
1871 1016 2065 1062 eonte-

493 1114 748 1154 rnnamus
799 1114 865 1154 ne
895 1100 1106 1170 apicem
1176 1101 1400 1170 quidem
1457 1103 1738 1170 iussorum
1760 1108 1816 1154 et
1839 1097 2066 1150 manda-

495 1203 677 1245 torum
704 1191 824 1260 ejus
860 1191 1172 1246 divinorum
1200 1209 1321 1263 qua:
1351 1193 1407 1247 in
1437 1191 1727 1261 Scriptura
1775 1189 2065 1260 reperiun-

495 1277 902 1346 tur:equidem
945 1279 1130 1334 nescio
1186 1290 1370 1334 utrum
1405 1296 1471 1335 ex
1508 1281 1629 1334 aliis
1674 1296 1782 1334 non
1808 1279 2067 1334 audivisti

494 1368 633 1435 liazr,
673 1380 729 1422 tu
811 1372 905 1440 qui
967 1374 1278 1429 versabaris
1335 1375 1478 1428 inter
1547 1373 1873 1443 episcopos,
1931 1371 2068 1441 proh

495 1461 782 1532 ineptiam!
835 1473 929 1519 aut
990 1481 1299 1536 quanquam
1364 1465 1666 1530 audivisti,
1729 1481 1841 1520 non
1909 1464 2072 1518 intel-

494 1552 700 1606 lexisti.
737 1555 946 1611 Deinde
1005 1558 1384 1628 theologorum
1417 1557 1676 1613 Ecclesia:
1720 1573 1959 1628 quorum
1993 1565 2070 1619 _tu

497 1645 849 1703 calumniaris
907 1649 1226 1715 sententias,
1275 1664 1504 1721 magnus
1584 1649 1676 1704 ille
1739 1649 1961 1720 quidem
2013 1647 2072 1701 in

500 1737 768 1808 theologia
846 1739 1182 1810 Gregorius:
1215 1759 1234 1793 ι
1275 1740 1384 1797 Vos
1442 1751 1646 1807 autem,
1703 1741 1899 1812 inquit,
1943 1741 2070 1796 licet

497 1830 663 1885 etiam
695 1832 748 1884 in
778 1831 1006 1888 fortuito
1040 1835 1196 1909 apice
1225 1845 1321 1890 aut
1348 1835 1550 1893 litteris
1581 1837 1809 1905 spiritus
1836 1850 2068 1890 accura-

498 1921 702 1977 tionem
729 1923 1072 1990 adhibentes,
1128 1942 1408 1997 nunquam
1451 1929 1665 1997 capturi
1692 1942 1885 1984 sumus
1922 1945 1935 1980 :
1977 1942 2073 1980 ne-

497 2031 604 2086 que
635 2017 780 2071 enim
813 2025 896 2072 est
922 2018 1156 2088 justum,
1188 2018 1443 2074 minimas
1489 2035 1709 2094 quoque
1741 2033 1829 2073 res
1865 2027 2074 2073 temere

498 2111 722 2165 tractari
751 2126 778 2164 a
810 2111 1209 2182 scriptoribus,
1247 2121 1304 2169 et
1354 2128 1529 2184 usque
1583 2112 1648 2167 ad
1704 2113 1810 2166 hoc
1860 2122 2076 2179 tempus

499 2203 764 2257 memoria
786 2205 1020 2269 servari,
1049 2205 1243 2263 saltem
1267 2213 1327 2260 ut
1381 2205 1682 2259 habeamus
1737 2201 2078 2257 recordatio-

501 2308 628 2348 nem
660 2304 715 2349 et
742 2295 1145 2355 institutionem
1180 2297 1595 2354 deliberationis
1613 2295 2078 2359 similium,ocw-

502 2383 656 2438 sione
680 2385 828 2452 data,
883 2389 956 2449 ita
994 2397 1055 2443 ut
1091 2388 1208 2444 hinc
1251 2387 1542 2460 fugiamus,
1601 2387 1692 2441 illa
1723 2387 2076 2456 praeferamus

504 2485 766 2545 tanquam
810 2481 1026 2548 regulas
1075 2490 1131 2535 et
1185 2491 1472 2552 prototypa
1543 2481 1720 2538 secuti
1775 2479 2077 2549 praecuntia

503 2566 1038 2639 exempla.»Magnus
1066 2581 1247 2626 autem
1274 2571 1530 2635 Basilius,
1565 2569 1844 2640 «Oportet,
1874 2568 2077 2638 inquit,

503 2674 654 2724 eum,
691 2659 784 2728 qui
816 2668 943 2715 ante
958 2661 1151 2717 oculos
1175 2659 1342 2716 habet
1372 2661 1865 2730 Christijudicium
1897 2674 2079 2730 neque

505 2757 720 2823 ignarat
750 2762 1017 2823 quantum
1083 2755 1398 2826 periculum
1427 2755 1589 2826 317
1615 2755 1688 2810 sit
1721 2756 1778 2809 in
1809 2752 2081 2809 demendo

505 2847 712 2917 aliquid
747 2857 843 2903 aut
872 2849 1125 2903 addendo
1159 2848 1228 2902 iis
1255 2864 1375 2917 qua:
1399 2863 1428 2901 a
1456 2847 1668 2918 Spiritu
1701 2845 1898 2900 tradita
1927 2852 2081 2909 sunt,

506 2954 616 3000 non
643 2954 708 2992 ex
730 2951 789 2993 se
811 2939 1032 2993 studere
1064 2953 1152 2992 res
1184 2952 1355 2992 novas
1377 2937 1578 3000 moliri,
1596 2936 1693 2992 sed
1725 2936 1780 2990 in
1811 2936 1878 2990 iis
1901 2951 2022 3006 qum
2052 2950 2084 2989 a

507 3029 715 3084 sanctis
749 3029 998 3082 nuntiata
1022 3037 1152 3082 sunt
1175 3027 1546 3097 acquiescere.
1581 3046 1601 3080 ι
1651 3026 2084 3097 Chrysostomus

507 3128 692 3180 autem
713 3118 966 3172 similiter
989 3126 1045 3172 et
1073 3117 1213 3187 ipse,
1231 3119 1320 3173 «In
1345 3117 1571 3184 divinis,
1603 3118 1804 3188 inquit,
1831 3118 2085 3188 Scriptu-

512 3209 590 3264 ris
610 3224 778 3262 unum
807 3210 916 3264 iota
948 3218 1044 3268 aut
1076 3226 1246 3264 unum
1278 3212 1490 3280 apicem
1545 3210 1844 3282 negligere,
1879 3225 1988 3266 non
2021 3209 2082 3267 fit

512 3302 733 3370 impune
757 3317 772 3366 ;
794 3301 868 3356 ita
902 3309 961 3356 ut
994 3301 1177 3359 omnia
1215 3304 1495 3372 inquirere
1529 3302 1880 3358 debeamus.)
1913 3302 2084 3360 Audi-

510 3392 875 3463 vistilautem,
907 3395 1124 3465 Opinor.
1155 3396 1318 3466 paulo
1362 3406 1524 3453 antea
1553 3397 1643 3452 bic
1677 3397 1842 3452 etiam
1874 3411 1937 3451 ea
1962 3412 2084 3466 qua:

510 3480 807 3556 Gregorius
839 3487 1119 3560 Nyssenus
1153 3488 1360 3545 alicubi
1392 3489 1525 3544 dicit
1560 3507 1573 3543 :
1607 3510 1624 3542 ι
1661 3489 1928 3555 Quoniam
1959 3504 2084 3545 cum

515 3594 682 3634 carne
713 3580 1083 3638 circumclusa
1137 3592 1334 3636 natura
1389 3591 1575 3637 nostra
1630 3583 1968 3640 circumdata
2017 3583 2090 3638 sit

517 3672 790 3734 motiones
825 3681 1028 3730 nostrae
1058 3675 1258 3730 mentis
1288 3689 1398 3729 non
1424 3675 1960 3744 possuntdeclarari,
1994 3690 2092 3728 ne-

411 3795 424 3798 -
499 3760 762 3826 .ceSSario
806 3777 1064 3838 tanquam
1115 3766 1267 3833 signa
1339 3769 1506 3822 rebus
1553 3781 1732 3823 certas
1805 3768 2090 3823 nominum

517 3855 944 3926 compositiones
978 3859 1343 3929 imponentes,
1419 3859 1528 3916 illis
1569 3860 1770 3914 mentis
1811 3861 2094 3923 motiones

519 3946 1103 4002 nobiscuminvicem
1153 3949 1630 4004 communicamus
1667 3965 1682 4016 ;
1717 3959 1770 4005 et
1818 3949 1959 4003 hanc
2019 3949 2092 4004 ob

522 4053 636 4092 rem
662 4038 758 4092 alii
793 4038 872 4092 rei
903 4055 1104 4097 nomen
1147 4040 1483 4110 imponimus
1537 4042 1687 4106 cceli,
1761 4042 1852 4096 alii
1893 4057 2094 4097 nomen

524 4138 726 4183 terrae:
761 4129 854 4184 alii
887 4130 1058 4197 aliud,
1113 4140 1172 4186 et
1218 4133 1414 4190 referri
1467 4133 1535 4187 ad
1589 4133 1799 4203 aliquid
1848 4132 2096 4200 autem-

526 4232 651 4272 cere
695 4228 791 4272 aut
839 4219 1004 4285 allici,
1057 4222 1174 4276 haec
1199 4224 1385 4277 omnia
1438 4225 1678 4294 propriis
1725 4225 2100 4292 significamus

525 4308 812 4365 vocabulis
837 4327 848 4362 :
872 4325 940 4364 ne
963 4312 1300 4379 incomperta
1324 4323 1380 4367 et
1410 4315 1685 4382 incognita
1711 4317 1914 4370 mentis
1960 4317 2103 4370 actio

529 4401 585 4454 in
610 4401 768 4454 nobis
807 4413 1080 4455 maneat.»
1121 4402 1431 4458 Priesertim
1457 4420 1582 4459 cum
1603 4406 1784 4462 omnis
1813 4407 2097 4461 hominum

2160 552 2504 622 φαινομένων
2555 547 2718 604 αὐτοῦ
2759 547 2854 600 καὶ⁴
2884 543 3272 612 πεποιημένων
3318 536 3610 607 ἐνεργειῶν
3639 535 3737 588 καὶ

2161 643 2464 712 δυνάμεων,
2519 642 2677 695 τοῦτο
2742 641 2854 702 τοῖς
2900 639 2964 690 ἐκ
3023 634 3296 705 διαφόρων
3363 627 3733 699 ἐτυμολογιῶν

2162 739 2421 807 ὀνόμασιν
2462 734 2710 806 ἀλλήλοις
2761 728 3236 801 ἐπισημαινόμεθα
3284 728 3404 788 ταῖς
3435 721 3735 790 γνωμικαῖς

2165 831 2227 895 ἐξ
2261 828 2507 896 ἀνάγκης
2537 826 2694 896 ἡμῶν
2727 825 2868 877 κατά
2909 823 2972 876 τὸ
3027 821 3292 877 ἀνάλογον
3349 817 3586 888 χρείαις,
3635 811 3737 864 οὐκ

2166 924 2417 984 ἀτάκτως
2445 921 2526 984 δέ,
2551 920 2646 975 καὶ
2674 920 2750 984 ὡς
2789 919 3006 988 ἑκάστῳ
3025 918 3093 970 τὰ
3127 918 3226 986 τῆς
3260 911 3570 983 βουλήσεως
3601 906 3741 957 ὐπο-

2165 1016 2375 1086 τίθησι,
2435 1013 2696 1084 δρῶντες,
2743 1011 2879 1064 ἀλλά
2925 1011 3041 1066 τοῖς
3095 1006 3203 1058 τῶν
3271 1001 3430 1056 θείων
3481 998 3744 1065 ΙΙατέρων

2169 1108 2426 1178 ἑπόμενοι
2484 1108 2752 1174 δόγμασιν
2799 1104 2929 1172 ἄχρι
2963 1101 3059 1153 καί⁵
3105 1099 3208 1163 τῆς
3256 1093 3528 1164 τυχούσης
3560 1105 3747 1158 γραμο

2173 1200 2304 1272 μῆς.
2342 1199 2566 1269 Πρῶτον
2622 1197 2719 1266 μὲν
2786 1195 2896 1264 γάρ
2947 1193 2975 1245 ὁ
3029 1188 3222 1259 Σωτὴρ
3268 1189 3325 1240 ἐν
3389 1181 3745 1249 Εύαγγελίοις

2175 1295 2443 1365 μηδεμιᾶς
2499 1290 2866 1360 καταφρονεῖν
2930 1286 3191 1355 παραινεῖ
3253 1279 3482 1349 κεραίας
3535 1274 3647 1326 τῶν
3679 1275 3747 1324 ἓν

2171 1391 2468 1458 γράμμασι
2494 1385 2654 1436 θείων
2681 1382 2846 1434 αὐτοῦ
2884 1374 3330 1448 προσταγμάτων
3363 1370 3456 1422 καὶ
3489 1366 3746 1420 ἐντολῶνο

2171 1456 2248 1532 ῶν
2285 1480 2385 1530 οὐκ
2427 1470 2524 1528 οἶδ’
2563 1474 2852 1541 ὁπότερον⁸
2885 1471 2916 1539 ἦ
2951 1470 3060 1536 γὰρ
3089 1467 3189 1519 οὐκ
3232 1464 3476 1531 ἀκήκοας
3517 1458 3620 1522 ἔτι,
3653 1456 3751 1509 καὶ

2171 1569 2325 1624 ταῦτ’
2364 1571 2421 1622 ἐν
2460 1567 2782 1628 ἐπισκόποις
2817 1562 2941 1629 (ζεῦ
2996 1561 3097 1628 τῆς
3159 1555 3446 1621 άτοπίαςί)
3490 1551 3682 1612 τελῶν,
3713 1545 3752 1617 ἢ

2173 1663 2414 1725 ἀκούσας
2436 1660 2538 1713 ούκ
2563 1658 2752 1730 ᾕεοου.
2786 1653 2998 1708 Ἔπειθ’
3037 1647 3111 1706 ὧν
3134 1650 3297 1710 αὐτὸς
3325 1644 3628 1705 διαϐάλλεις
3655 1641 3752 1692 τδν

2175 1751 2301 1805 νοῦν
2354 1749 2622 1813 θεολόγων
2667 1747 2768 1814 τῆς
2817 1742 3146 1810 Ἐκκλησίας
3203 1735 3436 1805 ἀνδρῶν,
3467 1736 3495 1787 ὁ
3553 1732 3651 1800 μὲν
3691 1731 3755 1780 ἐν

2175 1839 2426 1909 θεολογίᾳ
2482 1838 2652 1906 μέγας
2705 1834 3028 1903 Γρηγόριος,
3070 1849 3088 1880 ι
3137 1828 3328 1895 Ἡμεῖς
3365 1824 3443 1883 δὲ,
3489 1840 3508 1873 ι
3563 1820 3754 1890 φησὶν,

2183 1954 2201 1986 ι
2234 1937 2280 1986 εί
2324 1933 2418 1986 καὶ
2483 1931 2643 2001 μέχρι
2689 1929 2786 1993 τῆς
2833 1923 3102 1995 τυχούσης
3136 1921 3370 1984 κεραίας
3413 1917 3445 1985 ἢ
3484 1912 3758 1985 γραμμῆς

2174 2027 2268 2079 τοῦ
2336 2023 2651 2090 πνεύματος
2698 2020 2797 2088 τὴν
2865 2018 3156 2085 ἀκρίϐειαν
3210 2014 3490 2076 ἕλκοντες,
3551 2006 3760 2060 οὔποτε

2176 2117 2442 2189 δεξόμεθα
2475 2115 2556 2186 (ού
2590 2115 2698 2184 γὰρ
2728 2112 2896 2179 ὅσιον)
2927 2110 3050 2164 οὐδὲ
3075 2112 3174 2170 τὰς
3210 2106 3495 2176 ἐλαχίστας
3525 2099 3761 2170 πράξεις

2178 2215 2302 2281 είκῇ
2341 2209 2744 2275 σπουδασθῆναι
2774 2207 2886 2266 τοῖς
2918 2202 3270 2271 ἀναγράψασι
3315 2199 3414 2253 καὶ
3467 2197 3627 2266 μέχρι
3656 2189 3762 2244 τοῦ

2183 2304 2454 2374 παρόντος
2489 2301 2682 2370 μνήμῃ
2711 2297 3066 2366 διασωθῆναι,
3091 2290 3205 2346 ἀλλ’
3235 2291 3303 2344 ἵν’
3337 2290 3496 2359 ἡμεῖς
3541 2287 3765 2355 ἔχωμεν

2183 2398 2554 2464 ὑπομνήματα
2607 2393 2703 2444 καὶ
2748 2389 3094 2458 παιδεύματα
3144 2386 3242 2452 τῆς
3309 2384 3416 2437 τῶν
3461 2379 3664 2449 ὁμοίων
3706 2377 3768 2428 et

2185 2506 2317 2542 ποτε
2361 2485 2632 2555 συμπέσοι
2688 2482 2880 2552 καιρὸς
2937 2477 3300 2544 διασκέςιεως,
3337 2473 3478 2527 ὥστε
3528 2469 3596 2523 τὰ
3657 2469 3764 2536 μὲν

2183 2581 2430 2652 φεύγειν,
2461 2579 2530 2631 τὰ
2583 2577 2638 2630 δὲ
2699 2574 2995 2644 αἱρεῖσθαι,
3025 2567 3137 2625 οἷον
3192 2570 3380 2624 κανόσι
3427 2566 3523 2620 καὶ
3565 2563 3764 2624 τύποις

2182 2678 2294 2738 τοῖς
2332 2670 2696 2743 προλαϐοῦσιν
2727 2669 2984 2738 ἑπόμενοι
3038 2663 3503 2733 παραδείγμασιν.
3547 2677 3564 2709 ι
3612 2657 3671 2709 Ὀ
3703 2655 3763 2707 δὲ

2190 2770 2363 2839 μέγας
2395 2765 2696 2830 Βασίλειος,
2736 2779 2755 2813 ι
2789 2763 2929 2828 Χρὴ,
2982 2779 3000 2811 ι
3053 2757 3209 2828 φησὶ,
3244 2774 3262 2807 ι
3298 2756 3387 2808 τὸν
3428 2753 3533 2820 πρὸ
3561 2747 3766 2816 ὀφθαλ-

2191 2862 2306 2932 μῶν
2337 2860 2530 2930 ἐχοντα
2553 2857 2613 2909 τδ
2647 2853 2740 2907 τοῦ
2773 2850 3012 2920 Χριστοῦ
3040 2848 3413 2917 δικαστήριον,
3443 2846 3536 2894 καὶ
3581 2841 3761 2893 εἰδότα

2187 2955 2310 3013 ὅσος
2346 2952 2374 3004 ὁ
2402 2951 2645 3009 κίνδυνος
2680 2947 2897 3012 ἀφελεῖν
2927 2961 2979 2995 τι
3009 2942 3042 3011 ἢ
3079 2941 3396 3010 προσθεῖναι
3442 2938 3551 2996 τοῖς
3583 2950 3762 3000 παρα-

2188 3043 2492 3113 δεδομένοις
2541 3039 2646 3094 ὑπὸ
2696 3036 2790 3090 τοῦ
2839 3035 3184 3103 ΙΙνεύματος,
3240 3032 3315 3100 μὴ
3372 3027 3505 3095 παρ’
3564 3022 3761 3077 ἐαυτοῦ

2109 3143 2156 3206 C
2189 3131 2591 3207 φιλοτιμεῖσθαι
2661 3128 3030 3195 καινοτομεῖν,
3083 3122 3220 3176 ἀλλά
3277 3121 3389 3180 τοῖς
3443 3130 3764 3185 προκατηγ-

2192 3206 2475 3301 γελμένοις
2525 3225 2676 3294 παρά
2732 3223 2840 3275 τῶν
2887 3218 3056 3287 ἁγίων
3111 3214 3501 3285 ὲφησυχάζειν.
3552 3227 3569 3258 ι
3615 3207 3675 3259 '0
3709 3206 3766 3301 δὲ

2192 3300 2290 3394 τὴν
2319 3321 2567 3392 γλῶτταν
2596 3315 2832 3387 χρυσοῦς
2857 3314 2952 3366 καὶ
2986 3311 3151 3372 αὐτὸς
3184 3307 3407 3378 ὁμοίως,
3449 3323 3468 3356 ι
3519 3302 3610 3354 Ἐν
3644 3300 3765 3359 ταῖς

2196 3392 2393 3479 θείαις,
2431 3434 2449 3466 ι
2484 3412 2642 3482 φησι,
2679 3429 2697 3461 ι
2730 3409 2972 3474 Γραφαῖς
3005 3403 3139 3458 ἰῶτα
3180 3401 3237 3453 ἓν
3282 3399 3313 3470 ἢ
3359 3394 3587 3463 κεραίαν
3634 3392 3763 3460 μίαν

2197 3506 2576 3578 παραδραμεῖν
2602 3504 2700 3554 ούκ
2726 3499 2986 3568 ἀζήμιον,
3015 3495 3154 3548 ὥστε
3185 3492 3362 3544 πάντα
3383 3483 3764 3555 διερευνᾶσθαι

2197 3573 2329 3669 χρη.
2457 3595 2734 3663 Ἀκὴκοας
2776 3592 2822 3642 δ’
2878 3585 3032 3657 οἶμαι
3096 3585 3200 3654 πρὸ
3255 3581 3478 3653 βραχέος
3531 3573 3768 3630 ἐνταῦθα

2197 3692 2293 3745 καὶ
2319 3686 2624 3759 Γρηγορίου
2662 3683 2757 3736 τοῦ
2787 3681 3029 3749 Νύσσης,
3069 3697 3088 3729 ι
3134 3675 3232 3728 Διά
3267 3675 3324 3727 τδ
3354 3675 3420 3741 τῇ
3456 3669 3709 3739 σαρκίνῃ,
3743 3683 3762 3714 ι

2202 3781 2532 3852 φάσκοντος,
2568 3795 2586 3827 ι
2641 3771 2906 3844 περιϐολῇ
2946 3771 3044 3840 τὴν
3077 3770 3238 3838 φύσιν
3268 3765 3428 3835 ἡμῶν
3455 3759 3772 3832 περιείργε-

2205 3879 2330 3934 οθαι
2353 3873 2735 3946 φανερωθῆναι
2763 3869 2870 3922 τῶν
2904 3866 3189 3936 ἡμετέρων
3213 3862 3305 3916 τοῦ
3335 3860 3427 3914 νοῦ
3455 3855 3774 3925 κινημάτων

2206 3972 2283 4042 μὴ
2338 3966 2676 4036 δυναμένων,
2705 3959 3024 4028 ἀναγκαίως
3086 3955 3351 4042 καθάπερ
3381 3950 3604 4042 Δσημεῖα
3645 3947 3774 4042 τοῖς

2205 4030 2499 4128 πράγμασι
2547 4053 2646 4113 τὰς
2678 4049 2836 4110 ποιὰς
2878 4045 2986 4098 τῶν
3017 4030 3304 4109 ὀνομάτων
3333 4038 3513 4100 θέσεις
3530 4030 3779 4128 Erat-6a)-

2202 4120 2412 4206 λοντες,
2439 4140 2510 4194 δι’
2545 4138 2769 4192 ἐκείνων
2801 4135 2899 4194 τὰς
2946 4131 3043 4186 τοῦ
3080 4130 3172 4184 νοῦ
3226 4128 3472 4198 κινήσεις
3519 4120 3778 4190 ἀλλήλοις

2205 4233 2606 4306 δημοσιεύομεν
2635 4247 2649 4262 ·
2707 4224 2801 4282 καὶ
2838 4225 3031 4279 τούτου
3074 4223 3236 4293 χάριν
3288 4219 3365 4288 τῷ
3397 4216 3493 4287 μέν
3527 4230 3633 4266 τινι
3668 4211 3780 4264 τῶν

2207 4305 2378 4380 ὅντων
2443 4324 2615 4392 ὄνομα
2692 4319 2926 4390 οὐρανὸν
3004 4312 3262 4384 ἐθέμεθα,
3315 4309 3491 4378 ἑτέρῳ
3547 4306 3604 4358 δὲ
3672 4305 3780 4372 γῆν

2213 4421 2275 4492 [ί.
2311 4417 2410 4472 H7
2448 4414 2523 4487 tu]
2551 4415 2646 4468 καὶ
2696 4413 2841 4481 ἄλλῳ
2875 4411 3002 4464 ἄλλο
3035 4425 3109 4461 τι.
3144 4404 3255 4460 Καὶ
3299 4402 3358 4454 τὸ
3394 4400 3532 4492 πρός
3566 4415 3618 4450 τι
3660 4396 3782 4492 πῶς

527 4490 638 4544 vita
665 4499 859 4544 natura
889 4500 944 4546 ct
977 4493 1182 4561 regulis
1220 4493 1515 4550 verborum
1569 4507 1624 4551 et
1650 4496 1962 4552 litterarum
1995 4498 2085 4552 dis-

2211 4485 2358 4577 ἐχειν
2418 4505 2451 4574 ἢ
2514 4485 2575 4555 τὸ
2625 4503 2869 4570 ἐνεργεῖν
2917 4497 2949 4568 ἢ
2987 4496 3048 4549 τὸ
3091 4497 3344 4562 πάσχειν,
3377 4488 3552 4544 ταῦτα
3602 4485 3782 4577 πάντα

528 4592 768 4654 ponatur
805 4593 860 4641 et
917 4584 1567 4660 administreturzatque
1626 4598 1826 4644 natura
1880 4589 2099 4659 quidem

529 4676 649 4740 sine
677 4677 872 4733 ordine
905 4686 990 4736 est
1013 4687 1067 4732 et
1115 4695 1307 4734 norma
1340 4680 1470 4738 :lex
1511 4690 1695 4738 autem
1728 4682 1986 4751 rhythmo
2018 4688 2106 4735 est

531 4767 757 4840 praedita
787 4761 1061 4824 et'ordine
1095 4780 1151 4826 et
1194 4787 1382 4829 norma
1427 4771 1473 4826 si
1503 4780 1670 4826 temet
1695 4772 1869 4826 secuti
1899 4780 2108 4827 statua-

533 4874 656 4918 mus
682 4858 972 4923 verborum
1010 4871 1065 4916 et
1099 4863 1411 4919 litterarum
1440 4865 1550 4917 vim
1587 4864 1794 4920 nullius
1837 4865 2102 4919 momenti

532 4966 674 5018 esse,
703 4953 890 5014 statim
919 4955 1083 5015 simul
1118 4965 1284 5026 atque
1317 4955 1580 5011 obtusum
1625 4967 1683 5012 et
1710 4972 1910 5011 vanum
1970 4973 2107 5026 prac-

533 5047 756 5101 buimus
777 5045 881 5102 hoc
909 5058 1166 5106 ornatum
1196 5058 1252 5103 ct
1279 5050 1602 5106 admirabile
1629 5067 1768 5122 opus
1799 5051 1966 5123 318
1986 5050 2105 5114 Dei,

535 5139 753 5194 brutam
791 5139 954 5200 nobis
983 5140 1282 5198 efﬁciemus
1333 5142 1679 5200 vitam.Tum
1705 5144 1854 5198 enim
1887 5143 2104 5198 eflluent

537 5231 1022 5303 inperversionem
1056 5241 1112 5290 et
1155 5235 1514 5296 mutationem
1568 5238 1779 5292 ratione
1825 5245 2106 5290 carentem

538 5330 595 5376 et
627 5323 892 5392 impetum
937 5341 1050 5379 non
1081 5326 1444 5396 gubernatum
1479 5328 1664 5383 omnia
1710 5336 1767 5383 et
1815 5342 1951 5383 usus
1982 5326 2109 5379 vitae

538 5413 720 5469 omnis
745 5415 921 5470 abibit
953 5417 1022 5474 ad
1053 5418 1280 5474 multam
1315 5419 1646 5478 dementiam
1695 5429 1750 5475 et
1791 5419 2062 5473 insaniam
2093 5435 2107 5472 :

541 5513 651 5559 tam
678 5507 943 5561 attonitus
998 5518 1053 5563 et
1084 5520 1265 5565 mente
1297 5521 1492 5582 captus
1525 5522 1698 5576 esset,
1727 5526 1908 5580 neque
1943 5523 2111 5563 sanus

542 5611 699 5664 tuque
726 5607 780 5649 et
809 5597 902 5665 qui
944 5599 1071 5654 talia
1120 5602 1318 5657 suadet
1373 5615 1430 5658 et
1485 5604 1578 5672 qui
1635 5604 1739 5656 hoc
1787 5615 2108 5670 persuasum

544 5686 650 5740 sibi
679 5702 800 5743 esse
855 5689 988 5746 dicit
1023 5709 1036 5747 :
1074 5696 1248 5748 multo
1276 5694 1520 5764 profecto
1550 5695 1746 5750 fuisset
1777 5694 1872 5748 tibi
1900 5692 2114 5762 sapien-

550 5774 659 5842 tius
686 5777 891 5839 dictum
921 5789 1098 5856 tuum,
1132 5785 1179 5844 si
1210 5786 1315 5843 tuis
1347 5787 1480 5845 solis
1509 5785 1692 5844 verbis
1716 5794 1774 5841 ct
1799 5783 1999 5839 litteris
2028 5797 2115 5840 es-

2213 4574 2546 4658 ίδιαζούσαις
2581 4585 3058 4659 ἐπισημαινόμεθα
3087 4581 3205 4646 ταῖς
3237 4581 3467 4650 φωναῖς,
3495 4577 3570 4638 ὡς
3613 4576 3680 4628 ἂν
3708 4574 3786 4643 μὴ

2209 4679 2577 4750 ἀκοινώνητος
2603 4695 2663 4731 τε
2689 4677 2785 4730 καὶ
2823 4675 3100 4742 ἄγνωστος
3132 4671 3165 4739 ἡ
3201 4669 3294 4722 τοῦ
3343 4667 3434 4721 νοῦ
3476 4666 3693 4734 κίνησις
3727 4663 3784 4713 ἐν

2212 4773 2344 4843 ἡμῖν
2389 4769 2560 4840 μένοι.
2603 4786 2622 4819 ι
2662 4765 2871 4828 ’Δλλως
2895 4780 2950 4817 τε
2977 4763 3070 4816 καὶ
3101 4761 3403 4828 ἐπειδήπερ
3439 4757 3584 4815 ἆπας
3615 4755 3644 4806 ὀ
3675 4753 3786 4804 τῶν

2213 4861 2519 4931 ἀνθρώπων
2548 4857 2662 4929 βίος
2698 4855 2860 4924 φύσει
2894 4853 2987 4905 καὶ
3015 4853 3201 4918 νόμοις
3249 4851 3360 4910 τοῖς
3394 4847 3482 4900 διὰ
3515 4843 3784 4916 ῥημάτων

2212 4972 2272 5008 τε
2308 4953 2398 5005 καὶ
2431 4947 2780 5021 γραμμάτων
2813 4946 3181 5012 οἰκονομεῖται
3217 4942 3312 4993 καὶ⁸
3341 4941 3652 5002 διοικεῖται,
3691 4935 3786 4987 καὶ

2213 5048 2248 5116 ἡ
2275 5045 2374 5116 μὲν
2404 5041 2565 5110 φύσις
2597 5039 2832 5093 ἄτακτον
2864 5035 2958 5089 καὶ
3001 5034 3312 5104 ἀνώμαλον,
3343 5033 3370 5083 ὁ
3407 5031 3464 5083 δὲ
3502 5029 3662 5098 νόμος
3697 5026 3786 5079 εῦ-

2217 5137 2423 5209 ρυθμόν
2479 5149 2537 5186 τε
2597 5132 2692 5185 καὶ
2743 5127 3080 5196 τεταγμένον
3142 5128 3236 5180 καὶ⁵
3301 5123 3534 5194 ὁμαλὸν,
3591 5123 3642 5173 εί
3701 5119 3786 5172 σοὶ

2215 5226 2531 5286 πεισθέντες
2584 5223 2888 5291 ἀπρακτεῖν
2922 5220 3191 5289 ἐάσαιμεν
3229 5219 3330 5287 τὴν
3364 5216 3474 5270 τῶν
3523 5214 3786 5286 ῥημάτων

2216 5320 2311 5373 καὶ
2357 5316 2707 5386 γραμμάτων
2739 5314 2992 5381 δύναμιν,
3028 5312 3129 5366 οὐκ
3168 5310 3234 5364 ἂν
3269 5309 3571 5378 φθάνοιμεν
3603 5304 3787 5372 κωφὸν

2220 5412 2314 5466 καὶ
2344 5409 2572 5479 μάταιον
2627 5405 3043 5468 ἀποδεικνύντες
3090 5404 3188 5475 τὴν
3239 5401 3532 5470 ὲγκόσμιον
3581 5397 3789 5465 ταύτην

2220 5503 2313 5555 καὶ
2381 5501 2692 5567 θαυμασίαν
2753 5497 2971 5568 ποίησιν
3035 5497 3131 5547 τοῦ
3197 5493 3334 5549 Θεοῦ
3392 5492 3487 5545 καὶ
3542 5490 3786 5559 θηριώδη

2218 5592 2451 5662 δρῶντες
2494 5591 2584 5642 τὸν
2620 5589 2754 5659 βίον.
2805 5589 2878 5641 Τὸ
2908 5589 3018 5659 γὰρ
3059 5585 3305 5640 ἐντεῦθεν
3355 5586 3620 5655 ρυήσεται
3652 5583 3790 5650 πρὸς

2221 5681 2524 5755 μεταϐολὴν
2571 5681 2665 5733 καὶ
2711 5679 2999 5734 ἀλλοίωσιν
3042 5679 3235 5748 ἄλογον
3268 5677 3431 5739 εὐθὺς
3481 5676 3574 5729 καὶ
3612 5675 3792 5743 φορὰν

2223 5777 2593 5849 ἀκυϐέρνητον
2649 5774 2887 5841 ἅπαντα,
2937 5770 3032 5826 καὶ
3082 5770 3242 5841 χρεία
3304 5769 3418 5839 βίου
3469 5764 3667 5828 παντὸς
3706 5763 3790 5820 οι·
