3994 6204
282 340 384 403 281

1257 355 1702 418 BYZANTINZE
1741 359 2133 420 HISTORI/‘E
2162 361 2308 420 LIB.
2341 363 2526 426 XXX.

3426 357 3533 420 232

283 457 529 556 ζήσεται,
559 463 697 532 πρὸς
745 466 804 518 τὸ
858 468 1000 537 μάλα
1057 471 1313 541 ἀνόνητον
1342 475 1438 527 καὶ
1485 475 1638 529 οὐδὲν
1679 476 1852 544 ὑγιές.

1967 485 2083 532 seta
2128 490 2178 534 te
2203 480 2698 550 circumscriptum.
2733 479 2829 535 Ilis
2854 479 2999 556 enim
3030 475 3160 532 solis
3186 473 3347 528 hodie
3369 473 3546 529 abst?-

284 547 477 613 οὕτως
515 554 879 628 ἐμϐρόντητος
913 567 1006 614 καὶ
1035 565 1330 632 παραπλήξ
1363 566 1460 636 τὴν
1493 567 1736 620 διάνοιαν
1771 567 1858 636 είη

281 637 352 688 ἂν
383 641 479 692 καὶ
513 643 666 698 οὐδὲν
707 647 862 714 ὑγιὲς
916 653 1119 719 ὁμοίως
1157 655 1184 707 ὅ
1232 673 1291 707 τε
1343 657 1515 709 τοιαδὶ
1569 657 1857 728 παραινῶν

284 730 385 781 καὶ
429 733 457 784 ὁ
485 739 778 792 πεπεῖσθαι
817 743 1013 798 δοκῶν.
1053 746 1240 815 Πολλῷ
1271 747 1420 816 μέντ’
1450 750 1516 801 ἂν
1545 744 1614 820 ἦν
1649 765 1734 802 σοι
1767 766 1858 802 σο-

1960 572 2533 640 netpietas;.etdicere
2549 573 2925 638 debebas,uon
2945 569 3280 627 credendum
3317 568 3369 621 in
3420 581 3545 619 ver-

1959 661 2043 715 bis
2071 671 2165 715 aut
2188 662 2387 718 litteris
2417 665 2704 719 Paiamicis
2728 664 2953 717 omnino
3002 677 3124 716 esse
3157 662 3454 730 pietatem;
3480 663 3534 708 tu

1958 765 2140 805 autem
2172 753 2456 809 indefinite
2476 755 2744 825 protulisti
2775 753 2907 807 illud
2945 772 2957 807 :
3003 760 3061 804 ut
3107 751 3216 820 jam
3245 748 3314 800 iis
3371 743 3463 814 qui
3491 754 3542 796 te

285 820 532 893 φὼτερον
557 829 620 880 τὸ
653 829 844 902 λεχθέν
893 853 992 901 σοι,
1023 840 1070 890 εί
1101 841 1214 901 τοϊς
1266 843 1379 903 σοῖς
1429 841 1613 909 μόνοις
1651 843 1860 911 ῥήμασι

284 915 382 967 καὶ
410 917 704 990 γράμμασι
731 929 1172 1000 περιεγέγραπτό
1219 949 1326 986 σοι.
1361 932 1585 986 Τούτων
1614 934 1722 1002 γὰρ
1755 934 1856 1002 μό·-

284 1023 395 1060 νων
433 1011 732 1079 ἀφίσταται
781 1022 1023 1092 τήμερον
1082 1025 1114 1093 ή
1168 1026 1461 1079 εὐσέϐειαο
1497 1029 1594 1081 καὶ
1654 1027 1772 1078 δέον
1844 1043 1926 1080 σοι
1964 1028 2144 1094 λέγειν
2175 1027 2337 1096 μὴ’ἐν
2363 1029 2570 1098 ῥήμασι
2614 1030 2737 1098 μηδ’
2773 1033 2830 1082 ἐν
2866 1027 3159 1096 γράμμασι
3200 1021 3544 1088 Παλαμικοῖς

283 1099 346 1194 τὸ
395 1105 659 1171 παράπαν
712 1107 852 1165 εἶναι
907 1117 1154 1183 νομίζειν
1199 1120 1298 1190 τήν
1341 1121 1648 1183 εὐσέϐειαν,
1693 1121 1758 1174 σὺ
1814 1121 1859 1176 δ’
1900 1122 2169 1194 ἀορίστως
2219 1124 2546 1190 ἐξήνεγκας,
2581 1124 2668 1175 ἵνα
2737 1123 2798 1190 δή
2841 1123 2948 1176 τῶν
3001 1122 3101 1187 τῆς
3140 1117 3420 1175 εὐσεϐείας
3449 1116 3543 1180 δη-

285 1193 476 1248 λωτῶν
529 1201 791 1269 ῥημάτων
842 1205 934 1258 καὶ
984 1211 1328 1279 γραμμάτων
1377 1212 1694 1284 ἀποστήσας
1738 1212 1866 1275 τοὺς
1910 1212 2266 1282 πειθομένους
2301 1214 2476 1284 ῥᾷστα
2532 1213 2592 1264 τὸ
2644 1213 2741 1283 τῆς
2772 1212 2872 1282 σῆς
2899 1213 3154 1272 ἀσεὸείας
3187 1210 3316 1280 ἐχης
3345 1207 3538 1277 κιρνᾷν

1959 857 2264 912 sequuntur
2293 859 2322 898 a
2365 845 2581 914 pietatis
2629 844 2988 906 clarisverhis
3027 840 3298 896 etlitteris
3315 834 3540 891 remotis

1959 934 2211 989 facillime
2267 936 2442 1003 possis
2493 936 2774 991 insinuare
2820 935 3111 1004 impietatis
3166 941 3270 985 tua:
3311 928 3540 983 malum.

283 1288 640 1360 δηλητήριον.
1069 1308 1080 1317 ·

359 1382 489 1439 ΚΓ.
536 1385 735 1450 Ἡδέως
766 1389 810 1440 δ’
840 1391 907 1444 ἂν
933 1393 1231 1465 ἀκούσαιμι
1280 1399 1432 1468 παρὰ
1461 1399 1557 1452 σοῦ
1603 1401 1696 1455 καὶ
1740 1399 1864 1453 τίνα

283 1475 420 1527 ποτὲ
454 1476 635 1544 λέγεις
667 1475 807 1533 εἶναι
863 1484 931 1536 τὰ
982 1488 1312 1556 πράγματα,
1347 1493 1406 1543 ἐν
1455 1487 1538 1554 οἷς
1571 1493 1669 1554 τὴν
1714 1493 1870 1546 εὐσέ-

285 1564 446 1617 ϐειαν
480 1568 695 1623 κεῖσθαι
744 1576 1083 1645 μετεωρίσας
1131 1582 1198 1648 τῇ
1240 1581 1537 1643 ἀντιθέσει,
1571 1580 1694 1636 εἶτα
1739 1586 1864 1652 σιγῇ

284 1658 645 1728 παρέδραμες
693 1662 1010 1733 δεδηλωκὼς
1059 1670 1236 1723 οὐδέν.
1301 1671 1473 1724 Τοῦτο
1534 1673 1599 1743 δὴ
1660 1675 1719 1726 τὸ
1769 1675 1868 1743 τῆς

285 1748 534 1812 ἀμαθίας
562 1753 662 1819 τῆς
690 1755 788 1822 σῆς
815 1757 1008 1822 εἰωθὸς
1036 1763 1408 1831 προκάλυμμα
1445 1765 1568 1817 είπὲ
1598 1765 1736 1834 πρὸς
1761 1766 1868 1817 τῶν

286 1837 399 1890 σῶν
448 1839 716 1896 ἁνουσίων
771 1848 864 1898 καὶ
917 1850 1284 1920 ἀνυπάρκτων
1336 1853 1631 1922 θεοτήτων.
1667 1855 1729 1906 El
1771 1855 1868 1924 μὲν

285 1930 397 1995 γὰρ
448 1932 546 2000 τὴν
608 1931 760 1986 θείαν
818 1938 910 1990 καὶ
945 1941 1383 2007 τρισυπόστατον
1437 1942 1624 2011 φύσιν,
1655 1943 1772 2003 πῶς
1807 1944 1868 1994 ού

284 2019 643 2088 δεδήλωκαςς
690 2023 853 2081 Ἀλλὰ
900 2029 1046 2082 τοῦτ’
1079 2031 1250 2100 εὐχῆς
1302 2033 1402 2096 μὲν
1448 2033 1620 2100 ἄξιον,
1658 2034 1870 2096 ἐλπίδος

281 2109 328 2162 δ’
352 2108 456 2161 οὐκ
487 2109 555 2163 ἂν
589 2112 767 2183 δήπου
790 2131 804 2146 ο
841 2117 1042 2170 πολλοῦ
1073 2119 1129 2171 δὲ
1163 2121 1256 2172 καὶ
1294 2121 1376 2172 δεῖ
1403 2139 1417 2153 ο
1447 2123 1508 2174 οὐ
1540 2125 1648 2191 γὰρ
1678 2123 1742 2193 δὴ
1775 2123 1870 2177 σὺν

289 2200 425 2269 ὀρθὰ
485 2206 615 2272 περὶ
669 2205 805 2258 Θεοῦ
859 2213 1075 2277 φρονεῖν
1131 2214 1226 2264 καὶ
1288 2214 1650 2280 φθέγγεσθαι.
1707 2216 1870 2271 una

293 2291 598 2361 πράγματα
635 2297 740 2368 φῂς
770 2301 929 2363 αὐτὸς
953 2302 1052 2364 τὰς
1083 2303 1368 2367 ἀνουσίους
1411 2323 1506 2358 σου
1537 2307 1744 2369 ταύτας
1775 2309 1870 2362 καὶ

293 2382 557 2452 ἀπείρους
619 2387 901 2459 θεότητας,
932 2387 1020 2454 αἷς
1088 2393 1211 2463 μήτ’
1269 2395 1369 2464 ήδη
1422 2397 1699 2466 περίεστιν
1731 2392 1868 2451 εἶναι

299 2477 422 2546 μήτ’
473 2480 671 2534 ἔπειτά
720 2485 837 2535 ποτ’
883 2484 1138 2539 ἔσεσθαιο
1181 2487 1209 2539 ὃ
1261 2490 1366 2555 γὰρ
1406 2489 1655 2543 ἁνούσιόν
1684 2508 1741 2543 τε
1774 2491 1868 2544 καὶ

295 2571 568 2633 ἄκτιστον,
607 2575 718 2627 τῶν
757 2576 926 2644 μηδὲν
954 2578 1090 2634 ὅλως
1125 2581 1352 2650 μηδαμῆ
1389 2582 1659 2653 μηδαμῶς
1700 2584 1868 2637 ὅντων

295 2662 351 2726 ἐξ
395 2665 646 2734 ἀνάγκης
677 2666 878 2733 λέγοιτ’
905 2669 990 2722 ἄν.
1019 2669 1254 2742 Τοιαύτη
1285 2672 1397 2724 τῶν
1440 2675 1550 2728 σῶν
1579 2676 1869 2745 δογμάτων

295 2758 324 2824 ή
365 2757 625 2827 τερατεία
657 2761 747 2811 καὶ
796 2760 858 2812 τὸ
901 2761 992 2815 σὺν
1036 2763 1314 2834 ἐνθύμιον,
1343 2759 1387 2818 ὦ
1439 2767 1584 2838 κακὴ
1633 2768 1866 2838 κεφαλὴ,

297 2848 502 2901 πείθειν
530 2853 816 2906 πιστεύειν
858 2848 919 2926 [Γ.
965 2856 1064 2911 M7
1100 2856 1151 2930 υ]
1184 2859 1264 2920 είς
1290 2859 1350 2912 τὸ
1380 2861 1572 2930 μηδέν.
1598 2861 1721 2912 Τῶν
1761 2862 1868 2930 γάρ

295 2957 369 2992 τοι
420 2943 586 2995 θείων
642 2947 907 3015 ῥημάτων
966 2951 1059 3004 καὶ
1119 2953 1470 3022 γραμμάτων
1501 2953 1867 3025 ἀνῃρημένων

297 3037 428 3088 κατὰ
471 3037 573 3107 τήν
616 3040 718 3108 σὴν
772 3042 1118 3110 παραίνεσιν,
1152 3043 1187 3096 ἃ
1217 3043 1319 3114 τήν
1365 3044 1475 3098 τῶν
1523 3045 1867 3114 πραγμάτων

295 3127 542 3195 δηλοῦσιν
580 3131 860 3200 ἀλήθειαν,
891 3134 975 3197 τίς
1023 3136 1144 3188 ποθ’
1177 3135 1442 3204 ὁμολογία
1494 3137 1733 3198 πίστεως
1769 3140 1865 3191 καὶ
1894 3156 1938 3216 C

295 3218 454 3270 πόθεν
474 3220 540 3272 ἄν
574 3237 701 3272 ποτε
731 3223 944 3289 γένοιτο
967 3223 1046 3276 ἔτι
1073 3242 1088 3290 ;
1122 3224 1292 3279 Πόθεν
1320 3227 1365 3278 δ’
1386 3225 1451 3278 ἂν
1491 3227 1584 3278 καὶ
1614 3227 1700 3288 τίς
1728 3245 1866 3281 ποτε

295 3313 400 3374 τοίς
445 3312 697 3364 εὐσεϐεῖν
748 3313 993 3368 ἐθέλουσι
1049 3317 1262 3383 γένοιτο
1319 3319 1522 3386 γνῶσις
1577 3319 1709 3372 Θεοῦ
1769 3320 1865 3374 τοῦ

296 3404 656 3473 πεποιηκότος
679 3407 853 3475 ήμᾶςς
894 3408 1052 3462 Ἀλλὰ
1076 3411 1200 3481 περὶ
1229 3411 1328 3478 μὲν
1351 3411 1557 3464 τούτων
1587 3412 1666 3464 ἔτι
1696 3411 1867 3466 πολλὰ

294 3491 469 3560 λέγειν
499 3493 702 3562 ἔχοντι,
727 3497 821 3550 τοῦ
852 3499 1047 3568 καιροῦ
1093 3502 1169 3570 μὴ
1199 3501 1456 3569 διδόντος,
1496 3503 1747 3572 μετιτέον
1779 3505 1866 3572 ἐφ’

295 3585 473 3654 ἕτερα.
521 3586 729 3642 Ἐκεῖνο
759 3590 813 3642 δὲ
841 3592 956 3655 πῶς
988 3596 1152 3660 νοεῖς,
1178 3587 1223 3647 ὧ
1248 3596 1401 3648 καινὲ
1435 3597 1673 3664 θεολόγε,
1694 3597 1867 3664 λέγων

299 3681 359 3730 ἐκ
414 3682 526 3732 τῶν
589 3683 882 3750 ἐνεργειῶν
940 3687 1229 3756 γνωρίζειν
1263 3689 1413 3757 ἡμᾶς
1462 3689 1553 3741 τὸν
1582 3688 1758 3755 Θεόν;
1794 3690 1865 3742 ’Ἡ

298 3771 398 3841 γὰρ
449 3773 511 3827 ού
563 3777 801 3845 συνῆκας
841 3777 1055 3830 ἀκούων
1105 3781 1169 3832 ἐκ
1214 3779 1323 3830 τῶν
1352 3779 1539 3848 ἔργων
1573 3781 1681 3832 τῶν
1743 3798 1867 3848 φαι-

300 3867 534 3932 νομένων
568 3867 680 3928 τοῖς
728 3866 1010 3935 αἰσθητοῖς
1067 3847 1393 3938 ὀιρθαλμοίςγ
1423 3847 1580 3939 ἡμῶν
1608 3871 1700 3922 τὸν
1725 3847 1865 3940 ᾑμῖν

299 3954 356 4004 οῦ
399 3956 726 4024 φαινόμενον
776 3958 1064 4027 γνωρίζειν
1113 3961 1262 4029 ἡμᾶς
1314 3959 1486 4025 Θεόν;
1555 3962 1865 4032 Ἐνὲργειαν

300 4048 401 4112 γὰρ
439 4041 583 4100 εἶναι
617 4047 710 4099 καὶ
760 4048 827 4100 τὰ
885 4049 1308 4119 ἀποτελέσματα
1356 4051 1630 4105 δέδεικται
1668 4055 1864 4123 μικρὸν

302 4137 423 4204 ἡμῖν
480 4138 768 4207 πρότερον.
825 4140 935 4192 Καὶ
997 4143 1062 4194 ἐκ
1125 4134 1395 4211 μεγέθοὺς
1446 4144 1541 4196 καίι
1599 4145 1864 4212 καλλονῆἴ

302 4232 615 4298 κτισμάτων
644 4228 802 4292 αὖθις
846 4232 1069 4298 ἀκούεις
1101 4236 1197 4288 καὶ
1229 4233 1465 4304 ἀκλαχοῦ
1508 4235 1610 4305 τῆς
1641 4235 1864 4305 Γραφῆς

300 4321 556 4392 λεγούσης
608 4323 988 4392 θαυμάζεσθαι
1033 4326 1125 4378 τὸν
1175 4327 1536 4396 Δημιουργδν,
1576 4327 1670 4382 καὶ
1715 4327 1862 4380 τοῦτ’

301 4412 429 4468 εἶναι
486 4417 548 4468 τὸ
595 4417 722 4478 τοὺς
773 4417 1041 4486 οὐρανοὺς
1088 4420 1396 4490 διηγεῖσθαι
1431 4421 1531 4491 τὴν
1580 4421 1738 4487 δόξαν
1768 4419 1860 4474 τοῦ

301 4505 448 4559 Θεοῦ.
493 4508 602 4559 Καὶ
641 4508 668 4558 ὁ
699 4507 1068 4578 Δαμασκηνὸς
1117 4487 1318 4579 ὁμοίως
1366 4487 1536 4580 φησίν
1579 4511 1858 4582 Ἰωάννης,

1968 4509 2070 4548 nos
2105 4493 2362 4548 admirari
2410 4494 2730 4548 Creatorem
2769 4512 2784 4549 :

305 4618 322 4652 ι
365 4598 422 4653 '0
447 4603 513 4670 τῇ
552 4599 711 4669 φύσει
735 4600 968 4670 ἀόρατος
991 4600 1124 4662 Θεὸς
1168 4604 1361 4672 ὁρατὸς
1395 4605 1518 4666 ταῖς
1559 4603 1864 4672 ἐνεργείαις

299 4689 524 4757 γίνεται,
558 4692 622 4743 ἐκ
654 4692 754 4760 τῆς
780 4691 874 4744 τοῦ
924 4693 1132 4763 κόσμου
1164 4697 1480 4758 συστάσεως
1519 4697 1612 4748 καὶ
1661 4697 1862 4767 κυϐερ-

299 4781 498 4848 νήσεως
533 4780 958 4847 γινωσκόμενος.
996 4798 1015 4831 ι
1051 4782 1243 4849 Ὅμως
1297 4782 1665 4852 παρακατιὼν
1700 4785 1865 4854 εὑρή-

299 4885 402 4930 σεις
429 4873 522 4922 τὶν
567 4872 740 4938 μέγαν
774 4871 1050 4924 Βασίλειον
1076 4872 1170 4925 καὶ
1201 4873 1366 4926 αὑτὸν
1386 4874 1759 4943 ἐρμηνεύοντα
1795 4877 1864 4930 τὰ

297 4961 481 5014 ἑαυτοῦ
517 4965 574 5013 ἐν
602 4964 668 5031 τῇ
695 4962 832 5032 αὐτῇ
865 4962 1120 5032 ἐπιστολῇ
1141 5004 1156 5030 ,
1187 4981 1204 5013 ι
1245 4964 1340 5018 Ἐκ
1366 4964 1474 5034 γὰρ
1507 4963 1806 5035 θαλάσσης,
1837 4985 1856 5018 ι

297 5049 447 5117 φησι,
489 5067 506 5098 ι
552 5050 644 5101 καὶ
675 5048 892 5117 ἀνέμων
919 5048 1348 5104 ὑπακουσάντων
1381 5050 1532 5119 αὐτῷ
1557 5052 1863 5120 ἐγνώρισαν

295 5142 456 5196 αὑτοῦ
498 5143 600 5210 τὴν
642 5141 875 5210 θεότητα
913 5143 960 5194 oi
1007 5143 1320 5200 ἀπόστολοι.
1358 5145 1570 5200 Οὐκοῦν
1614 5146 1720 5199 ἀπὸ
1762 5146 1863 5216 μὲν

291 5237 396 5288 τῶν
466 5233 763 5302 ἐνεργειῶν
822 5235 854 5302 ή
905 5235 1124 5300 γνῶσις,
1163 5238 1225 5288 ἐκ
1263 5235 1317 5289 δὲ
1371 5236 1470 5305 τῆς
1520 5234 1777 5304 γνώσεως
1827 5237 1860 5306 ἡ

290 5327 686 5397 προσκύνησις.
731 5345 749 5376 ›
794 5325 957 5396 Ὀρᾷς
1011 5326 1129 5388 πῶς
1182 5328 1246 5380 ἐκ
1301 5327 1406 5379 τῶν
1458 5327 1861 5397 ὲνεργηθέντων

290 5414 424 5483 φησὶ
458 5413 756 5482 θαυμάτων
785 5427 801 5443 θ
838 5413 1038 5470 ταύτας
1064 5413 1173 5483 γάρ
1208 5429 1371 5480 φησιν
1406 5413 1567 5476 αὐτὸς
1593 5410 1729 5466 εἶναι
1763 5415 1860 5475 τὰς

289 5503 582 5564 κατιούσας
613 5504 732 5573 ήτοι
784 5501 1140 5572 δεικνυμένας
1174 5503 1306 5570 ήμῖν
1344 5501 1647 5572 ἐνεργείας.
1696 5501 1859 5559 Ἀλλὰ

287 5598 456 5660 δυοῖν,
509 5596 585 5658 ὡς
648 5596 818 5656 ἔοικε.
856 5596 1081 5665 θάτερον
1143 5595 1300 5656 δίδως
1357 5596 1517 5647 νοεῖν.
1551 5595 1620 5646 Ἢ
1650 5594 1759 5664 γὰρ
1800 5596 1860 5660 ἐξ

289 5687 461 5753 ἀκοῆς
495 5686 798 5755 παροδικῆς
822 5686 1066 5754 είλήφεις
1090 5685 1189 5756 τὴν
1223 5685 1399 5753 ῥῆσιν,
1433 5683 1466 5754 ἦ
1501 5686 1566 5754 τῇ
1596 5686 1857 5758 ἐπιστολῇ

297 5773 538 5846 ἐντυχὼν
591 5774 654 5828 οὐ
708 5775 986 5848 συνῆκας·
1041 5774 1135 5830 καὶ
1193 5773 1418 5843 πάσχεις
1476 5772 1859 5843 παραπλήσιον

2033 1399 2222 1453 XXIII.
2258 1399 2513 1452 Libenter
2538 1406 2720 1450 autetn
2766 1399 2982 1450 audiam
3025 1414 3054 1451 a
3108 1406 3156 1450 te
3188 1397 3350 1450 etiam
3381 1409 3547 1463 quas-

1967 1505 2093 1544 nam
2137 1491 2288 1544 dicas
2329 1507 2415 1543 res
2451 1504 2594 1547 esse.
2683 1489 2736 1542 in
2789 1490 2991 1556 quibus
3053 1489 3309 1556 pietatem
3365 1487 3542 1536 inesse

1968 1590 2255 1650 postquam
2323 1583 2620 1639 deﬁnivisti
2676 1594 2732 1638 ct
2809 1581 3082 1650 protulisti
3166 1576 3537 1646 Oppositione,

1969 1674 2188 1728 silentio
2220 1675 2271 1728 id
2317 1678 2631 1751 praeteristi,
2680 1692 2803 1731 cum
2856 1674 2991 1728 nihil
3055 1669 3453 1739 explicuisses;
3489 1665 3545 1718 id

1973 1765 2120 1833 quod
2161 1767 2484 1834 ignorantiae
2541 1777 2646 1822 tuae
2708 1768 2928 1822 solitum
2980 1775 3060 1818 est
3131 1762 3543 1821 velamentum,

1902 1824 1944 1877 Β
1973 1856 2060 1910 dic
2093 1858 2247 1921 mihi,
2293 1867 2344 1908 te
2369 1874 2467 1910 oro
2501 1875 2598 1927 per
2658 1857 3042 1912 inesseutialcs
3078 1863 3198 1908 tuas
3232 1861 3286 1905 et
3355 1849 3547 1902 insub-

1969 1945 2596 2002 stantialesdivinitates.
2616 1949 2748 2002 Nam
2778 1949 2822 1999 si
2847 1946 3084 1999 divinam
3116 1941 3362 2012 cogitasti
3385 1950 3436 1992 et
3461 1948 3547 1991 ter

1970 2037 2385 2092 substantialem
2442 2048 2714 2103 naturam,
2745 2053 2844 2092 cur
2893 2053 2999 2092 non
3057 2032 3535 2102 explicuistihoc?

1971 2127 2076 2182 Sed
2116 2130 2219 2184 hoc
2245 2141 2374 2185 voto
2410 2131 2659 2200 dignum.
2688 2145 2784 2199 spe
2813 2131 2964 2184 nullo
2999 2136 3056 2181 ut
3088 2128 3304 2180 videtur
3342 2125 3538 2178 modo:

1969 2231 2034 2271 ac
2063 2217 2307 2286 profecto
2339 2219 2572 2273 multum
2599 2221 2819 2288 quidem
2853 2219 3036 2281 abest,
3079 2231 3254 2285 neque
3285 2215 3430 2268 enim
3460 2220 3546 2267 est

1971 2306 2049 2359 tui
2074 2306 2238 2376 319
2270 2308 2477 2376 ingenii
2515 2316 2663 2362 recte
2695 2309 2761 2362 de
2795 2309 2903 2361 Deo
2939 2307 3180 2375 cogitare
3210 2315 3267 2359 et
3296 2319 3547 2374 pronun-

1971 2398 2130 2453 tiare.
2189 2397 2296 2454 Sed
2328 2415 2416 2454 res
2444 2399 2560 2470 ipse
2593 2400 2734 2456 dicis
2765 2400 2864 2454 has
2926 2409 3046 2454 tuas
3077 2397 3456 2452 incsscntiales
3484 2405 3545 2453 et

1972 2486 2213 2542 inﬁnitas
2240 2486 2557 2542 divinitates
2591 2508 2604 2543 :
2639 2504 2760 2556 qua:
2788 2490 2900 2558 jam
2933 2505 3052 2544 esse
3113 2503 3286 2556 neque
3312 2493 3544 2556 possunt

1971 2595 2152 2648 neque
2177 2588 2369 2648 postea
2397 2589 2659 2648 poterunt
2688 2597 2950 2650 unquam.
3005 2579 3161 2645 Quod
3196 2579 3343 2633 enim
3398 2578 3545 2631 ines-

1972 2668 2205 2722 sentiale
2236 2677 2319 2722 est
2348 2678 2403 2722 et
2461 2669 2786 2735 inereatum,
2847 2671 3160 2724 necessario
3221 2671 3275 2722 in
3311 2681 3544 2721 numero

1970 2775 2159 2814 eorum
2196 2759 2514 2829 ponendum
2540 2770 2623 2815 est
2650 2777 2772 2830 qum
2803 2761 2942 2814 nihil
2972 2761 3198 2814 omnino
3231 2759 3342 2812 ullo
3378 2755 3543 2812 modo

1972 2861 2103 2905 sunt
2135 2869 2147 2905 :
2189 2851 2326 2905 tales
2348 2859 2476 2904 sunt
2533 2850 2850 2920 dogmatum
2905 2860 3126 2903 tuorum
3161 2847 3450 2917 prmstigia:
3485 2856 3541 2900 et

1969 2942 2212 3018 haectua
2246 2953 2328 2996 est
2359 2958 2512 3005 cura,
2546 2957 2579 2996 ο
2607 2951 2772 3010 caput
2801 2942 3024 3002 malum.
3064 2951 3121 2995 ut
3151 2939 3383 2992 suadeas
3415 2953 3542 2992 cre-

1972 3033 2168 3089 damus
2200 3033 2252 3086 in
2291 3034 2341 3088 id
2378 3033 2524 3102 quod
2560 3033 2698 3086 nihil
2731 3044 2836 3087 est.
2880 3033 3094 3087 Etenim
3129 3031 3332 3084 divinis
3351 3027 3540 3083 verbis

1972 3135 2028 3180 et
2059 3126 2259 3179 litteris
2293 3125 2548 3190 sublatis,
2577 3131 2634 3176 ut
2677 3133 2734 3178 tu
2763 3123 2986 3185 suades,
3027 3139 3148 3192 qua:
3185 3137 3372 3176 rerum
3394 3119 3542 3174 veri-

1974 3228 2136 3272 tatem
2174 3219 2476 3283 declarant,
2513 3233 2636 3286 qua:
2667 3215 2883 3270 tandem
2919 3217 3024 3270 erit
3053 3214 3341 3270 consensio
3372 3211 3497 3266 ﬁdei
3521 3250 3540 3276 ,

1972 3319 2024 3366 ct
2063 3310 2207 3364 unde
2269 3309 2485 3364 tandem
2543 3309 2797 3362 oriatur?
2858 3308 3012 3364 Unde
3057 3317 3111 3361 et
3162 3323 3283 3376 qum
3323 3305 3540 3360 tandem

1971 3401 2038 3455 iis
2076 3402 2168 3470 qui
2202 3401 2462 3470 pietatem
2497 3400 2678 3454 colere.
2742 3400 2960 3465 volunt,
3006 3397 3097 3451 ﬁat
3136 3397 3378 3468 cognitio
3439 3395 3538 3450 Dei

1970 3493 2064 3562 qui
2101 3508 2200 3546 nos
2230 3492 2462 3546 creavit?
2489 3491 2592 3546 Sed
2626 3507 2941 3561 quanquam
2999 3489 3068 3544 de
3125 3490 3213 3544 his
3271 3501 3538 3559 praetcrea

1971 3584 2138 3637 multa
2170 3582 2354 3636 dicere
2395 3598 2643 3652 possum,
2672 3598 2796 3637 cum
2833 3593 3048 3651 tempus
3098 3597 3208 3636 non
3243 3581 3409 3646 sinat,
3469 3577 3538 3632 ad

1969 3675 2073 3728 alia
2109 3672 2504 3727 transeundum
2545 3683 2651 3728 est.
2681 3673 2837 3728 Illum
2872 3681 3052 3726 autem
3079 3671 3356 3741 quomodo
3383 3667 3539 3739 cogi-

1973 3772 2075 3828 tas,
2109 3780 2142 3817 ο
2175 3779 2314 3819 nove
2349 3764 2621 3832 theologe,
2670 3779 2793 3818 eum
2817 3766 2966 3819 dicas
2997 3779 3062 3818 ex
3091 3761 3401 3818 ellicientiis
3435 3772 3540 3812 nos

1969 3868 2304 3921 cognoscere
2390 3854 2621 3907 Deum?
2679 3856 2761 3908 An
2835 3853 2982 3908 enim
3050 3869 3160 3906 non
3216 3847 3539 3906 intellexisti

1967 3961 2088 4015 quae
2120 3945 2353 4010 audisti,
2387 3959 2455 3998 ex
2485 3944 2749 4015 operibus
2801 3945 3062 4000 nimirum
3114 3958 3237 4012 quae
3287 3939 3537 4009 corporis

1968 4037 2143 4092 oculis
2171 4037 2378 4092 nostris
2410 4037 2838 4106 perspiciuntur,
2869 4051 3198 4107 cognoscere
3218 4048 3317 4088 nos
3341 4033 3536 4098 Deum,

1966 4128 2060 4199 qui
2097 4144 2205 4182 non
2263 4143 2291 4182 a
2344 4127 2504 4182 nobis
2551 4127 2918 4198 perspicitur?
2977 4127 3338 4183 Efﬁcientiam
3389 4123 3540 4179 enim

1966 4235 2088 4275 esse
2115 4219 2280 4274 etiam
2313 4219 2474 4282 facta,
2504 4219 2940 4274 demonstratum
2972 4227 3058 4273 est
3111 4235 3140 4272 a
3173 4217 3336 4272 nobis
3373 4214 3540 4286 paulo

1967 4323 2150 4376 antea,
2187 4322 2243 4368 et
2273 4328 2341 4367 ex
2375 4313 2753 4382 magnitudine
2787 4320 2841 4367 et
2871 4312 3283 4382 pulchritudine
3315 4317 3536 4366 creato-

1969 4417 2092 4456 rum
2127 4418 2316 4457 rursus
2355 4403 2512 4456 audis
2537 4403 2700 4457 etiam
2727 4401 2857 4457 alibi
2886 4401 3225 4473 Scripturam
3262 4401 3538 4456 dicentem

2838 4505 3003 4564 atque
3060 4505 3165 4549 uoc
3201 4492 3332 4546 illud
3385 4506 3535 4555 esse,

1968 4585 2114 4656 quod
2143 4586 2269 4641 coeli
2299 4595 2560 4640 enarrant
2614 4585 2842 4655 gloriam
2892 4585 3012 4640 Dei.
3077 4585 3145 4638 Et
3173 4584 3426 4638 similiter
3453 4583 3533 4639 ait

1965 4676 2200 4732 Joannes
2277 4677 2642 4730 Damascenus
2679 4691 2692 4728 :
2731 4675 2926 4745 theus
2983 4684 3179 4728 natura
3241 4674 3537 4730 invisibilis

1966 4768 2221 4837 operibus
2269 4767 2501 4821 visibilis
2533 4765 2610 4831 Iit,
2640 4767 2712 4819 ita
2746 4776 2803 4820 ut
2839 4781 2870 4820 c
2901 4766 3089 4820 mundi
3129 4768 3536 4836 compositione

1966 4870 2021 4914 et
2048 4859 2447 4928 gubernatione
2512 4856 2770 4927 cognosci
2813 4858 3004 4926 possit.
3046 4877 3064 4909 ›
3099 4858 3263 4931 320
3321 4859 3532 4915 Tamen

1964 4938 2320 5021 progrediens
2349 4949 2593 5018 reperies
2642 4948 2899 5001 Basiliam
2942 4963 3194 5020 magnum
3244 4959 3300 5004 et
3340 4950 3526 5018 ipsum

1964 5043 2418 5110 interpretantem
2435 5055 2531 5094 sua
2559 5040 2730 5108 ipsius
2758 5039 2921 5095 verba
2955 5041 3011 5095 in
3040 5043 3227 5095 eadem
3255 5041 3528 5111 epistola:

1969 5132 2042 5186 «Ε
2073 5133 2206 5186 mari
2248 5131 2415 5196 enim,
2446 5130 2644 5200 inquit,
2673 5139 2728 5184 et
2768 5131 2970 5196 ventis,
2996 5146 3114 5199 qua:
3139 5132 3189 5185 ei
3241 5133 3532 5202 parebant,

1961 5225 2079 5294 ejus
2130 5222 2469 5276 divinitatem
2521 5222 2749 5291 apostoli
2794 5233 3188 5293 cognoverunt;
3260 5241 3391 5297 ergo
3458 5227 3530 5282 ab

1961 5313 2266 5369 eﬂicientiis
2315 5313 2535 5382 quidem
2568 5321 2691 5367 nata
2714 5321 2800 5368 est
2833 5315 3076 5386 cognitio
3110 5334 3124 5372 :
3157 5333 3186 5372 a
3214 5319 3528 5389 cognitione

1965 5416 2147 5459 autem
2207 5403 2476 5459 adoratio.
2517 5423 2534 5455 ι
2604 5403 2769 5459 Vides
2798 5420 2922 5458 eum
2957 5407 3140 5462 dicere
3187 5411 3529 5472 e_miraculis

1961 5495 2210 5567 patratis,
2267 5494 2366 5548 bas
2396 5496 2540 5548 enim
2575 5495 2709 5548 dicit
2744 5495 2834 5549 ille
2859 5512 2980 5551 esse
3033 5499 3352 5557 cﬂicientias
3412 5503 3528 5558 sivo

1960 5588 2353 5645 descendentes
2403 5589 2519 5642 sive
2587 5597 2914 5644 monstratas
2964 5592 3164 5647 nobis.
3218 5595 3322 5650 Sed
3362 5595 3528 5649 alter-

1960 5692 2144 5737 utrum
2178 5679 2380 5736 videris
2409 5681 2540 5735 dare
2565 5682 2722 5738 nobis
2749 5684 3148 5739 meditandum.
3174 5685 3281 5739 Aut
3311 5685 3457 5738 enim
3491 5702 3526 5742 ο

1961 5781 2100 5837 fama
2130 5772 2333 5829 cursim
2375 5773 2654 5844 arripuisti
2689 5791 2998 5833 sermonem
3027 5777 3199 5831 autin
3232 5776 3528 5850 epistolam
