  <div class='ocr_page' id='page_1' title='image "/cluster/home/n/w/nwhite01/storage/ocr_20150623/149/hvd.32044073498818/145.png"; bbox 0 0 3994 6204; ppageno 0'>
   <div class='ocr_carea' id='block_1_1' title="bbox 466 274 571 338">
    <p class='ocr_par' dir='ltr' id='par_1_1' title="bbox 466 274 571 338">
     <span class='ocr_line' id='line_1_1' title="bbox 466 274 571 338; baseline -0.076 1"><span class='ocrx_word' id='word_1_1' title='bbox 466 274 571 338; x_wconf 67' lang='lat'><strong>28&#39;}</strong></span> 
     </span>
    </p>
   </div>
   <div class='ocr_carea' id='block_1_2' title="bbox 1584 271 2504 334">
    <p class='ocr_par' dir='ltr' id='par_1_2' title="bbox 1584 271 2504 334">
     <span class='ocr_line' id='line_1_2' title="bbox 1584 271 2504 334; baseline 0.007 -7"><span class='ocrx_word' id='word_1_2' title='bbox 1584 319 1595 327; x_wconf 92' lang='lat'><em>.</em></span> <span class='ocrx_word' id='word_1_3' title='bbox 1670 271 1711 330; x_wconf 65' lang='grc' dir='ltr'><strong>Ν</strong></span> <span class='ocrx_word' id='word_1_4' title='bbox 1728 275 2089 333; x_wconf 69' lang='grc' dir='ltr'><strong>ΙΩΕΙἮῡίὶΙ</strong></span> <span class='ocrx_word' id='word_1_5' title='bbox 2123 275 2504 334; x_wconf 67' lang='grc' dir='ltr'><strong>ΟΒΕΟΟΠίΕ</strong></span> 
     </span>
    </p>
   </div>
   <div class='ocr_carea' id='block_1_3' title="bbox 3603 273 3711 337">
    <p class='ocr_par' dir='ltr' id='par_1_3' title="bbox 3603 273 3711 337">
     <span class='ocr_line' id='line_1_3' title="bbox 3603 273 3711 337; baseline -0.019 0"><span class='ocrx_word' id='word_1_6' title='bbox 3603 273 3711 337; x_wconf 71' lang='grc'><strong>284</strong></span> 
     </span>
    </p>
   </div>
   <div class='ocr_carea' id='block_1_4' title="bbox 473 389 2045 461">
    <p class='ocr_par' dir='ltr' id='par_1_4' title="bbox 473 390 2036 459">
     <span class='ocr_line' id='line_1_4' title="bbox 473 390 2036 459; baseline -0.001 -15"><span class='ocrx_word' id='word_1_7' title='bbox 473 392 720 447; x_wconf 77' lang='lat' dir='ltr'><strong>incidens</strong></span> <span class='ocrx_word' id='word_1_8' title='bbox 756 407 863 447; x_wconf 88' lang='lat' dir='ltr'><strong>non</strong></span> <span class='ocrx_word' id='word_1_9' title='bbox 908 391 1224 447; x_wconf 78' lang='lat' dir='ltr'><strong>intellexisti</strong></span> <span class='ocrx_word' id='word_1_10' title='bbox 1261 409 1274 445; x_wconf 89' lang='lat'><strong>:</strong></span> <span class='ocrx_word' id='word_1_11' title='bbox 1304 401 1358 445; x_wconf 92' lang='lat' dir='ltr'><strong>ct</strong></span> <span class='ocrx_word' id='word_1_12' title='bbox 1386 390 1527 443; x_wconf 66' lang='lat' dir='ltr'><strong>idem</strong></span> <span class='ocrx_word' id='word_1_13' title='bbox 1571 391 1683 459; x_wconf 89' lang='lat' dir='ltr'><strong>pati</strong></span> <span class='ocrx_word' id='word_1_14' title='bbox 1717 390 1921 443; x_wconf 73' lang='lat' dir='ltr'><strong>videris</strong></span> <span class='ocrx_word' id='word_1_15' title='bbox 1978 399 2036 443; x_wconf 90' lang='lat' dir='ltr'><strong>ut</strong></span> 
     </span>
    </p>
   </div>
   <div class='ocr_carea' id='block_1_5' title="bbox 2148 389 3712 461">
    <p class='ocr_par' dir='ltr' id='par_1_5' title="bbox 2148 389 3712 461">
     <span class='ocr_line' id='line_1_5' title="bbox 2148 389 3712 461; baseline 0.001 -18"><span class='ocrx_word' id='word_1_16' title='bbox 2148 390 2329 459; x_wconf 68' lang='grc' dir='ltr'>ὥσπερ</span> <span class='ocrx_word' id='word_1_17' title='bbox 2376 391 2442 445; x_wconf 85' lang='grc' dir='ltr'>ἂν</span> <span class='ocrx_word' id='word_1_18' title='bbox 2494 391 2549 442; x_wconf 81' lang='grc' dir='ltr'>εἴ</span> <span class='ocrx_word' id='word_1_19' title='bbox 2597 409 2679 452; x_wconf 85' lang='grc' dir='ltr'><strong>τις</strong></span> <span class='ocrx_word' id='word_1_20' title='bbox 2729 393 2786 441; x_wconf 84' lang='grc' dir='ltr'>ἐν</span> <span class='ocrx_word' id='word_1_21' title='bbox 2824 389 3145 461; x_wconf 64' lang='grc' dir='ltr'>μεσημϐρίᾳ</span> <span class='ocrx_word' id='word_1_22' title='bbox 3172 391 3350 459; x_wconf 81' lang='grc' dir='ltr'>φωτὸς</span> <span class='ocrx_word' id='word_1_23' title='bbox 3374 390 3712 460; x_wconf 74' lang='grc' dir='ltr'><strong>ἀκραιφνοῦς</strong></span> 
     </span>
    </p>
   </div>
   <div class='ocr_carea' id='block_1_6' title="bbox 471 479 2034 553">
    <p class='ocr_par' dir='ltr' id='par_1_6' title="bbox 471 479 2034 553">
     <span class='ocr_line' id='line_1_6' title="bbox 471 479 2034 553; baseline -0.003 -16"><span class='ocrx_word' id='word_1_24' title='bbox 471 485 518 538; x_wconf 83' lang='lat' dir='ltr'><strong>si</strong></span> <span class='ocrx_word' id='word_1_25' title='bbox 556 483 679 552; x_wconf 85' lang='lat' dir='ltr'><strong>quis</strong></span> <span class='ocrx_word' id='word_1_26' title='bbox 709 483 937 537; x_wconf 88' lang='lat' dir='ltr'><strong>meridie</strong></span> <span class='ocrx_word' id='word_1_27' title='bbox 973 485 1182 553; x_wconf 86' lang='lat' dir='ltr'><strong>integra</strong></span> <span class='ocrx_word' id='word_1_28' title='bbox 1242 484 1364 535; x_wconf 82' lang='lat' dir='ltr'><strong>luce</strong></span> <span class='ocrx_word' id='word_1_29' title='bbox 1420 480 1612 534; x_wconf 88' lang='lat' dir='ltr'><strong>oculos</strong></span> <span class='ocrx_word' id='word_1_30' title='bbox 1666 480 1919 533; x_wconf 90' lang='lat' dir='ltr'><strong>attollens</strong></span> <span class='ocrx_word' id='word_1_31' title='bbox 1968 479 2034 532; x_wconf 89' lang='lat' dir='ltr'><strong>ad</strong></span> 
     </span>
    </p>
   </div>
   <div class='ocr_carea' id='block_1_7' title="bbox 469 571 2035 645">
    <p class='ocr_par' dir='ltr' id='par_1_7' title="bbox 469 571 2035 645">
     <span class='ocr_line' id='line_1_7' title="bbox 469 571 2035 645; baseline -0.004 -14"><span class='ocrx_word' id='word_1_32' title='bbox 469 578 663 638; x_wconf 78' lang='lat' dir='ltr'><strong>Solem,</strong></span> <span class='ocrx_word' id='word_1_33' title='bbox 698 575 898 630; x_wconf 89' lang='lat' dir='ltr'><strong>deinde</strong></span> <span class='ocrx_word' id='word_1_34' title='bbox 930 586 1154 645; x_wconf 88' lang='lat' dir='ltr'><strong>preptcr</strong></span> <span class='ocrx_word' id='word_1_35' title='bbox 1198 573 1514 642; x_wconf 81' lang='lat' dir='ltr'><strong>languorem</strong></span> <span class='ocrx_word' id='word_1_36' title='bbox 1547 588 1772 627; x_wconf 76' lang='lat' dir='ltr'><strong>aversus</strong></span> <span class='ocrx_word' id='word_1_37' title='bbox 1839 571 1891 625; x_wconf 92' lang='lat' dir='ltr'><strong>in</strong></span> <span class='ocrx_word' id='word_1_38' title='bbox 1922 582 2035 626; x_wconf 91' lang='lat' dir='ltr'><strong>ter-</strong></span> 
     </span>
    </p>
   </div>
   <div class='ocr_carea' id='block_1_8' title="bbox 469 663 2034 732">
    <p class='ocr_par' dir='ltr' id='par_1_8' title="bbox 469 663 2034 732">
     <span class='ocr_line' id='line_1_8' title="bbox 469 663 2034 732; baseline -0.003 -12"><span class='ocrx_word' id='word_1_39' title='bbox 469 684 606 729; x_wconf 83' lang='lat' dir='ltr'><strong>ram.</strong></span> <span class='ocrx_word' id='word_1_40' title='bbox 639 668 889 722; x_wconf 91' lang='lat' dir='ltr'><strong>colorum</strong></span> <span class='ocrx_word' id='word_1_41' title='bbox 920 666 1209 720; x_wconf 87' lang='lat' dir='ltr'><strong>simulacra</strong></span> <span class='ocrx_word' id='word_1_42' title='bbox 1245 665 1347 718; x_wconf 82' lang='lat' dir='ltr'><strong>sibi</strong></span> <span class='ocrx_word' id='word_1_43' title='bbox 1399 664 1729 732; x_wconf 79' lang='lat' dir='ltr'><strong>imagim-tur</strong></span> <span class='ocrx_word' id='word_1_44' title='bbox 1758 663 2034 716; x_wconf 84' lang='lat' dir='ltr'><strong>multifor-</strong></span> 
     </span>
    </p>
   </div>
   <div class='ocr_carea' id='block_1_9' title="bbox 470 753 2037 822">
    <p class='ocr_par' dir='ltr' id='par_1_9' title="bbox 470 753 2037 822">
     <span class='ocr_line' id='line_1_9' title="bbox 470 753 2037 822; baseline -0.003 -11"><span class='ocrx_word' id='word_1_45' title='bbox 470 760 636 813; x_wconf 87' lang='lat' dir='ltr'><strong>mium</strong></span> <span class='ocrx_word' id='word_1_46' title='bbox 672 768 725 811; x_wconf 90' lang='lat' dir='ltr'><strong>et</strong></span> <span class='ocrx_word' id='word_1_47' title='bbox 756 758 1123 819; x_wconf 82' lang='lat' dir='ltr'><strong>diversorum,</strong></span> <span class='ocrx_word' id='word_1_48' title='bbox 1153 771 1272 822; x_wconf 74' lang='lat' dir='ltr'><strong>quae</strong></span> <span class='ocrx_word' id='word_1_49' title='bbox 1302 754 1486 808; x_wconf 90' lang='lat' dir='ltr'><strong>omnia</strong></span> <span class='ocrx_word' id='word_1_50' title='bbox 1543 753 1790 822; x_wconf 76' lang='lat' dir='ltr'><strong>quamvis</strong></span> <span class='ocrx_word' id='word_1_51' title='bbox 1827 753 1948 807; x_wconf 81' lang='lat' dir='ltr'><strong>ficta</strong></span> <span class='ocrx_word' id='word_1_52' title='bbox 1981 763 2037 807; x_wconf 86' lang='lat' dir='ltr'><strong>et</strong></span> 
     </span>
    </p>
   </div>
   <div class='ocr_carea' id='block_1_10' title="bbox 469 843 2035 912">
    <p class='ocr_par' dir='ltr' id='par_1_10' title="bbox 469 843 2035 912">
     <span class='ocr_line' id='line_1_10' title="bbox 469 843 2035 912; baseline -0.002 -11"><span class='ocrx_word' id='word_1_53' title='bbox 469 847 776 901; x_wconf 72' lang='lat' dir='ltr'><strong>substantia</strong></span> <span class='ocrx_word' id='word_1_54' title='bbox 804 846 1049 900; x_wconf 81' lang='lat' dir='ltr'><strong>carentia</strong></span> <span class='ocrx_word' id='word_1_55' title='bbox 1070 845 1246 899; x_wconf 84' lang='lat' dir='ltr'><strong>oculis</strong></span> <span class='ocrx_word' id='word_1_56' title='bbox 1273 855 1379 898; x_wconf 89' lang='lat' dir='ltr'><strong>tam</strong></span> <span class='ocrx_word' id='word_1_57' title='bbox 1411 843 1685 912; x_wconf 80' lang='lat' dir='ltr'><strong>languidis</strong></span> <span class='ocrx_word' id='word_1_58' title='bbox 1723 860 1850 897; x_wconf 74' lang='lat' dir='ltr'><strong>vera</strong></span> <span class='ocrx_word' id='word_1_59' title='bbox 1912 859 2035 898; x_wconf 88' lang='lat' dir='ltr'><strong>esse</strong></span> 
     </span>
    </p>
   </div>
   <div class='ocr_carea' id='block_1_11' title="bbox 469 934 2035 1003">
    <p class='ocr_par' dir='ltr' id='par_1_11' title="bbox 469 934 2035 1003">
     <span class='ocr_line' id='line_1_11' title="bbox 469 934 2035 1003; baseline 0 -14"><span class='ocrx_word' id='word_1_60' title='bbox 469 937 727 989; x_wconf 75' lang='lat' dir='ltr'><strong>videntur</strong></span> <span class='ocrx_word' id='word_1_61' title='bbox 757 954 771 991; x_wconf 87' lang='lat'><strong>:</strong></span> <span class='ocrx_word' id='word_1_62' title='bbox 801 937 915 989; x_wconf 77' lang='lat' dir='ltr'><strong>sive</strong></span> <span class='ocrx_word' id='word_1_63' title='bbox 947 935 1129 1003; x_wconf 84' lang='lat' dir='ltr'><strong>potius</strong></span> <span class='ocrx_word' id='word_1_64' title='bbox 1171 935 1309 988; x_wconf 80' lang='lat' dir='ltr'><strong>ebrii</strong></span> <span class='ocrx_word' id='word_1_65' title='bbox 1339 950 1446 987; x_wconf 88' lang='lat' dir='ltr'><strong>non</strong></span> <span class='ocrx_word' id='word_1_66' title='bbox 1481 935 1664 988; x_wconf 80' lang='lat' dir='ltr'><strong>vident</strong></span> <span class='ocrx_word' id='word_1_67' title='bbox 1730 949 1817 987; x_wconf 88' lang='lat' dir='ltr'><strong>res</strong></span> <span class='ocrx_word' id='word_1_68' title='bbox 1844 934 2035 1002; x_wconf 79' lang='lat' dir='ltr'><strong>quales</strong></span> 
     </span>
    </p>
   </div>
   <div class='ocr_carea' id='block_1_12' title="bbox 466 1023 2036 1093">
    <p class='ocr_par' dir='ltr' id='par_1_12' title="bbox 466 1023 2036 1093">
     <span class='ocr_line' id='line_1_12' title="bbox 466 1023 2036 1093; baseline -0.001 -15"><span class='ocrx_word' id='word_1_69' title='bbox 466 1038 597 1079; x_wconf 79' lang='lat' dir='ltr'><strong>vere</strong></span> <span class='ocrx_word' id='word_1_70' title='bbox 623 1035 772 1088; x_wconf 90' lang='lat' dir='ltr'><strong>sunt,</strong></span> <span class='ocrx_word' id='word_1_71' title='bbox 805 1023 898 1078; x_wconf 86' lang='lat' dir='ltr'><strong>sed</strong></span> <span class='ocrx_word' id='word_1_72' title='bbox 928 1039 1025 1093; x_wconf 89' lang='lat' dir='ltr'><strong>pro</strong></span> <span class='ocrx_word' id='word_1_73' title='bbox 1059 1024 1181 1078; x_wconf 89' lang='lat' dir='ltr'><strong>aliis</strong></span> <span class='ocrx_word' id='word_1_74' title='bbox 1212 1024 1316 1078; x_wconf 87' lang='lat' dir='ltr'><strong>alia</strong></span> <span class='ocrx_word' id='word_1_75' title='bbox 1347 1024 1628 1087; x_wconf 81' lang='lat' dir='ltr'><strong>videntur,</strong></span> <span class='ocrx_word' id='word_1_76' title='bbox 1663 1025 1822 1079; x_wconf 91' lang='lat' dir='ltr'><strong>oculo</strong></span> <span class='ocrx_word' id='word_1_77' title='bbox 1854 1026 2036 1093; x_wconf 78' lang='lat' dir='ltr'><strong>exagi-</strong></span> 
     </span>
    </p>
   </div>
   <div class='ocr_carea' id='block_1_13' title="bbox 470 1115 2033 1185">
    <p class='ocr_par' dir='ltr' id='par_1_13' title="bbox 470 1115 2033 1185">
     <span class='ocr_line' id='line_1_13' title="bbox 470 1115 2033 1185; baseline -0.002 -16"><span class='ocrx_word' id='word_1_78' title='bbox 470 1127 581 1170; x_wconf 85' lang='lat' dir='ltr'><strong>tato</strong></span> <span class='ocrx_word' id='word_1_79' title='bbox 607 1126 831 1185; x_wconf 88' lang='lat' dir='ltr'><strong>propter</strong></span> <span class='ocrx_word' id='word_1_80' title='bbox 858 1117 1149 1185; x_wconf 79' lang='lat' dir='ltr'><strong>liquorem,</strong></span> <span class='ocrx_word' id='word_1_81' title='bbox 1176 1116 1269 1184; x_wconf 86' lang='lat' dir='ltr'><strong>qui</strong></span> <span class='ocrx_word' id='word_1_82' title='bbox 1296 1115 1352 1169; x_wconf 92' lang='lat' dir='ltr'><strong>in</strong></span> <span class='ocrx_word' id='word_1_83' title='bbox 1377 1117 1613 1170; x_wconf 88' lang='lat' dir='ltr'><strong>cerebro</strong></span> <span class='ocrx_word' id='word_1_84' title='bbox 1670 1126 1771 1180; x_wconf 92' lang='lat' dir='ltr'><strong>est,</strong></span> <span class='ocrx_word' id='word_1_85' title='bbox 1806 1127 1854 1171; x_wconf 89' lang='lat' dir='ltr'><strong>et</strong></span> <span class='ocrx_word' id='word_1_86' title='bbox 1916 1127 2033 1170; x_wconf 78' lang='lat' dir='ltr'><strong>tan-</strong></span> 
     </span>
    </p>
   </div>
   <div class='ocr_carea' id='block_1_14' title="bbox 465 1207 2031 1276">
    <p class='ocr_par' dir='ltr' id='par_1_14' title="bbox 465 1207 2031 1276">
     <span class='ocr_line' id='line_1_14' title="bbox 465 1207 2031 1276; baseline 0.001 -17"><span class='ocrx_word' id='word_1_87' title='bbox 465 1224 629 1276; x_wconf 88' lang='lat' dir='ltr'><strong>qnam</strong></span> <span class='ocrx_word' id='word_1_88' title='bbox 659 1218 877 1262; x_wconf 85' lang='lat' dir='ltr'><strong>natante</strong></span> <span class='ocrx_word' id='word_1_89' title='bbox 907 1218 962 1261; x_wconf 91' lang='lat' dir='ltr'><strong>et</strong></span> <span class='ocrx_word' id='word_1_90' title='bbox 988 1207 1289 1261; x_wconf 78' lang='lat' dir='ltr'><strong>[litetuante</strong></span> <span class='ocrx_word' id='word_1_91' title='bbox 1324 1208 1466 1275; x_wconf 90' lang='lat' dir='ltr'><strong>quod</strong></span> <span class='ocrx_word' id='word_1_92' title='bbox 1492 1208 1559 1260; x_wconf 87' lang='lat' dir='ltr'><strong>ad</strong></span> <span class='ocrx_word' id='word_1_93' title='bbox 1589 1222 1677 1260; x_wconf 88' lang='lat' dir='ltr'><strong>res</strong></span> <span class='ocrx_word' id='word_1_94' title='bbox 1704 1218 2031 1276; x_wconf 84' lang='lat' dir='ltr'><strong>apparentes</strong></span> 
     </span>
    </p>
   </div>
   <div class='ocr_carea' id='block_1_15' title="bbox 468 1298 2030 1368">
    <p class='ocr_par' dir='ltr' id='par_1_15' title="bbox 468 1298 2030 1368">
     <span class='ocr_line' id='line_1_15' title="bbox 468 1298 2030 1368; baseline -0.001 -17"><span class='ocrx_word' id='word_1_95' title='bbox 468 1300 684 1363; x_wconf 83' lang='lat' dir='ltr'><strong>attinet,</strong></span> <span class='ocrx_word' id='word_1_96' title='bbox 720 1299 793 1352; x_wconf 87' lang='lat' dir='ltr'><strong>ita</strong></span> <span class='ocrx_word' id='word_1_97' title='bbox 820 1300 984 1353; x_wconf 90' lang='lat' dir='ltr'><strong>etiam</strong></span> <span class='ocrx_word' id='word_1_98' title='bbox 1019 1308 1074 1352; x_wconf 92' lang='lat' dir='ltr'><strong>tu</strong></span> <span class='ocrx_word' id='word_1_99' title='bbox 1108 1298 1414 1368; x_wconf 76' lang='lat' dir='ltr'><strong>ignorantia</strong></span> <span class='ocrx_word' id='word_1_100' title='bbox 1434 1312 1615 1351; x_wconf 84' lang='lat' dir='ltr'><strong>crassa</strong></span> <span class='ocrx_word' id='word_1_101' title='bbox 1642 1298 1902 1351; x_wconf 86' lang='lat' dir='ltr'><strong>seductus</strong></span> <span class='ocrx_word' id='word_1_102' title='bbox 1931 1299 2030 1350; x_wconf 87' lang='lat' dir='ltr'><strong>mi-</strong></span> 
     </span>
    </p>
   </div>
   <div class='ocr_carea' id='block_1_16' title="bbox 468 1388 2030 1459">
    <p class='ocr_par' dir='ltr' id='par_1_16' title="bbox 468 1388 2030 1459">
     <span class='ocr_line' id='line_1_16' title="bbox 468 1388 2030 1459; baseline -0.002 -16"><span class='ocrx_word' id='word_1_103' title='bbox 468 1390 614 1444; x_wconf 90' lang='lat' dir='ltr'><strong>nime</strong></span> <span class='ocrx_word' id='word_1_104' title='bbox 653 1391 760 1445; x_wconf 90' lang='lat' dir='ltr'><strong>scis</strong></span> <span class='ocrx_word' id='word_1_105' title='bbox 784 1389 1063 1459; x_wconf 89' lang='lat' dir='ltr'><strong>quomodo</strong></span> <span class='ocrx_word' id='word_1_106' title='bbox 1122 1405 1179 1443; x_wconf 91' lang='lat' dir='ltr'><strong>se</strong></span> <span class='ocrx_word' id='word_1_107' title='bbox 1242 1388 1479 1444; x_wconf 82' lang='lat' dir='ltr'><strong>habeant</strong></span> <span class='ocrx_word' id='word_1_108' title='bbox 1530 1397 1725 1441; x_wconf 87' lang='lat' dir='ltr'><strong>natura</strong></span> <span class='ocrx_word' id='word_1_109' title='bbox 1780 1389 2030 1457; x_wconf 81' lang='lat' dir='ltr'><strong>dogmata</strong></span> 
     </span>
    </p>
   </div>
   <div class='ocr_carea' id='block_1_17' title="bbox 469 1481 2033 1551">
    <p class='ocr_par' dir='ltr' id='par_1_17' title="bbox 469 1481 2033 1551">
     <span class='ocr_line' id='line_1_17' title="bbox 469 1481 2033 1551; baseline -0.001 -15"><span class='ocrx_word' id='word_1_110' title='bbox 469 1482 690 1537; x_wconf 81' lang='lat' dir='ltr'><strong>Patrum</strong></span> <span class='ocrx_word' id='word_1_111' title='bbox 728 1483 1039 1537; x_wconf 76' lang='lat' dir='ltr'><strong>divinorum</strong></span> <span class='ocrx_word' id='word_1_112' title='bbox 1073 1500 1087 1535; x_wconf 92' lang='lat'><strong>:</strong></span> <span class='ocrx_word' id='word_1_113' title='bbox 1123 1481 1257 1536; x_wconf 87' lang='lat' dir='ltr'><strong>illud</strong></span> <span class='ocrx_word' id='word_1_114' title='bbox 1308 1482 1511 1551; x_wconf 86' lang='lat' dir='ltr'><strong>ipsum,</strong></span> <span class='ocrx_word' id='word_1_115' title='bbox 1566 1481 1712 1550; x_wconf 88' lang='lat' dir='ltr'><strong>quod</strong></span> <span class='ocrx_word' id='word_1_116' title='bbox 1744 1482 1906 1535; x_wconf 87' lang='lat' dir='ltr'><strong>etiam</strong></span> <span class='ocrx_word' id='word_1_117' title='bbox 1966 1482 2033 1535; x_wconf 90' lang='lat' dir='ltr'><strong>iis</strong></span> 
     </span>
    </p>
   </div>
   <div class='ocr_carea' id='block_1_18' title="bbox 471 1573 2032 1644">
    <p class='ocr_par' dir='ltr' id='par_1_18' title="bbox 471 1573 2032 1644">
     <span class='ocr_line' id='line_1_18' title="bbox 471 1573 2032 1644; baseline -0.001 -16"><span class='ocrx_word' id='word_1_118' title='bbox 471 1576 746 1642; x_wconf 81' lang='lat' dir='ltr'><strong>usuvenit,</strong></span> <span class='ocrx_word' id='word_1_119' title='bbox 780 1576 873 1644; x_wconf 90' lang='lat' dir='ltr'><strong>qui</strong></span> <span class='ocrx_word' id='word_1_120' title='bbox 904 1590 933 1628; x_wconf 86' lang='lat' dir='ltr'><strong>a</strong></span> <span class='ocrx_word' id='word_1_121' title='bbox 964 1589 1116 1629; x_wconf 86' lang='lat' dir='ltr'><strong>remo</strong></span> <span class='ocrx_word' id='word_1_122' title='bbox 1174 1574 1239 1627; x_wconf 89' lang='lat' dir='ltr'><strong>ad</strong></span> <span class='ocrx_word' id='word_1_123' title='bbox 1290 1582 1599 1643; x_wconf 80' lang='lat' dir='ltr'><strong>suggestum</strong></span> <span class='ocrx_word' id='word_1_124' title='bbox 1627 1613 1639 1636; x_wconf 91' lang='lat'><strong>,</strong></span> <span class='ocrx_word' id='word_1_125' title='bbox 1687 1581 1742 1627; x_wconf 90' lang='lat' dir='ltr'><strong>et</strong></span> <span class='ocrx_word' id='word_1_126' title='bbox 1772 1587 1802 1625; x_wconf 85' lang='lat' dir='ltr'><strong>a</strong></span> <span class='ocrx_word' id='word_1_127' title='bbox 1856 1573 2032 1641; x_wconf 91' lang='lat' dir='ltr'><strong>ligone</strong></span> 
     </span>
    </p>
   </div>
   <div class='ocr_carea' id='block_1_19' title="bbox 470 1664 2031 1735">
    <p class='ocr_par' dir='ltr' id='par_1_19' title="bbox 470 1664 2031 1735">
     <span class='ocr_line' id='line_1_19' title="bbox 470 1664 2031 1735; baseline -0.003 -16"><span class='ocrx_word' id='word_1_128' title='bbox 470 1667 535 1719; x_wconf 88' lang='lat' dir='ltr'><strong>ad</strong></span> <span class='ocrx_word' id='word_1_129' title='bbox 578 1667 904 1735; x_wconf 83' lang='lat' dir='ltr'><strong>theologiam</strong></span> <span class='ocrx_word' id='word_1_130' title='bbox 937 1666 1294 1726; x_wconf 79' lang='lat' dir='ltr'><strong>transvolant,</strong></span> <span class='ocrx_word' id='word_1_131' title='bbox 1352 1679 1514 1716; x_wconf 89' lang='lat' dir='ltr'><strong>omne</strong></span> <span class='ocrx_word' id='word_1_132' title='bbox 1580 1678 1775 1717; x_wconf 86' lang='lat' dir='ltr'><strong>nomen</strong></span> <span class='ocrx_word' id='word_1_133' title='bbox 1816 1666 1883 1715; x_wconf 89' lang='lat' dir='ltr'><strong>de</strong></span> <span class='ocrx_word' id='word_1_134' title='bbox 1921 1664 2031 1716; x_wconf 87' lang='lat' dir='ltr'><strong>Deo</strong></span> 
     </span>
    </p>
   </div>
   <div class='ocr_carea' id='block_1_20' title="bbox 467 1755 2030 1827">
    <p class='ocr_par' dir='ltr' id='par_1_20' title="bbox 467 1755 2030 1827">
     <span class='ocr_line' id='line_1_20' title="bbox 467 1755 2030 1827; baseline -0.003 -17"><span class='ocrx_word' id='word_1_135' title='bbox 467 1756 674 1810; x_wconf 85' lang='lat' dir='ltr'><strong>dictum</strong></span> <span class='ocrx_word' id='word_1_136' title='bbox 704 1758 791 1811; x_wconf 91' lang='lat' dir='ltr'><strong>his</strong></span> <span class='ocrx_word' id='word_1_137' title='bbox 825 1759 1027 1827; x_wconf 66' lang='lat' dir='ltr'><strong>praebet</strong></span> <span class='ocrx_word' id='word_1_138' title='bbox 1052 1757 1440 1825; x_wconf 89' lang='lat' dir='ltr'><strong>cogitationem</strong></span> <span class='ocrx_word' id='word_1_139' title='bbox 1498 1770 1841 1824; x_wconf 87' lang='lat' dir='ltr'><strong>corpoream,</strong></span> <span class='ocrx_word' id='word_1_140' title='bbox 1872 1755 2030 1824; x_wconf 76' lang='lat'><strong>321</strong></span> 
     </span>
    </p>
   </div>
   <div class='ocr_carea' id='block_1_21' title="bbox 468 1851 2030 1922">
    <p class='ocr_par' dir='ltr' id='par_1_21' title="bbox 468 1851 2030 1922">
     <span class='ocr_line' id='line_1_21' title="bbox 468 1851 2030 1922; baseline -0.003 -14"><span class='ocrx_word' id='word_1_141' title='bbox 468 1854 648 1908; x_wconf 85' lang='lat' dir='ltr'><strong>omnis</strong></span> <span class='ocrx_word' id='word_1_142' title='bbox 687 1864 867 1908; x_wconf 88' lang='lat' dir='ltr'><strong>autem</strong></span> <span class='ocrx_word' id='word_1_143' title='bbox 901 1870 987 1908; x_wconf 88' lang='lat' dir='ltr'><strong>res</strong></span> <span class='ocrx_word' id='word_1_144' title='bbox 1014 1869 1135 1922; x_wconf 66' lang='lat' dir='ltr'><strong>quae</strong></span> <span class='ocrx_word' id='word_1_145' title='bbox 1196 1867 1520 1922; x_wconf 86' lang='lat' dir='ltr'><strong>corpoream</strong></span> <span class='ocrx_word' id='word_1_146' title='bbox 1580 1851 1744 1905; x_wconf 85' lang='lat' dir='ltr'><strong>habet</strong></span> <span class='ocrx_word' id='word_1_147' title='bbox 1802 1851 2030 1904; x_wconf 89' lang='lat' dir='ltr'><strong>cireum-</strong></span> 
     </span>
    </p>
   </div>
   <div class='ocr_carea' id='block_1_22' title="bbox 466 1942 2039 2016">
    <p class='ocr_par' dir='ltr' id='par_1_22' title="bbox 466 1942 2039 2016">
     <span class='ocr_line' id='line_1_22' title="bbox 466 1942 2039 2016; baseline -0.006 -11"><span class='ocrx_word' id='word_1_148' title='bbox 466 1948 823 2016; x_wconf 84' lang='lat' dir='ltr'><strong>scriptionem</strong></span> <span class='ocrx_word' id='word_1_149' title='bbox 863 1956 921 1999; x_wconf 90' lang='lat' dir='ltr'><strong>ut</strong></span> <span class='ocrx_word' id='word_1_150' title='bbox 960 1946 1275 2000; x_wconf 72' lang='lat' dir='ltr'><strong>divinitates</strong></span> <span class='ocrx_word' id='word_1_151' title='bbox 1321 1950 1511 1999; x_wconf 73' lang='lat' dir='ltr'><strong>vocent</strong></span> <span class='ocrx_word' id='word_1_152' title='bbox 1542 1952 1597 1998; x_wconf 91' lang='lat' dir='ltr'><strong>ct</strong></span> <span class='ocrx_word' id='word_1_153' title='bbox 1651 1942 1892 1997; x_wconf 83' lang='lat' dir='ltr'><strong>incrcata</strong></span> <span class='ocrx_word' id='word_1_154' title='bbox 1946 1958 2039 2013; x_wconf 88' lang='lat' dir='ltr'><strong>ap-</strong></span> 
     </span>
    </p>
   </div>
   <div class='ocr_carea' id='block_1_23' title="bbox 469 2037 1081 2111">
    <p class='ocr_par' dir='ltr' id='par_1_23' title="bbox 469 2037 1081 2111">
     <span class='ocr_line' id='line_1_23' title="bbox 469 2037 1081 2111; baseline -0.01 -18"><span class='ocrx_word' id='word_1_155' title='bbox 469 2040 671 2111; x_wconf 88' lang='lat' dir='ltr'><strong>pellent</strong></span> <span class='ocrx_word' id='word_1_156' title='bbox 707 2053 804 2092; x_wconf 91' lang='lat' dir='ltr'><strong>cos</strong></span> <span class='ocrx_word' id='word_1_157' title='bbox 839 2037 1081 2091; x_wconf 80' lang='lat' dir='ltr'><strong>adducit.</strong></span> 
     </span>
    </p>
   </div>
   <div class='ocr_carea' id='block_1_24' title="bbox 538 2114 2041 2197">
    <p class='ocr_par' dir='ltr' id='par_1_24' title="bbox 538 2114 2041 2197">
     <span class='ocr_line' id='line_1_24' title="bbox 538 2114 2041 2197; baseline -0.002 -14"><span class='ocrx_word' id='word_1_158' title='bbox 538 2128 725 2183; x_wconf 75' lang='lat' dir='ltr'><strong>XXIV.</strong></span> <span class='ocrx_word' id='word_1_159' title='bbox 761 2128 900 2181; x_wconf 88' lang='lat' dir='ltr'><strong>Tum</strong></span> <span class='ocrx_word' id='word_1_160' title='bbox 946 2129 1223 2196; x_wconf 84' lang='lat' dir='ltr'><strong>logotheta</strong></span> <span class='ocrx_word' id='word_1_161' title='bbox 1269 2142 1520 2197; x_wconf 87' lang='lat' dir='ltr'><strong>magnus,</strong></span> <span class='ocrx_word' id='word_1_162' title='bbox 1576 2114 1796 2197; x_wconf 83' lang='lat' dir='ltr'><strong>sapiens</strong></span> <span class='ocrx_word' id='word_1_163' title='bbox 1856 2125 1941 2179; x_wconf 82' lang='lat' dir='ltr'><strong>vir</strong></span> <span class='ocrx_word' id='word_1_164' title='bbox 1982 2133 2041 2182; x_wconf 87' lang='lat' dir='ltr'><strong>et</strong></span> 
     </span>
    </p>
   </div>
   <div class='ocr_carea' id='block_1_25' title="bbox 468 2218 2039 2291">
    <p class='ocr_par' dir='ltr' id='par_1_25' title="bbox 468 2218 2039 2291">
     <span class='ocr_line' id='line_1_25' title="bbox 468 2218 2039 2291; baseline -0.003 -15"><span class='ocrx_word' id='word_1_165' title='bbox 468 2222 616 2276; x_wconf 68' lang='lat' dir='ltr'><strong>ditta</strong></span> <span class='ocrx_word' id='word_1_166' title='bbox 646 2221 957 2291; x_wconf 77' lang='lat' dir='ltr'><strong>intelligens</strong></span> <span class='ocrx_word' id='word_1_167' title='bbox 988 2218 1220 2273; x_wconf 81' lang='lat' dir='ltr'><strong>maxime</strong></span> <span class='ocrx_word' id='word_1_168' title='bbox 1253 2219 1500 2274; x_wconf 89' lang='lat' dir='ltr'><strong>omnium</strong></span> <span class='ocrx_word' id='word_1_169' title='bbox 1532 2220 1626 2289; x_wconf 89' lang='lat' dir='ltr'><strong>qui</strong></span> <span class='ocrx_word' id='word_1_170' title='bbox 1662 2221 1892 2275; x_wconf 85' lang='lat' dir='ltr'><strong>aderant</strong></span> <span class='ocrx_word' id='word_1_171' title='bbox 1926 2227 2039 2272; x_wconf 92' lang='lat' dir='ltr'><strong>tum</strong></span> 
     </span>
    </p>
   </div>
   <div class='ocr_carea' id='block_1_26' title="bbox 470 2308 2039 2379">
    <p class='ocr_par' dir='ltr' id='par_1_26' title="bbox 470 2308 2039 2379">
     <span class='ocr_line' id='line_1_26' title="bbox 470 2308 2039 2379; baseline -0.001 -13"><span class='ocrx_word' id='word_1_172' title='bbox 470 2312 545 2366; x_wconf 89' lang='lat' dir='ltr'><strong>ibi</strong></span> <span class='ocrx_word' id='word_1_173' title='bbox 590 2328 654 2366; x_wconf 78' lang='lat' dir='ltr'><strong>ex</strong></span> <span class='ocrx_word' id='word_1_174' title='bbox 707 2310 775 2365; x_wconf 90' lang='lat' dir='ltr'><strong>iis</strong></span> <span class='ocrx_word' id='word_1_175' title='bbox 826 2311 920 2379; x_wconf 86' lang='lat' dir='ltr'><strong>qui</strong></span> <span class='ocrx_word' id='word_1_176' title='bbox 982 2311 1150 2378; x_wconf 81' lang='lat' dir='ltr'><strong>gloria</strong></span> <span class='ocrx_word' id='word_1_177' title='bbox 1209 2318 1267 2363; x_wconf 93' lang='lat' dir='ltr'><strong>et</strong></span> <span class='ocrx_word' id='word_1_178' title='bbox 1314 2311 1520 2363; x_wconf 89' lang='lat' dir='ltr'><strong>honore</strong></span> <span class='ocrx_word' id='word_1_179' title='bbox 1582 2308 1939 2373; x_wconf 85' lang='lat' dir='ltr'><strong>fruebantur,</strong></span> <span class='ocrx_word' id='word_1_180' title='bbox 1972 2310 2039 2365; x_wconf 88' lang='lat' dir='ltr'><strong>ad</strong></span> 
     </span>
    </p>
   </div>
   <div class='ocr_carea' id='block_1_27' title="bbox 469 2400 2044 2472">
    <p class='ocr_par' dir='ltr' id='par_1_27' title="bbox 469 2400 2044 2472">
     <span class='ocr_line' id='line_1_27' title="bbox 469 2400 2044 2472; baseline -0.001 -14"><span class='ocrx_word' id='word_1_181' title='bbox 469 2403 740 2458; x_wconf 85' lang='lat' dir='ltr'><strong>Palamam</strong></span> <span class='ocrx_word' id='word_1_182' title='bbox 774 2402 1345 2457; x_wconf 81' lang='lat' dir='ltr'><strong>dixitcontendcntem</strong></span> <span class='ocrx_word' id='word_1_183' title='bbox 1377 2400 1715 2469; x_wconf 87' lang='lat' dir='ltr'><strong>proclamare</strong></span> <span class='ocrx_word' id='word_1_184' title='bbox 1747 2401 1929 2472; x_wconf 89' lang='lat' dir='ltr'><strong>inepta</strong></span> <span class='ocrx_word' id='word_1_185' title='bbox 1950 2401 2044 2456; x_wconf 88' lang='lat' dir='ltr'><strong>illa</strong></span> 
     </span>
    </p>
   </div>
   <div class='ocr_carea' id='block_1_28' title="bbox 471 2493 2043 2567">
    <p class='ocr_par' dir='ltr' id='par_1_28' title="bbox 471 2493 2043 2567">
     <span class='ocr_line' id='line_1_28' title="bbox 471 2493 2043 2567; baseline 0.001 -18"><span class='ocrx_word' id='word_1_186' title='bbox 471 2506 526 2549; x_wconf 91' lang='lat' dir='ltr'><strong>et</strong></span> <span class='ocrx_word' id='word_1_187' title='bbox 586 2495 743 2549; x_wconf 75' lang='lat' dir='ltr'><strong>valde</strong></span> <span class='ocrx_word' id='word_1_188' title='bbox 809 2495 1190 2564; x_wconf 75' lang='lat' dir='ltr'><strong>intempestive</strong></span> <span class='ocrx_word' id='word_1_189' title='bbox 1238 2493 1449 2563; x_wconf 87' lang='lat' dir='ltr'><strong>prolata</strong></span> <span class='ocrx_word' id='word_1_190' title='bbox 1500 2493 1803 2567; x_wconf 87' lang='lat' dir='ltr'><strong>paradoxa:</strong></span> <span class='ocrx_word' id='word_1_191' title='bbox 1871 2495 2043 2550; x_wconf 70' lang='lat' dir='ltr'><strong>«Nihil</strong></span> 
     </span>
    </p>
   </div>
   <div class='ocr_carea' id='block_1_29' title="bbox 470 2586 2046 2657">
    <p class='ocr_par' dir='ltr' id='par_1_29' title="bbox 470 2586 2046 2657">
     <span class='ocr_line' id='line_1_29' title="bbox 470 2586 2046 2657; baseline -0.001 -16"><span class='ocrx_word' id='word_1_192' title='bbox 470 2587 615 2641; x_wconf 82' lang='lat' dir='ltr'><strong>aliud</strong></span> <span class='ocrx_word' id='word_1_193' title='bbox 651 2602 798 2641; x_wconf 89' lang='lat' dir='ltr'><strong>nunc</strong></span> <span class='ocrx_word' id='word_1_194' title='bbox 822 2587 984 2641; x_wconf 85' lang='lat' dir='ltr'><strong>video</strong></span> <span class='ocrx_word' id='word_1_195' title='bbox 1012 2598 1062 2641; x_wconf 91' lang='lat' dir='ltr'><strong>te</strong></span> <span class='ocrx_word' id='word_1_196' title='bbox 1092 2597 1367 2655; x_wconf 86' lang='lat' dir='ltr'><strong>spectare,</strong></span> <span class='ocrx_word' id='word_1_197' title='bbox 1394 2587 1631 2657; x_wconf 75' lang='lat' dir='ltr'><strong>egregie,</strong></span> <span class='ocrx_word' id='word_1_198' title='bbox 1668 2601 1831 2656; x_wconf 77' lang='lat' dir='ltr'><strong>quam</strong></span> <span class='ocrx_word' id='word_1_199' title='bbox 1856 2586 2046 2655; x_wconf 87' lang='lat' dir='ltr'><strong>loqua-</strong></span> 
     </span>
    </p>
   </div>
   <div class='ocr_carea' id='block_1_30' title="bbox 470 2676 2043 2749">
    <p class='ocr_par' dir='ltr' id='par_1_30' title="bbox 470 2676 2043 2749">
     <span class='ocr_line' id='line_1_30' title="bbox 470 2676 2043 2749; baseline -0.002 -16"><span class='ocrx_word' id='word_1_200' title='bbox 470 2680 636 2741; x_wconf 82' lang='lat' dir='ltr'><strong>citate</strong></span> <span class='ocrx_word' id='word_1_201' title='bbox 666 2677 886 2733; x_wconf 87' lang='lat' dir='ltr'><strong>studere</strong></span> <span class='ocrx_word' id='word_1_202' title='bbox 917 2677 1110 2733; x_wconf 85' lang='lat' dir='ltr'><strong>laudes</strong></span> <span class='ocrx_word' id='word_1_203' title='bbox 1143 2677 1331 2731; x_wconf 77' lang='lat' dir='ltr'><strong>venari</strong></span> <span class='ocrx_word' id='word_1_204' title='bbox 1373 2676 1658 2749; x_wconf 85' lang='lat' dir='ltr'><strong>hominum</strong></span> <span class='ocrx_word' id='word_1_205' title='bbox 1698 2676 2043 2731; x_wconf 86' lang='lat' dir='ltr'><strong>indoctorum</strong></span> 
     </span>
    </p>
   </div>
   <div class='ocr_carea' id='block_1_31' title="bbox 470 2766 2044 2838">
    <p class='ocr_par' dir='ltr' id='par_1_31' title="bbox 470 2766 2044 2838">
     <span class='ocr_line' id='line_1_31' title="bbox 470 2766 2044 2838; baseline 0 -16"><span class='ocrx_word' id='word_1_206' title='bbox 470 2781 638 2838; x_wconf 86' lang='lat' dir='ltr'><strong>atque</strong></span> <span class='ocrx_word' id='word_1_207' title='bbox 665 2769 733 2823; x_wconf 90' lang='lat' dir='ltr'><strong>ab</strong></span> <span class='ocrx_word' id='word_1_208' title='bbox 769 2767 1104 2822; x_wconf 86' lang='lat' dir='ltr'><strong>adversariis</strong></span> <span class='ocrx_word' id='word_1_209' title='bbox 1138 2767 1383 2837; x_wconf 88' lang='lat' dir='ltr'><strong>superari</strong></span> <span class='ocrx_word' id='word_1_210' title='bbox 1414 2782 1524 2821; x_wconf 91' lang='lat' dir='ltr'><strong>non</strong></span> <span class='ocrx_word' id='word_1_211' title='bbox 1557 2766 1771 2830; x_wconf 87' lang='lat' dir='ltr'><strong>videri;</strong></span> <span class='ocrx_word' id='word_1_212' title='bbox 1802 2775 2044 2822; x_wconf 84' lang='lat' dir='ltr'><strong>attamen</strong></span> 
     </span>
    </p>
   </div>
   <div class='ocr_carea' id='block_1_32' title="bbox 472 2856 2041 2931">
    <p class='ocr_par' dir='ltr' id='par_1_32' title="bbox 472 2856 2041 2931">
     <span class='ocr_line' id='line_1_32' title="bbox 472 2856 2041 2931; baseline -0.003 -16"><span class='ocrx_word' id='word_1_213' title='bbox 472 2860 575 2931; x_wconf 83' lang='lat' dir='ltr'><strong>ipsi</strong></span> <span class='ocrx_word' id='word_1_214' title='bbox 601 2862 848 2915; x_wconf 86' lang='lat' dir='ltr'><strong>veritatis</strong></span> <span class='ocrx_word' id='word_1_215' title='bbox 877 2875 1162 2915; x_wconf 90' lang='lat' dir='ltr'><strong>sermones</strong></span> <span class='ocrx_word' id='word_1_216' title='bbox 1189 2858 1321 2913; x_wconf 89' lang='lat' dir='ltr'><strong>clari</strong></span> <span class='ocrx_word' id='word_1_217' title='bbox 1352 2866 1482 2912; x_wconf 87' lang='lat' dir='ltr'><strong>sunt</strong></span> <span class='ocrx_word' id='word_1_218' title='bbox 1536 2868 1592 2912; x_wconf 86' lang='lat' dir='ltr'><strong>et</strong></span> <span class='ocrx_word' id='word_1_219' title='bbox 1645 2856 2041 2920; x_wconf 85' lang='lat' dir='ltr'><strong>irrcfutabiles,</strong></span> 
     </span>
    </p>
   </div>
   <div class='ocr_carea' id='block_1_33' title="bbox 470 2946 2045 3021">
    <p class='ocr_par' dir='ltr' id='par_1_33' title="bbox 470 2946 2045 3021">
     <span class='ocr_line' id='line_1_33' title="bbox 470 2946 2045 3021; baseline -0.003 -15"><span class='ocrx_word' id='word_1_220' title='bbox 470 2962 527 3007; x_wconf 84' lang='lat' dir='ltr'><strong>et</strong></span> <span class='ocrx_word' id='word_1_221' title='bbox 568 2967 663 3021; x_wconf 87' lang='lat' dir='ltr'><strong>per</strong></span> <span class='ocrx_word' id='word_1_222' title='bbox 706 2966 765 3006; x_wconf 89' lang='lat' dir='ltr'><strong>se</strong></span> <span class='ocrx_word' id='word_1_223' title='bbox 822 2950 983 3005; x_wconf 81' lang='lat' dir='ltr'><strong>fidem</strong></span> <span class='ocrx_word' id='word_1_224' title='bbox 1032 2949 1260 3015; x_wconf 85' lang='lat' dir='ltr'><strong>habent,</strong></span> <span class='ocrx_word' id='word_1_225' title='bbox 1298 2963 1440 3018; x_wconf 88' lang='lat' dir='ltr'><strong>quos</strong></span> <span class='ocrx_word' id='word_1_226' title='bbox 1468 2947 1636 3003; x_wconf 87' lang='lat' dir='ltr'><strong>etiam</strong></span> <span class='ocrx_word' id='word_1_227' title='bbox 1668 2947 1825 3002; x_wconf 81' lang='lat' dir='ltr'><strong>audis</strong></span> <span class='ocrx_word' id='word_1_228' title='bbox 1858 2963 1888 3000; x_wconf 88' lang='lat' dir='ltr'><strong>a</strong></span> <span class='ocrx_word' id='word_1_229' title='bbox 1918 2946 2045 3001; x_wconf 89' lang='lat' dir='ltr'><strong>Gre-</strong></span> 
     </span>
    </p>
   </div>
   <div class='ocr_carea' id='block_1_34' title="bbox 2140 481 3711 555">
    <p class='ocr_par' dir='ltr' id='par_1_34' title="bbox 2140 481 3711 555">
     <span class='ocr_line' id='line_1_34' title="bbox 2140 481 3711 555; baseline 0.001 -18"><span class='ocrx_word' id='word_1_230' title='bbox 2140 487 2267 549; x_wconf 80' lang='grc' dir='ltr'>τοὺς</span> <span class='ocrx_word' id='word_1_231' title='bbox 2295 487 2606 555; x_wconf 75' lang='grc' dir='ltr'>ὀφθαλμοὺς</span> <span class='ocrx_word' id='word_1_232' title='bbox 2666 485 2918 555; x_wconf 82' lang='grc' dir='ltr'>ἀνασχὼν</span> <span class='ocrx_word' id='word_1_233' title='bbox 2980 487 3115 553; x_wconf 67' lang='grc' dir='ltr'>πρὸς</span> <span class='ocrx_word' id='word_1_234' title='bbox 3166 485 3253 537; x_wconf 73' lang='grc' dir='ltr'><strong>τὸν</strong></span> <span class='ocrx_word' id='word_1_235' title='bbox 3296 485 3471 554; x_wconf 73' lang='grc' dir='ltr'>ἥλιον,</span> <span class='ocrx_word' id='word_1_236' title='bbox 3498 481 3615 538; x_wconf 80' lang='grc' dir='ltr'>εἶτα</span> <span class='ocrx_word' id='word_1_237' title='bbox 3642 488 3711 539; x_wconf 86' lang='grc' dir='ltr'>δι’</span> 
     </span>
    </p>
   </div>
   <div class='ocr_carea' id='block_1_35' title="bbox 2139 574 3709 646">
    <p class='ocr_par' dir='ltr' id='par_1_35' title="bbox 2139 574 3709 646">
     <span class='ocr_line' id='line_1_35' title="bbox 2139 574 3709 646; baseline -0.001 -16"><span class='ocrx_word' id='word_1_238' title='bbox 2139 577 2361 630; x_wconf 76' lang='grc' dir='ltr'><strong>ἀτονίαν</strong></span> <span class='ocrx_word' id='word_1_239' title='bbox 2419 578 2791 645; x_wconf 69' lang='grc' dir='ltr'>ἀποστραφεὶς</span> <span class='ocrx_word' id='word_1_240' title='bbox 2851 576 2989 646; x_wconf 73' lang='grc' dir='ltr'>πρὸς</span> <span class='ocrx_word' id='word_1_241' title='bbox 3062 574 3161 644; x_wconf 82' lang='grc' dir='ltr'>τὴν</span> <span class='ocrx_word' id='word_1_242' title='bbox 3219 576 3342 642; x_wconf 71' lang='grc' dir='ltr'>γῆν,</span> <span class='ocrx_word' id='word_1_243' title='bbox 3406 577 3709 645; x_wconf 65' lang='grc' dir='ltr'>τρωμάτων</span> 
     </span>
    </p>
   </div>
   <div class='ocr_carea' id='block_1_36' title="bbox 2141 667 3705 738">
    <p class='ocr_par' dir='ltr' id='par_1_36' title="bbox 2141 667 3705 738">
     <span class='ocr_line' id='line_1_36' title="bbox 2141 667 3705 738; baseline 0.001 -18"><span class='ocrx_word' id='word_1_244' title='bbox 2141 668 2332 721; x_wconf 77' lang='grc' dir='ltr'>εἴδωλα</span> <span class='ocrx_word' id='word_1_245' title='bbox 2382 669 2708 737; x_wconf 74' lang='grc' dir='ltr'>φαντάζοιτο</span> <span class='ocrx_word' id='word_1_246' title='bbox 2757 668 3055 722; x_wconf 63' lang='grc' dir='ltr'>πολυειοών</span> <span class='ocrx_word' id='word_1_247' title='bbox 3106 685 3164 721; x_wconf 86' lang='grc' dir='ltr'><strong>τε</strong></span> <span class='ocrx_word' id='word_1_248' title='bbox 3216 671 3310 723; x_wconf 79' lang='grc' dir='ltr'>καὶ</span> <span class='ocrx_word' id='word_1_249' title='bbox 3342 667 3639 738; x_wconf 73' lang='grc' dir='ltr'>διαφόρων.</span> <span class='ocrx_word' id='word_1_250' title='bbox 3669 669 3705 722; x_wconf 78' lang='grc' dir='ltr'>ἃ</span> 
     </span>
    </p>
   </div>
   <div class='ocr_carea' id='block_1_37' title="bbox 2140 761 3707 831">
    <p class='ocr_par' dir='ltr' id='par_1_37' title="bbox 2140 761 3707 831">
     <span class='ocr_line' id='line_1_37' title="bbox 2140 761 3707 831; baseline 0.001 -18"><span class='ocrx_word' id='word_1_251' title='bbox 2140 761 2315 814; x_wconf 78' lang='grc' dir='ltr'>πάντα</span> <span class='ocrx_word' id='word_1_252' title='bbox 2368 761 2540 831; x_wconf 70' lang='grc' dir='ltr'>ψευδῆ</span> <span class='ocrx_word' id='word_1_253' title='bbox 2592 780 2649 814; x_wconf 87' lang='grc' dir='ltr'><strong>τε</strong></span> <span class='ocrx_word' id='word_1_254' title='bbox 2701 763 2831 817; x_wconf 78' lang='grc' dir='ltr'>ὄντα</span> <span class='ocrx_word' id='word_1_255' title='bbox 2880 764 2972 816; x_wconf 76' lang='grc' dir='ltr'>καὶ</span> <span class='ocrx_word' id='word_1_256' title='bbox 3007 763 3335 829; x_wconf 75' lang='grc' dir='ltr'>ἀνύπαρκτα</span> <span class='ocrx_word' id='word_1_257' title='bbox 3365 763 3486 824; x_wconf 83' lang='grc' dir='ltr'>ταῖς</span> <span class='ocrx_word' id='word_1_258' title='bbox 3528 763 3707 831; x_wconf 58' lang='grc' dir='ltr'>ἀρρω-</span> 
     </span>
    </p>
   </div>
   <div class='ocr_carea' id='block_1_38' title="bbox 2140 853 3709 925">
    <p class='ocr_par' dir='ltr' id='par_1_38' title="bbox 2140 853 3709 925">
     <span class='ocr_line' id='line_1_38' title="bbox 2140 853 3709 925; baseline 0.001 -20"><span class='ocrx_word' id='word_1_259' title='bbox 2140 855 2393 918; x_wconf 73' lang='grc' dir='ltr'>στοῦσαις</span> <span class='ocrx_word' id='word_1_260' title='bbox 2441 857 2596 924; x_wconf 64' lang='grc' dir='ltr'>ὄψεσι</span> <span class='ocrx_word' id='word_1_261' title='bbox 2649 858 2897 911; x_wconf 83' lang='grc' dir='ltr'>δοκοῦσιν</span> <span class='ocrx_word' id='word_1_262' title='bbox 2951 853 3091 909; x_wconf 76' lang='grc' dir='ltr'>εἶναι</span> <span class='ocrx_word' id='word_1_263' title='bbox 3146 856 3343 925; x_wconf 80' lang='grc' dir='ltr'>ἀληθῆ.</span> <span class='ocrx_word' id='word_1_264' title='bbox 3377 856 3446 907; x_wconf 84' lang='grc' dir='ltr'><strong>Ἦ</strong></span> <span class='ocrx_word' id='word_1_265' title='bbox 3506 854 3709 923; x_wconf 77' lang='grc' dir='ltr'>μᾶλλον</span> 
     </span>
    </p>
   </div>
   <div class='ocr_carea' id='block_1_39' title="bbox 2137 946 3706 1017">
    <p class='ocr_par' dir='ltr' id='par_1_39' title="bbox 2137 946 3706 1017">
     <span class='ocr_line' id='line_1_39' title="bbox 2137 946 3706 1017; baseline -0.003 -18"><span class='ocrx_word' id='word_1_266' title='bbox 2137 946 2325 1015; x_wconf 82' lang='grc' dir='ltr'>ὥσπερ</span> <span class='ocrx_word' id='word_1_267' title='bbox 2355 948 2403 1001; x_wconf 88' lang='grc' dir='ltr'><strong>οί</strong></span> <span class='ocrx_word' id='word_1_268' title='bbox 2437 948 2727 1017; x_wconf 77' lang='grc' dir='ltr'><strong>μεθύοντες</strong></span> <span class='ocrx_word' id='word_1_269' title='bbox 2764 949 2825 1002; x_wconf 83' lang='grc' dir='ltr'><strong>οὐ</strong></span> <span class='ocrx_word' id='word_1_270' title='bbox 2860 951 2928 1001; x_wconf 68' lang='grc' dir='ltr'>τὰ</span> <span class='ocrx_word' id='word_1_271' title='bbox 2962 948 3092 1001; x_wconf 75' lang='grc' dir='ltr'>ὄντα</span> <span class='ocrx_word' id='word_1_272' title='bbox 3122 948 3261 1001; x_wconf 78' lang='grc' dir='ltr'><strong>κατά</strong></span> <span class='ocrx_word' id='word_1_273' title='bbox 3289 947 3451 1015; x_wconf 74' lang='grc' dir='ltr'>φύσιν</span> <span class='ocrx_word' id='word_1_274' title='bbox 3480 947 3706 1015; x_wconf 72' lang='grc' dir='ltr'>ὁρῶσιν,</span> 
     </span>
    </p>
   </div>
   <div class='ocr_carea' id='block_1_40' title="bbox 2139 1036 3709 1108">
    <p class='ocr_par' dir='ltr' id='par_1_40' title="bbox 2139 1036 3709 1108">
     <span class='ocr_line' id='line_1_40' title="bbox 2139 1036 3709 1108; baseline -0.001 -19"><span class='ocrx_word' id='word_1_275' title='bbox 2139 1037 2257 1089; x_wconf 82' lang='grc' dir='ltr'>ἀλλ’</span> <span class='ocrx_word' id='word_1_276' title='bbox 2286 1038 2400 1089; x_wconf 79' lang='grc' dir='ltr'>ἀνθ’</span> <span class='ocrx_word' id='word_1_277' title='bbox 2428 1038 2630 1108; x_wconf 78' lang='grc' dir='ltr'>ἐτέρων</span> <span class='ocrx_word' id='word_1_278' title='bbox 2682 1040 2847 1108; x_wconf 74' lang='grc' dir='ltr'>ἕτερα</span> <span class='ocrx_word' id='word_1_279' title='bbox 2880 1038 3120 1098; x_wconf 83' lang='grc' dir='ltr'>δοκοῦσι,</span> <span class='ocrx_word' id='word_1_280' title='bbox 3162 1038 3582 1106; x_wconf 74' lang='grc' dir='ltr'>κυματουμένης</span> <span class='ocrx_word' id='word_1_281' title='bbox 3610 1036 3709 1101; x_wconf 75' lang='grc' dir='ltr'>τῆς</span> 
     </span>
    </p>
   </div>
   <div class='ocr_carea' id='block_1_41' title="bbox 2136 1126 3709 1196">
    <p class='ocr_par' dir='ltr' id='par_1_41' title="bbox 2136 1126 3709 1196">
     <span class='ocr_line' id='line_1_41' title="bbox 2136 1126 3709 1196; baseline 0.004 -18"><span class='ocrx_word' id='word_1_282' title='bbox 2136 1126 2311 1194; x_wconf 52' lang='lat' dir='ltr'><strong>Eabae);</strong></span> <span class='ocrx_word' id='word_1_283' title='bbox 2355 1127 2457 1178; x_wconf 80' lang='grc' dir='ltr'>ὑπὸ</span> <span class='ocrx_word' id='word_1_284' title='bbox 2484 1127 2583 1194; x_wconf 78' lang='grc' dir='ltr'><strong>τῆς</strong></span> <span class='ocrx_word' id='word_1_285' title='bbox 2614 1130 2740 1196; x_wconf 71' lang='grc' dir='ltr'>περὶ</span> <span class='ocrx_word' id='word_1_286' title='bbox 2774 1129 2865 1179; x_wconf 64' lang='grc' dir='ltr'>τὸν</span> <span class='ocrx_word' id='word_1_287' title='bbox 2910 1128 3213 1195; x_wconf 73' lang='grc' dir='ltr'>ἐγκέφαλον</span> <span class='ocrx_word' id='word_1_288' title='bbox 3260 1127 3558 1194; x_wconf 71' lang='grc' dir='ltr'><strong>ὑγρότητος</strong></span> <span class='ocrx_word' id='word_1_289' title='bbox 3615 1126 3709 1178; x_wconf 59' lang='grc' dir='ltr'><strong>καὶ</strong></span> 
     </span>
    </p>
   </div>
   <div class='ocr_carea' id='block_1_42' title="bbox 2135 1219 3700 1291">
    <p class='ocr_par' dir='ltr' id='par_1_42' title="bbox 2135 1219 3700 1291">
     <span class='ocr_line' id='line_1_42' title="bbox 2135 1219 3700 1291; baseline -0.001 -19"><span class='ocrx_word' id='word_1_290' title='bbox 2135 1220 2294 1273; x_wconf 74' lang='grc' dir='ltr'>οἱονεὶ</span> <span class='ocrx_word' id='word_1_291' title='bbox 2345 1222 2707 1291; x_wconf 68' lang='grc' dir='ltr'>κολυμϐὠσης</span> <span class='ocrx_word' id='word_1_292' title='bbox 2766 1226 2820 1284; x_wconf 82' lang='grc' dir='ltr'>ὲς</span> <span class='ocrx_word' id='word_1_293' title='bbox 2866 1228 2932 1274; x_wconf 65' lang='grc' dir='ltr'>τὰ</span> <span class='ocrx_word' id='word_1_294' title='bbox 2975 1223 3282 1291; x_wconf 69' lang='grc' dir='ltr'>φαιντῖμενα</span> <span class='ocrx_word' id='word_1_295' title='bbox 3314 1219 3652 1290; x_wconf 76' lang='grc' dir='ltr'><strong>πλημμελῶς</strong></span> <span class='ocrx_word' id='word_1_296' title='bbox 3686 1237 3700 1249; x_wconf 83' lang='grc'><em>’</em></span> 
     </span>
    </p>
   </div>
   <div class='ocr_carea' id='block_1_43' title="bbox 2134 1311 3707 1384">
    <p class='ocr_par' dir='ltr' id='par_1_43' title="bbox 2134 1311 3707 1384">
     <span class='ocr_line' id='line_1_43' title="bbox 2134 1311 3707 1384; baseline 0 -21"><span class='ocrx_word' id='word_1_297' title='bbox 2134 1311 2277 1363; x_wconf 78' lang='grc' dir='ltr'>οὕτω</span> <span class='ocrx_word' id='word_1_298' title='bbox 2310 1313 2371 1383; x_wconf 79' lang='grc' dir='ltr'><strong>δὴ</strong></span> <span class='ocrx_word' id='word_1_299' title='bbox 2407 1314 2497 1367; x_wconf 71' lang='grc' dir='ltr'><strong>καί</strong></span> <span class='ocrx_word' id='word_1_300' title='bbox 2534 1314 2694 1376; x_wconf 72' lang='grc' dir='ltr'>αὐτὸς</span> <span class='ocrx_word' id='word_1_301' title='bbox 2743 1314 2955 1384; x_wconf 71' lang='grc' dir='ltr'>ἀμαθία</span> <span class='ocrx_word' id='word_1_302' title='bbox 3010 1314 3177 1382; x_wconf 81' lang='grc' dir='ltr'>πολλῇ</span> <span class='ocrx_word' id='word_1_303' title='bbox 3231 1312 3707 1382; x_wconf 69' lang='grc' dir='ltr'><strong>στρατηγούμενος</strong></span> 
     </span>
    </p>
   </div>
   <div class='ocr_carea' id='block_1_44' title="bbox 2134 1403 3708 1475">
    <p class='ocr_par' dir='ltr' id='par_1_44' title="bbox 2134 1403 3708 1475">
     <span class='ocr_line' id='line_1_44' title="bbox 2134 1403 3708 1475; baseline -0.001 -22"><span class='ocrx_word' id='word_1_304' title='bbox 2134 1403 2334 1468; x_wconf 75' lang='grc' dir='ltr'>ἥκιστα</span> <span class='ocrx_word' id='word_1_305' title='bbox 2389 1404 2536 1471; x_wconf 78' lang='grc' dir='ltr'>ἔχεις</span> <span class='ocrx_word' id='word_1_306' title='bbox 2588 1406 2732 1458; x_wconf 74' lang='grc' dir='ltr'>νοεῖν</span> <span class='ocrx_word' id='word_1_307' title='bbox 2777 1408 2851 1468; x_wconf 83' lang='grc' dir='ltr'>ὡς</span> <span class='ocrx_word' id='word_1_308' title='bbox 2897 1406 3009 1475; x_wconf 79' lang='grc' dir='ltr'>ἔχει</span> <span class='ocrx_word' id='word_1_309' title='bbox 3043 1406 3262 1473; x_wconf 81' lang='grc' dir='ltr'>φύσεως</span> <span class='ocrx_word' id='word_1_310' title='bbox 3295 1405 3364 1456; x_wconf 72' lang='grc' dir='ltr'><strong>τὰ</strong></span> <span class='ocrx_word' id='word_1_311' title='bbox 3408 1407 3515 1467; x_wconf 84' lang='grc' dir='ltr'>τοῖς</span> <span class='ocrx_word' id='word_1_312' title='bbox 3546 1404 3708 1462; x_wconf 80' lang='grc' dir='ltr'>θείοις</span> 
     </span>
    </p>
   </div>
   <div class='ocr_carea' id='block_1_45' title="bbox 2138 1485 3711 1561">
    <p class='ocr_par' dir='ltr' id='par_1_45' title="bbox 2138 1485 3711 1561">
     <span class='ocr_line' id='line_1_45' title="bbox 2138 1485 3711 1561; baseline 0.001 -23"><span class='ocrx_word' id='word_1_313' title='bbox 2138 1485 2201 1557; x_wconf 67' lang='grc' dir='ltr'><strong>[τ’.</strong></span> <span class='ocrx_word' id='word_1_314' title='bbox 2238 1489 2338 1542; x_wconf 73' lang='grc'><strong>148</strong></span> <span class='ocrx_word' id='word_1_315' title='bbox 2364 1492 2439 1561; x_wconf 80' lang='lat' dir='ltr'><strong>r.]</strong></span> <span class='ocrx_word' id='word_1_316' title='bbox 2465 1490 2760 1561; x_wconf 74' lang='grc' dir='ltr'>δεδογμένα</span> <span class='ocrx_word' id='word_1_317' title='bbox 2827 1494 3095 1560; x_wconf 71' lang='grc' dir='ltr'>Πατράςι.</span> <span class='ocrx_word' id='word_1_318' title='bbox 3130 1492 3289 1544; x_wconf 81' lang='grc' dir='ltr'>Τοῦτ’</span> <span class='ocrx_word' id='word_1_319' title='bbox 3346 1492 3523 1543; x_wconf 78' lang='grc' dir='ltr'>ἐκεῖνο</span> <span class='ocrx_word' id='word_1_320' title='bbox 3553 1491 3577 1541; x_wconf 77' lang='grc' dir='ltr'>ὃ</span> <span class='ocrx_word' id='word_1_321' title='bbox 3614 1492 3711 1543; x_wconf 69' lang='grc' dir='ltr'><strong>καὶ</strong></span> 
     </span>
    </p>
   </div>
   <div class='ocr_carea' id='block_1_46' title="bbox 2134 1580 3711 1654">
    <p class='ocr_par' dir='ltr' id='par_1_46' title="bbox 2134 1580 3711 1654">
     <span class='ocr_line' id='line_1_46' title="bbox 2134 1580 3711 1654; baseline 0 -22"><span class='ocrx_word' id='word_1_322' title='bbox 2134 1580 2247 1642; x_wconf 85' lang='grc' dir='ltr'>τοῖς</span> <span class='ocrx_word' id='word_1_323' title='bbox 2281 1582 2388 1633; x_wconf 77' lang='grc' dir='ltr'>ἀπὸ</span> <span class='ocrx_word' id='word_1_324' title='bbox 2422 1582 2611 1652; x_wconf 83' lang='grc' dir='ltr'>κώπης</span> <span class='ocrx_word' id='word_1_325' title='bbox 2637 1586 2729 1637; x_wconf 75' lang='grc' dir='ltr'><strong>ἐπὶ</strong></span> <span class='ocrx_word' id='word_1_326' title='bbox 2764 1584 2910 1654; x_wconf 80' lang='grc' dir='ltr'>βῆμα</span> <span class='ocrx_word' id='word_1_327' title='bbox 2942 1587 3036 1637; x_wconf 77' lang='grc' dir='ltr'><strong>καὶ</strong></span> <span class='ocrx_word' id='word_1_328' title='bbox 3067 1584 3171 1638; x_wconf 84' lang='grc' dir='ltr'><strong>ἀπὸ</strong></span> <span class='ocrx_word' id='word_1_329' title='bbox 3204 1584 3493 1651; x_wconf 80' lang='grc' dir='ltr'>σκαπάνης</span> <span class='ocrx_word' id='word_1_330' title='bbox 3527 1583 3617 1633; x_wconf 73' lang='grc' dir='ltr'><strong>ἐπὶ</strong></span> <span class='ocrx_word' id='word_1_331' title='bbox 3651 1582 3711 1633; x_wconf 72' lang='grc' dir='ltr'>τὸ</span> 
     </span>
    </p>
   </div>
   <div class='ocr_carea' id='block_1_47' title="bbox 2136 1666 3711 1742">
    <p class='ocr_par' dir='ltr' id='par_1_47' title="bbox 2136 1666 3711 1742">
     <span class='ocr_line' id='line_1_47' title="bbox 2136 1666 3711 1742; baseline 0.001 -23"><span class='ocrx_word' id='word_1_332' title='bbox 2136 1666 2408 1733; x_wconf 81' lang='grc' dir='ltr'>θεολογεῖν</span> <span class='ocrx_word' id='word_1_333' title='bbox 2468 1670 2850 1739; x_wconf 66' lang='grc' dir='ltr'><strong>αὐτομολοῦσι,</strong></span> <span class='ocrx_word' id='word_1_334' title='bbox 2882 1674 2991 1724; x_wconf 72' lang='grc' dir='ltr'>πᾶν</span> <span class='ocrx_word' id='word_1_335' title='bbox 3047 1673 3144 1742; x_wconf 75' lang='grc' dir='ltr'><strong>μὲν</strong></span> <span class='ocrx_word' id='word_1_336' title='bbox 3200 1672 3369 1739; x_wconf 75' lang='grc' dir='ltr'>ὄνομα</span> <span class='ocrx_word' id='word_1_337' title='bbox 3421 1675 3546 1739; x_wconf 71' lang='grc' dir='ltr'>περὶ</span> <span class='ocrx_word' id='word_1_338' title='bbox 3575 1668 3711 1721; x_wconf 81' lang='grc' dir='ltr'>Θεοῦ</span> 
     </span>
    </p>
   </div>
   <div class='ocr_carea' id='block_1_48' title="bbox 2135 1757 3715 1833">
    <p class='ocr_par' dir='ltr' id='par_1_48' title="bbox 2135 1757 3715 1833">
     <span class='ocr_line' id='line_1_48' title="bbox 2135 1757 3715 1833; baseline 0.002 -25"><span class='ocrx_word' id='word_1_339' title='bbox 2135 1757 2429 1828; x_wconf 80' lang='grc' dir='ltr'>λεγόμενον</span> <span class='ocrx_word' id='word_1_340' title='bbox 2479 1764 2800 1832; x_wconf 83' lang='grc' dir='ltr'>σωματικὴν</span> <span class='ocrx_word' id='word_1_341' title='bbox 2839 1763 3070 1832; x_wconf 81' lang='grc' dir='ltr'><strong>παρέχει</strong></span> <span class='ocrx_word' id='word_1_342' title='bbox 3116 1762 3216 1833; x_wconf 81' lang='grc' dir='ltr'>τὴν</span> <span class='ocrx_word' id='word_1_343' title='bbox 3254 1763 3489 1823; x_wconf 78' lang='grc' dir='ltr'>ἔννοιαν,</span> <span class='ocrx_word' id='word_1_344' title='bbox 3518 1764 3626 1814; x_wconf 74' lang='grc' dir='ltr'>πᾶν</span> <span class='ocrx_word' id='word_1_345' title='bbox 3658 1760 3715 1811; x_wconf 84' lang='grc' dir='ltr'>δὲ</span> 
     </span>
    </p>
   </div>
   <div class='ocr_carea' id='block_1_49' title="bbox 2139 1851 3715 1924">
    <p class='ocr_par' dir='ltr' id='par_1_49' title="bbox 2139 1851 3715 1924">
     <span class='ocr_line' id='line_1_49' title="bbox 2139 1851 3715 1924; baseline 0 -22"><span class='ocrx_word' id='word_1_346' title='bbox 2139 1851 2373 1919; x_wconf 81' lang='grc' dir='ltr'>πρᾶγμα</span> <span class='ocrx_word' id='word_1_347' title='bbox 2428 1855 2752 1924; x_wconf 83' lang='grc' dir='ltr'>σωματικὴν</span> <span class='ocrx_word' id='word_1_348' title='bbox 2786 1854 2910 1923; x_wconf 74' lang='grc' dir='ltr'>ἔχον</span> <span class='ocrx_word' id='word_1_349' title='bbox 2945 1856 3300 1924; x_wconf 67' lang='grc' dir='ltr'>περιγραφὴν</span> <span class='ocrx_word' id='word_1_350' title='bbox 3349 1854 3611 1921; x_wconf 76' lang='grc' dir='ltr'>θεότητάς</span> <span class='ocrx_word' id='word_1_351' title='bbox 3656 1868 3715 1903; x_wconf 78' lang='grc' dir='ltr'><strong>τε</strong></span> 
     </span>
    </p>
   </div>
   <div class='ocr_carea' id='block_1_50' title="bbox 2138 1939 3715 2017">
    <p class='ocr_par' dir='ltr' id='par_1_50' title="bbox 2138 1939 3715 2017">
     <span class='ocr_line' id='line_1_50' title="bbox 2138 1939 3715 2017; baseline 0.003 -27"><span class='ocrx_word' id='word_1_352' title='bbox 2138 1939 2426 2009; x_wconf 72' lang='grc' dir='ltr'>ὀνομάζειν</span> <span class='ocrx_word' id='word_1_353' title='bbox 2479 1944 2574 1995; x_wconf 75' lang='grc' dir='ltr'><strong>καὶ</strong></span> <span class='ocrx_word' id='word_1_354' title='bbox 2601 1943 2837 1999; x_wconf 80' lang='grc' dir='ltr'>ἀκτιστα</span> <span class='ocrx_word' id='word_1_355' title='bbox 2866 1945 3299 2017; x_wconf 76' lang='grc' dir='ltr'>προσαγορεύειν</span> <span class='ocrx_word' id='word_1_356' title='bbox 3345 1944 3551 2015; x_wconf 81' lang='grc' dir='ltr'>τολμᾷν</span> <span class='ocrx_word' id='word_1_357' title='bbox 3577 1943 3715 1995; x_wconf 80' lang='grc' dir='ltr'>ἀνα-</span> 
     </span>
    </p>
   </div>
   <div class='ocr_carea' id='block_1_51' title="bbox 2142 2032 2345 2089">
    <p class='ocr_par' dir='ltr' id='par_1_51' title="bbox 2142 2032 2345 2089">
     <span class='ocr_line' id='line_1_51' title="bbox 2142 2032 2345 2089; baseline -0.01 -4"><span class='ocrx_word' id='word_1_358' title='bbox 2142 2032 2345 2089; x_wconf 87' lang='grc' dir='ltr'>πείθει.</span> 
     </span>
    </p>
   </div>
   <div class='ocr_carea' id='block_1_52' title="bbox 2210 2122 3719 2196">
    <p class='ocr_par' dir='ltr' id='par_1_52' title="bbox 2210 2122 3719 2196">
     <span class='ocr_line' id='line_1_52' title="bbox 2210 2122 3719 2196; baseline -0.003 -18"><span class='ocrx_word' id='word_1_359' title='bbox 2210 2126 2336 2179; x_wconf 82' lang='grc' dir='ltr'><strong>ΚΔ’.</strong></span> <span class='ocrx_word' id='word_1_360' title='bbox 2376 2128 2501 2181; x_wconf 73' lang='grc' dir='ltr'><strong>Ἐπὶ</strong></span> <span class='ocrx_word' id='word_1_361' title='bbox 2530 2126 2739 2189; x_wconf 75' lang='grc' dir='ltr'>τούτοις</span> <span class='ocrx_word' id='word_1_362' title='bbox 2792 2128 2819 2179; x_wconf 74' lang='grc' dir='ltr'>ὁ</span> <span class='ocrx_word' id='word_1_363' title='bbox 2877 2125 3054 2196; x_wconf 83' lang='grc' dir='ltr'><strong>μέγας</strong></span> <span class='ocrx_word' id='word_1_364' title='bbox 3087 2124 3401 2194; x_wconf 81' lang='grc' dir='ltr'>λογοθέτης,</span> <span class='ocrx_word' id='word_1_365' title='bbox 3453 2122 3614 2191; x_wconf 71' lang='grc' dir='ltr'>σοφὸς</span> <span class='ocrx_word' id='word_1_366' title='bbox 3640 2122 3719 2175; x_wconf 77' lang='grc' dir='ltr'><strong>ὢν</strong></span> 
     </span>
    </p>
   </div>
   <div class='ocr_carea' id='block_1_53' title="bbox 2142 2216 3719 2288">
    <p class='ocr_par' dir='ltr' id='par_1_53' title="bbox 2142 2216 3719 2288">
     <span class='ocr_line' id='line_1_53' title="bbox 2142 2216 3719 2288; baseline -0.002 -17"><span class='ocrx_word' id='word_1_367' title='bbox 2142 2218 2281 2288; x_wconf 83' lang='grc' dir='ltr'>ἀνὴρ</span> <span class='ocrx_word' id='word_1_368' title='bbox 2311 2219 2403 2273; x_wconf 72' lang='grc' dir='ltr'><strong>καὶ</strong></span> <span class='ocrx_word' id='word_1_369' title='bbox 2427 2220 2536 2272; x_wconf 84' lang='grc' dir='ltr'><strong>τῶν</strong></span> <span class='ocrx_word' id='word_1_370' title='bbox 2556 2220 2873 2288; x_wconf 82' lang='grc' dir='ltr'>λεγομένων</span> <span class='ocrx_word' id='word_1_371' title='bbox 2931 2219 3130 2280; x_wconf 75' lang='grc' dir='ltr'>συνιεὶς</span> <span class='ocrx_word' id='word_1_372' title='bbox 3192 2219 3450 2273; x_wconf 81' lang='grc' dir='ltr'>ἁπάντων</span> <span class='ocrx_word' id='word_1_373' title='bbox 3477 2216 3719 2286; x_wconf 80' lang='grc' dir='ltr'>μάλιστα</span> 
     </span>
    </p>
   </div>
   <div class='ocr_carea' id='block_1_54' title="bbox 2143 2308 3716 2380">
    <p class='ocr_par' dir='ltr' id='par_1_54' title="bbox 2143 2308 3716 2380">
     <span class='ocr_line' id='line_1_54' title="bbox 2143 2308 3716 2380; baseline -0.001 -19"><span class='ocrx_word' id='word_1_374' title='bbox 2143 2308 2255 2362; x_wconf 77' lang='grc' dir='ltr'>ὅσοι</span> <span class='ocrx_word' id='word_1_375' title='bbox 2275 2310 2524 2380; x_wconf 84' lang='grc' dir='ltr'>παρῆσαν</span> <span class='ocrx_word' id='word_1_376' title='bbox 2543 2312 2681 2373; x_wconf 79' lang='grc' dir='ltr'>τέως</span> <span class='ocrx_word' id='word_1_377' title='bbox 2708 2311 2828 2364; x_wconf 67' lang='grc' dir='ltr'>ἐκεῖ</span> <span class='ocrx_word' id='word_1_378' title='bbox 2854 2311 2962 2363; x_wconf 85' lang='grc' dir='ltr'>τῶν</span> <span class='ocrx_word' id='word_1_379' title='bbox 2988 2309 3083 2361; x_wconf 78' lang='grc' dir='ltr'><strong>ἐπὶ</strong></span> <span class='ocrx_word' id='word_1_380' title='bbox 3115 2309 3243 2380; x_wconf 80' lang='grc' dir='ltr'>δόξῃ</span> <span class='ocrx_word' id='word_1_381' title='bbox 3273 2309 3716 2379; x_wconf 80' lang='grc' dir='ltr'>σεμνυνομένων,</span> 
     </span>
    </p>
   </div>
   <div class='ocr_carea' id='block_1_55' title="bbox 2144 2398 3721 2471">
    <p class='ocr_par' dir='ltr' id='par_1_55' title="bbox 2144 2398 3721 2471">
     <span class='ocr_line' id='line_1_55' title="bbox 2144 2398 3721 2471; baseline 0 -21"><span class='ocrx_word' id='word_1_382' title='bbox 2144 2398 2278 2467; x_wconf 70' lang='grc' dir='ltr'>φησὶ</span> <span class='ocrx_word' id='word_1_383' title='bbox 2313 2398 2449 2469; x_wconf 82' lang='grc' dir='ltr'>πρὸς</span> <span class='ocrx_word' id='word_1_384' title='bbox 2478 2399 2571 2452; x_wconf 75' lang='grc' dir='ltr'><strong>τὸν</strong></span> <span class='ocrx_word' id='word_1_385' title='bbox 2624 2400 2893 2469; x_wconf 78' lang='grc' dir='ltr'>Παλαμᾶν</span> <span class='ocrx_word' id='word_1_386' title='bbox 2949 2400 3029 2453; x_wconf 77' lang='grc' dir='ltr'>ἔτι</span> <span class='ocrx_word' id='word_1_387' title='bbox 3071 2400 3204 2471; x_wconf 76' lang='grc' dir='ltr'>βοᾷν</span> <span class='ocrx_word' id='word_1_388' title='bbox 3240 2398 3578 2468; x_wconf 75' lang='grc' dir='ltr'>ὡρμημένον</span> <span class='ocrx_word' id='word_1_389' title='bbox 3614 2398 3721 2467; x_wconf 76' lang='grc' dir='ltr'>τὴν</span> 
     </span>
    </p>
   </div>
   <div class='ocr_carea' id='block_1_56' title="bbox 2143 2490 3721 2563">
    <p class='ocr_par' dir='ltr' id='par_1_56' title="bbox 2143 2490 3721 2563">
     <span class='ocr_line' id='line_1_56' title="bbox 2143 2490 3721 2563; baseline 0.001 -20"><span class='ocrx_word' id='word_1_390' title='bbox 2143 2490 2373 2545; x_wconf 75' lang='grc' dir='ltr'>ἔκτοπον</span> <span class='ocrx_word' id='word_1_391' title='bbox 2398 2491 2614 2562; x_wconf 84' lang='grc' dir='ltr'>ἐκείνην</span> <span class='ocrx_word' id='word_1_392' title='bbox 2640 2494 2737 2545; x_wconf 67' lang='grc' dir='ltr'><strong>καὶ</strong></span> <span class='ocrx_word' id='word_1_393' title='bbox 2759 2492 2937 2563; x_wconf 74' lang='grc' dir='ltr'>ἀωρία</span> <span class='ocrx_word' id='word_1_394' title='bbox 2965 2493 3150 2562; x_wconf 81' lang='grc' dir='ltr'>μακρᾷ</span> <span class='ocrx_word' id='word_1_395' title='bbox 3172 2491 3516 2561; x_wconf 77' lang='grc' dir='ltr'>κεκραμένην</span> <span class='ocrx_word' id='word_1_396' title='bbox 3538 2507 3721 2561; x_wconf 76' lang='grc' dir='ltr'>παραο</span> 
     </span>
    </p>
   </div>
   <div class='ocr_carea' id='block_1_57' title="bbox 2144 2582 3722 2653">
    <p class='ocr_par' dir='ltr' id='par_1_57' title="bbox 2144 2582 3722 2653">
     <span class='ocr_line' id='line_1_57' title="bbox 2144 2582 3722 2653; baseline -0.001 -17"><span class='ocrx_word' id='word_1_397' title='bbox 2144 2583 2477 2651; x_wconf 77' lang='grc' dir='ltr'>δοξολογίαν,</span> <span class='ocrx_word' id='word_1_398' title='bbox 2507 2583 2581 2646; x_wconf 86' lang='grc' dir='ltr'><strong>ὡς</strong></span> <span class='ocrx_word' id='word_1_399' title='bbox 2606 2604 2624 2635; x_wconf 75' lang='grc' dir='ltr'><strong>ι</strong></span> <span class='ocrx_word' id='word_1_400' title='bbox 2650 2584 2817 2644; x_wconf 78' lang='grc' dir='ltr'>Οὐδὲν</span> <span class='ocrx_word' id='word_1_401' title='bbox 2848 2585 3038 2653; x_wconf 74' lang='grc' dir='ltr'>ἕτερον</span> <span class='ocrx_word' id='word_1_402' title='bbox 3071 2582 3255 2650; x_wconf 81' lang='grc' dir='ltr'>βλέπω</span> <span class='ocrx_word' id='word_1_403' title='bbox 3283 2600 3341 2635; x_wconf 88' lang='grc' dir='ltr'><strong>σε</strong></span> <span class='ocrx_word' id='word_1_404' title='bbox 3373 2585 3466 2634; x_wconf 89' lang='grc' dir='ltr'><strong>νῦν</strong></span> <span class='ocrx_word' id='word_1_405' title='bbox 3498 2582 3722 2648; x_wconf 71' lang='grc' dir='ltr'>ἐπειγό-</span> 
     </span>
    </p>
   </div>
   <div class='ocr_carea' id='block_1_58' title="bbox 2148 2671 3724 2744">
    <p class='ocr_par' dir='ltr' id='par_1_58' title="bbox 2148 2671 3724 2744">
     <span class='ocr_line' id='line_1_58' title="bbox 2148 2671 3724 2744; baseline -0.001 -20"><span class='ocrx_word' id='word_1_406' title='bbox 2148 2690 2327 2740; x_wconf 87' lang='grc' dir='ltr'>μενον.</span> <span class='ocrx_word' id='word_1_407' title='bbox 2357 2672 2636 2743; x_wconf 76' lang='grc' dir='ltr'><strong>ἄνθρωπε,</strong></span> <span class='ocrx_word' id='word_1_408' title='bbox 2666 2676 2697 2742; x_wconf 85' lang='grc' dir='ltr'>ἢ</span> <span class='ocrx_word' id='word_1_409' title='bbox 2725 2676 2790 2744; x_wconf 84' lang='grc' dir='ltr'>τῇ</span> <span class='ocrx_word' id='word_1_410' title='bbox 2822 2674 3118 2743; x_wconf 72' lang='grc' dir='ltr'>πολυλογία</span> <span class='ocrx_word' id='word_1_411' title='bbox 3146 2673 3419 2743; x_wconf 83' lang='grc' dir='ltr'>θηρᾶσθαι</span> <span class='ocrx_word' id='word_1_412' title='bbox 3446 2671 3601 2736; x_wconf 78' lang='grc' dir='ltr'>δόξαν</span> <span class='ocrx_word' id='word_1_413' title='bbox 3624 2673 3724 2724; x_wconf 72' lang='grc' dir='ltr'>ἀν-</span> 
     </span>
    </p>
   </div>
   <div class='ocr_carea' id='block_1_59' title="bbox 2145 2764 3722 2838">
    <p class='ocr_par' dir='ltr' id='par_1_59' title="bbox 2145 2764 3722 2838">
     <span class='ocr_line' id='line_1_59' title="bbox 2145 2764 3722 2838; baseline 0 -21"><span class='ocrx_word' id='word_1_414' title='bbox 2145 2764 2285 2835; x_wconf 83' lang='grc' dir='ltr'>δρῶν</span> <span class='ocrx_word' id='word_1_415' title='bbox 2319 2765 2551 2835; x_wconf 82' lang='grc' dir='ltr'>ἀμαθῶν</span> <span class='ocrx_word' id='word_1_416' title='bbox 2570 2765 2966 2836; x_wconf 81' lang='grc' dir='ltr'>μηχανώμενον</span> <span class='ocrx_word' id='word_1_417' title='bbox 2999 2766 3092 2820; x_wconf 70' lang='grc' dir='ltr'><strong>καὶ</strong></span> <span class='ocrx_word' id='word_1_418' title='bbox 3124 2765 3200 2838; x_wconf 86' lang='grc' dir='ltr'>μὴ</span> <span class='ocrx_word' id='word_1_419' title='bbox 3227 2766 3403 2819; x_wconf 82' lang='grc' dir='ltr'>δοκεῖν</span> <span class='ocrx_word' id='word_1_420' title='bbox 3437 2766 3574 2835; x_wconf 74' lang='grc' dir='ltr'>πρὸς</span> <span class='ocrx_word' id='word_1_421' title='bbox 3606 2765 3722 2818; x_wconf 80' lang='grc' dir='ltr'><strong>τῶν</strong></span> 
     </span>
    </p>
   </div>
   <div class='ocr_carea' id='block_1_60' title="bbox 2147 2856 3720 2929">
    <p class='ocr_par' dir='ltr' id='par_1_60' title="bbox 2147 2856 3720 2929">
     <span class='ocr_line' id='line_1_60' title="bbox 2147 2856 3720 2929; baseline -0.002 -19"><span class='ocrx_word' id='word_1_422' title='bbox 2147 2856 2443 2910; x_wconf 80' lang='grc' dir='ltr'>ἀντιθέτων</span> <span class='ocrx_word' id='word_1_423' title='bbox 2503 2859 2790 2929; x_wconf 71' lang='grc' dir='ltr'>ἡττᾶςθαι.</span> <span class='ocrx_word' id='word_1_424' title='bbox 2844 2857 3007 2912; x_wconf 75' lang='grc' dir='ltr'>Ἀλλὰ</span> <span class='ocrx_word' id='word_1_425' title='bbox 3042 2857 3148 2929; x_wconf 71' lang='grc' dir='ltr'>μὴν</span> <span class='ocrx_word' id='word_1_426' title='bbox 3186 2858 3341 2910; x_wconf 81' lang='grc' dir='ltr'>αὐτοί</span> <span class='ocrx_word' id='word_1_427' title='bbox 3365 2874 3424 2923; x_wconf 85' lang='grc' dir='ltr'><strong>γε</strong></span> <span class='ocrx_word' id='word_1_428' title='bbox 3456 2857 3554 2926; x_wconf 75' lang='grc' dir='ltr'>τῆς</span> <span class='ocrx_word' id='word_1_429' title='bbox 3579 2857 3720 2923; x_wconf 82' lang='grc' dir='ltr'>ἀλη-</span> 
     </span>
    </p>
   </div>
   <div class='ocr_carea' id='block_1_61' title="bbox 2148 2947 3723 3021">
    <p class='ocr_par' dir='ltr' id='par_1_61' title="bbox 2148 2947 3723 3021">
     <span class='ocr_line' id='line_1_61' title="bbox 2148 2947 3723 3021; baseline -0.002 -20"><span class='ocrx_word' id='word_1_430' title='bbox 2148 2947 2299 3011; x_wconf 87' lang='grc' dir='ltr'>θείας</span> <span class='ocrx_word' id='word_1_431' title='bbox 2328 2950 2375 3001; x_wconf 80' lang='grc' dir='ltr'>οἱ</span> <span class='ocrx_word' id='word_1_432' title='bbox 2397 2950 2545 3017; x_wconf 84' lang='grc' dir='ltr'>λόγοι</span> <span class='ocrx_word' id='word_1_433' title='bbox 2602 2953 2796 3018; x_wconf 81' lang='grc' dir='ltr'>σαφεῖς</span> <span class='ocrx_word' id='word_1_434' title='bbox 2830 2953 2924 3004; x_wconf 72' lang='grc' dir='ltr'>καὶ</span> <span class='ocrx_word' id='word_1_435' title='bbox 2962 2949 3441 3021; x_wconf 55' lang='grc' dir='ltr'>ἀναμΨισῦἠτητοί</span> <span class='ocrx_word' id='word_1_436' title='bbox 3464 2950 3592 3012; x_wconf 88' lang='grc' dir='ltr'>είσι,</span> <span class='ocrx_word' id='word_1_437' title='bbox 3619 2948 3723 3001; x_wconf 69' lang='grc' dir='ltr'>καὶ</span> 
     </span>
    </p>
   </div>
   <div class='ocr_carea' id='block_1_62' title="bbox 470 3038 2045 3112">
    <p class='ocr_par' dir='ltr' id='par_1_62' title="bbox 470 3038 2041 3112">
     <span class='ocr_line' id='line_1_62' title="bbox 470 3038 2041 3112; baseline -0.002 -17"><span class='ocrx_word' id='word_1_438' title='bbox 470 3056 599 3112; x_wconf 87' lang='lat' dir='ltr'><strong>gora</strong></span> <span class='ocrx_word' id='word_1_439' title='bbox 632 3040 865 3111; x_wconf 89' lang='lat' dir='ltr'><strong>proferri</strong></span> <span class='ocrx_word' id='word_1_440' title='bbox 899 3049 952 3094; x_wconf 91' lang='lat' dir='ltr'><strong>et</strong></span> <span class='ocrx_word' id='word_1_441' title='bbox 980 3039 1252 3094; x_wconf 88' lang='lat' dir='ltr'><strong>dictorum</strong></span> <span class='ocrx_word' id='word_1_442' title='bbox 1292 3048 1510 3094; x_wconf 89' lang='lat' dir='ltr'><strong>tuorum</strong></span> <span class='ocrx_word' id='word_1_443' title='bbox 1562 3053 1630 3092; x_wconf 81' lang='lat' dir='ltr'><strong>ex</strong></span> <span class='ocrx_word' id='word_1_444' title='bbox 1685 3053 1753 3094; x_wconf 88' lang='lat' dir='ltr'><strong>eo</strong></span> <span class='ocrx_word' id='word_1_445' title='bbox 1786 3039 1904 3109; x_wconf 88' lang='lat' dir='ltr'><strong>ipso</strong></span> <span class='ocrx_word' id='word_1_446' title='bbox 1944 3038 2041 3093; x_wconf 87' lang='lat' dir='ltr'><strong>fal-</strong></span> 
     </span>
    </p>
   </div>
   <div class='ocr_carea' id='block_1_63' title="bbox 2148 3038 3725 3112">
    <p class='ocr_par' dir='ltr' id='par_1_63' title="bbox 2148 3040 3725 3112">
     <span class='ocr_line' id='line_1_63' title="bbox 2148 3040 3725 3112; baseline -0.002 -19"><span class='ocrx_word' id='word_1_447' title='bbox 2148 3042 2232 3109; x_wconf 80' lang='grc' dir='ltr'><strong>ὲφ⁹</strong></span> <span class='ocrx_word' id='word_1_448' title='bbox 2261 3042 2444 3102; x_wconf 75' lang='grc' dir='ltr'>ἑστίας</span> <span class='ocrx_word' id='word_1_449' title='bbox 2494 3041 2675 3111; x_wconf 71' lang='grc' dir='ltr'>ἔχουσι</span> <span class='ocrx_word' id='word_1_450' title='bbox 2736 3045 2795 3096; x_wconf 82' lang='grc' dir='ltr'><strong>τὸ</strong></span> <span class='ocrx_word' id='word_1_451' title='bbox 2831 3042 3044 3097; x_wconf 87' lang='grc' dir='ltr'>πιστόν.</span> <span class='ocrx_word' id='word_1_452' title='bbox 3078 3042 3185 3107; x_wconf 81' lang='grc' dir='ltr'>Οὓς</span> <span class='ocrx_word' id='word_1_453' title='bbox 3229 3042 3293 3112; x_wconf 76' lang='grc' dir='ltr'>δὴ</span> <span class='ocrx_word' id='word_1_454' title='bbox 3352 3042 3442 3094; x_wconf 65' lang='grc' dir='ltr'><strong>καὶ</strong></span> <span class='ocrx_word' id='word_1_455' title='bbox 3499 3040 3725 3102; x_wconf 74' lang='grc' dir='ltr'>ἀκούεις</span> 
     </span>
    </p>
   </div>
   <div class='ocr_carea' id='block_1_64' title="bbox 472 3131 2039 3201">
    <p class='ocr_par' dir='ltr' id='par_1_64' title="bbox 472 3131 2039 3201">
     <span class='ocr_line' id='line_1_64' title="bbox 472 3131 2039 3201; baseline -0.001 -14"><span class='ocrx_word' id='word_1_456' title='bbox 472 3133 685 3187; x_wconf 86' lang='lat' dir='ltr'><strong>sitatcm</strong></span> <span class='ocrx_word' id='word_1_457' title='bbox 716 3132 1021 3199; x_wconf 86' lang='lat' dir='ltr'><strong>declarare,</strong></span> <span class='ocrx_word' id='word_1_458' title='bbox 1053 3147 1231 3200; x_wconf 89' lang='lat' dir='ltr'><strong>neque</strong></span> <span class='ocrx_word' id='word_1_459' title='bbox 1262 3131 1408 3185; x_wconf 90' lang='lat' dir='ltr'><strong>enim</strong></span> <span class='ocrx_word' id='word_1_460' title='bbox 1439 3138 1597 3201; x_wconf 86' lang='lat' dir='ltr'><strong>potes</strong></span> <span class='ocrx_word' id='word_1_461' title='bbox 1618 3141 1813 3185; x_wconf 89' lang='lat' dir='ltr'><strong>contra</strong></span> <span class='ocrx_word' id='word_1_462' title='bbox 1836 3131 2039 3185; x_wconf 83' lang='lat' dir='ltr'><strong>all&#39;erre</strong></span> 
     </span>
    </p>
   </div>
   <div class='ocr_carea' id='block_1_65' title="bbox 475 3218 2043 3290">
    <p class='ocr_par' dir='ltr' id='par_1_65' title="bbox 475 3218 2043 3290">
     <span class='ocr_line' id='line_1_65' title="bbox 475 3218 2043 3290; baseline 0 -17"><span class='ocrx_word' id='word_1_463' title='bbox 475 3221 592 3273; x_wconf 86' lang='lat' dir='ltr'><strong>sani</strong></span> <span class='ocrx_word' id='word_1_464' title='bbox 642 3219 964 3289; x_wconf 86' lang='lat' dir='ltr'><strong>quidquam.</strong></span> <span class='ocrx_word' id='word_1_465' title='bbox 1006 3219 1112 3274; x_wconf 87' lang='lat' dir='ltr'><strong>Sed</strong></span> <span class='ocrx_word' id='word_1_466' title='bbox 1149 3220 1392 3274; x_wconf 89' lang='lat' dir='ltr'><strong>monitus</strong></span> <span class='ocrx_word' id='word_1_467' title='bbox 1446 3232 1505 3273; x_wconf 89' lang='lat' dir='ltr'><strong>ut</strong></span> <span class='ocrx_word' id='word_1_468' title='bbox 1550 3218 1796 3288; x_wconf 82' lang='lat' dir='ltr'><strong>proferas</strong></span> <span class='ocrx_word' id='word_1_469' title='bbox 1844 3219 2043 3290; x_wconf 86' lang='lat' dir='ltr'><strong>scripta</strong></span> 
     </span>
    </p>
   </div>
   <div class='ocr_carea' id='block_1_66' title="bbox 475 3310 2043 3382">
    <p class='ocr_par' dir='ltr' id='par_1_66' title="bbox 475 3310 2043 3382">
     <span class='ocr_line' id='line_1_66' title="bbox 475 3310 2043 3382; baseline -0.001 -17"><span class='ocrx_word' id='word_1_470' title='bbox 475 3310 808 3376; x_wconf 88' lang='lat' dir='ltr'><strong>testimonia,</strong></span> <span class='ocrx_word' id='word_1_471' title='bbox 860 3327 980 3381; x_wconf 73' lang='lat' dir='ltr'><strong>qua:</strong></span> <span class='ocrx_word' id='word_1_472' title='bbox 1035 3321 1226 3382; x_wconf 85' lang='lat' dir='ltr'><strong>aperte</strong></span> <span class='ocrx_word' id='word_1_473' title='bbox 1274 3310 1557 3365; x_wconf 87' lang='lat' dir='ltr'><strong>declarent</strong></span> <span class='ocrx_word' id='word_1_474' title='bbox 1602 3310 1760 3380; x_wconf 89' lang='lat' dir='ltr'><strong>plane</strong></span> <span class='ocrx_word' id='word_1_475' title='bbox 1812 3310 2043 3380; x_wconf 90' lang='lat' dir='ltr'><strong>plurima</strong></span> 
     </span>
    </p>
   </div>
   <div class='ocr_carea' id='block_1_67' title="bbox 477 3403 2044 3474">
    <p class='ocr_par' dir='ltr' id='par_1_67' title="bbox 477 3403 2044 3474">
     <span class='ocr_line' id='line_1_67' title="bbox 477 3403 2044 3474; baseline 0.001 -19"><span class='ocrx_word' id='word_1_476' title='bbox 477 3403 722 3457; x_wconf 88' lang='lat' dir='ltr'><strong>increata</strong></span> <span class='ocrx_word' id='word_1_477' title='bbox 752 3403 966 3459; x_wconf 83' lang='lat' dir='ltr'><strong>diversa</strong></span> <span class='ocrx_word' id='word_1_478' title='bbox 998 3419 1118 3458; x_wconf 85' lang='lat' dir='ltr'><strong>esse</strong></span> <span class='ocrx_word' id='word_1_479' title='bbox 1156 3419 1185 3457; x_wconf 90' lang='lat' dir='ltr'><strong>a</strong></span> <span class='ocrx_word' id='word_1_480' title='bbox 1224 3412 1420 3459; x_wconf 90' lang='lat' dir='ltr'><strong>natura</strong></span> <span class='ocrx_word' id='word_1_481' title='bbox 1454 3414 1537 3459; x_wconf 90' lang='lat' dir='ltr'><strong>ter</strong></span> <span class='ocrx_word' id='word_1_482' title='bbox 1568 3404 1846 3474; x_wconf 83' lang='lat' dir='ltr'><strong>supposita</strong></span> <span class='ocrx_word' id='word_1_483' title='bbox 1870 3446 1884 3471; x_wconf 90' lang='lat'><strong>,</strong></span> <span class='ocrx_word' id='word_1_484' title='bbox 1920 3420 2044 3459; x_wconf 86' lang='lat' dir='ltr'><strong>cum</strong></span> 
     </span>
    </p>
   </div>
   <div class='ocr_carea' id='block_1_68' title="bbox 474 3494 2044 3564">
    <p class='ocr_par' dir='ltr' id='par_1_68' title="bbox 474 3494 2044 3564">
     <span class='ocr_line' id='line_1_68' title="bbox 474 3494 2044 3564; baseline 0.001 -16"><span class='ocrx_word' id='word_1_485' title='bbox 474 3511 585 3548; x_wconf 70' lang='lat' dir='ltr'><strong>non</strong></span> <span class='ocrx_word' id='word_1_486' title='bbox 633 3494 809 3564; x_wconf 73' lang='lat' dir='ltr'><strong>possis</strong></span> <span class='ocrx_word' id='word_1_487' title='bbox 861 3496 1086 3550; x_wconf 83' lang='lat' dir='ltr'><strong>omnino</strong></span> <span class='ocrx_word' id='word_1_488' title='bbox 1133 3496 1386 3551; x_wconf 87' lang='lat' dir='ltr'><strong>invenire</strong></span> <span class='ocrx_word' id='word_1_489' title='bbox 1438 3497 1813 3550; x_wconf 87' lang='lat' dir='ltr'><strong>testimonium</strong></span> <span class='ocrx_word' id='word_1_490' title='bbox 1876 3496 2044 3550; x_wconf 88' lang='lat' dir='ltr'><strong>ullum</strong></span> 
     </span>
    </p>
   </div>
   <div class='ocr_carea' id='block_1_69' title="bbox 474 3584 2048 3656">
    <p class='ocr_par' dir='ltr' id='par_1_69' title="bbox 474 3584 2048 3656">
     <span class='ocr_line' id='line_1_69' title="bbox 474 3584 2048 3656; baseline 0.003 -20"><span class='ocrx_word' id='word_1_491' title='bbox 474 3584 797 3653; x_wconf 65' lang='lat' dir='ltr'><strong>cujusquam</strong></span> <span class='ocrx_word' id='word_1_492' title='bbox 831 3595 1164 3649; x_wconf 86' lang='lat' dir='ltr'><strong>sanctorum,</strong></span> <span class='ocrx_word' id='word_1_493' title='bbox 1225 3601 1291 3640; x_wconf 82' lang='lat' dir='ltr'><strong>ex</strong></span> <span class='ocrx_word' id='word_1_494' title='bbox 1320 3595 1373 3640; x_wconf 90' lang='lat' dir='ltr'><strong>te</strong></span> <span class='ocrx_word' id='word_1_495' title='bbox 1411 3587 1527 3655; x_wconf 91' lang='lat' dir='ltr'><strong>ipso</strong></span> <span class='ocrx_word' id='word_1_496' title='bbox 1556 3586 1810 3656; x_wconf 87' lang='lat' dir='ltr'><strong>congeris</strong></span> <span class='ocrx_word' id='word_1_497' title='bbox 1843 3594 1898 3638; x_wconf 90' lang='lat' dir='ltr'><strong>tu</strong></span> <span class='ocrx_word' id='word_1_498' title='bbox 1928 3602 2048 3655; x_wconf 74' lang='lat' dir='ltr'><strong>quze</strong></span> 
     </span>
    </p>
   </div>
   <div class='ocr_carea' id='block_1_70' title="bbox 476 3673 2045 3745">
    <p class='ocr_par' dir='ltr' id='par_1_70' title="bbox 476 3673 2045 3745">
     <span class='ocr_line' id='line_1_70' title="bbox 476 3673 2045 3745; baseline 0.001 -17"><span class='ocrx_word' id='word_1_499' title='bbox 476 3673 814 3745; x_wconf 76' lang='lat' dir='ltr'><strong>ineptissime</strong></span> <span class='ocrx_word' id='word_1_500' title='bbox 846 3690 993 3732; x_wconf 87' lang='lat' dir='ltr'><strong>sunt.</strong></span> <span class='ocrx_word' id='word_1_501' title='bbox 1055 3677 1128 3731; x_wconf 80' lang='lat' dir='ltr'><strong>Ex</strong></span> <span class='ocrx_word' id='word_1_502' title='bbox 1186 3677 1309 3731; x_wconf 88' lang='lat' dir='ltr'><strong>aliis</strong></span> <span class='ocrx_word' id='word_1_503' title='bbox 1364 3679 1512 3731; x_wconf 88' lang='lat' dir='ltr'><strong>enim</strong></span> <span class='ocrx_word' id='word_1_504' title='bbox 1564 3692 1783 3745; x_wconf 87' lang='lat' dir='ltr'><strong>semper</strong></span> <span class='ocrx_word' id='word_1_505' title='bbox 1835 3676 1890 3730; x_wconf 90' lang='lat' dir='ltr'><strong>in</strong></span> <span class='ocrx_word' id='word_1_506' title='bbox 1939 3676 2045 3730; x_wconf 85' lang='lat' dir='ltr'><strong>alia</strong></span> 
     </span>
    </p>
   </div>
   <div class='ocr_carea' id='block_1_71' title="bbox 480 3767 2050 3838">
    <p class='ocr_par' dir='ltr' id='par_1_71' title="bbox 480 3767 2050 3838">
     <span class='ocr_line' id='line_1_71' title="bbox 480 3767 2050 3838; baseline 0.001 -18"><span class='ocrx_word' id='word_1_507' title='bbox 480 3767 724 3821; x_wconf 86' lang='lat' dir='ltr'><strong>inaudita</strong></span> <span class='ocrx_word' id='word_1_508' title='bbox 786 3769 1032 3823; x_wconf 87' lang='lat' dir='ltr'><strong>incidens</strong></span> <span class='ocrx_word' id='word_1_509' title='bbox 1095 3771 1357 3823; x_wconf 90' lang='lat' dir='ltr'><strong>continuo</strong></span> <span class='ocrx_word' id='word_1_510' title='bbox 1419 3780 1470 3823; x_wconf 87' lang='lat' dir='ltr'><strong>te</strong></span> <span class='ocrx_word' id='word_1_511' title='bbox 1533 3784 1688 3823; x_wconf 85' lang='lat' dir='ltr'><strong>reutu</strong></span> <span class='ocrx_word' id='word_1_512' title='bbox 1744 3779 1946 3838; x_wconf 62' lang='lat' dir='ltr'><strong>apertae</strong></span> <span class='ocrx_word' id='word_1_513' title='bbox 1996 3779 2050 3823; x_wconf 93' lang='lat' dir='ltr'><strong>et</strong></span> 
     </span>
    </p>
   </div>
   <div class='ocr_carea' id='block_1_72' title="bbox 478 3861 2050 3932">
    <p class='ocr_par' dir='ltr' id='par_1_72' title="bbox 478 3861 2050 3932">
     <span class='ocr_line' id='line_1_72' title="bbox 478 3861 2050 3932; baseline 0.003 -20"><span class='ocrx_word' id='word_1_514' title='bbox 478 3862 639 3929; x_wconf 87' lang='lat' dir='ltr'><strong>plane</strong></span> <span class='ocrx_word' id='word_1_515' title='bbox 690 3863 999 3931; x_wconf 66' lang='lat' dir='ltr'><strong>conspicua:</strong></span> <span class='ocrx_word' id='word_1_516' title='bbox 1035 3863 1244 3932; x_wconf 67' lang='lat' dir='ltr'><strong>injuria&quot;:</strong></span> <span class='ocrx_word' id='word_1_517' title='bbox 1273 3862 1522 3915; x_wconf 74' lang='lat' dir='ltr'><strong>exhibes.</strong></span> <span class='ocrx_word' id='word_1_518' title='bbox 1572 3861 1786 3915; x_wconf 84' lang='lat' dir='ltr'><strong>Etenim</strong></span> <span class='ocrx_word' id='word_1_519' title='bbox 1818 3862 1910 3932; x_wconf 91' lang='lat' dir='ltr'><strong>qui</strong></span> <span class='ocrx_word' id='word_1_520' title='bbox 1951 3877 2050 3917; x_wconf 92' lang='lat' dir='ltr'><strong>suo</strong></span> 
     </span>
    </p>
   </div>
   <div class='ocr_carea' id='block_1_73' title="bbox 477 3953 2051 4025">
    <p class='ocr_par' dir='ltr' id='par_1_73' title="bbox 477 3953 2051 4025">
     <span class='ocr_line' id='line_1_73' title="bbox 477 3953 2051 4025; baseline 0.003 -19"><span class='ocrx_word' id='word_1_521' title='bbox 477 3953 719 4023; x_wconf 86' lang='lat' dir='ltr'><strong>periculo</strong></span> <span class='ocrx_word' id='word_1_522' title='bbox 773 3965 1004 4009; x_wconf 87' lang='lat' dir='ltr'><strong>conatur</strong></span> <span class='ocrx_word' id='word_1_523' title='bbox 1038 3955 1307 4008; x_wconf 88' lang='lat' dir='ltr'><strong>arbitratu</strong></span> <span class='ocrx_word' id='word_1_524' title='bbox 1336 3972 1433 4010; x_wconf 87' lang='lat' dir='ltr'><strong>suo</strong></span> <span class='ocrx_word' id='word_1_525' title='bbox 1459 3955 1707 4024; x_wconf 86' lang='lat' dir='ltr'><strong>dogmata</strong></span> <span class='ocrx_word' id='word_1_526' title='bbox 1737 3954 1960 4025; x_wconf 84' lang='lat' dir='ltr'><strong>fingere,</strong></span> <span class='ocrx_word' id='word_1_527' title='bbox 1984 3972 2051 4010; x_wconf 91' lang='lat' dir='ltr'><strong>eo</strong></span> 
     </span>
    </p>
   </div>
   <div class='ocr_carea' id='block_1_74' title="bbox 479 4047 2050 4118">
    <p class='ocr_par' dir='ltr' id='par_1_74' title="bbox 479 4047 2050 4118">
     <span class='ocr_line' id='line_1_74' title="bbox 479 4047 2050 4118; baseline 0.004 -22"><span class='ocrx_word' id='word_1_528' title='bbox 479 4048 571 4113; x_wconf 87' lang='lat' dir='ltr'><strong>qui</strong></span> <span class='ocrx_word' id='word_1_529' title='bbox 618 4047 909 4113; x_wconf 86' lang='lat' dir='ltr'><strong>prohibere</strong></span> <span class='ocrx_word' id='word_1_530' title='bbox 938 4065 1063 4101; x_wconf 85' lang='lat' dir='ltr'><strong>eum</strong></span> <span class='ocrx_word' id='word_1_531' title='bbox 1097 4057 1279 4117; x_wconf 90' lang='lat' dir='ltr'><strong>potest</strong></span> <span class='ocrx_word' id='word_1_532' title='bbox 1318 4048 1636 4118; x_wconf 77' lang='lat' dir='ltr'><strong>indulgente</strong></span> <span class='ocrx_word' id='word_1_533' title='bbox 1680 4049 1932 4104; x_wconf 84' lang='lat' dir='ltr'><strong>simulet</strong></span> <span class='ocrx_word' id='word_1_534' title='bbox 1971 4048 2050 4102; x_wconf 78' lang='lat' dir='ltr'><strong>in-</strong></span> 
     </span>
    </p>
   </div>
   <div class='ocr_carea' id='block_1_75' title="bbox 480 4134 2056 4208">
    <p class='ocr_par' dir='ltr' id='par_1_75' title="bbox 480 4134 2056 4208">
     <span class='ocr_line' id='line_1_75' title="bbox 480 4134 2056 4208; baseline 0.003 -22"><span class='ocrx_word' id='word_1_535' title='bbox 480 4134 703 4195; x_wconf 74' lang='lat' dir='ltr'><strong>citantc,</strong></span> <span class='ocrx_word' id='word_1_536' title='bbox 729 4152 835 4189; x_wconf 90' lang='lat' dir='ltr'><strong>non</strong></span> <span class='ocrx_word' id='word_1_537' title='bbox 857 4138 1195 4207; x_wconf 80' lang='lat' dir='ltr'><strong>possit322</strong></span> <span class='ocrx_word' id='word_1_538' title='bbox 1216 4140 1354 4207; x_wconf 87' lang='lat' dir='ltr'><strong>piam</strong></span> <span class='ocrx_word' id='word_1_539' title='bbox 1384 4140 1609 4193; x_wconf 89' lang='lat' dir='ltr'><strong>omnino</strong></span> <span class='ocrx_word' id='word_1_540' title='bbox 1643 4148 1697 4192; x_wconf 90' lang='lat' dir='ltr'><strong>et</strong></span> <span class='ocrx_word' id='word_1_541' title='bbox 1725 4140 1952 4208; x_wconf 86' lang='lat' dir='ltr'><strong>patriam</strong></span> <span class='ocrx_word' id='word_1_542' title='bbox 1990 4137 2056 4191; x_wconf 79' lang='lat' dir='ltr'><strong>(i-</strong></span> 
     </span>
    </p>
   </div>
   <div class='ocr_carea' id='block_1_76' title="bbox 481 4223 2057 4299">
    <p class='ocr_par' dir='ltr' id='par_1_76' title="bbox 481 4223 2057 4299">
     <span class='ocr_line' id='line_1_76' title="bbox 481 4223 2057 4299; baseline 0.006 -25"><span class='ocrx_word' id='word_1_543' title='bbox 481 4223 603 4275; x_wconf 73' lang='lat' dir='ltr'><strong>dem</strong></span> <span class='ocrx_word' id='word_1_544' title='bbox 633 4227 902 4295; x_wconf 75' lang='lat' dir='ltr'><strong>eXpellere</strong></span> <span class='ocrx_word' id='word_1_545' title='bbox 928 4246 940 4279; x_wconf 77' lang='grc' dir='ltr'><strong>ε</strong></span> <span class='ocrx_word' id='word_1_546' title='bbox 962 4228 1065 4281; x_wconf 83' lang='lat' dir='ltr'><strong>Sed</strong></span> <span class='ocrx_word' id='word_1_547' title='bbox 1103 4245 1245 4281; x_wconf 87' lang='lat' dir='ltr'><strong>nunc</strong></span> <span class='ocrx_word' id='word_1_548' title='bbox 1276 4245 1383 4283; x_wconf 84' lang='lat' dir='ltr'><strong>non</strong></span> <span class='ocrx_word' id='word_1_549' title='bbox 1409 4229 1538 4283; x_wconf 87' lang='lat' dir='ltr'><strong>illttd</strong></span> <span class='ocrx_word' id='word_1_550' title='bbox 1561 4230 1897 4299; x_wconf 84' lang='lat' dir='ltr'><strong>agimus,sed</strong></span> <span class='ocrx_word' id='word_1_551' title='bbox 1928 4246 2057 4284; x_wconf 89' lang='lat' dir='ltr'><strong>con-</strong></span> 
     </span>
    </p>
   </div>
   <div class='ocr_carea' id='block_1_77' title="bbox 483 4315 2056 4375">
    <p class='ocr_par' dir='ltr' id='par_1_77' title="bbox 483 4315 2056 4375">
     <span class='ocr_line' id='line_1_77' title="bbox 483 4315 2056 4375; baseline 0.004 -7"><span class='ocrx_word' id='word_1_552' title='bbox 483 4315 764 4368; x_wconf 81' lang='lat' dir='ltr'><strong>tinuantes</strong></span> <span class='ocrx_word' id='word_1_553' title='bbox 808 4316 1118 4372; x_wconf 77' lang='lat' dir='ltr'><strong>divinorum</strong></span> <span class='ocrx_word' id='word_1_554' title='bbox 1168 4319 1383 4372; x_wconf 79' lang='lat' dir='ltr'><strong>Patrum</strong></span> <span class='ocrx_word' id='word_1_555' title='bbox 1433 4331 1743 4373; x_wconf 85' lang='lat' dir='ltr'><strong>sanctorum</strong></span> <span class='ocrx_word' id='word_1_556' title='bbox 1779 4333 1834 4374; x_wconf 83' lang='lat' dir='ltr'><strong>et</strong></span> <span class='ocrx_word' id='word_1_557' title='bbox 1868 4321 2056 4375; x_wconf 87' lang='lat' dir='ltr'><strong>docto-</strong></span> 
     </span>
    </p>
   </div>
   <div class='ocr_carea' id='block_1_78' title="bbox 483 4408 2057 4477">
    <p class='ocr_par' dir='ltr' id='par_1_78' title="bbox 483 4408 2057 4477">
     <span class='ocr_line' id='line_1_78' title="bbox 483 4408 2057 4477; baseline 0.005 -18"><span class='ocrx_word' id='word_1_558' title='bbox 483 4423 603 4460; x_wconf 89' lang='lat' dir='ltr'><strong>rum</strong></span> <span class='ocrx_word' id='word_1_559' title='bbox 643 4408 896 4477; x_wconf 84' lang='lat' dir='ltr'><strong>dogmata</strong></span> <span class='ocrx_word' id='word_1_560' title='bbox 944 4408 1087 4465; x_wconf 88' lang='lat' dir='ltr'><strong>scire</strong></span> <span class='ocrx_word' id='word_1_561' title='bbox 1144 4410 1447 4477; x_wconf 87' lang='lat' dir='ltr'><strong>studemus,</strong></span> <span class='ocrx_word' id='word_1_562' title='bbox 1476 4411 1620 4465; x_wconf 87' lang='lat' dir='ltr'><strong>unde</strong></span> <span class='ocrx_word' id='word_1_563' title='bbox 1646 4426 1674 4465; x_wconf 84' lang='lat' dir='ltr'><strong>a</strong></span> <span class='ocrx_word' id='word_1_564' title='bbox 1702 4422 1751 4465; x_wconf 88' lang='lat' dir='ltr'><strong>te</strong></span> <span class='ocrx_word' id='word_1_565' title='bbox 1782 4412 1893 4467; x_wconf 60' lang='lat' dir='ltr'><strong>hate</strong></span> <span class='ocrx_word' id='word_1_566' title='bbox 1918 4430 2057 4467; x_wconf 76' lang='lat' dir='ltr'><strong>nova</strong></span> 
     </span>
    </p>
   </div>
   <div class='ocr_carea' id='block_1_79' title="bbox 480 4486 2057 4576">
    <p class='ocr_par' dir='ltr' id='par_1_79' title="bbox 480 4486 2057 4576">
     <span class='ocr_line' id='line_1_79' title="bbox 480 4486 2057 4576; baseline 0.006 -23"><span class='ocrx_word' id='word_1_567' title='bbox 480 4500 725 4553; x_wconf 71' lang='lat' dir='ltr'><strong>dei-trina</strong></span> <span class='ocrx_word' id='word_1_568' title='bbox 778 4502 845 4554; x_wconf 85' lang='lat' dir='ltr'><strong>sit</strong></span> <span class='ocrx_word' id='word_1_569' title='bbox 905 4500 1262 4571; x_wconf 79' lang='lat' dir='ltr'><strong>inventa,qua</strong></span> <span class='ocrx_word' id='word_1_570' title='bbox 1308 4486 1413 4573; x_wconf 63' lang='lat' dir='ltr'><strong>per</strong></span> <span class='ocrx_word' id='word_1_571' title='bbox 1458 4503 1687 4557; x_wconf 90' lang='lat' dir='ltr'><strong>multum</strong></span> <span class='ocrx_word' id='word_1_572' title='bbox 1708 4504 1817 4575; x_wconf 86' lang='lat' dir='ltr'><strong>jam</strong></span> <span class='ocrx_word' id='word_1_573' title='bbox 1846 4514 2057 4576; x_wconf 86' lang='lat' dir='ltr'><strong>tempus</strong></span> 
     </span>
    </p>
   </div>
   <div class='ocr_carea' id='block_1_80' title="bbox 485 4594 2057 4659">
    <p class='ocr_par' dir='ltr' id='par_1_80' title="bbox 485 4594 2057 4659">
     <span class='ocr_line' id='line_1_80' title="bbox 485 4594 2057 4659; baseline 0.003 -10"><span class='ocrx_word' id='word_1_574' title='bbox 485 4595 786 4649; x_wconf 87' lang='lat' dir='ltr'><strong>conturbas</strong></span> <span class='ocrx_word' id='word_1_575' title='bbox 817 4596 909 4650; x_wconf 89' lang='lat' dir='ltr'><strong>Dei</strong></span> <span class='ocrx_word' id='word_1_576' title='bbox 945 4594 1273 4659; x_wconf 80' lang='lat' dir='ltr'><strong>Eeelesiam,</strong></span> <span class='ocrx_word' id='word_1_577' title='bbox 1310 4612 1434 4650; x_wconf 87' lang='lat' dir='ltr'><strong>cum</strong></span> <span class='ocrx_word' id='word_1_578' title='bbox 1466 4598 1667 4652; x_wconf 83' lang='lat' dir='ltr'><strong>sociam</strong></span> <span class='ocrx_word' id='word_1_579' title='bbox 1705 4598 1905 4652; x_wconf 80' lang='lat' dir='ltr'><strong>habeas</strong></span> <span class='ocrx_word' id='word_1_580' title='bbox 1960 4600 2057 4653; x_wconf 80' lang='lat' dir='ltr'><strong>im-</strong></span> 
     </span>
    </p>
   </div>
   <div class='ocr_carea' id='block_1_81' title="bbox 484 4685 2056 4751">
    <p class='ocr_par' dir='ltr' id='par_1_81' title="bbox 484 4685 2056 4751">
     <span class='ocr_line' id='line_1_81' title="bbox 484 4685 2056 4751; baseline 0.007 -18"><span class='ocrx_word' id='word_1_581' title='bbox 484 4685 751 4751; x_wconf 78' lang='lat' dir='ltr'><strong>peratoris</strong></span> <span class='ocrx_word' id='word_1_582' title='bbox 792 4703 1035 4741; x_wconf 87' lang='lat' dir='ltr'><strong>manum.</strong></span> <span class='ocrx_word' id='word_1_583' title='bbox 1099 4687 1242 4741; x_wconf 85' lang='lat' dir='ltr'><strong>Puer</strong></span> <span class='ocrx_word' id='word_1_584' title='bbox 1288 4688 1434 4741; x_wconf 89' lang='lat' dir='ltr'><strong>enim</strong></span> <span class='ocrx_word' id='word_1_585' title='bbox 1499 4696 1620 4740; x_wconf 88' lang='lat' dir='ltr'><strong>crat</strong></span> <span class='ocrx_word' id='word_1_586' title='bbox 1682 4686 2056 4744; x_wconf 87' lang='lat' dir='ltr'><strong>divinissimus</strong></span> 
     </span>
    </p>
   </div>
   <div class='ocr_carea' id='block_1_82' title="bbox 486 4772 2052 4845">
    <p class='ocr_par' dir='ltr' id='par_1_82' title="bbox 486 4772 2052 4845">
     <span class='ocr_line' id='line_1_82' title="bbox 486 4772 2052 4845; baseline 0.003 -19"><span class='ocrx_word' id='word_1_587' title='bbox 486 4772 574 4826; x_wconf 90' lang='lat' dir='ltr'><strong>hic</strong></span> <span class='ocrx_word' id='word_1_588' title='bbox 606 4776 759 4843; x_wconf 58' lang='lat' dir='ltr'><strong>imp-</strong></span> <span class='ocrx_word' id='word_1_589' title='bbox 794 4792 916 4830; x_wconf 88' lang='lat' dir='ltr'><strong>cum</strong></span> <span class='ocrx_word' id='word_1_590' title='bbox 953 4778 1169 4831; x_wconf 81' lang='lat' dir='ltr'><strong>edicere</strong></span> <span class='ocrx_word' id='word_1_591' title='bbox 1203 4787 1259 4830; x_wconf 91' lang='lat' dir='ltr'><strong>tu</strong></span> <span class='ocrx_word' id='word_1_592' title='bbox 1300 4779 1426 4831; x_wconf 84' lang='lat' dir='ltr'><strong>talia</strong></span> <span class='ocrx_word' id='word_1_593' title='bbox 1456 4777 1729 4845; x_wconf 83' lang='lat' dir='ltr'><strong>inecpisti,</strong></span> <span class='ocrx_word' id='word_1_594' title='bbox 1762 4787 1818 4830; x_wconf 90' lang='lat' dir='ltr'><strong>et</strong></span> <span class='ocrx_word' id='word_1_595' title='bbox 1850 4776 2052 4831; x_wconf 86' lang='lat' dir='ltr'><strong>deinde</strong></span> 
     </span>
    </p>
   </div>
   <div class='ocr_carea' id='block_1_83' title="bbox 484 4866 2056 4940">
    <p class='ocr_par' dir='ltr' id='par_1_83' title="bbox 484 4866 2056 4940">
     <span class='ocr_line' id='line_1_83' title="bbox 484 4866 2056 4940; baseline 0.001 -18"><span class='ocrx_word' id='word_1_596' title='bbox 484 4866 805 4924; x_wconf 83' lang='lat' dir='ltr'><strong>confusione</strong></span> <span class='ocrx_word' id='word_1_597' title='bbox 834 4872 889 4925; x_wconf 89' lang='lat' dir='ltr'><strong>in</strong></span> <span class='ocrx_word' id='word_1_598' title='bbox 924 4871 1157 4940; x_wconf 87' lang='lat' dir='ltr'><strong>imperio</strong></span> <span class='ocrx_word' id='word_1_599' title='bbox 1191 4880 1397 4933; x_wconf 80' lang='lat' dir='ltr'><strong>exorta,</strong></span> <span class='ocrx_word' id='word_1_600' title='bbox 1430 4870 1798 4938; x_wconf 85' lang='lat' dir='ltr'><strong>undecunque</strong></span> <span class='ocrx_word' id='word_1_601' title='bbox 1834 4879 1891 4925; x_wconf 90' lang='lat' dir='ltr'><strong>et</strong></span> <span class='ocrx_word' id='word_1_602' title='bbox 1918 4885 2056 4939; x_wconf 74' lang='lat' dir='ltr'><strong>quo-</strong></span> 
     </span>
    </p>
   </div>
   <div class='ocr_carea' id='block_1_84' title="bbox 484 4961 2059 5032">
    <p class='ocr_par' dir='ltr' id='par_1_84' title="bbox 484 4961 2059 5032">
     <span class='ocr_line' id='line_1_84' title="bbox 484 4961 2059 5032; baseline -0.001 -17"><span class='ocrx_word' id='word_1_603' title='bbox 484 4974 702 5030; x_wconf 81' lang='lat' dir='ltr'><strong>cunque</strong></span> <span class='ocrx_word' id='word_1_604' title='bbox 736 4964 897 5017; x_wconf 87' lang='lat' dir='ltr'><strong>modo</strong></span> <span class='ocrx_word' id='word_1_605' title='bbox 930 4972 1117 5017; x_wconf 82' lang='lat' dir='ltr'><strong>exorta</strong></span> <span class='ocrx_word' id='word_1_606' title='bbox 1155 4974 1260 5029; x_wconf 85' lang='lat' dir='ltr'><strong>est,</strong></span> <span class='ocrx_word' id='word_1_607' title='bbox 1295 4973 1509 5032; x_wconf 85' lang='lat' dir='ltr'><strong>tempus</strong></span> <span class='ocrx_word' id='word_1_608' title='bbox 1539 4977 1649 5015; x_wconf 89' lang='lat' dir='ltr'><strong>non</strong></span> <span class='ocrx_word' id='word_1_609' title='bbox 1679 4961 1870 5017; x_wconf 88' lang='lat' dir='ltr'><strong>habuit</strong></span> <span class='ocrx_word' id='word_1_610' title='bbox 1900 4961 2059 5015; x_wconf 89' lang='lat' dir='ltr'><strong>audi-</strong></span> 
     </span>
    </p>
   </div>
   <div class='ocr_carea' id='block_1_85' title="bbox 485 5052 2059 5124">
    <p class='ocr_par' dir='ltr' id='par_1_85' title="bbox 485 5052 2059 5124">
     <span class='ocr_line' id='line_1_85' title="bbox 485 5052 2059 5124; baseline 0.001 -19"><span class='ocrx_word' id='word_1_611' title='bbox 485 5053 612 5107; x_wconf 82' lang='lat' dir='ltr'><strong>endi</strong></span> <span class='ocrx_word' id='word_1_612' title='bbox 642 5064 697 5108; x_wconf 93' lang='lat' dir='ltr'><strong>et</strong></span> <span class='ocrx_word' id='word_1_613' title='bbox 737 5055 1067 5124; x_wconf 76' lang='lat' dir='ltr'><strong>Corrigcndi.</strong></span> <span class='ocrx_word' id='word_1_614' title='bbox 1124 5053 1206 5106; x_wconf 89' lang='lat' dir='ltr'><strong>Tu</strong></span> <span class='ocrx_word' id='word_1_615' title='bbox 1260 5066 1441 5108; x_wconf 86' lang='lat' dir='ltr'><strong>autem</strong></span> <span class='ocrx_word' id='word_1_616' title='bbox 1499 5055 1759 5108; x_wconf 88' lang='lat' dir='ltr'><strong>immotus</strong></span> <span class='ocrx_word' id='word_1_617' title='bbox 1804 5052 2059 5107; x_wconf 87' lang='lat' dir='ltr'><strong>desinere</strong></span> 
     </span>
    </p>
   </div>
   <div class='ocr_carea' id='block_1_86' title="bbox 489 5146 2059 5215">
    <p class='ocr_par' dir='ltr' id='par_1_86' title="bbox 489 5146 2059 5215">
     <span class='ocr_line' id='line_1_86' title="bbox 489 5146 2059 5215; baseline -0.001 -16"><span class='ocrx_word' id='word_1_618' title='bbox 489 5162 596 5199; x_wconf 79' lang='lat' dir='ltr'><strong>non</strong></span> <span class='ocrx_word' id='word_1_619' title='bbox 628 5146 709 5198; x_wconf 74' lang='lat' dir='ltr'><strong>vis</strong></span> <span class='ocrx_word' id='word_1_620' title='bbox 742 5147 904 5200; x_wconf 85' lang='lat' dir='ltr'><strong>mala.</strong></span> <span class='ocrx_word' id='word_1_621' title='bbox 963 5146 1324 5201; x_wconf 75' lang='lat' dir='ltr'><strong>Prorerbium</strong></span> <span class='ocrx_word' id='word_1_622' title='bbox 1360 5148 1581 5215; x_wconf 86' lang='lat' dir='ltr'><strong>quidem</strong></span> <span class='ocrx_word' id='word_1_623' title='bbox 1614 5146 1712 5210; x_wconf 86' lang='lat' dir='ltr'><strong>ait,</strong></span> <span class='ocrx_word' id='word_1_624' title='bbox 1747 5146 1934 5199; x_wconf 83' lang='lat' dir='ltr'><strong>vinum</strong></span> <span class='ocrx_word' id='word_1_625' title='bbox 1968 5160 2059 5198; x_wconf 88' lang='lat' dir='ltr'><strong>ca-</strong></span> 
     </span>
    </p>
   </div>
   <div class='ocr_carea' id='block_1_87' title="bbox 489 5236 2057 5307">
    <p class='ocr_par' dir='ltr' id='par_1_87' title="bbox 489 5236 2057 5307">
     <span class='ocr_line' id='line_1_87' title="bbox 489 5236 2057 5307; baseline -0.003 -14"><span class='ocrx_word' id='word_1_626' title='bbox 489 5252 608 5293; x_wconf 73' lang='lat' dir='ltr'><strong>r«-re</strong></span> <span class='ocrx_word' id='word_1_627' title='bbox 627 5236 815 5289; x_wconf 74' lang='lat' dir='ltr'><strong>freno:</strong></span> <span class='ocrx_word' id='word_1_628' title='bbox 851 5254 952 5305; x_wconf 85' lang='lat' dir='ltr'><strong>ego</strong></span> <span class='ocrx_word' id='word_1_629' title='bbox 981 5248 1161 5291; x_wconf 80' lang='lat' dir='ltr'><strong>autem</strong></span> <span class='ocrx_word' id='word_1_630' title='bbox 1202 5238 1487 5291; x_wconf 76' lang='lat' dir='ltr'><strong>stultitiam</strong></span> <span class='ocrx_word' id='word_1_631' title='bbox 1521 5248 1668 5291; x_wconf 90' lang='lat' dir='ltr'><strong>tuam</strong></span> <span class='ocrx_word' id='word_1_632' title='bbox 1699 5237 1869 5307; x_wconf 84' lang='lat' dir='ltr'><strong>magis</strong></span> <span class='ocrx_word' id='word_1_633' title='bbox 1895 5251 2057 5305; x_wconf 87' lang='lat' dir='ltr'><strong>quam</strong></span> 
     </span>
    </p>
   </div>
   <div class='ocr_carea' id='block_1_88' title="bbox 487 5327 2062 5398">
    <p class='ocr_par' dir='ltr' id='par_1_88' title="bbox 487 5327 2062 5398">
     <span class='ocr_line' id='line_1_88' title="bbox 487 5327 2062 5398; baseline -0.004 -15"><span class='ocrx_word' id='word_1_634' title='bbox 487 5329 675 5383; x_wconf 78' lang='lat' dir='ltr'><strong>viuum</strong></span> <span class='ocrx_word' id='word_1_635' title='bbox 715 5346 817 5381; x_wconf 87' lang='lat' dir='ltr'><strong>non</strong></span> <span class='ocrx_word' id='word_1_636' title='bbox 853 5329 1055 5384; x_wconf 80' lang='lat' dir='ltr'><strong>habere</strong></span> <span class='ocrx_word' id='word_1_637' title='bbox 1078 5332 1237 5383; x_wconf 67' lang='lat' dir='ltr'><strong>Video</strong></span> <span class='ocrx_word' id='word_1_638' title='bbox 1263 5330 1498 5391; x_wconf 80' lang='lat' dir='ltr'><strong>frenum,</strong></span> <span class='ocrx_word' id='word_1_639' title='bbox 1523 5330 1613 5398; x_wconf 90' lang='lat' dir='ltr'><strong>qui</strong></span> <span class='ocrx_word' id='word_1_640' title='bbox 1641 5329 1811 5397; x_wconf 85' lang='lat' dir='ltr'><strong>possit</strong></span> <span class='ocrx_word' id='word_1_641' title='bbox 1841 5327 2062 5396; x_wconf 81' lang='lat' dir='ltr'><strong>dogma-</strong></span> 
     </span>
    </p>
   </div>
   <div class='ocr_carea' id='block_1_89' title="bbox 494 5419 2062 5491">
    <p class='ocr_par' dir='ltr' id='par_1_89' title="bbox 494 5419 2062 5491">
     <span class='ocr_line' id='line_1_89' title="bbox 494 5419 2062 5491; baseline -0.001 -18"><span class='ocrx_word' id='word_1_642' title='bbox 494 5431 609 5479; x_wconf 86' lang='lat' dir='ltr'><strong>tutn</strong></span> <span class='ocrx_word' id='word_1_643' title='bbox 648 5431 865 5474; x_wconf 91' lang='lat' dir='ltr'><strong>tuorum</strong></span> <span class='ocrx_word' id='word_1_644' title='bbox 895 5422 1128 5475; x_wconf 65' lang='lat' dir='ltr'><strong>cluxiem</strong></span> <span class='ocrx_word' id='word_1_645' title='bbox 1173 5422 1517 5491; x_wconf 82' lang='lat' dir='ltr'><strong>gubernare:</strong></span> <span class='ocrx_word' id='word_1_646' title='bbox 1579 5420 1630 5473; x_wconf 92' lang='lat' dir='ltr'><strong>id</strong></span> <span class='ocrx_word' id='word_1_647' title='bbox 1683 5419 1827 5489; x_wconf 87' lang='lat' dir='ltr'><strong>quod</strong></span> <span class='ocrx_word' id='word_1_648' title='bbox 1880 5430 2062 5473; x_wconf 75' lang='lat' dir='ltr'><strong>extre-</strong></span> 
     </span>
    </p>
   </div>
   <div class='ocr_carea' id='block_1_90' title="bbox 495 5513 2060 5580">
    <p class='ocr_par' dir='ltr' id='par_1_90' title="bbox 495 5513 2060 5580">
     <span class='ocr_line' id='line_1_90' title="bbox 495 5513 2060 5580; baseline -0.003 -12"><span class='ocrx_word' id='word_1_649' title='bbox 495 5530 709 5568; x_wconf 88' lang='lat' dir='ltr'><strong>morum</strong></span> <span class='ocrx_word' id='word_1_650' title='bbox 741 5525 822 5568; x_wconf 81' lang='lat' dir='ltr'><strong>est</strong></span> <span class='ocrx_word' id='word_1_651' title='bbox 856 5515 1145 5568; x_wconf 82' lang='lat' dir='ltr'><strong>malorum.</strong></span> <span class='ocrx_word' id='word_1_652' title='bbox 1203 5516 1418 5569; x_wconf 73' lang='lat' dir='ltr'><strong>Etenim</strong></span> <span class='ocrx_word' id='word_1_653' title='bbox 1447 5515 1491 5568; x_wconf 77' lang='lat' dir='ltr'><strong>si</strong></span> <span class='ocrx_word' id='word_1_654' title='bbox 1526 5514 1650 5567; x_wconf 88' lang='lat' dir='ltr'><strong>talia</strong></span> <span class='ocrx_word' id='word_1_655' title='bbox 1687 5513 1928 5566; x_wconf 83' lang='lat' dir='ltr'><strong>facinora</strong></span> <span class='ocrx_word' id='word_1_656' title='bbox 1961 5527 2060 5580; x_wconf 87' lang='lat' dir='ltr'><strong>pro</strong></span> 
     </span>
    </p>
   </div>
   <div class='ocr_carea' id='block_1_91' title="bbox 493 5597 2057 5674">
    <p class='ocr_par' dir='ltr' id='par_1_91' title="bbox 493 5597 2057 5674">
     <span class='ocr_line' id='line_1_91' title="bbox 493 5597 2057 5674; baseline -0.003 -19"><span class='ocrx_word' id='word_1_657' title='bbox 493 5617 654 5674; x_wconf 62' lang='lat' dir='ltr'><strong>pecua</strong></span> <span class='ocrx_word' id='word_1_658' title='bbox 705 5602 939 5655; x_wconf 82' lang='lat' dir='ltr'><strong>honores</strong></span> <span class='ocrx_word' id='word_1_659' title='bbox 987 5616 1205 5671; x_wconf 89' lang='lat' dir='ltr'><strong>quoque</strong></span> <span class='ocrx_word' id='word_1_660' title='bbox 1236 5601 1529 5669; x_wconf 77' lang='lat' dir='ltr'><strong>accipiant,</strong></span> <span class='ocrx_word' id='word_1_661' title='bbox 1563 5614 1673 5667; x_wconf 84' lang='lat' dir='ltr'><strong>quo</strong></span> <span class='ocrx_word' id='word_1_662' title='bbox 1725 5597 2057 5666; x_wconf 80' lang='lat' dir='ltr'><strong>ineptiarum</strong></span> 
     </span>
    </p>
   </div>
   <div class='ocr_carea' id='block_1_92' title="bbox 504 5692 2055 5766">
    <p class='ocr_par' dir='ltr' id='par_1_92' title="bbox 504 5692 2055 5766">
     <span class='ocr_line' id='line_1_92' title="bbox 504 5692 2055 5766; baseline -0.005 -17"><span class='ocrx_word' id='word_1_663' title='bbox 504 5695 750 5751; x_wconf 79' lang='lat' dir='ltr'><strong>venient?</strong></span> <span class='ocrx_word' id='word_1_664' title='bbox 773 5712 879 5766; x_wconf 85' lang='lat' dir='ltr'><strong>quo</strong></span> <span class='ocrx_word' id='word_1_665' title='bbox 905 5692 1187 5764; x_wconf 72' lang='lat' dir='ltr'><strong>conspicui</strong></span> <span class='ocrx_word' id='word_1_666' title='bbox 1222 5703 1537 5748; x_wconf 70' lang='lat' dir='ltr'><strong>accrescent</strong></span> <span class='ocrx_word' id='word_1_667' title='bbox 1571 5692 1807 5761; x_wconf 81' lang='lat' dir='ltr'><strong>impetus</strong></span> <span class='ocrx_word' id='word_1_668' title='bbox 1846 5697 1897 5743; x_wconf 88' lang='lat' dir='ltr'><strong>ct</strong></span> <span class='ocrx_word' id='word_1_669' title='bbox 1935 5704 2055 5759; x_wconf 82' lang='lat' dir='ltr'><strong>pra-</strong></span> 
     </span>
    </p>
   </div>
   <div class='ocr_carea' id='block_1_93' title="bbox 2145 3128 3727 3202">
    <p class='ocr_par' dir='ltr' id='par_1_93' title="bbox 2145 3128 3727 3202">
     <span class='ocr_line' id='line_1_93' title="bbox 2145 3128 3727 3202; baseline -0.003 -19"><span class='ocrx_word' id='word_1_670' title='bbox 2145 3133 2281 3202; x_wconf 71' lang='grc' dir='ltr'>πρὺς</span> <span class='ocrx_word' id='word_1_671' title='bbox 2308 3132 2397 3184; x_wconf 87' lang='grc' dir='ltr'><strong>τοῦ</strong></span> <span class='ocrx_word' id='word_1_672' title='bbox 2428 3132 2687 3201; x_wconf 74' lang='grc' dir='ltr'>Γρηγορᾶ</span> <span class='ocrx_word' id='word_1_673' title='bbox 2712 3133 3052 3201; x_wconf 76' lang='grc' dir='ltr'>φερομένους</span> <span class='ocrx_word' id='word_1_674' title='bbox 3089 3130 3227 3201; x_wconf 80' lang='grc' dir='ltr'>ὁμοῦ</span> <span class='ocrx_word' id='word_1_675' title='bbox 3254 3131 3350 3184; x_wconf 70' lang='grc' dir='ltr'>καὶ</span> <span class='ocrx_word' id='word_1_676' title='bbox 3378 3130 3488 3182; x_wconf 82' lang='grc' dir='ltr'>τῶν</span> <span class='ocrx_word' id='word_1_677' title='bbox 3519 3131 3601 3181; x_wconf 72' lang='grc' dir='ltr'><strong>σοὶ</strong></span> <span class='ocrx_word' id='word_1_678' title='bbox 3629 3128 3727 3180; x_wconf 85' lang='grc' dir='ltr'>λε-</span> 
     </span>
    </p>
   </div>
   <div class='ocr_carea' id='block_1_94' title="bbox 2144 3219 3724 3293">
    <p class='ocr_par' dir='ltr' id='par_1_94' title="bbox 2144 3219 3724 3293">
     <span class='ocr_line' id='line_1_94' title="bbox 2144 3219 3724 3293; baseline -0.001 -20"><span class='ocrx_word' id='word_1_679' title='bbox 2144 3223 2390 3291; x_wconf 77' lang='grc' dir='ltr'>γομένων</span> <span class='ocrx_word' id='word_1_680' title='bbox 2426 3223 2652 3275; x_wconf 84' lang='grc' dir='ltr'>αὐτόθεν</span> <span class='ocrx_word' id='word_1_681' title='bbox 2708 3222 2767 3274; x_wconf 79' lang='grc' dir='ltr'><strong>τὸ</strong></span> <span class='ocrx_word' id='word_1_682' title='bbox 2816 3222 3089 3293; x_wconf 71' lang='grc' dir='ltr'>σφαλερὸν</span> <span class='ocrx_word' id='word_1_683' title='bbox 3147 3223 3390 3292; x_wconf 72' lang='grc' dir='ltr'>ἔχοντας.</span> <span class='ocrx_word' id='word_1_684' title='bbox 3445 3221 3578 3273; x_wconf 77' lang='grc' dir='ltr'>Οὐδὲ</span> <span class='ocrx_word' id='word_1_685' title='bbox 3610 3219 3724 3288; x_wconf 76' lang='grc' dir='ltr'><strong>γὰρ</strong></span> 
     </span>
    </p>
   </div>
   <div class='ocr_carea' id='block_1_95' title="bbox 2144 3311 3727 3385">
    <p class='ocr_par' dir='ltr' id='par_1_95' title="bbox 2144 3311 3727 3385">
     <span class='ocr_line' id='line_1_95' title="bbox 2144 3311 3727 3385; baseline -0.003 -17"><span class='ocrx_word' id='word_1_686' title='bbox 2144 3316 2255 3368; x_wconf 82' lang='grc' dir='ltr'>οὐδ’</span> <span class='ocrx_word' id='word_1_687' title='bbox 2286 3314 2430 3385; x_wconf 72' lang='grc' dir='ltr'>ἔχεις</span> <span class='ocrx_word' id='word_1_688' title='bbox 2462 3314 2865 3385; x_wconf 57' lang='grc' dir='ltr'>ἁνθυποεέρειν</span> <span class='ocrx_word' id='word_1_689' title='bbox 2893 3314 3042 3368; x_wconf 73' lang='grc' dir='ltr'>οὐδὲν</span> <span class='ocrx_word' id='word_1_690' title='bbox 3078 3315 3250 3384; x_wconf 81' lang='grc' dir='ltr'>ὑγιὲς,</span> <span class='ocrx_word' id='word_1_691' title='bbox 3281 3313 3416 3367; x_wconf 82' lang='grc' dir='ltr'><strong>ἀλλὰ</strong></span> <span class='ocrx_word' id='word_1_692' title='bbox 3442 3311 3727 3383; x_wconf 73' lang='grc' dir='ltr'>γραφικάς</span> 
     </span>
    </p>
   </div>
   <div class='ocr_carea' id='block_1_96' title="bbox 2145 3406 3727 3478">
    <p class='ocr_par' dir='ltr' id='par_1_96' title="bbox 2145 3406 3727 3478">
     <span class='ocr_line' id='line_1_96' title="bbox 2145 3406 3727 3478; baseline -0.003 -18"><span class='ocrx_word' id='word_1_693' title='bbox 2145 3408 2391 3475; x_wconf 75' lang='grc' dir='ltr'>κομίζειν</span> <span class='ocrx_word' id='word_1_694' title='bbox 2424 3410 2823 3478; x_wconf 80' lang='grc' dir='ltr'>ἀπαιτούμενος</span> <span class='ocrx_word' id='word_1_695' title='bbox 2874 3408 3202 3476; x_wconf 77' lang='grc' dir='ltr'>μαρτυρίας,</span> <span class='ocrx_word' id='word_1_696' title='bbox 3240 3406 3422 3477; x_wconf 67' lang='grc' dir='ltr'>ῥητῶς</span> <span class='ocrx_word' id='word_1_697' title='bbox 3483 3407 3727 3472; x_wconf 80' lang='grc' dir='ltr'>ἀποφαι-</span> 
     </span>
    </p>
   </div>
   <div class='ocr_carea' id='block_1_97' title="bbox 2146 3499 3729 3570">
    <p class='ocr_par' dir='ltr' id='par_1_97' title="bbox 2146 3499 3729 3570">
     <span class='ocr_line' id='line_1_97' title="bbox 2146 3499 3729 3570; baseline -0.004 -17"><span class='ocrx_word' id='word_1_698' title='bbox 2146 3499 2375 3567; x_wconf 82' lang='grc' dir='ltr'>νομένας</span> <span class='ocrx_word' id='word_1_699' title='bbox 2418 3501 2743 3570; x_wconf 76' lang='grc' dir='ltr'>αὐτόχρημα</span> <span class='ocrx_word' id='word_1_700' title='bbox 2804 3499 3032 3552; x_wconf 83' lang='grc' dir='ltr'>πλεῖστα</span> <span class='ocrx_word' id='word_1_701' title='bbox 3057 3500 3124 3552; x_wconf 76' lang='grc' dir='ltr'>τὰ</span> <span class='ocrx_word' id='word_1_702' title='bbox 3161 3500 3392 3552; x_wconf 79' lang='grc' dir='ltr'>ἄκτιστα</span> <span class='ocrx_word' id='word_1_703' title='bbox 3414 3500 3509 3564; x_wconf 80' lang='grc' dir='ltr'><strong>τῆς</strong></span> <span class='ocrx_word' id='word_1_704' title='bbox 3534 3513 3729 3566; x_wconf 72' lang='grc' dir='ltr'>τρισυ-</span> 
     </span>
    </p>
   </div>
   <div class='ocr_carea' id='block_1_98' title="bbox 2150 3584 3728 3658">
    <p class='ocr_par' dir='ltr' id='par_1_98' title="bbox 2150 3584 3728 3658">
     <span class='ocr_line' id='line_1_98' title="bbox 2150 3584 3728 3658; baseline -0.003 -19"><span class='ocrx_word' id='word_1_705' title='bbox 2150 3588 2423 3641; x_wconf 79' lang='grc' dir='ltr'>ττοστάτου</span> <span class='ocrx_word' id='word_1_706' title='bbox 2478 3588 2713 3658; x_wconf 57' lang='grc' dir='ltr'>διάφορα</span> <span class='ocrx_word' id='word_1_707' title='bbox 2773 3587 3010 3655; x_wconf 79' lang='grc' dir='ltr'>φύσεως,</span> <span class='ocrx_word' id='word_1_708' title='bbox 3060 3587 3251 3639; x_wconf 75' lang='grc' dir='ltr'>ἔπειτα</span> <span class='ocrx_word' id='word_1_709' title='bbox 3301 3585 3374 3656; x_wconf 77' lang='grc' dir='ltr'>μὴ</span> <span class='ocrx_word' id='word_1_710' title='bbox 3423 3584 3728 3651; x_wconf 80' lang='grc' dir='ltr'>δυνάμενος</span> 
     </span>
    </p>
   </div>
   <div class='ocr_carea' id='block_1_99' title="bbox 2149 3673 3725 3747">
    <p class='ocr_par' dir='ltr' id='par_1_99' title="bbox 2149 3673 3725 3747">
     <span class='ocr_line' id='line_1_99' title="bbox 2149 3673 3725 3747; baseline -0.003 -19"><span class='ocrx_word' id='word_1_711' title='bbox 2149 3676 2284 3737; x_wconf 78' lang='grc' dir='ltr'>ὅλως</span> <span class='ocrx_word' id='word_1_712' title='bbox 2311 3676 2488 3747; x_wconf 84' lang='grc' dir='ltr'>εὑρεῖν</span> <span class='ocrx_word' id='word_1_713' title='bbox 2521 3676 2827 3746; x_wconf 78' lang='grc' dir='ltr'>μαρτυρίαν</span> <span class='ocrx_word' id='word_1_714' title='bbox 2850 3677 3139 3746; x_wconf 79' lang='grc' dir='ltr'>ἡντιναοῦν</span> <span class='ocrx_word' id='word_1_715' title='bbox 3158 3675 3366 3737; x_wconf 73' lang='grc' dir='ltr'>οὐδενὸς</span> <span class='ocrx_word' id='word_1_716' title='bbox 3388 3676 3495 3728; x_wconf 74' lang='grc' dir='ltr'>τῶν</span> <span class='ocrx_word' id='word_1_717' title='bbox 3524 3673 3725 3739; x_wconf 82' lang='grc' dir='ltr'>ἁγίων,</span> 
     </span>
    </p>
   </div>
   <div class='ocr_carea' id='block_1_100' title="bbox 2151 3764 3728 3836">
    <p class='ocr_par' dir='ltr' id='par_1_100' title="bbox 2151 3764 3728 3836">
     <span class='ocr_line' id='line_1_100' title="bbox 2151 3764 3728 3836; baseline -0.003 -18"><span class='ocrx_word' id='word_1_718' title='bbox 2151 3770 2302 3835; x_wconf 68' lang='grc' dir='ltr'>παρὰ</span> <span class='ocrx_word' id='word_1_719' title='bbox 2363 3767 2561 3819; x_wconf 87' lang='grc' dir='ltr'>σαυτοῦ</span> <span class='ocrx_word' id='word_1_720' title='bbox 2626 3767 2877 3836; x_wconf 82' lang='grc' dir='ltr'>συνάγεις</span> <span class='ocrx_word' id='word_1_721' title='bbox 2931 3768 3113 3831; x_wconf 69' lang='grc' dir='ltr'>αὐτὸς,</span> <span class='ocrx_word' id='word_1_722' title='bbox 3145 3768 3172 3818; x_wconf 88' lang='grc' dir='ltr'><strong>ὃ</strong></span> <span class='ocrx_word' id='word_1_723' title='bbox 3209 3766 3319 3819; x_wconf 86' lang='grc' dir='ltr'><strong>τῶν</strong></span> <span class='ocrx_word' id='word_1_724' title='bbox 3354 3764 3728 3818; x_wconf 74' lang='grc' dir='ltr'>ἀτοπωτάτων</span> 
     </span>
    </p>
   </div>
   <div class='ocr_carea' id='block_1_101' title="bbox 2153 3858 3731 3930">
    <p class='ocr_par' dir='ltr' id='par_1_101' title="bbox 2153 3858 3731 3930">
     <span class='ocr_line' id='line_1_101' title="bbox 2153 3858 3731 3930; baseline -0.004 -19"><span class='ocrx_word' id='word_1_725' title='bbox 2153 3861 2320 3913; x_wconf 74' lang='grc' dir='ltr'>ἐστίν.</span> <span class='ocrx_word' id='word_1_726' title='bbox 2366 3859 2461 3912; x_wconf 81' lang='grc' dir='ltr'>Ἐκ</span> <span class='ocrx_word' id='word_1_727' title='bbox 2491 3859 2599 3930; x_wconf 80' lang='grc' dir='ltr'><strong>γὰρ</strong></span> <span class='ocrx_word' id='word_1_728' title='bbox 2641 3861 2840 3929; x_wconf 79' lang='grc' dir='ltr'>ἐτέρων</span> <span class='ocrx_word' id='word_1_729' title='bbox 2871 3861 3085 3928; x_wconf 76' lang='grc' dir='ltr'>ἑτέραις</span> <span class='ocrx_word' id='word_1_730' title='bbox 3119 3860 3203 3912; x_wconf 74' lang='grc' dir='ltr'><strong>ἀεὶ</strong></span> <span class='ocrx_word' id='word_1_731' title='bbox 3230 3858 3574 3930; x_wconf 82' lang='grc' dir='ltr'>περιπίπτων</span> <span class='ocrx_word' id='word_1_732' title='bbox 3601 3873 3731 3909; x_wconf 76' lang='grc' dir='ltr'>και-</span> 
     </span>
    </p>
   </div>
   <div class='ocr_carea' id='block_1_102' title="bbox 2152 3944 3731 4016">
    <p class='ocr_par' dir='ltr' id='par_1_102' title="bbox 2152 3944 3731 4016">
     <span class='ocr_line' id='line_1_102' title="bbox 2152 3944 3731 4016; baseline -0.004 -17"><span class='ocrx_word' id='word_1_733' title='bbox 2152 3945 2442 4014; x_wconf 82' lang='grc' dir='ltr'>νοιρωνίαις</span> <span class='ocrx_word' id='word_1_734' title='bbox 2490 3947 2637 4016; x_wconf 71' lang='grc' dir='ltr'>σαφῆ</span> <span class='ocrx_word' id='word_1_735' title='bbox 2690 3964 2748 4000; x_wconf 89' lang='grc' dir='ltr'><strong>τε</strong></span> <span class='ocrx_word' id='word_1_736' title='bbox 2795 3949 2891 3999; x_wconf 69' lang='grc' dir='ltr'>καὶ</span> <span class='ocrx_word' id='word_1_737' title='bbox 2927 3948 3277 4015; x_wconf 73' lang='grc' dir='ltr'>ὑπερήφανον</span> <span class='ocrx_word' id='word_1_738' title='bbox 3306 3945 3529 3997; x_wconf 74' lang='grc' dir='ltr'>αὐτόθεν</span> <span class='ocrx_word' id='word_1_739' title='bbox 3564 3944 3731 4004; x_wconf 63' lang='grc' dir='ltr'>εὐθὺς</span> 
     </span>
    </p>
   </div>
   <div class='ocr_carea' id='block_1_103' title="bbox 2152 4033 3731 4106">
    <p class='ocr_par' dir='ltr' id='par_1_103' title="bbox 2152 4033 3731 4106">
     <span class='ocr_line' id='line_1_103' title="bbox 2152 4033 3731 4106; baseline -0.004 -17"><span class='ocrx_word' id='word_1_740' title='bbox 2152 4038 2252 4104; x_wconf 65' lang='grc' dir='ltr'><strong>τὴν</strong></span> <span class='ocrx_word' id='word_1_741' title='bbox 2271 4036 2427 4106; x_wconf 80' lang='grc' dir='ltr'>δίκην</span> <span class='ocrx_word' id='word_1_742' title='bbox 2458 4036 2552 4088; x_wconf 83' lang='grc' dir='ltr'><strong>τοῦ</strong></span> <span class='ocrx_word' id='word_1_743' title='bbox 2601 4037 2802 4091; x_wconf 70' lang='grc' dir='ltr'>ἀδικεῖν</span> <span class='ocrx_word' id='word_1_744' title='bbox 2851 4036 3215 4105; x_wconf 76' lang='grc' dir='ltr'>ὀφλισκάνεις.</span> <span class='ocrx_word' id='word_1_745' title='bbox 3286 4036 3343 4087; x_wconf 89' lang='grc' dir='ltr'><strong>Ὀ</strong></span> <span class='ocrx_word' id='word_1_746' title='bbox 3378 4036 3484 4102; x_wconf 72' lang='grc' dir='ltr'>γὰρ</span> <span class='ocrx_word' id='word_1_747' title='bbox 3512 4033 3731 4085; x_wconf 66' lang='grc' dir='ltr'>οίςοθεν</span> 
     </span>
    </p>
   </div>
   <div class='ocr_carea' id='block_1_104' title="bbox 2156 4124 3732 4209">
    <p class='ocr_par' dir='ltr' id='par_1_104' title="bbox 2156 4124 3732 4209">
     <span class='ocr_line' id='line_1_104' title="bbox 2156 4124 3732 4209; baseline -0.005 -28"><span class='ocrx_word' id='word_1_748' title='bbox 2156 4129 2448 4198; x_wconf 76' lang='grc' dir='ltr'>ἐπιχειρῶν</span> <span class='ocrx_word' id='word_1_749' title='bbox 2499 4128 2568 4181; x_wconf 76' lang='grc' dir='ltr'>τὰ</span> <span class='ocrx_word' id='word_1_750' title='bbox 2618 4130 2758 4209; x_wconf 52' lang='grc' dir='ltr'>κα.τά</span> <span class='ocrx_word' id='word_1_751' title='bbox 2789 4129 3045 4198; x_wconf 71' lang='grc' dir='ltr'>βούλησιν</span> <span class='ocrx_word' id='word_1_752' title='bbox 3096 4127 3463 4194; x_wconf 76' lang='grc' dir='ltr'>δογματίζειν,</span> <span class='ocrx_word' id='word_1_753' title='bbox 3491 4124 3583 4175; x_wconf 82' lang='grc' dir='ltr'><strong>τοῦ</strong></span> <span class='ocrx_word' id='word_1_754' title='bbox 3618 4141 3732 4175; x_wconf 76' lang='grc' dir='ltr'>κω-</span> 
     </span>
    </p>
   </div>
   <div class='ocr_carea' id='block_1_105' title="bbox 2155 4212 3730 4287">
    <p class='ocr_par' dir='ltr' id='par_1_105' title="bbox 2155 4212 3730 4287">
     <span class='ocr_line' id='line_1_105' title="bbox 2155 4212 3730 4287; baseline -0.005 -19"><span class='ocrx_word' id='word_1_755' title='bbox 2155 4216 2301 4270; x_wconf 81' lang='grc' dir='ltr'>λύειν</span> <span class='ocrx_word' id='word_1_756' title='bbox 2336 4216 2612 4287; x_wconf 65' lang='grc' dir='ltr'>ἰσχύοντος</span> <span class='ocrx_word' id='word_1_757' title='bbox 2645 4212 2924 4285; x_wconf 84' lang='grc' dir='ltr'>τηνικαῦτ’</span> <span class='ocrx_word' id='word_1_758' title='bbox 2958 4215 3251 4276; x_wconf 55' lang='grc' dir='ltr'>ἐνδιδόντος</span> <span class='ocrx_word' id='word_1_759' title='bbox 3278 4213 3412 4281; x_wconf 81' lang='grc' dir='ltr'>ὁμοῦ</span> <span class='ocrx_word' id='word_1_760' title='bbox 3452 4214 3546 4263; x_wconf 72' lang='grc' dir='ltr'>καὶ</span> <span class='ocrx_word' id='word_1_761' title='bbox 3582 4227 3730 4280; x_wconf 66' lang='grc' dir='ltr'>παρ-</span> 
     </span>
    </p>
   </div>
   <div class='ocr_carea' id='block_1_106' title="bbox 2159 4300 3736 4373">
    <p class='ocr_par' dir='ltr' id='par_1_106' title="bbox 2159 4300 3736 4373">
     <span class='ocr_line' id='line_1_106' title="bbox 2159 4300 3736 4373; baseline -0.006 -13"><span class='ocrx_word' id='word_1_762' title='bbox 2159 4306 2459 4371; x_wconf 73' lang='grc' dir='ltr'>οξύνοντος,</span> <span class='ocrx_word' id='word_1_763' title='bbox 2483 4307 2580 4359; x_wconf 79' lang='grc' dir='ltr'>οὐκ</span> <span class='ocrx_word' id='word_1_764' title='bbox 2605 4306 2672 4359; x_wconf 83' lang='grc' dir='ltr'>ἂν</span> <span class='ocrx_word' id='word_1_765' title='bbox 2702 4305 2895 4373; x_wconf 75' lang='grc' dir='ltr'>φθάνοι</span> <span class='ocrx_word' id='word_1_766' title='bbox 2914 4305 3010 4373; x_wconf 81' lang='grc' dir='ltr'>τὴν</span> <span class='ocrx_word' id='word_1_767' title='bbox 3034 4303 3229 4371; x_wconf 66' lang='grc' dir='ltr'>εὐσεϐῆ</span> <span class='ocrx_word' id='word_1_768' title='bbox 3271 4300 3605 4369; x_wconf 62' lang='grc' dir='ltr'>πανταχᾶθεν</span> <span class='ocrx_word' id='word_1_769' title='bbox 3633 4301 3736 4351; x_wconf 70' lang='grc' dir='ltr'><strong>καὶ</strong></span> 
     </span>
    </p>
   </div>
   <div class='ocr_carea' id='block_1_107' title="bbox 2093 4390 3737 4466">
    <p class='ocr_par' dir='ltr' id='par_1_107' title="bbox 2093 4390 3737 4466">
     <span class='ocr_line' id='line_1_107' title="bbox 2093 4390 3737 4466; baseline -0.006 -14"><span class='ocrx_word' id='word_1_770' title='bbox 2093 4397 2136 4453; x_wconf 86' lang='lat' dir='ltr'><strong>D</strong></span> <span class='ocrx_word' id='word_1_771' title='bbox 2163 4400 2392 4466; x_wconf 64' lang='grc' dir='ltr'>πάτριον</span> <span class='ocrx_word' id='word_1_772' title='bbox 2421 4399 2602 4451; x_wconf 84' lang='grc' dir='ltr'>πίστιν</span> <span class='ocrx_word' id='word_1_773' title='bbox 2626 4397 2848 4450; x_wconf 79' lang='grc' dir='ltr'>αὐτόθεν</span> <span class='ocrx_word' id='word_1_774' title='bbox 2877 4393 3138 4449; x_wconf 73' lang='grc' dir='ltr'>ἐλαύνων.</span> <span class='ocrx_word' id='word_1_775' title='bbox 3176 4393 3316 4446; x_wconf 84' lang='grc' dir='ltr'>Ἀλλ’</span> <span class='ocrx_word' id='word_1_776' title='bbox 3358 4394 3418 4444; x_wconf 75' lang='grc' dir='ltr'>οὐ</span> <span class='ocrx_word' id='word_1_777' title='bbox 3453 4392 3608 4445; x_wconf 85' lang='grc' dir='ltr'>τοῦτο</span> <span class='ocrx_word' id='word_1_778' title='bbox 3632 4390 3737 4443; x_wconf 79' lang='grc' dir='ltr'><strong>νῦν</strong></span> 
     </span>
    </p>
   </div>
   <div class='ocr_carea' id='block_1_108' title="bbox 2157 4485 3739 4559">
    <p class='ocr_par' dir='ltr' id='par_1_108' title="bbox 2157 4485 3739 4559">
     <span class='ocr_line' id='line_1_108' title="bbox 2157 4485 3739 4559; baseline -0.006 -15"><span class='ocrx_word' id='word_1_779' title='bbox 2157 4492 2288 4559; x_wconf 85' lang='grc' dir='ltr'>ἡμῖν</span> <span class='ocrx_word' id='word_1_780' title='bbox 2309 4492 2335 4543; x_wconf 83' lang='grc' dir='ltr'>ὁ</span> <span class='ocrx_word' id='word_1_781' title='bbox 2366 4490 2562 4553; x_wconf 82' lang='grc' dir='ltr'>σκοπός</span> <span class='ocrx_word' id='word_1_782' title='bbox 2583 4506 2598 4520; x_wconf 91' lang='grc'><strong>·</strong></span> <span class='ocrx_word' id='word_1_783' title='bbox 2630 4489 2767 4542; x_wconf 79' lang='grc' dir='ltr'><strong>ἀλλά</strong></span> <span class='ocrx_word' id='word_1_784' title='bbox 2796 4486 3140 4558; x_wconf 77' lang='grc' dir='ltr'>βεϐαιοῦντες</span> <span class='ocrx_word' id='word_1_785' title='bbox 3172 4485 3239 4538; x_wconf 81' lang='grc' dir='ltr'>τὰ</span> <span class='ocrx_word' id='word_1_786' title='bbox 3288 4485 3395 4537; x_wconf 83' lang='grc' dir='ltr'>τῶν</span> <span class='ocrx_word' id='word_1_787' title='bbox 3425 4486 3580 4537; x_wconf 78' lang='grc' dir='ltr'>θείων</span> <span class='ocrx_word' id='word_1_788' title='bbox 3616 4486 3739 4536; x_wconf 75' lang='grc' dir='ltr'><strong>Πα-</strong></span> 
     </span>
    </p>
   </div>
   <div class='ocr_carea' id='block_1_109' title="bbox 2157 4573 3739 4651">
    <p class='ocr_par' dir='ltr' id='par_1_109' title="bbox 2157 4573 3739 4651">
     <span class='ocr_line' id='line_1_109' title="bbox 2157 4573 3739 4651; baseline -0.006 -17"><span class='ocrx_word' id='word_1_789' title='bbox 2157 4584 2331 4651; x_wconf 87' lang='grc' dir='ltr'>τέρων</span> <span class='ocrx_word' id='word_1_790' title='bbox 2363 4585 2457 4635; x_wconf 82' lang='grc' dir='ltr'><strong>καὶ</strong></span> <span class='ocrx_word' id='word_1_791' title='bbox 2486 4581 2820 4635; x_wconf 73' lang='grc' dir='ltr'>διδασκάλων</span> <span class='ocrx_word' id='word_1_792' title='bbox 2857 4580 3106 4647; x_wconf 73' lang='grc' dir='ltr'>δόγματα</span> <span class='ocrx_word' id='word_1_793' title='bbox 3156 4576 3422 4630; x_wconf 75' lang='grc' dir='ltr'>πυθέσθαι</span> <span class='ocrx_word' id='word_1_794' title='bbox 3455 4573 3739 4643; x_wconf 63' lang='grc' dir='ltr'>ζητοῦμεν</span> 
     </span>
    </p>
   </div>
   <div class='ocr_carea' id='block_1_110' title="bbox 2158 4667 3729 4742">
    <p class='ocr_par' dir='ltr' id='par_1_110' title="bbox 2158 4667 3729 4742">
     <span class='ocr_line' id='line_1_110' title="bbox 2158 4667 3729 4742; baseline 0.019 -18"><span class='ocrx_word' id='word_1_795' title='bbox 2158 4675 2279 4728; x_wconf 80' lang='grc' dir='ltr'>ὅθεν</span> <span class='ocrx_word' id='word_1_796' title='bbox 2300 4692 2381 4727; x_wconf 90' lang='grc' dir='ltr'><strong>σοι</strong></span> <span class='ocrx_word' id='word_1_797' title='bbox 2421 4674 2487 4726; x_wconf 84' lang='grc' dir='ltr'>τὰ</span> <span class='ocrx_word' id='word_1_798' title='bbox 2511 4673 2813 4742; x_wconf 52' lang='grc' dir='ltr'>καινοτανῆ</span> <span class='ocrx_word' id='word_1_799' title='bbox 2844 4671 3176 4742; x_wconf 68' lang='grc' dir='ltr'>κηρύγματι</span> <span class='ocrx_word' id='word_1_800' title='bbox 3213 4669 3389 4721; x_wconf 67' lang='grc' dir='ltr'><strong>ταῦτ²</strong></span> <span class='ocrx_word' id='word_1_801' title='bbox 3412 4667 3729 4735; x_wconf 54' lang='grc' dir='ltr'><strong>ἐξεύρηταιθ</strong></span> 
     </span>
    </p>
   </div>
   <div class='ocr_carea' id='block_1_111' title="bbox 2157 4756 3735 4833">
    <p class='ocr_par' dir='ltr' id='par_1_111' title="bbox 2157 4756 3735 4833">
     <span class='ocr_line' id='line_1_111' title="bbox 2157 4756 3735 4833; baseline -0.006 -16"><span class='ocrx_word' id='word_1_802' title='bbox 2157 4762 2228 4817; x_wconf 79' lang='grc' dir='ltr'>δι’</span> <span class='ocrx_word' id='word_1_803' title='bbox 2255 4758 2330 4816; x_wconf 79' lang='grc' dir='ltr'>ὧν</span> <span class='ocrx_word' id='word_1_804' title='bbox 2360 4762 2530 4817; x_wconf 72' lang='grc' dir='ltr'>πολὺν</span> <span class='ocrx_word' id='word_1_805' title='bbox 2580 4763 2684 4833; x_wconf 69' lang='grc' dir='ltr'>ἤδη</span> <span class='ocrx_word' id='word_1_806' title='bbox 2740 4762 2932 4832; x_wconf 77' lang='grc' dir='ltr'>χρόνον</span> <span class='ocrx_word' id='word_1_807' title='bbox 2983 4759 3279 4832; x_wconf 75' lang='grc' dir='ltr'>ταράττεις</span> <span class='ocrx_word' id='word_1_808' title='bbox 3329 4759 3429 4825; x_wconf 79' lang='grc' dir='ltr'>τὴν</span> <span class='ocrx_word' id='word_1_809' title='bbox 3457 4756 3552 4809; x_wconf 88' lang='grc' dir='ltr'><strong>τοῦ</strong></span> <span class='ocrx_word' id='word_1_810' title='bbox 3593 4757 3735 4808; x_wconf 74' lang='grc' dir='ltr'>θεοῦ</span> 
     </span>
    </p>
   </div>
   <div class='ocr_carea' id='block_1_112' title="bbox 2172 4850 3737 4926">
    <p class='ocr_par' dir='ltr' id='par_1_112' title="bbox 2172 4850 3737 4926">
     <span class='ocr_line' id='line_1_112' title="bbox 2172 4850 3737 4926; baseline -0.008 -15"><span class='ocrx_word' id='word_1_811' title='bbox 2172 4856 2517 4926; x_wconf 75' lang='grc' dir='ltr'>Ἐκκλησίαν,</span> <span class='ocrx_word' id='word_1_812' title='bbox 2567 4857 2857 4926; x_wconf 79' lang='grc' dir='ltr'>σύμμαχον</span> <span class='ocrx_word' id='word_1_813' title='bbox 2884 4853 3021 4924; x_wconf 79' lang='grc' dir='ltr'>ἔχων</span> <span class='ocrx_word' id='word_1_814' title='bbox 3061 4852 3158 4921; x_wconf 82' lang='grc' dir='ltr'><strong>τὴν</strong></span> <span class='ocrx_word' id='word_1_815' title='bbox 3207 4850 3343 4913; x_wconf 77' lang='grc' dir='ltr'>τέως</span> <span class='ocrx_word' id='word_1_816' title='bbox 3372 4850 3737 4902; x_wconf 75' lang='grc' dir='ltr'>δυναστεύου-</span> 
     </span>
    </p>
   </div>
   <div class='ocr_carea' id='block_1_113' title="bbox 2162 4937 3737 5017">
    <p class='ocr_par' dir='ltr' id='par_1_113' title="bbox 2162 4937 3737 5017">
     <span class='ocr_line' id='line_1_113' title="bbox 2162 4937 3737 5017; baseline -0.008 -17"><span class='ocrx_word' id='word_1_817' title='bbox 2162 4964 2261 5000; x_wconf 85' lang='grc' dir='ltr'><strong>σαν</strong></span> <span class='ocrx_word' id='word_1_818' title='bbox 2293 4951 2470 5017; x_wconf 81' lang='grc' dir='ltr'>χεῖρα.</span> <span class='ocrx_word' id='word_1_819' title='bbox 2496 4944 2701 5015; x_wconf 72' lang='grc' dir='ltr'>Βρέφος</span> <span class='ocrx_word' id='word_1_820' title='bbox 2735 4944 2846 5012; x_wconf 74' lang='grc' dir='ltr'>γὰρ</span> <span class='ocrx_word' id='word_1_821' title='bbox 2877 4942 2952 4995; x_wconf 86' lang='grc' dir='ltr'><strong>ὢν</strong></span> <span class='ocrx_word' id='word_1_822' title='bbox 2973 4945 2999 4994; x_wconf 88' lang='grc' dir='ltr'>ὁ</span> <span class='ocrx_word' id='word_1_823' title='bbox 3032 4941 3307 5002; x_wconf 79' lang='grc' dir='ltr'>θειότατος</span> <span class='ocrx_word' id='word_1_824' title='bbox 3361 4939 3545 4992; x_wconf 72' lang='grc' dir='ltr'>οὑτοσὶ</span> <span class='ocrx_word' id='word_1_825' title='bbox 3577 4937 3737 5005; x_wconf 76' lang='grc' dir='ltr'>βασι-</span> 
     </span>
    </p>
   </div>
   <div class='ocr_carea' id='block_1_114' title="bbox 2159 5030 3733 5108">
    <p class='ocr_par' dir='ltr' id='par_1_114' title="bbox 2159 5030 3733 5108">
     <span class='ocr_line' id='line_1_114' title="bbox 2159 5030 3733 5108; baseline -0.007 -16"><span class='ocrx_word' id='word_1_826' title='bbox 2159 5040 2283 5100; x_wconf 75' lang='grc' dir='ltr'>λεὺς</span> <span class='ocrx_word' id='word_1_827' title='bbox 2314 5039 2473 5091; x_wconf 78' lang='grc' dir='ltr'>ὁπότε</span> <span class='ocrx_word' id='word_1_828' title='bbox 2502 5038 2793 5108; x_wconf 77' lang='grc' dir='ltr'>κηρύττειν</span> <span class='ocrx_word' id='word_1_829' title='bbox 2833 5033 2983 5104; x_wconf 68' lang='grc' dir='ltr'>ἤρξω</span> <span class='ocrx_word' id='word_1_830' title='bbox 3020 5034 3083 5086; x_wconf 74' lang='grc' dir='ltr'><strong>σὺ</strong></span> <span class='ocrx_word' id='word_1_831' title='bbox 3115 5033 3185 5085; x_wconf 74' lang='grc' dir='ltr'><strong>τὰ</strong></span> <span class='ocrx_word' id='word_1_832' title='bbox 3211 5031 3459 5093; x_wconf 75' lang='grc' dir='ltr'>τοιαῦτα,</span> <span class='ocrx_word' id='word_1_833' title='bbox 3490 5032 3583 5084; x_wconf 73' lang='grc' dir='ltr'><strong>καὶ</strong></span> <span class='ocrx_word' id='word_1_834' title='bbox 3616 5030 3733 5098; x_wconf 68' lang='grc' dir='ltr'><strong>ἅμα</strong></span> 
     </span>
    </p>
   </div>
   <div class='ocr_carea' id='block_1_115' title="bbox 2163 5121 3733 5200">
    <p class='ocr_par' dir='ltr' id='par_1_115' title="bbox 2163 5121 3733 5200">
     <span class='ocr_line' id='line_1_115' title="bbox 2163 5121 3733 5200; baseline -0.008 -16"><span class='ocrx_word' id='word_1_835' title='bbox 2163 5131 2474 5200; x_wconf 75' lang='grc' dir='ltr'>συγχύσεως</span> <span class='ocrx_word' id='word_1_836' title='bbox 2502 5128 2630 5197; x_wconf 77' lang='grc' dir='ltr'>περὶ</span> <span class='ocrx_word' id='word_1_837' title='bbox 2664 5127 2759 5198; x_wconf 82' lang='grc' dir='ltr'><strong>τὴν</strong></span> <span class='ocrx_word' id='word_1_838' title='bbox 2792 5124 3065 5196; x_wconf 79' lang='grc' dir='ltr'>βασιλείαν</span> <span class='ocrx_word' id='word_1_839' title='bbox 3090 5124 3217 5192; x_wconf 76' lang='grc' dir='ltr'><strong>ἑξῆς</strong></span> <span class='ocrx_word' id='word_1_840' title='bbox 3246 5122 3555 5190; x_wconf 74' lang='grc' dir='ltr'>ἐνεχθείσης</span> <span class='ocrx_word' id='word_1_841' title='bbox 3579 5121 3733 5172; x_wconf 73' lang='grc' dir='ltr'>ὁθεν-</span> 
     </span>
    </p>
   </div>
   <div class='ocr_carea' id='block_1_116' title="bbox 2160 5212 3731 5292">
    <p class='ocr_par' dir='ltr' id='par_1_116' title="bbox 2160 5212 3731 5292">
     <span class='ocr_line' id='line_1_116' title="bbox 2160 5212 3731 5292; baseline -0.007 -17"><span class='ocrx_word' id='word_1_842' title='bbox 2160 5220 2423 5292; x_wconf 80' lang='grc' dir='ltr'>δηποτοῦν</span> <span class='ocrx_word' id='word_1_843' title='bbox 2452 5220 2548 5272; x_wconf 76' lang='grc' dir='ltr'>καὶ</span> <span class='ocrx_word' id='word_1_844' title='bbox 2567 5218 2940 5289; x_wconf 80' lang='grc' dir='ltr'>ὁπωσδήποτε,</span> <span class='ocrx_word' id='word_1_845' title='bbox 2975 5215 3166 5284; x_wconf 78' lang='grc' dir='ltr'>καιρὸν</span> <span class='ocrx_word' id='word_1_846' title='bbox 3192 5216 3289 5267; x_wconf 67' lang='grc' dir='ltr'><strong>οὐκ</strong></span> <span class='ocrx_word' id='word_1_847' title='bbox 3320 5213 3473 5283; x_wconf 71' lang='grc' dir='ltr'>ἔσχεν</span> <span class='ocrx_word' id='word_1_848' title='bbox 3498 5212 3731 5280; x_wconf 69' lang='grc' dir='ltr'>ἀκηκοέ-</span> 
     </span>
    </p>
   </div>
   <div class='ocr_carea' id='block_1_117' title="bbox 2160 5303 3733 5381">
    <p class='ocr_par' dir='ltr' id='par_1_117' title="bbox 2160 5303 3733 5381">
     <span class='ocr_line' id='line_1_117' title="bbox 2160 5303 3733 5381; baseline -0.009 -13"><span class='ocrx_word' id='word_1_849' title='bbox 2160 5333 2249 5369; x_wconf 86' lang='grc' dir='ltr'><strong>ναι</strong></span> <span class='ocrx_word' id='word_1_850' title='bbox 2279 5316 2375 5368; x_wconf 66' lang='grc' dir='ltr'>καὶ</span> <span class='ocrx_word' id='word_1_851' title='bbox 2407 5311 2825 5381; x_wconf 79' lang='grc' dir='ltr'>διορθώσασθαι.</span> <span class='ocrx_word' id='word_1_852' title='bbox 2858 5310 2929 5362; x_wconf 74' lang='grc' dir='ltr'>Σὺ</span> <span class='ocrx_word' id='word_1_853' title='bbox 2958 5309 3001 5361; x_wconf 83' lang='grc' dir='ltr'>δ’</span> <span class='ocrx_word' id='word_1_854' title='bbox 3032 5307 3429 5376; x_wconf 50' lang='lat' dir='ltr'><strong>sesumam;</strong></span> <span class='ocrx_word' id='word_1_855' title='bbox 3449 5304 3638 5372; x_wconf 73' lang='grc' dir='ltr'>λήγειν</span> <span class='ocrx_word' id='word_1_856' title='bbox 3672 5303 3733 5354; x_wconf 75' lang='grc' dir='ltr'><strong>οὐ</strong></span> 
     </span>
    </p>
   </div>
   <div class='ocr_carea' id='block_1_118' title="bbox 2165 5390 3734 5478">
    <p class='ocr_par' dir='ltr' id='par_1_118' title="bbox 2165 5390 3734 5478">
     <span class='ocr_line' id='line_1_118' title="bbox 2165 5390 3734 5478; baseline -0.009 -20"><span class='ocrx_word' id='word_1_857' title='bbox 2165 5407 2340 5478; x_wconf 70' lang='grc' dir='ltr'>βούλει</span> <span class='ocrx_word' id='word_1_858' title='bbox 2382 5405 2586 5458; x_wconf 77' lang='grc' dir='ltr'>κακῶν.</span> <span class='ocrx_word' id='word_1_859' title='bbox 2630 5403 2693 5456; x_wconf 80' lang='grc' dir='ltr'>Ἢ</span> <span class='ocrx_word' id='word_1_860' title='bbox 2729 5402 2828 5471; x_wconf 78' lang='grc' dir='ltr'><strong>μὲν</strong></span> <span class='ocrx_word' id='word_1_861' title='bbox 2855 5396 2949 5453; x_wconf 80' lang='grc' dir='ltr'><strong>οῦν</strong></span> <span class='ocrx_word' id='word_1_862' title='bbox 2986 5399 3255 5470; x_wconf 70' lang='grc' dir='ltr'>παροιμία</span> <span class='ocrx_word' id='word_1_863' title='bbox 3303 5397 3436 5464; x_wconf 70' lang='grc' dir='ltr'>φησὶ</span> <span class='ocrx_word' id='word_1_864' title='bbox 3467 5396 3556 5446; x_wconf 65' lang='grc' dir='ltr'>τὶν</span> <span class='ocrx_word' id='word_1_865' title='bbox 3588 5390 3734 5445; x_wconf 71' lang='grc' dir='ltr'>οἶνον</span> 
     </span>
    </p>
   </div>
   <div class='ocr_carea' id='block_1_119' title="bbox 2160 5488 3737 5567">
    <p class='ocr_par' dir='ltr' id='par_1_119' title="bbox 2160 5488 3737 5567">
     <span class='ocr_line' id='line_1_119' title="bbox 2160 5488 3737 5567; baseline -0.008 -15"><span class='ocrx_word' id='word_1_866' title='bbox 2160 5501 2259 5552; x_wconf 65' lang='grc' dir='ltr'>οὑκ</span> <span class='ocrx_word' id='word_1_867' title='bbox 2290 5499 2433 5567; x_wconf 69' lang='grc' dir='ltr'>ἔχειν</span> <span class='ocrx_word' id='word_1_868' title='bbox 2455 5496 2712 5566; x_wconf 67' lang='grc' dir='ltr'>πηδάλιον</span> <span class='ocrx_word' id='word_1_869' title='bbox 2734 5510 2749 5527; x_wconf 77' lang='grc'><strong><em>⁸</em></strong></span> <span class='ocrx_word' id='word_1_870' title='bbox 2780 5492 2888 5562; x_wconf 78' lang='grc' dir='ltr'><strong>ἐγὼ</strong></span> <span class='ocrx_word' id='word_1_871' title='bbox 2915 5491 2973 5546; x_wconf 78' lang='grc' dir='ltr'>δὲ</span> <span class='ocrx_word' id='word_1_872' title='bbox 3002 5494 3100 5563; x_wconf 70' lang='grc' dir='ltr'><strong>τὴν</strong></span> <span class='ocrx_word' id='word_1_873' title='bbox 3132 5492 3229 5561; x_wconf 79' lang='grc' dir='ltr'>σὴν</span> <span class='ocrx_word' id='word_1_874' title='bbox 3259 5489 3498 5559; x_wconf 75' lang='grc' dir='ltr'>ἀμαθίαν</span> <span class='ocrx_word' id='word_1_875' title='bbox 3533 5488 3737 5556; x_wconf 55' lang='grc' dir='ltr'>μᾶλλον</span> 
     </span>
    </p>
   </div>
   <div class='ocr_carea' id='block_1_120' title="bbox 2163 5578 3734 5661">
    <p class='ocr_par' dir='ltr' id='par_1_120' title="bbox 2163 5578 3734 5661">
     <span class='ocr_line' id='line_1_120' title="bbox 2163 5578 3734 5661; baseline -0.01 -18"><span class='ocrx_word' id='word_1_876' title='bbox 2163 5592 2195 5661; x_wconf 81' lang='grc' dir='ltr'>ἢ</span> <span class='ocrx_word' id='word_1_877' title='bbox 2226 5594 2317 5644; x_wconf 76' lang='grc' dir='ltr'><strong>τον</strong></span> <span class='ocrx_word' id='word_1_878' title='bbox 2340 5584 2482 5642; x_wconf 77' lang='grc' dir='ltr'>οἶνον</span> <span class='ocrx_word' id='word_1_879' title='bbox 2511 5591 2609 5641; x_wconf 71' lang='grc' dir='ltr'><strong>οὐκ</strong></span> <span class='ocrx_word' id='word_1_880' title='bbox 2640 5588 2868 5656; x_wconf 70' lang='grc' dir='ltr'>ἔχουσαν</span> <span class='ocrx_word' id='word_1_881' title='bbox 2899 5584 3010 5655; x_wconf 82' lang='grc' dir='ltr'>ὁρῶ</span> <span class='ocrx_word' id='word_1_882' title='bbox 3069 5584 3329 5653; x_wconf 69' lang='grc' dir='ltr'>πηδάλιον</span> <span class='ocrx_word' id='word_1_883' title='bbox 3361 5582 3457 5650; x_wconf 73' lang='grc' dir='ltr'>τὴν</span> <span class='ocrx_word' id='word_1_884' title='bbox 3486 5581 3595 5631; x_wconf 74' lang='grc' dir='ltr'>τῶν</span> <span class='ocrx_word' id='word_1_885' title='bbox 3626 5578 3734 5631; x_wconf 69' lang='grc' dir='ltr'>σῶν</span> 
     </span>
    </p>
   </div>
   <div class='ocr_carea' id='block_1_121' title="bbox 2164 5669 3733 5751">
    <p class='ocr_par' dir='ltr' id='par_1_121' title="bbox 2164 5669 3733 5751">
     <span class='ocr_line' id='line_1_121' title="bbox 2164 5669 3733 5751; baseline -0.011 -14"><span class='ocrx_word' id='word_1_886' title='bbox 2164 5685 2421 5748; x_wconf 71' lang='grc' dir='ltr'>οἰακῖζειν</span> <span class='ocrx_word' id='word_1_887' title='bbox 2468 5681 2757 5751; x_wconf 66' lang='grc' dir='ltr'>τρικυμίαν</span> <span class='ocrx_word' id='word_1_888' title='bbox 2810 5679 3099 5749; x_wconf 69' lang='grc' dir='ltr'>δογμάτων</span> <span class='ocrx_word' id='word_1_889' title='bbox 3166 5676 3481 5744; x_wconf 58' lang='grc' dir='ltr'>δυνάμενον.</span> <span class='ocrx_word' id='word_1_890' title='bbox 3529 5672 3595 5722; x_wconf 84' lang='grc' dir='ltr'><em>Ὂ</em></span> <span class='ocrx_word' id='word_1_891' title='bbox 3624 5669 3733 5721; x_wconf 61' lang='grc' dir='ltr'>τὼν</span> 
     </span>
    </p>
   </div>
  </div>
