3994 6204
454 313 561 373 287

453 426 658 481 Christi
687 426 985 487 Eurli-siam
1014 437 1176 490 simul
1210 456 1334 492 cum
1368 442 1439 494 Et

454 533 669 588 patrum
707 524 1025 581 divinorum
1070 532 1369 598 scripturis
1392 576 1405 595 ,
1433 546 1493 589 et
1524 540 1706 594 dicere
1741 541 1935 597 Filium
1973 560 2029 602 et

450 623 718 666 rationem
754 615 845 670 Dei
882 618 1130 674 diversos
1164 622 1326 693 325
1357 642 1476 681 esse
1511 644 1539 682 a
1576 641 1801 698 paterna
1832 651 2029 692 essen-

454 700 525 752 tia
566 713 622 755 et
651 705 984 762 submissum
1024 712 1215 775 Deum,
1249 726 1305 768 ut
1330 717 1633 776 Eunontius
1661 733 1715 777 et
1746 724 1911 782 Arius
1937 730 2028 786 ille

449 804 507 845 et
529 796 841 866 quicunque
865 801 989 854 talia
1014 803 1124 872 jam
1153 807 1282 860 olim
1314 813 1603 868 conviciati
1633 819 1786 872 sunt?
1814 822 2027 877 Etenim

453 893 511 935 ut
543 885 853 943 divinorum
897 906 1293 964 praaceptorum
1324 914 1634 959 nostrorum
1660 910 1910 966 omittam
1945 914 2034 969 di-

449 983 558 1036 cta,
590 991 772 1032 nonne
805 980 1008 1037 auditis
1029 1000 1222 1041 omnes
1254 1006 1470 1060 semper
1498 993 1747 1051 divinum
1780 998 2031 1071 Evange-

449 1064 582 1117 linm
644 1067 825 1125 dicere
869 1089 883 1126 :
927 1093 945 1125 ι
983 1075 1176 1132 Omnia
1231 1097 1327 1149 per
1374 1083 1546 1152 ipsum
1605 1088 1742 1144 facta
1790 1102 1940 1159 sunt,
1973 1104 2028 1149 et

450 1156 569 1209 sine
627 1159 745 1228 ipso
771 1161 975 1219 faelem
1031 1180 1117 1224 est
1168 1173 1324 1233 nihil.
1359 1178 1502 1244 quod
1536 1180 1741 1235 factum
1769 1192 1922 1249 οει;›
1975 1198 2032 1243 et.

448 1247 709 1303 Davidem
744 1255 915 1309 multo
940 1268 1097 1314 antea
1123 1264 1489 1320 vaticinatum
1524 1285 1685 1326 esse:
1723 1272 1948 1328 «Otnnia
1974 1278 2029 1330 in

446 1340 714 1407 sapientia
744 1344 959 1411 fecisti;
989 1370 1007 1401 ι
1045 1362 1100 1406 et
1152 1353 1501 1412 Solomonem
1555 1376 1781 1418 rursus:
1822 1383 1840 1415 ι
1885 1366 2030 1422 Deus

448 1434 718 1502 sapientia
761 1438 1006 1497 fundavit
1059 1455 1287 1513 terram,
1336 1451 1605 1507 'stabilivit
1654 1456 1825 1511 caalos
1900 1475 2032 1526 pru-

446 1523 634 1579 dentia
678 1528 752 1580 ‘1»
794 1531 933 1596 Quid
991 1534 1157 1603 igitur
1207 1540 1320 1607 jam
1381 1558 1520 1612 opus
1590 1557 1674 1601 est
1732 1523 1918 1602 verbis
1959 1551 2029 1606 ad

445 1620 842 1675 ostendendam
894 1627 1171 1696 antiquam
1221 1632 1341 1698 ejus
1393 1634 1446 1687 in
1499 1638 1770 1704 dogmatis
1814 1657 2032 1707 perver-

452 1707 670 1763 sitatem
734 1730 897 1781 quam
942 1720 1054 1786 jam
1103 1722 1233 1776 olim
1282 1728 1577 1794 parturivit
1628 1740 1683 1783 et
1712 1734 1946 1802 peperit,
1976 1744 2030 1789 et

449 1815 556 1852 non
587 1801 788 1859 desinit
822 1824 1043 1877 semper
1092 1815 1341 1871 scribere
1384 1829 1440 1874 et
1489 1820 1700 1885 dicere,
1730 1827 1782 1877 in
1825 1825 2027 1892 plateis
2064 1796 2101 1851 Β

444 1904 668 1979 quoque
696 1907 751 1950 et
782 1897 917 1953 t'oris
949 1902 1171 1970 docere,
1195 1918 1422 1977 prepter
1474 1927 1724 1983 ntagnam
1773 1916 1894 1986 ejus
1929 1918 2023 1987 qui

442 1971 739 2050 prohibere
788 1992 956 2057 possit
984 2008 1112 2049 eum
1172 1999 1553 2071 solitudinem,
1595 2013 1653 2060 et
1690 2021 1852 2063 aures
1890 2024 2022 2079 per-

443 2072 623 2129 forare
656 2079 1103 2150 simpliciorum?
1152 2108 1171 2141 ι

1722 336 2144 403 NICEPHORI
2182 345 2562 409 GIiEGOli/E

1449 446 1679 507 angeliis
1706 457 1759 501 et
1783 452 2021 513 oumibus

2141 458 2317 511 ταῦτα
2355 463 2380 514 ό
2409 462 2693 533 Γρηγορᾶς
2725 465 2916 534 ὥσπερ
2935 466 3121 531 ἔνθους
3154 468 3445 536 γενόμενος
3483 470 3704 545 ἀνεϐόηο

3596 362 3705 430 288

2135 565 2247 613 σεν,
2287 571 2305 601 ι
2339 553 2452 605 Οὐκ
2475 554 2723 620 ἀκούετε,
2759 557 2961 619 πάντες
3000 560 3049 611 οἱ
3080 559 3176 628 τῆς
3209 559 3523 630 ὀρθοδοξίας
3553 565 3733 619 ἀντι-ι

2131 640 2475 710 ποιούμενοι,
2533 644 2830 711 προφανῶς
2877 646 3211 716 ἀναιροῦντα
3246 649 3342 720 τὴν
3376 652 3574 722 εύσεὸἦ
3609 655 3701 708 τοῦ

2134 733 2375 802 Χριστοῦ
2409 736 2738 808 Ἐκκλησίαν
2770 738 2906 807 ὁμοῦ
2932 742 3045 801 τοῖς
3086 741 3441 810 Εὐαγγελίοις
3470 749 3564 798 καὶ
3599 750 3704 801 πά-

2136 842 2257 888 σαις
2284 826 2392 879 τῶν
2424 826 2583 880 θείων
2628 830 2887 900 Πατέρων
2932 834 3196 901 γραφαῖς,
3228 835 3323 886 καὶ
3358 835 3590 902 λέγοντα
3614 841 3703 889 τὸν

2134 917 2262 969 Υίὺν
2311 919 2403 971 καὶ
2447 920 2621 985 Λόγον
2680 920 2775 975 τοῦ
2834 921 2971 975 Θεοῦ
2998 924 3258 993 διάφορον
3303 926 3401 993 τῆς
3435 930 3706 997 πατρικῆς

2132 1010 2321 1072 οὐσίας
2353 1011 2448 1063 καὶ
2506 1013 2797 1081 ὑφειμένον
2855 1015 3010 1081 Θεὸν,
3048 1014 3300 1086 καθάπερ
3352 1017 3617 1087 Εὑνόμιός
3647 1037 3704 1071 τε

2134 1104 2228 1154 καὶ
2262 1103 2479 1172 Ἀρειος
2506 1105 2734 1168 ἐκεῖνος,
2760 1105 2856 1160 καὶ
2904 1107 3020 1161 ὅσοι
3052 1106 3121 1161 τὰ
3150 1107 3377 1162 τοιαῦτα
3413 1110 3585 1163 πάλαι
3620 1112 3711 1180 βε-

2133 1192 2640 1264 δλπσφημήκεσανς
2674 1196 2791 1251 Ἵνα
2833 1199 2940 1269 γὰρ
2975 1200 3076 1262 τὰς
3122 1199 3231 1253 τῶν
3263 1200 3422 1253 θείων
3457 1202 3708 1255 διδασκά-

2132 1280 2240 1335 λων
2264 1284 2419 1351 ἡμῶν
2449 1287 2504 1336 ἐν
2528 1286 2606 1354 τῷ
2637 1288 2865 1357 παρόντι
2888 1290 3103 1359 σιγήσω
3125 1290 3336 1360 ῥήσεις,
3355 1291 3456 1343 οὐκ
3477 1290 3706 1343 ἀκούετε

2134 1374 2334 1437 πάντες
2366 1376 2454 1429 ἀεὶ
2478 1376 2573 1430 τοῦ
2601 1379 2744 1432 θείου
2779 1379 3033 1448 λέγοντος
3060 1380 3420 1449 Εύαγγελίου,
3480 1401 3498 1433 ι
3522 1382 3709 1435 Πάντα

2132 1464 2200 1518 δι’
2228 1466 2392 1519 αὐτοῦ
2424 1468 2660 1535 ἐγένετο,
2725 1472 2821 1524 καὶ
2856 1475 3028 1542 χωρὶς
3062 1471 3226 1524 αὐτοῦ
3250 1471 3474 1538 ’ἐγένετο
3504 1473 3621 1525 οὑδέ
3648 1472 3708 1527 ἒν

2133 1555 2162 1609 ὃ
2189 1556 2430 1623 γέγονεν,
2465 1575 2484 1608 ι
2526 1559 2737 1611 καὶτοῦ
2779 1560 2942 1613 Δα6“ιδ
2990 1560 3171 1628 πολλῷ
3230 1560 3709 1631 προθεσπίσαντος

2134 1648 2420 1716 πρότερον,
2465 1666 2484 1699 ι
2520 1651 2705 1702 Πάντα
2738 1652 2796 1703 ἐν
2832 1650 2994 1719 σοφίᾳ
3051 1650 3335 1719 ἐποίησας,
3406 1668 3426 1701 ι
3486 1652 3582 1701 καὶ
3608 1650 3707 1703 τοῦ

2134 1739 2478 1807 Σολομῶντος
2511 1739 2687 1802 αὖθις,
2731 1759 2750 1792 ι
2801 1740 2864 1796 Ὀ
2888 1740 3021 1804 Θεὸς
3070 1743 3135 1811 τῇ
3170 1741 3332 1811 σοφίᾳ
3377 1741 3711 1808 ἐθεμελίωσε

2130 1831 2229 1899 τὴν
2256 1831 2381 1900 γῆν,
2411 1831 2675 1900 ἡτοίμασε
2695 1832 2752 1884 δέ
2776 1833 3043 1901 οὐρανοὺς
3066 1834 3124 1886 ἐν
3146 1834 3427 1901 φρονήσει.
3444 1851 3462 1883 ι
3493 1832 3588 1895 Τίς
3615 1830 3713 1887 οὖν

2130 1921 2210 1974 ἐτι
2242 1921 2401 1991 χρεία
2433 1922 2610 1990 λόγων
2647 1923 2729 1984 είς
2756 1923 3035 1988 ἀπόδειξιν
3080 1924 3182 1993 τῆς
3208 1924 3572 2013 παλαιγενοῦς
3610 1925 3713 1977 αῦ-

2126 2013 2224 2066 τοῦ
2256 2013 2598 2080 κακοδοξίας,
2645 2016 2712 2085 ἢν
2745 2015 2912 2068 πάλαι
2951 2014 3181 2085 ὠδίνησέ
3213 2031 3271 2066 τε
3298 2015 3393 2068 καὶ
3423 2014 3578 2067 ἔτεκε
3612 2018 3712 2067 καὶ

2126 2102 2214 2155 ἀεὶ
2241 2102 2472 2170 γράφων
2506 2103 2605 2156 καὶ
2634 2102 2808 2171 λέγων
2836 2103 2896 2156 οὐ
2945 2103 3236 2168 διαλείπει,
3272 2104 3373 2156 κάν
3405 2105 3526 2166 ταῖς
3565 2104 3714 2156 πλα-

441 2167 616 2232 τείαις
641 2173 736 2225 καὶ
763 2176 989 2245 ἀγοραῖς
1014 2179 1286 2237 διδάσκων
1335 2187 1478 2240 κατά
1536 2189 1741 2262 πολλὴν
1805 2192 1901 2245 τοῦ
1961 2167 2309 2258 κωλύσοντος
2366 2167 2651 2277 ἐρημίαν,
2700 2196 2796 2249 καὶ
2849 2196 2949 2260 τὰς
3014 2195 3185 2259 ἀκοὰς
3252 2195 3546 2268 διορύττων
3599 2196 3715 2250 τῶν

444 2262 829 2335 ἁπλουστέρων
844 2289 861 2334 ς
892 2290 912 2323 ι

512 2354 703 2411 XXVI.
756 2360 1004 2420 Palamas
1051 2377 1236 2425 autem
1289 2376 1581 2431 nominum
1634 2387 1691 2435 et
1721 2382 2020 2438 verborum

446 2446 700 2505 notiones
723 2463 781 2506 et
802 2453 1207 2517 declinationes
1233 2473 1454 2521 mutans
1482 2471 1719 2536 pessima
1743 2473 2022 2529 convicia-

444 2535 630 2594 batur.
682 2542 974 2616 Postquam
1030 2555 1368 2621 vituperatus
1419 2535 1588 2626 esset,
1627 2571 1682 2617 ut
1743 2562 2020 2634 indoctus,

442 2629 889 2700 coniunctionum
922 2641 1323 2708 oppositiouem
1356 2647 1690 2716 introduxit,
1711 2670 1907 2710 vocum
1939 2657 2025 2711 ni-

448 2720 650 2776 mirum
684 2743 702 2777 ι
727 2724 826 2794 μὲν
855 2748 873 2780 ι
907 2720 963 2784 et
988 2751 1006 2784 ι
1041 2733 1151 2789 δέ.»
1194 2755 1213 2788 ι
1238 2736 1530 2808 Cognoscit
1557 2747 1825 2811 enim,ait
1851 2749 2024 2805 divini

439 2809 654 2868 Maximi
713 2816 940 2887 dictum,
974 2839 1034 2878 se
1086 2827 1308 2895 quidem
1364 2831 1508 2887 Deus
1542 2850 1608 2891 ex
1656 2841 1894 2894 essentia
1927 2856 2029 2899 sua

442 2899 603 2956 beata
627 2922 641 2957 :
670 2923 792 2975 qute
820 2920 1003 2967 autem
1025 2915 1177 2971 abeo
1205 2918 1346 2973 facta
1374 2930 1574 2986 sunt,e
1613 2927 1883 2996 sapientia
1903 2946 2024 2997 sua,

441 3005 542 3058 per
562 3009 726 3063 quam
754 3010 809 3052 et
842 2999 898 3053 in
922 3017 1029 3070 qua
1064 3006 1316 3061 universa
1342 3004 1497 3066 iecit.
1527 3012 1832 3084 Oportebat
1855 3020 2027 3090 igitur

2200 2384 2347 2450 KQ".
2390 2383 2449 2435 '0
2475 2382 2529 2437 ss
2563 2382 2830 2452 Παλαμᾶς
2857 2381 2966 2434 τῶν
2994 2380 3276 2451 ὀνομάτων
3310 2380 3405 2433 καὶ
3442 2380 3714 2450 ῥημάτων

2127 2473 2229 2534 τὰς
2262 2474 2474 2536 ἐννοίας
2499 2475 2593 2526 καὶ
2627 2473 2835 2536 κλίσεις
2867 2471 3232 2543 μεθαρμόζων
3260 2471 3606 2540 ἐϐλασφήμει
3638 2475 3711 2525 τὰ

2131 2564 2402 2634 χείριστα.
2454 2563 2833 2633 Ἐπιτιμηθεὶς
2858 2562 2904 2615 δ’
2930 2562 3006 2627 ὠς
3038 2562 3258 2632 ἀμαθὴς
3297 2563 3396 2632 τὴν
3442 2563 3551 2615 τῶν
3582 2582 3711 2615 συν-

2129 2654 2344 2724 δέσμων
2390 2655 2682 2725 διαστολὴν
2738 2655 3027 2725 ἀντεισῆγε
3060 2654 3152 2708 τοῦ
3189 2655 3290 2723 μὲν
3342 2655 3435 2709 καὶ
3488 2656 3583 2708 τοῦ
3620 2656 3706 2713 δέ.

2140 2764 2160 2798 ι
2206 2746 2465 2800 Γινώσκει
2499 2748 2627 2818 γὰρ,
2679 2767 2697 2799 ι
2739 2749 2903 2818 φησὶν
2933 2748 2967 2819 ἡ
3001 2745 3097 2802 τοῦ
3128 2747 3275 2801 θείου
3319 2747 3573 2818 Μαξῖμου
3606 2748 3713 2817 ῥῆ-

2136 2855 2241 2904 σις,
2278 2857 2297 2891 ι
2335 2839 2525 2892 ἑαυτὸν
2552 2840 2651 2909 μὲν
2680 2842 2708 2895 ὁ
2741 2840 2872 2904 Θεὸς
2922 2841 2987 2893 ἐκ
3022 2838 3125 2907 τῆς
3185 2841 3463 2910 μακαρίας
3514 2841 3708 2902 οὐσίας

2139 2928 2329 2994 αὐτοῦ,
2355 2932 2426 2983 τὰ
2464 2931 2513 2984 δ’
2538 2932 2630 2986 ὑπ’
2663 2931 2829 2987 αὐτοῦ
2859 2932 3119 3001 γεγονότα
3161 2933 3226 2985 ἐκ
3258 2933 3357 3002 τῆς
3383 2934 3572 3001 σοφίας
3602 2935 3707 2986 αῦ-

2132 3021 2252 3087 τοῦ,
2283 3022 2352 3074 δι’
2385 3017 2453 3094 ἦς
2487 3026 2580 3077 καὶ
2609 3026 2664 3076 ἐν
2762 3025 2829 3078 τὰ
2872 3025 3051 3078 πάντα
3081 3026 3357 3095 ἐποίησεν.
3423 3026 3570 3077 ΙἜδει
3610 3026 3711 3078 οὖν

442 3097 567 3135 eum
608 3084 791 3141 dicere
824 3092 1132 3146 secundum
1152 3110 1269 3160 vos,
1300 3097 1497 3153 Filium
1524 3116 1744 3173 quoque
1773 3084 2021 3164 similitei

2133 3084 2308 3167 εἰπεῖν
2339 3084 2465 3168 καθ’
2519 3116 2662 3184 ὑμᾶς
2707 3084 2800 3169 ιδτι
2857 3117 2952 3169 καὶ
2984 3118 3011 3169 ό
3038 3117 3165 3179 Υίὸς
3211 3084 3409 3186 όμοίως
3442 3117 3706 3184 γινώσκει

441 3186 775 3242 cognoscere
792 3194 851 3234 se
865 3196 931 3235 ex
945 3186 1180 3240 essentia
1201 3188 1494 3262 ejus|326
1513 3195 1760 3256 beata.ut
1771 3197 2020 3253 eamdem

442 3273 698 3321 naturam
729 3273 1093 3345 eamdemque
1130 3282 1426 3335 essentiam
1453 3285 1809 3342 ostenderet:
1868 3288 2019 3358 quod

442 3369 567 3407 cum
593 3357 663 3412 ab
696 3374 763 3414 eo
803 3367 1238 3431 praetermissum
1273 3372 1345 3427 sit
1371 3374 1614 3442 silentio,
1664 3389 1894 3448 apparet
1939 3380 2024 3435 illi

443 3461 656 3504 mecum
681 3457 1001 3526 convenire,
1021 3477 1199 3532 neque
1219 3480 1352 3520 vero
1374 3466 1485 3521 ullo
1498 3467 1661 3524 modo
1673 3471 2015 3529 vobiscum.»

513 3536 723 3595 XXVII.
753 3544 940 3615 Magna
974 3549 1145 3619 igitur
1170 3556 1522 3624 oppositione
1548 3558 1689 3632 facta
1728 3562 2021 3633 utriusque
2047 3589 2057 3597 ~

444 3630 616 3692 partis
646 3632 916 3705 Gregoras
957 3648 1215 3711 tanquam
1264 3646 1474 3702 arbiter
1521 3630 1699 3706 factus
1734 3662 1791 3707 et
1817 3630 2018 3726 capitis

444 3718 662 3776 dolores
702 3728 853 3792 parvi
904 3728 1113 3787 faciens
1146 3745 1371 3803 propter
1417 3727 1885 3813 usus‘auxiliique
1917 3759 2017 3801 ne-

444 3812 786 3871 cessitatem:
834 3820 1106 3876 «Primum
1138 3825 1384 3893 quidem,
1421 3830 1622 3899 inquit,
1651 3812 2015 3902 spectandum

442 3911 561 3966 est,
613 3914 798 3959 utrum
843 3925 1164 3968 communes
1200 3915 1459 3973 Ecclesiae
1513 3921 1876 3991 cogitationes
1924 3941 2014 3981 se-

438 4006 643 4060 quatur
687 4005 743 4050 et
785 3999 1099 4057 divinorum
1147 4005 1372 4062 Patrum
1417 4012 1724 4069 sententias
1772 4029 2014 4086 superne

441 4082 817 4154 confirmatas,
878 4093 1185 4149 secundum
1246 4095 1512 4154 Basiliam
1556 4101 1850 4173 Magnum,
1916 4108 2012 4177 qui

441 4183 696 4241 oportere
730 4178 865 4233 dicit
895 4196 995 4237 nos
1024 4199 1053 4237 a
1083 4189 1473 4245 communibus
1504 4192 1573 4247 de
1613 4193 1725 4249 Deo
1758 4197 2012 4267 cogitatis

440 4277 602 4317 orsos
629 4270 906 4323 contraria
959 4272 1014 4325 in
1043 4277 1274 4332 vocibus
1299 4284 1601 4337 convenire
1640 4300 1753 4338 non
1788 4294 2009 4355 putare.

442 4351 582 4407 Tum
604 4359 907 4412 secundum
928 4377 1249 4421 communes
1264 4374 1566 4428 sententias
1595 4376 2008 4432 concedendum

2130 3207 2322 3259 ἐαυτὸν
2346 3208 2411 3259 ἐκ
2435 3207 2535 3275 τῆς
2577 3209 2854 3278 μακαρίας
2908 3208 3098 3270 οὐσίας
3125 3207 3312 3270 αὐτοῦ,
3370 3206 3455 3261 ἵνα
3482 3210 3542 3260 τὸ
3574 3210 3708 3277 ὀμο-

2132 3299 2265 3366 φυές
2305 3301 2399 3352 καὶ
2426 3299 2712 3368 ὁμοούσιον
2736 3300 2888 3371 δείξῃ
2915 3316 2928 3330 ·
2962 3300 3156 3352 τούτου
3188 3300 3232 3352 δ’
3258 3301 3451 3369 ἐκείνῳ
3486 3316 3706 3366 σιωπη-

2128 3389 2314 3453 θέντος
2372 3389 2649 3445 δείκνυται
2692 3391 3004 3462 συμφωνῶν
3056 3389 3201 3461 ἐμοὶ,
3257 3394 3351 3445 καὶ
3395 3389 3606 3460 οὐδαμῆ
3635 3407 3701 3459 γε

2127 3479 2279 3535 ὑμῖν.
2322 3499 2342 3533 ι

2166 3499 2279 3642 “fit.
2294 3499 2396 3627 I19
2433 3569 2513 3643 0.]
2548 3570 2678 3626 KZ'.
2710 3570 2918 3642 Πολλῆς
2953 3570 3047 3625 οῦν
3104 3570 3412 3633 ἐνστάσιως
3455 3568 3710 3623 ἐνταυθοῖ

2123 3662 2425 3734 γενομένης
2449 3664 2556 3716 τῶν
2586 3663 2954 3733 ἑκατέρωθεν,
2975 3663 3165 3731 ὥσπερ
3187 3662 3471 3751 διαιτητὴς
3497 3660 3700 3731 μεταξὺ

2121 3755 2415 3826 γενόμενος
2446 3757 2474 3809 ό
2509 3757 2822 3828 Γρηγορᾶς,
2848 3759 2944 3811 καὶ
2969 3757 3067 3819 τὰς
3116 3756 3217 3824 τῆς
3252 3754 3500 3839 κεφαλῆς
3528 3754 3701 3823 ἀλγη-

2119 3846 2277 3911 δόνας
2309 3847 2463 3919 παρά
2491 3848 2699 3917 φαῦλον
2729 3848 2867 3912 τέως
2893 3847 3270 3918 ποιησάμενος
3300 3845 3391 3898 διὰ
3416 3845 3515 3913 τὴν
3531 3844 3700 3911 ἀνάγ-

2122 3950 2228 4005 κην
2251 3937 2348 4006 τῆς
2375 3937 2588 4006 χρείας,
2620 3956 2639 3989 ι
2669 3939 2894 4007 Πρῶτον
2934 3938 3032 4008 μὲν
3055 3936 3345 4003 σκεπτέον,
3382 3938 3539 4006 φησὶ,
3553 3935 3697 3988 δυοῖν

2121 4025 2385 4098 ὁπότερον
2418 4030 2537 4092 ταῖς
2572 4031 2781 4093 κοιναῖς
2809 4031 2906 4094 τῆς
2945 4028 3273 4099 Ἐκκλησίας
3304 4028 3534 4089 ἐννοίαις
3564 4027 3700 4078 ἀκο-

2118 4119 2302 4173 λουθεῖ
2328 4119 2423 4174 καὶ
2444 4122 2563 4184 ταῖς
2590 4119 2798 4174 ἀνωθεν
2819 4119 3188 4191 κυρωθείσαις
3206 4118 3314 4172 τῶν
3333 4116 3494 4172 θείων
3515 4116 3700 4181 δόξαις

2121 4207 2558 4279 Πατέρων,κατά
2572 4208 2666 4262 τὸν
2694 4207 2867 4277 μέγαν
2889 4208 3171 4261 Βασίλειον
3189 4207 3385 4277 χρῆναι
3416 4206 3699 4307 φάσκοντα

2114 4300 2260 4370 ἡμᾶς
2289 4300 2396 4354 ἀπὸ
2417 4299 2527 4353 τῶν
2550 4299 2743 4354 κοινῶν
2776 4300 2999 4354 ἐννοιῶν
3027 4299 3387 4370 ὁρμωμένους
3409 4298 3539 4366 περὶ
3556 4296 3696 4350 Θεοῦ

2115 4391 2184 4445 τὰ
2227 4392 2635 4461 ἐναντιούμενα,
2688 4393 2812 4446 ὅσον
2859 4393 2951 4446 ἐπὶ
2991 4395 3058 4464 τῇ
3088 4392 3255 4458 λέξει,
3298 4392 3585 4460 ὁμολογεῖν
3619 4389 3696 4459 μὴ

437 4454 544 4512 est,
570 4447 810 4505 divinam
839 4464 1093 4510 naturam
1126 4458 1329 4514 bonam
1361 4478 1484 4517 esse
1514 4473 1570 4520 et
1603 4466 1697 4521 irae
1723 4478 2004 4539 expertem

2126 4488 2272 4538 νοεῖν.
2294 4481 2419 4538 Οίον
2443 4447 2587 4538 κατά
2728 4483 2914 4544 κοινὰς
2937 4482 3238 4551 ὑπολήψεις
3271 4480 3387 4535 ἔστι
3407 4482 3507 4553 τὴν
3542 4481 3695 4534 θείαν

435 4545 496 4592 et
535 4539 768 4608 justam:
812 4546 1008 4614 quodsi
1062 4550 1261 4607 iratum
1303 4566 1398 4609 aut
1447 4569 1703 4614 maestum
1747 4577 1869 4618 esse
1913 4573 2010 4618 aut

437 4631 818 4698 pmuitentiam
850 4652 1012 4707 agere
1043 4651 1139 4697 aut
1175 4643 1255 4698 uti
1304 4645 1493 4716 aliquo
1534 4663 1644 4702 non
1691 4666 1759 4705 ex
1807 4656 2011 4707 incrito

437 4721 607 4777 Deum
631 4723 914 4797 Scriptura
945 4731 1111 4801 dicat,
1131 4734 1290 4790 decet
1320 4737 1603 4807 inquirere
1630 4741 1684 4794 in
1711 4742 2007 4796 verborum

437 4812 568 4881 vim,
613 4828 669 4871 et
721 4823 1031 4892 excogitare
1079 4829 1358 4895 quomodo
1389 4832 1667 4899 possimus
1717 4833 2011 4888 restituere

435 4921 578 4973 eam,
610 4926 789 4981 neque
822 4930 954 4970 vero
978 4930 1231 4974 evertere
1262 4926 1590 4983 sententias.
1628 4942 1750 4994 qua:
1780 4939 1911 4982 sunt
1943 4929 2011 4984 de

437 4998 571 5064 Deo,
602 5019 795 5071 graves
811 4998 838 5064 ;’
871 5018 929 5062 ct
962 5009 1064 5064 hoc
1099 5013 1261 5066 modo
1299 5016 1420 5069 sine
1452 5016 1757 5072 oli'eusiouc
1786 5029 2009 5075 utemur

437 5088 759 5159 Scripturis,
813 5113 879 5152 ex
939 5100 1006 5156 iis
1065 5118 1185 5171 qua:
1237 5107 1573 5162 obscuriora'
1613 5123 1745 5164 sunt
1794 5113 2007 5166 nullum

436 5180 695 5238 damnum
744 5188 1008 5248 facientes
1028 5234 1044 5258 ,
1092 5211 1157 5249 ex
1195 5197 1262 5251 iis
1294 5208 1499 5265 autem,
1530 5219 1652 5271 quae
1682 5204 1827 5258 clara
1857 5216 2008 5271 sunt,

438 5276 731 5332 utilitatem
764 5284 1063 5351 capientes.
1119 5289 1347 5344 Constat
1384 5293 1609 5361 quidem
1643 5296 1785 5349 inter
1819 5312 2012 5352 onmes

436 5370 793 5437 OI'HIOtIOXOS,
819 5377 1074 5435 universa
1105 5397 1202 5450 per
1221 5382 1419 5438 Filium
1447 5395 1503 5439 et
1538 5388 1708 5441 verbo
1734 5387 1827 5443 Dei
1870 5390 2012 5445 facta

438 5477 578 5518 esse.
615 5463 789 5520 γετιιο
810 5471 977 5535 enim,
1002 5471 1097 5538 ait,
1116 5474 1333 5529 Domini
1366 5478 1487 5531 caeli
1526 5491 1655 5532 sunt
1688 5480 1922 5547 ﬁrmati;
1957 5492 2013 5538 et

439 5564 497 5609 ut
513 5556 733 5613 divinus
750 5560 910 5631 327
927 5564 1004 5618 ait
1019 5562 1314 5636 Gregorius
1342 5567 1645 5640 Nyssenus:
1672 5571 1750 5626 Ite
1781 5587 1905 5626 vera
1926 5587 2014 5627 sa-

436 5650 639 5708 pientia
661 5661 715 5705 et
734 5656 987 5711 voluntas
1002 5658 1137 5713 nihil
1162 5659 1309 5716 aliud
1331 5674 1434 5727 est,
1450 5679 1613 5732 quam
1639 5665 2011 5733 pra-meditata

441 5746 767 5804 uuivetsalis
794 5748 1084 5821 sapientia,
1106 5751 1285 5823 inqua
1319 5756 1573 5813 universa
1600 5759 1739 5813 facta
1767 5769 1819 5813 ct
1849 5757 2012 5815 ador-

2111 4573 2272 4641 φύσιν
2301 4573 2514 4643 ἀγαθὴν
2550 4571 2646 4625 καὶ
2688 4571 2960 4640 ἀόργητον
3006 4571 3099 4623 καὶ
3126 4569 3350 4622 δικαίαν
3383 4568 3689 4638 ὁμολογεῖν.

2124 4663 2249 4715 Ἐἀν
2279 4659 2373 4714 οὖν
2395 4662 2753 4732 ὀργιζόμενον
2785 4662 2818 4732 ἢ
2852 4658 3200 4730 λυπούμενον
3245 4659 3278 4730 ἢ
3317 4658 3697 4728 μεταμελόμε-

2111 4770 2201 4806 νον
2231 4753 2264 4822 ἢ
2307 4756 2383 4820 μὴ
2440 4751 2563 4806 κατ’
2599 4753 2758 4819 ἀξίαν
2787 4752 2898 4805 τιν)⁵
2930 4750 3216 4821 χρώμενον
3252 4752 3283 4819 ἠ
3314 4750 3503 4821 Γραφὴ
3531 4748 3693 4823 λέγῃ,

2110 4844 2292 4913 ζη·.εῖν
2326 4846 2592 4913 προσήκει
2617 4844 2677 4896 τὸ
2706 4844 2804 4913 τῆς
2839 4843 3037 4907 λέξεως
3085 4842 3359 4912 βούλημα,
3396 4842 3491 4893 καὶ
3525 4858 3690 4909 μεριο-

2114 4936 2252 5005 μνᾷν
2288 4935 2409 4988 τίνα
2464 4936 2667 5006 τρόπον
2693 4935 3155 5006 ἀποκαταστῆσαι
3187 4933 3533 5004 δυνηθῶμεν,
3565 4934 3695 5001 οὐχὶ

2111 5027 2169 5079 δὲ
2198 5028 2529 5098 ἀνατρέπειν
2554 5029 2655 5086 τὰς
2679 5028 2998 5097 ἀξιολόγους
3022 5028 3153 5098 περὶ
3185 5026 3321 5079 Θεοῦ
3361 5025 3688 5094 ὑπολήψεις.

2114 5116 2225 5168 Καὶ
2252 5114 2425 5178 οὕτως
2449 5115 2850 5185 ἀπροσκόπτως
2873 5114 3239 5184 ἐντευξόμεθα
3260 5116 3381 5177 ταῖς
3420 5115 3687 5184 Γραφιῖς,

2112 5207 2222 5259 ἀπὸ
2246 5208 2345 5277 μὲν
2376 5207 2485 5260 τῶν
2517 5208 2903 5278 ἀσαφεστέρων
2941 5207 3019 5276 μὴ
3055 5207 3437 5277 βλαπτόμενοι,
3494 5206 3603 5259 ἀπὸ
3632 5207 3689 5258 δὲ

2112 5299 2223 5351 τῶν
2253 5298 2535 5368 εὐλήπτων
2566 5300 2969 5372 ὠφελούμενοι.
3036 5300 3196 5354 Ἐστι
3235 5298 3335 5368 μὲν
3386 5293 3480 5350 οὖν
3505 5301 3692 5351 συνδε-

2112 5391 2372 5461 δογμένον
2404 5392 2610 5447 ἅπασιν
2632 5392 2934 5463 ὀρθοδόξοις
2962 5394 3029 5445 τά
3082 5394 3262 5446 πάντα
3296 5392 3384 5445 διὰ
3413 5391 3508 5443 τοῦ
3554 5389 3687 5443 Υίοῦ

2112 5488 2206 5537 καὶ
2261 5484 2422 5552 λόγου
2473 5486 2570 5539 τοῦ
2609 5486 2743 5538 Θεοῦ
2783 5486 3142 5556 γεγενῆσθαι,
3191 5504 3209 5537 ι
3242 5484 3331 5555 Τῷ
3370 5486 3514 5552 λόγῳ
3551 5484 3686 5552 γὰρ,

2114 5577 2270 5646 φησὶ,
2304 5576 2510 5647 Κυρίου
2535 5579 2582 5631 οἱ
2618 5580 2839 5648 οὐρανοὶ
2866 5580 3301 5649 ἐστερεώθησαν.
3338 5596 3356 5627 ι
3399 5576 3510 5630 Καὶ
3543 5576 3689 5628 κατά

2114 5667 2206 5720 τὸν
2244 5668 2504 5722 Νυσσαέα
2526 5670 2672 5723 θεῖον
2691 5671 2990 5741 Γρηγόριον
3016 5671 3184 5733 ὅντως
3208 5670 3372 5738 σοφία
3404 5671 3498 5720 καὶ
3519 5665 3691 5738 βουλὴ

2115 5762 2266 5815 οὐδὲν
2299 5759 2487 5832 ἕτερόν
2517 5764 2633 5816 ἐστι
2669 5763 2808 5832 πλὴν
2837 5765 2930 5832 τῆς
2965 5764 3056 5817 τοῦ
3100 5762 3299 5826 παντὸς
3323 5775 3652 5831 προεπινοου
