3994 6204
273 335 388 401 289

1307 333 1750 398 ΒῩΖᾹΝΤῐΝίΕ
1795 329 2179 388 ῐῐῐδΤΟΒΙΕ
2213 329 2349 395 LIB.
2385 323 2566 394 XXX.

3419 293 3538 400 .230

283 451 458 518 μένης
489 453 708 518 σοφίας,
742 453 800 504 ἐν
885 450 952 504 τά
989 451 1166 506 πάντα
1199 451 1420 518 ἐγένετο
1452 453 1546 503 καὶ
1573 449 1863 518 διεκοσμή-

1975 452 2098 498 nata
2118 457 2262 500 sunt.
2283 437 2540 502 Christus
2563 447 2707 503 enim
2733 459 2816 504 est
2837 449 2930 504 Dei
2953 449 3034 505 vis
3054 459 3108 526 et
3137 451 3230 504 Dei
3251 453 3540 520 sapientia.

279 540 376 608 θη.
407 541 644 610 Χριστος
667 542 778 611 γὰρ
813 541 949 594 Θεοῦ
980 541 1208 610 δύναμις
1237 545 1332 597 καὶ
1365 541 1500 594 Θεοῦ
1531 543 1712 610 σοφία.
1749 541 1859 593 Kal

281 631 446 684 πάλιν
486 633 648 701 σοφία
697 632 790 686 τοῦ
840 633 975 686 Θεοῦ
1007 635 1103 688 καὶ
1157 637 1372 705 Πατρὸς
1419 635 1568 688 κατὰ
1595 635 1686 686 τὸν
1715 635 1858 686 θεῖον

277 723 538 792 Μάξιμον
561 723 656 776 καὶ
683 726 948 795 φρόνησις
979 729 1006 780 6
1035 725 1242 796 Κύριος
1285 727 1444 796 ἡμῶν
1467 729 1621 780 ἔστιν
1651 725 1860 797 Ἰησοῦς

279 813 544 877 Χριστὶς,
573 817 600 868 6
633 817 727 868 καὶ
781 819 848 869 τὰ
878 817 1110 870 καθόλου
1149 819 1259 872 τῶν
1309 819 1480 871 ὅντων
1514 817 1754 888 συνέχων
1794 820 1857 888 τῇ

279 907 512 975 δυνάμει
549 907 650 975 τῆς
703 909 889 978 σοφίας
919 911 1012 964 καὶ
1065 911 1136 964 τὰ
1171 911 1607 982 συμπληρωτικὰ
1651 911 1860 964 τούτων

285 1001 432 1068 μέρη
470 1002 744 1069 περιέχων
769 1003 834 1071 τῇ
867 1004 1129 1072 φρονήσει
1153 1005 1252 1072 τῆς
1287 1005 1577 1069 συνέσεως,
1605 1004 1682 1068 ὼς
1721 1007 1860 1058 πάν-

282 1109 394 1142 των
421 1092 582 1156 φύσει
628 1092 958 1164 δημιουργὸς
1015 1096 1111 1147 καὶ
1159 1093 1488 1167 προνοητὴς,
1548 1101 1641 1154 καὶ
1691 1099 1772 1162 είς
1802 1097 1860 1150 ἒν

281 1187 436 1252 ἄγων
469 1186 538 1237 τὰ
585 1187 853 1240 διεστῶτα
901 1188 970 1240 δι’
1020 1189 1241 1242 ἑαυτοῦ.
1299 1191 1407 1244 Kal
1448 1193 1474 1242 6
1503 1193 1860 1262 Δαμασκηνός

283 1294 452 1344 φησιν
487 1276 740 1346 Ἰωάννης
767 1277 990 1346 ὁμοίως,
1008 1279 1092 1331 ὅτι
1113 1281 1213 1332 οὐκ
1241 1279 1355 1332 ἔστι
1379 1281 1454 1350 τῷ
1489 1282 1661 1352 Πατρὶ
1682 1283 1858 1349 λόγος,

281 1367 450 1433 segnia
476 1407 490 1428 ,
530 1367 777 1437 δύναμις,
815 1369 1031 1438 θέλησις
1084 1373 1133 1422 εἱ
1197 1371 1270 1442 μὴ
1309 1373 1507 1436 ὀΥἱὸς,
1559 1375 1616 1434 ὃς
1643 1377 1788 1430 ἐστιν
1824 1377 1857 1446 ἡ

283 1460 426 1526 μόνη
458 1458 687 1528 δύναμις
712 1460 807 1512 τοῦ
841 1461 1102 1530 Πατρὸςή
1131 1466 1582 1536 προκαταρκτικὴ
1606 1467 1705 1534 τῆς
1729 1466 1863 1519 πάν-

277 1567 392 1602 των
422 1552 716 1620 ποιήσεως.
768 1553 878 1605 Καὶ
937 1555 1134 1624 μυρίας
1187 1555 1300 1625 ἔχοι
1335 1573 1420 1619 τις
1449 1556 1514 1609 ἂν
1557 1559 1863 1629 μαρτυρίας

279 1641 555 1708 προάγειν
588 1643 748 1694 ταυτὶ
807 1643 1156 1704 συνιστάσας.
1205 1645 1316 1698 Kal
1373 1644 1590 1714 πρῶτον
1647 1645 1744 1712 μὲν
1799 1645 1860 1714 δὴ

281 1731 552 1784 σκεπτέον
576 1732 642 1784 ἂν
671 1731 758 1800 εἴη
792 1733 962 1794 τουτὶ,
1011 1733 1264 1802 δεύτερον
1297 1735 1352 1786 δὲ
1385 1735 1500 1790 πῶς
1534 1733 1631 1787 καὶ
1659 1737 1685 1787 6
1715 1734 1860 1798 θεῖος
1889 1777 1936 1834 Β

283 1819 536 1889 Μάξιμος
556 1823 672 1882 τοῖς
695 1825 896 1884 κοινοῖς
930 1824 1026 1892 τῆς
1077 1823 1408 1892 Ἑκκλησίας
1429 1823 1624 1878 ἕπεται
1653 1826 1860 1896 δόγμα-

285 1931 393 1974 σιν,
428 1915 476 1965 εί
505 1913 578 1982 μή
630 1931 710 1976 τις
741 1913 974 1967 ἐνταῦθα
1017 1915 1446 1986 παρεξηγεῖσθαι
1499 1917 1759 1988 βιάζοιτο.
1796 1919 1856 1971 Ἦ

285 2007 396 2075 γὰρ
425 2007 680 2076 διαστολὴ
707 2007 816 2060 τῶν
850 2007 1162 2077 συνδέσμων
1184 2008 1417 2062 ἐνταῦθα
1447 2009 1508 2062 οὐ
1533 2009 1623 2062 τὸν
1643 2011 1862 2080 Πατέρα

289 2099 384 2150 καὶ
417 2099 508 2151 τὸν
547 2100 676 2152 Υίδν
723 2101 1050 2164 διαστέλλει,
1105 2100 1222 2154 ἀλλ’
1277 2103 1340 2154 ὲκ
1399 2103 1510 2154 τῶν
1547 2103 1862 2173 κτισμάτων

295 2191 528 2258 μάλιστα
580 2193 672 2244 τὸν
703 2193 836 2244 Θεὸν
887 2191 1146 2264 διαιρῶν,
1201 2194 1738 2264 συμπαραλαμϐάνει
1769 2196 1864 2248 xal

297 2285 553 2338 συνάπτει
574 2283 638 2346 Π.
672 2283 774 2338 150
800 2283 872 2356 r.]
911 2284 1086 2353 τούτῳ
1116 2285 1210 2338 καὶ
1237 2285 1328 2338 τὸν
1355 2285 1484 2337 Υἱδν
1517 2287 1594 2348 είς
1627 2285 1725 2356 τὴν
1753 2285 1863 2339 τῶν

295 2379 611 2445 κτισμάτων
650 2377 875 2444 γνῶσιν,
909 2377 998 2430 ἵνα
1052 2375 1126 2446 μὴ
1155 2375 1282 2446 δόξῃ
1331 2377 1586 2446 χωρίζειν
1615 2378 1642 2428 6
1673 2377 1864 2448 Πατὴρ

295 2468 384 2520 τὸν
413 2469 542 2521 Υίδν
571 2469 766 2523 ἑαυτοῦ
795 2471 854 2522 ὲν
883 2473 950 2539 τῇ
981 2469 1190 2523 τούτων
1227 2468 1448 2536 γνώσει,
1484 2471 1552 2522 δι’
1590 2463 1649 2523 οὗ
1673 2470 1767 2522 καὶ
1807 2471 1864 2523 ἐν

295 2550 338 2622 ᾧ
367 2559 670 2626 πεποίηκεν
703 2557 918 2610 ἅπαντα
942 2557 1136 2610 ταῦτα.
1175 2555 1282 2610 Καὶ
1327 2559 1436 2626 γὰρ
1463 2559 1556 2610 καὶ
1586 2558 1675 2610 ὅτε
1728 2559 1866 2624 φησι

299 2647 382 2700 τὸν
420 2645 555 2698 Θεὸν
578 2648 604 2699 6
630 2645 783 2712 ἅγιος
817 2646 1106 2714 γινώσκειν
1145 2643 1336 2696 ἑαυτὸν
1367 2645 1429 2696 ὲκ
1458 2644 1558 2712 τῆς
1587 2646 1866 2714 μακαρίας

299 2737 482 2800 οὐσίας
505 2737 696 2799 αὑτοῦ,
730 2736 828 2789 οὐκ
861 2737 1159 2804 ἀποστερεῖ
1200 2734 1290 2787 τὸν
1325 2733 1454 2787 Υίὸν
1481 2734 1580 2804 τῆς
1609 2734 1868 2805 τοιαύτης

301 2829 574 2896 γνώσεως.
610 2829 734 2890 Πῶς
762 2829 892 2897 γὰρ,
928 2826 1214 2895 ὁμοούσιον
1248 2825 1378 2880 ὄντα
1403 2843 1463 2878 τε
1505 2826 1600 2878 καὶ
1633 2827 1733 2894 τὴν
1771 2827 1869 2880 αὐ-

301 2925 394 2988 τὴν
423 2923 500 2994 τῷ
537 2923 713 2991 Πατρὶ
763 2923 964 2990 γνῶσιν
1019 2921 1232 2992 ἔχοντα,
1278 2921 1354 2984 ὡς
1407 2921 1499 2974 καὶ
1546 2919 1709 2983 αὐτὸς
1740 2919 1870 2992 περὶ

303 3017 493 3070 ἑαυτοῦ
547 3017 821 3086 μαρτυρεί
872 3015 1066 3082 λέγων,
1140 3033 1157 3066 ι
1190 3013 1392 3073 Καθὼς
1428 3011 1686 3082 γινώσκει
1747 3013 1870 3080 μεὸ

1963 535 2029 588 Ει
2059 553 2256 592 rursus
2295 541 2564 607 sapientia
2605 541 2696 594 Dei
2739 551 2796 596 et
2845 542 3024 598 Patris
3065 545 3374 598 secundum
3401 546 3539 599 divi-

1961 643 2092 681 num
2129 629 2422 683 Maximum
2457 633 2750 686 consilium
2803 649 3019 703 quoque
3059 635 3324 690 Dominus
3355 645 3544 690 noster

1961 729 2045 772 est
2077 719 2234 774 Jesns
2263 719 2542 788 Christus,
2579 724 2672 792 qui
2722 723 2888 778 etiam
2937 725 3195 781 universa
3248 741 3370 796 quaa
3413 737 3542 780 sunt

1961 813 2212 866 continet
2249 814 2300 866 vi
2335 815 2712 882 sapiciitim,et
2758 817 3147 886 completorias
3179 827 3362 886 partes
3395 834 3544 872 com-

1963 903 2223 972 plectitur
2252 907 2484 960 consilio
2517 913 2718 962 mentis
2743 918 2802 962 ιιι
2831 913 3072 962 omnium
3097 927 3126 964 a
3161 920 3354 963 natura
3389 927 3544 964 crea-

1965 1007 2052 1050 tor
2107 1001 2515 1068 prmmeditaus,
2549 1003 2685 1056 etin
2745 1019 2910 1056 unum
2963 1004 3238 1056 eontrahit
3283 1003 3540 1057 distantia

1961 1104 2062 1156 per
2095 1103 2174 1143 se.
2254 1091 2323 1144 Et
2381 1091 2638 1145 similiter
2693 1089 2770 1146 ai‘t
2823 1091 3064 1146 Joannes
3129 1081 3534 1144 Damasc’enus:

1961 1177 2120 1233 Nulla
2154 1189 2238 1234 est
2271 1180 2411 1234 Patri
2443 1183 2642 1240 oratio.
2675 1183 2965 1250 sapientia,
2997 1183 3100 1246 vis,
3139 1183 3408 1244 voluntas,
3435 1181 3540 1234 nisi

1964 1269 2168 1324 Filius:
2203 1271 2296 1340 qui
2331 1273 2555 1342 quidem
2590 1273 2704 1326 Sola
2745 1283 2830 1328 est
2863 1273 2941 1326 vis
2975 1273 3153 1327 Patris
3201 1273 3538 1327 creationem

1962 1362 2208 1416 omnium
2241 1378 2574 1430 praeparans.
2611 1365 2789 1432 Atque
2830 1375 3090 1418 sexcenta
3145 1371 3375 1433 possunt
3417 1379 3542 1432 pro-

1962 1451 2092 1508 ferri
2148 1455 2459 1508 testimonia
2492 1471 2612 1524 quae
2665 1455 2779 1510 haec
2829 1456 3176 1512 conﬁrment.
3207 1453 3274 1508 Et
3303 1455 3538 1525 primum

1963 1546 2186 1616 quidem
2215 1546 2318 1600 hoc
2339 1547 2697 1616 spectandum
2725 1557 2807 1602 est
2831 1588 2846 1614 ,
2876 1547 3074 1604 deinde
3100 1549 3262 1602 etiam
3291 1547 3538 1602 divinum

1963 1637 2257 1691 Maximum
2285 1638 2444 1708 sequi
2479 1639 2794 1694 communia
2845 1640 3102 1695 Ecclesia:
3126 1639 3400 1709 dogmata,
3432 1639 3543 1692 nisi

1964 1725 2088 1794 quis
2117 1725 2207 1780 hic
2235 1725 2372 1780 falso
2405 1729 2752 1797 interpretari
2779 1729 3059 1794 studeret;
3086 1727 3368 1782 distinctio
3396 1727 3539 1781 enim

1963 1817 2416 1886 cnnjunctionum
2457 1819 2552 1874 hic
2591 1835 2698 1872 non
2751 1820 2966 1873 Patrem
3007 1831 3062 1872 et
3095 1819 3291 1874 Filium
3345 1819 3543 1874 distin-

1964 1907 2102 1978 guit,
2135 1909 2230 1962 sed
2271 1924 2302 1962 e
2331 1911 2532 1964 creatis
2566 1911 2804 1964 maxime
2841 1911 3008 1965 Deum
3059 1925 3354 1964 secernens
3392 1926 3542 1963 com-

1967 1999 2259 2065 prehendit
2290 2013 2345 2056 et
2377 2003 2660 2072 conjungit
2700 2001 2832 2057 huic
2867 2005 3032 2057 etiam
3059 2003 3262 2057 Filium
3297 2003 3350 2056 in
3381 2017 3540 2056 crea-

1967 2097 2146 2144 torum
2206 2091 2520 2162 cognitione
2583 2107 2651 2147 ne
2717 2093 2973 2148 videatur
3037 2109 3320 2147 removere
3376 2093 3536 2147 Pater

1965 2181 2161 2236 Filium
2197 2200 2227 2237 a
2259 2200 2316 2240 se
2361 2186 2414 2239 in
2445 2185 2640 2239 horum
2683 2185 3034 2254 cognitione,
3069 2199 3165 2254 per
3201 2199 3364 2253 quem
3397 2194 3453 2238 et
3485 2185 3540 2238 in

1967 2291 2078 2345 quo
2131 2276 2263 2332 fecit
2321 2277 2434 2333 haec
2487 2280 2693 2334 omnia.
2761 2281 2978 2336 Etenim
3033 2283 3198 2335 etiam
3251 2295 3374 2335 cum
3407 2279 3544 2334 dicit

1969 2369 2141 2422 Deum
2173 2383 2398 2426 sanctus
2429 2386 2765 2442 cognoscere
2798 2388 2856 2428 se
2891 2390 2958 2428 ex
2987 2373 3222 2428 essentia
3241 2389 3336 2428 sua
3360 2375 3542 2438 beata‘,

1965 2459 2132 2532 328
2148 2479 2254 2517 non
2281 2465 2460 2533 privat
2477 2465 2782 2534 Filiumitali
2803 2466 3140 2536 cognitione:
3168 2466 3262 2534 qui
3279 2467 3424 2519 enim
3447 2481 3542 2533 po-

1969 2555 2337 2624 testeum,qui
2359 2555 2548 2610 eadem
2567 2557 2638 2610 sit
2654 2557 2889 2611 essentia
2907 2567 2962 2611 et
2976 2557 3224 2610 eamdem
3239 2573 3364 2611 cum
3383 2557 3544 2612 Patre

1969 2643 2167 2698 habeat
2205 2641 2620 2714 cognitionem?
2647 2658 2706 2702 ut
2739 2650 2902 2702 etiam
2936 2649 3053 2718 ipse
3085 2649 3152 2703 de
3186 2665 3244 2704 se
3271 2659 3502 2703 testatur
3523 2691 3541 2716 ,

1968 2735 2180 2800 dicens,
2208 2756 2226 2789 ι
2267 2738 2334 2794 Ut
2365 2741 2644 2808 cognoscit
2677 2755 2762 2794 me
2799 2741 2994 2804 Pater,
3045 2755 3146 2810 ego
3185 2757 3402 2809 quoque
3445 2743 3546 2796 Pa-

1969 2833 2110 2881 trem
2133 2841 2406 2897 cognosco
2429 2836 2542 2892 ;iet
2567 2845 2582 2880 :
2613 2828 2848 2894 «Omnia,
2877 2843 2999 2898 quae
3027 2829 3194 2884 habet
3213 2829 3392 2894 Pater,
3426 2849 3546 2887 mea

1971 2929 2101 2973 sunt
2126 2935 2140 2980 ;
2167 2929 2288 2974 iet:
2324 2920 2468 2990 «Ego
2497 2931 2554 2975 et
2579 2921 2740 2976 Pater
2774 2937 2944 2974 unum
2971 2937 3218 2978 sumus.»
3249 2921 3543 2992 Propterea

1975 3009 2052 3063 ibi
2083 3010 2305 3079 quidem
2339 3011 2395 3065 in
2427 3011 2524 3072 Dei
2554 3012 2871 3082 cognitione
2904 3020 3129 3082 prepter
3159 3016 3462 3068 naturalem
3491 3025 3547 3069 et

303 3109 506 3180 Πατὴρ,
541 3109 698 3176 κάγὼ
724 3107 976 3176 γινώσκω
1010 3107 1100 3157 τὸν
1128 3104 1368 3173 Πατέρα.
1411 3123 1427 3154 ›
1459 3105 1588 3164 Kal,
1628 3122 1646 3155 ι
1689 3105 1870 3157 Πάντα

1975 3103 2323 3160 essentialem
2360 3103 2781 3160 similitudinem
2819 3103 2998 3161 Patris
3033 3115 3088 3161 et
3125 3107 3244 3162 Filii
3273 3124 3378 3162 non
3411 3125 3550 3178 opus

303 3205 394 3255 ὅσα
413 3203 528 3272 ἕχει
555 3201 584 3252 6
610 3201 794 3270 Πατὴρ
824 3199 933 3268 ὲμά
956 3202 1094 3250 ἐστι·
1124 3215 1142 3248 ι
1171 3195 1266 3250 καὶ
1302 3195 1474 3264 (Ἐγὼ
1502 3197 1594 3248 καὶ
1629 3197 1655 3248 ὁ
1681 3195 1871 3266 Πατὴρ

305 3295 357 3347 ἓν
386 3299 580 3364 ὲσμεν.
623 3312 642 3346 ι
679 3295 780 3346 Διὰ
807 3291 964 3344 τοῦτο
997 3291 1112 3344 ἐκεῖ
1138 3289 1235 3360 μὲν
1267 3291 1323 3342 ὲν
1348 3291 1414 3360 τῇ
1447 3287 1540 3341 τοῦ
1567 3286 1702 3340 Θεοῦ
1733 3287 1875 3356 γνώ-

309 3404 386 3440 σει
407 3389 498 3442 ara
521 3387 624 3456 τὴν
653 3385 888 3455 φυσικὴν
915 3383 1010 3437 καὶ
1039 3380 1270 3450 οὐσιώδη
1303 3379 1608 3448 ταυτότητά
1633 3377 1726 3430 τοῦ
1759 3379 1874 3430 Πα-

307 3479 428 3549 τρδς
475 3475 703 3530 καὶτοῦ
741 3473 872 3527 Υίοῦ
931 3469 1470 3542 πολυπραγμοσύνης
1517 3469 1619 3522 οὐκ
1675 3467 1872 3538 ἐδεήθη

309 3569 446 3630 τινός
467 3584 482 3598 ·
517 3566 578 3619 ἓν
599 3565 655 3617 δὲ
678 3567 743 3636 τῇ
773 3563 908 3634 πρὸς
935 3561 1004 3614 τὰ
1021 3561 1300 3630 κτίσματα
1324 3557 1524 3627 γνώσει
1562 3573 1874 3628 συμπαρει-

309 3661 464 3729 λήφει
507 3659 608 3712 καὶ
645 3657 746 3726 τὴν
772 3656 964 3724 σοφίαν
987 3654 1016 3706 6
1044 3652 1184 3712 θεῖος
1207 3645 1362 3713 οὗτος
1389 3647 1637 3719 Μάξιμος
1659 3691 1674 3716 ,
1713 3649 1781 3702 δι’
1807 3643 1876 3720 ἦς

311 3753 399 3806 καὶ
423 3753 483 3804 ἐν
577 3751 733 3802 ταυτὶ
753 3747 1055 3816 πεποίηκεν
1088 3744 1324 3806 ἅπαντα,
1359 3743 1663 3809 ἀναγκαίας
1708 3739 1876 3811 οὔσης

313 3847 404 3915 τῆς
433 3843 692 3912 τοιαύτης
729 3838 964 3892 ἐνταῦθα
1001 3840 1224 3908 μνήμης
1261 3835 1351 3886 διὰ
1386 3835 1485 3898 τὰς
1524 3833 1874 3896 ὑποστάσεις,

314 3943 498 4010 ὥσπερ
533 3938 654 3988 ἐκεῖ
708 3934 807 4003 τῆς
835 3931 1048 4000 σιωπῆς
1095 3929 1182 3982 διὰ
1233 3927 1294 3982 τὸ
1333 3929 1499 3980 πᾶσιν
1534 3926 1876 3994 ἐγνωσμένον

317 4033 578 4100 ὑπάρχειν
611 4027 672 4078 τὸ
705 4025 801 4094 τῆς
839 4022 1026 4084 οὐσίας
1059 4019 1190 4074 Υἱοῦ
1219 4019 1314 4072 καὶ
1337 4018 1551 4088 Πατρὸς
1575 4016 1879 4084 ἀδιαίρετον

317 4127 405 4177 καὶ
431 4122 654 4176 ταυτόν.
707 4116 1130 4186 Ἐναργέστερον
1169 4111 1210 4164 5‘
1251 4111 1400 4182 ὅμως
1438 4109 1519 4163 ἐτι
1555 4109 1647 4162 καὶ
1680 4111 1707 4160 6
1735 4107 1878 4168 θεῖος

316 4216 459 4276 οὗτος
491 4213 746 4282 Μάξιμος
791 4209 1032 4262 δείκνυσι
1065 4204 1293 4276 προῖὼν,
1349 4203 1442 4254 καὶ
1489 4199 1587 4270 τῆς
1622 4197 1876 4270 τεχνικῆς

316 4308 558 4362 ἐνταυθοῖ
581 4299 928 4374 μεμνημένος
945 4300 1156 4364 σοφίας,
1173 4295 1246 4364 μή
1266 4311 1348 4356 τις
1370 4292 1428 4358 ἐξ
1444 4290 1686 4361 ἀμαθίας
1704 4291 1880 4342 ὁπωσ-

317 4403 440 4454 ποτὲ
474 4395 774 4466 πλανηθεὶς
818 4389 1027 4444 ἐκεῖθεν
1060 4385 1382 4454 ἐξολισθήσῃ
1428 4382 1560 4452 πρὸς
1600 4379 1876 4442 δυσσεϐεῖς

319 4491 632 4560 λογισμοὺς,
661 4485 757 4539 καὶ
806 4483 929 4536 ἀντὶ
965 4480 1064 4548 τῆς
1107 4475 1282 4538 ὅντως
1323 4475 1512 4542 σοφίας
1545 4473 1644 4542 τὴν
1676 4473 1732 4524 ὲν
1766 4473 1877 4532 τοῖς

321 4586 575 4651 κτίσμασι
593 4576 844 4646 τεχνικὴν
858 4572 1060 4640 δοξάσῃ
1079 4570 1294 4638 σοφίαν,
1309 4565 1562 4634 καθάπερ
1581 4565 1674 4616 καὶ
1695 4561 1882 4614 οὑτοσὶ

323 4649 584 4740 amas;
628 4659 1060 4736 βεϐλασφήμηκέ
1084 4674 1142 4710 τε
1169 4655 1436 4726 πρότερον
1463 4651 1750 4716 πολλάκις,
1787 4649 1882 4700 καὶ

321 4765 408 4818 νῦν
428 4761 584 4822 αὖθις
608 4759 692 4827 ἐφ’
709 4753 866 4825 ἡμῶν
889 4752 990 4804 οὐκ
1010 4749 1238 4802 αἰδεῖται
1255 4743 1473 4814 τολμῶν
1492 4743 1562 4796 τὰ
1576 4741 1880 4811 ἁτόλμητα.

319 4855 452 4922 Φησὶ
475 4851 584 4917 γὰρ
602 4845 832 4898 κατόπιν
861 4839 936 4900 ώς
965 4839 998 4908 ὴ
1019 4835 1215 4905 λογικὴ
1228 4835 1322 4885 καὶ⁹
1341 4831 1502 4900 νοερὰ
1532 4830 1691 4898 φύσις
1721 4827 1884 4922 γινώ-

321 4919 434 4998 σκει
463 4943 533 4996 τὰ
563 4941 836 5006 κτίσματα
860 4929 1132 5002 ἀναλήψει
1159 4927 1260 4992 τῆς
1283 4927 1342 4978 ὲν
1368 4925 1550 4986 αὐτοῖς
1573 4919 1886 4990 θεωρουμέο

319 5057 408 5108 νης
449 5033 704 5106 τεχνικῆς
751 5027 945 5096 σοφίας
979 5026 1074 5077 καὶ
1103 5020 1302 5089 γνώσει
1341 5017 1452 5071 τῶν
1482 5019 1539 5068 ὲν
1571 5015 1753 5076 αὐτοῖς
1785 5029 1886 5082 φυ-

321 5107 482 5182 σικῶν
529 5127 700 5192 λόγων
755 5119 914 5188 ἤτινα
965 5115 1028 5184 δὴ
1065 5111 1322 5180 τεχνικὴν
1377 5107 1570 5174 σοφίαν
1624 5118 1886 5172 παρακα-

317 5225 446 5274 τιὼν
471 5217 628 5277 αὖθις
657 5213 818 5272 αὐτὸς
853 5205 1016 5277 ψιλὴν
1058 5203 1150 5255 καὶ
1183 5199 1561 5254 ἀνυπόστατον
1601 5197 1660 5248 ἐν
1690 5194 1768 5264 τῷ
1807 5193 1884 5264 νῷ

321 5307 722 5378 συνισταμένην
753 5300 942 5368 φησὶν,
968 5292 1167 5348 οὑτωσὶ
1193 5289 1334 5342 κατὰ
1361 5289 1506 5354 λέξιν
1527 5285 1885 5355 διαγορεὺων,

317 5409 397 5458 δτι
429 5407 498 5454 τά
553 5397 658 5449 ὑπὸ
692 5393 826 5446 Θεοῦ
859 5389 1122 5458 γεγονότα
1177 5383 1437 5452 γινώσκει
1491 5379 1583 5433 τὸν
1641 5379 1774 5431 Θεὸν
1819 5381 1886 5448 τῇ

317 5492 604 5564 ἀναλήψει,
631 5489 706 5551 ὡς
737 5487 970 5556 εἴρηται,
1002 5482 1100 5551 τῆς
1135 5479 1192 5532 ὲν
1223 5481 1334 5540 τοῖς
1368 5475 1618 5545 γεγονόσι
1648 5473 1887 5541 θεωρου-

321 5593 488 5662 μένης
534 5586 790 5656 τεχνικῆς
842 5581 1058 5650 σοφίας,
1085 5577 1207 5648 ἥτις
1243 5575 1362 5627 ἐστὶ
1389 5572 1520 5641 ψιλὴ
1555 5571 1652 5624 καὶ
1682 5567 1888 5622 ἀνυπό-

321 5698 513 5744 στατος
573 5684 630 5732 ἐν
679 5679 756 5746 τῷ
806 5671 1228 5740 νςύνισταμέντι.
1284 5668 1392 5719 Kal
1442 5663 1674 5733 ἀλλαχοῦ
1725 5663 1888 5716 πάλιν

321 5779 484 5840 αὐτὸς
505 5791 524 5828 t
551 5773 664 5826 Οὐκ
695 5773 760 5823 ἐκ
797 5771 888 5838 τῆς
925 5765 1134 5828 οὐσίας,
1165 5761 1318 5830 φησι,
1355 5759 1442 5810 τὸν
1474 5759 1604 5810 Θεὸν
1631 5755 1893 5824 γινώσκο-

1977 3191 2081 3245 fuit
2119 3191 2228 3246 ulla
2261 3193 2582 3248 curiositate
2609 3211 2623 3260 ;
2676 3195 2730 3250 in
2753 3196 3066 3266 cognitione
3093 3207 3300 3262 autem,
3329 3213 3450 3268 qua:
3485 3203 3538 3254 in

1977 3286 2178 3341 creatis
2205 3296 2463 3341 versatur
2483 3288 2906 3358 comprehendit
2934 3289 3097 3343 etiam
3122 3291 3447 3360 sapientiam
3470 3295 3552 3348 di-

1976 3376 2140 3432 vinus
2160 3377 2248 3432 hic
2271 3379 2558 3446 Maximus,
2583 3395 2692 3449 qua
2715 3389 2767 3435 ct
2801 3379 2855 3434 in
2889 3395 2996 3450 qua
3027 3381 3143 3436 hate
3171 3381 3301 3437 fecit
3327 3385 3552 3452 omnia;

1979 3483 2102 3526 cum
2127 3471 2438 3526 necessaria
2463 3479 2610 3526 esset
2639 3471 2732 3526 tali
2763 3472 2850 3526 hic
2877 3476 3403 3532 commemoratione
3427 3494 3553 3547 pro—

1979 3572 2102 3632 pter
2145 3561 2503 3626 suhstantias,
2549 3571 2606 3616 ut
2635 3563 2710 3616 ibi
2741 3563 2965 3618 silentio
3005 3563 3132 3632 quia
3153 3565 3415 3620 omnibus
3453 3583 3553 3620 no-

1981 3663 2094 3709 tum
2120 3663 2225 3716 est,
2263 3669 2382 3710 esse
2411 3653 2712 3708 essentiam
2749 3653 2872 3707 Filii
2902 3665 2957 3708 et
2989 3655 3170 3711 Patris
3194 3657 3550 3711 indiscretam

1977 3757 2034 3802 et
2063 3748 2331 3800 eamdem.
2356 3745 2573 3800 Clarius
2625 3729 2756 3799 vero
2791 3744 2957 3798 etiam
3003 3745 3224 3800 divinus
3257 3748 3344 3802 hic
3379 3749 3552 3804 Maxi-

1980 3853 2103 3892 mus
2151 3838 2492 3892 dcmonstrat
2556 3836 2911 3908 progrediens
2965 3851 3090 3890 cum
3147 3841 3313 3890 etiam
3379 3839 3555 3892 artiﬁ-

1978 3929 2142 3987 ciosae
2195 3931 2306 3984 illic
2337 3929 2672 3983 mentionem
2725 3929 2892 3982 faciat
2945 3929 3264 3998 sapientiae:
3316 3944 3384 3982 ne
3428 3932 3555 3998 quis

1981 4019 2312 4088 ignorantia,
2335 4027 2392 4071 ut
2414 4017 2526 4073 ﬁeri
2554 4017 2712 4075 solet.
2747 4033 2940 4072 errans
2969 4019 3096 4072 inde
3123 4017 3328 4073 incidat
3353 4020 3407 4072 in
3447 4021 3550 4074 im-

1983 4110 2098 4180 pias
2137 4109 2576 4163 ratiocinationes
2605 4117 2662 4164 et
2695 4125 2794 4178 pro
2823 4125 2948 4162 vera
2989 4110 3256 4178 sapientia
3291 4113 3552 4166 artiﬁcio-

1980 4218 2095 4259 sam
2131 4203 2276 4256 illam
2311 4217 2433 4270 qua:
2461 4210 2548 4256 est
2595 4201 2650 4256 in
2678 4201 2880 4258 creatis
2915 4203 3174 4271 opinetur
3203 4205 3550 4272 sapientiam,

1983 4305 2041 4349 ut
2069 4295 2232 4349 etiam
2259 4294 2507 4349 Palamas
2535 4293 2624 4348 hic
2658 4303 2714 4348 et
2741 4293 3084 4348 conviciatus
3133 4304 3216 4348 est
3237 4297 3348 4365 jam
3378 4307 3541 4350 antea

1984 4402 2151 4458 saepe.
2192 4395 2246 4440 et
2281 4401 2431 4440 nunc
2463 4399 2657 4440 rursus
2689 4385 2742 4438 in
2773 4383 2934 4438 nobis
2962 4399 3072 4438 non
3101 4385 3264 4453 pudet
3296 4401 3422 4439 eum
3453 4401 3550 4438 au-

1985 4479 2116 4532 dere
2159 4478 2373 4531 inausa.
2430 4475 2520 4529 Ait
2572 4477 2720 4530 enim
2777 4485 2934 4544 post:
2983 4475 3216 4528 Ratione
3272 4483 3328 4526 et
3372 4485 3556 4528 mente

1987 4569 2216 4640 praedita
2267 4576 2464 4620 natura
2511 4565 2793 4634 cognoscit
2834 4573 3016 4618 creata
3061 4564 3553 4631 comprehensione

1985 4659 2379 4714 animadversa
2419 4657 2472 4710 in
2521 4657 2588 4710 iis
2637 4655 2942 4710 artiﬁciosa:
2993 4655 3274 4722 sapientia:
3305 4653 3470 4724 329
3496 4665 3550 4708 et

1985 4751 2300 4822 cognitione
2331 4749 2664 4803 naturalium
2695 4761 2817 4819 quae
2873 4748 2925 4799 in
2979 4744 3047 4799 iis
3079 4754 3208 4798 sunt
3235 4747 3508 4799 rationum
3540 4765 3552 4798 :

1986 4861 2150 4916 quam
2181 4841 2406 4913 quidem
2461 4839 2782 4908 sapientiam
2837 4836 3185 4890 artiﬁciosam
3235 4837 3398 4905 paulo
3435 4851 3558 4908 post

1989 4949 2186 4990 rursus
2231 4933 2349 5001 ipse
2402 4939 2626 4983 tenuem
2681 4937 2734 4982 et
2791 4926 3110 4980 substantiae
3163 4939 3447 4995 expertem
3498 4930 3555 4984 in

1990 5033 2174 5079 mente
2219 5019 2580 5090 compositam
2630 5017 2788 5080 dicit,
2819 5017 2954 5070 -hoc
2998 5019 3160 5071 modo
3208 5018 3274 5071 ad
3329 5021 3554 5074 verbum

1990 5125 2273 5170 statuens:
2329 5125 2453 5180 qua:
2483 5125 2512 5164 a
2545 5111 2657 5163 Deo
2707 5107 2849 5162 facta
2884 5107 2994 5162 sint
3017 5121 3350 5177 cognoscere
3383 5109 3552 5164 Deum

1991 5204 2508 5274 comprehensione,
2542 5201 2808 5254 utdictum
2869 5207 2973 5262 est,
2999 5199 3388 5254 animadversa:
3411 5203 3461 5254 in
3489 5203 3555 5257 iis

1992 5311 2114 5366 qua:
2145 5293 2287 5347 facta
2320 5301 2455 5346 sunt
2487 5289 2799 5344 artiﬁciosa:
2829 5287 3144 5356 sapientiae,
3187 5303 3309 5357 quae
3337 5289 3554 5357 quidem

1990 5397 2076 5442 est
2122 5385 2302 5440 tenuis
2329 5393 2386 5439 et
2419 5381 2734 5438 substantia:
2779 5395 2976 5449 expers
3023 5380 3078 5433 in
3125 5388 3307 5434 mente
3339 5395 3562 5447 compo-

1992 5478 2116 5532 sita.
2137 5477 2204 5530 Et
2224 5475 2354 5530 alibi
2385 5491 2576 5529 rursus
2607 5473 2782 5528 idem:
2813 5471 2957 5526 «Non
2990 5487 3058 5525 ex
3083 5473 3338 5527 essentia.
3363 5469 3564 5539 inquit,

1995 5569 2164 5624 Deum
2198 5571 2602 5640 cognoscimus,
2639 5567 2732 5623 sed
2779 5581 2809 5620 e
2841 5565 3245 5636 magniﬁcentia
3296 5572 3350 5616 et
3379 5563 3563 5628 provi-

1995 5660 2180 5714 dentia
2215 5675 2420 5713 rerum.
2469 5659 2544 5712 Ex
2575 5659 2658 5712 his
2683 5659 2828 5712 enim
2865 5669 2921 5709 ut
2955 5673 2985 5710 c
3019 5653 3258 5724 speculis
3298 5649 3564 5702 inﬁnitam

1995 5754 2292 5808 bonitatem
2318 5763 2373 5806 et
2403 5753 2724 5822 sapientiam
2749 5763 2802 5804 et
2831 5755 2936 5803 vim
2981 5746 3380 5814 intelligimus.»
3448 5739 3572 5796 Haec
