3994 6204
397 276 498 340 231
553 263 560 270 ’

1611 217 2030 329 ΝῖΕίῗΡΙΙΟΒΙ
2071 267 2456 327 GREGORE

3553 265 3654 328 2’39.

396 401 725 466 persecutus
758 391 1050 461 Gregoras,
1104 388 1321 452 «Vides,
1361 385 1561 456 inquit.
1606 385 1672 439 ad
1707 385 1979 440 Palamam

2099 403 2211 453 μεν,
2241 385 2356 437 ἀλλ’
2388 388 2453 437 ἐκ
2498 387 2597 447 τῆς
2643 383 3048 452 μεγαλουργῖας
3099 387 3194 439 καὶ
3249 383 3502 451 προνοάς
3551 382 3658 438 τῶν

397 501 718 549 conversus,
751 499 876 538 cum
919 483 1039 536 dua:
1071 482 1181 534 sint
1207 480 1296 533 hic
1335 476 1756 532 maledictiones
1782 491 1984 544 prepo-

398 581 536 642 sitae,
565 577 876 631 necessario
909 578 962 626 in
995 573 1224 626 alteram
1259 581 1309 626 te
1367 569 1654 634 incidere;
1708 577 1801 622 aut
1835 567 1983 620 enim

398 669 597 726 Ftiium
637 668 753 730 Dei,
791 666 884 736 qui
933 674 1018 718 est
1074 678 1205 715 vera
1239 659 1532 729 sapientia,
1565 674 1671 728 qua
1698 668 1754 714 et
1789 658 1840 712 in
1875 672 1982 726 qua

399 763 656 816 universa
680 759 828 820 fecit,
859 753 1262 810 inessemialem
1301 751 1440 806 dicis
1473 750 1856 814 divinitatem,
1889 755 1987 802 aut

401 853 758 908 artiﬁciosam
792 864 912 917 qua:
946 854 1030 900 est
1061 848 1115 898 in
1147 845 1352 898 creatis
1380 843 1704 912 sapientiam
1729 849 1786 896 et
1814 840 1988 908 ipsam

403 945 701 999 iucreatam
749 937 1024 1005 simulque
1066 934 1478 990 iucssentialem
1519 947 1687 987 vocas
1725 931 1988 986 divinita-

406 1046 539 1098 tem,
603 1046 768 1101 quam
828 1039 1050 1082 tenuem
1111 1036 1165 1080 et
1221 1024 1545 1080 substantia:
1595 1031 1874 1092 expertem
1933 1023 1990 1075 in

404 1138 588 1184 mente
639 1120 999 1191 compositam
1065 1117 1314 1172 divinmn
1389 1114 1655 1170 audivisti
1715 1113 1988 1168 dicentem

403 1223 724 1275 Maximum.
788 1213 937 1268 Talis
974 1210 1122 1266 enim
1185 1221 1274 1263 tua
1329 1214 1412 1263 est
1459 1207 1770 1275 ineptorum
1828 1219 1992 1273 para-

405 1315 675 1366 doxorum
713 1305 1027 1362 absurditas
1053 1310 1111 1356 et
1139 1313 1246 1354 tam
1283 1299 1554 1352 immanes
1614 1304 1744 1350 sunt
1773 1293 1994 1348 ratioci-

412 1405 669 1460 nationes
701 1397 998 1470 impietatis
1028 1403 1133 1448 tuae
1165 1409 1180 1446 :
1217 1401 1273 1446 et
1319 1401 1501 1444 tamen
1528 1387 1712 1443 vivere
1739 1389 1908 1444 audes
1939 1394 1994 1440 et

413 1495 592 1552 oculis
641 1487 1062 1560 impudentibus
1117 1483 1397 1537 cmlestem
1458 1479 1738 1553 suspicere
1795 1477 1989 1544 facem,

414 1593 705 1656 augustum
758 1579 888 1632 solis
934 1576 1261 1632 oculum.et
1317 1571 1462 1625 inter
1513 1568 1768 1622 homines
1810 1575 1993 1622 mente

410 1675 674 1746 praeditos
733 1668 944 1724 versari
1005 1663 1364 1734 ejusdemque
1423 1675 1548 1714 cum
1611 1661 1680 1714 iis
1710 1658 1994 1728 particeps

405 1782 528 1822 esse
562 1763 730 1826 aeris,
770 1759 1077 1826 exetuplum
1107 1764 1270 1808 tantm
1300 1749 1588 1822 pravitatis
1623 1749 1802 1803 factus
1831 1746 1994 1817 330

408 1853 613 1911 Christi
635 1847 931 1906 Ecclesiae?
957 1845 1039 1898 'l‘u
1077 1843 1285 1902 vero,si
1316 1841 1416 1904 vis,
1450 1837 1719 1893 fabricare
1765 1843 1994 1903 praeter-

409 1961 476 2000 ea
527 1953 587 1998 ut
631 1943 1002 1997 increatarum
1059 1935 1273 2002 copiam
1309 1931 1684 1992 divinitatum,
1724 1929 1796 1984 ita
1825 1927 1991 1982 etiam

407 2044 582 2091 artem
619 2045 836 2087 novam.
869 2027 1023 2082 Licet
1053 2028 1199 2080 enim
1229 2023 1332 2076 tibi
1365 2037 1488 2076 cum
1533 2027 1795 2075 consueta
1821 2020 1996 2073 utaris

411 2129 738 2198 ignorantizc
795 2118 1134 2190 impudentia
1192 2115 1398 2184 ubique
1457 2125 1514 2166 et
1571 2109 1994 2166 concessionem

417 2216 576 2271 facile
606 2231 672 2267 ex
703 2223 754 2265 te
795 2225 980 2263 sumas
1006 2221 1188 2275 neque
1221 2203 1334 2257 ullo
1369 2201 1534 2257 modo
1567 2199 1856 2269 dispenses
1886 2198 1995 2252 for-

423 2315 584 2362 tunas
635 2304 1040 2369 inexspectatas
1099 2306 1154 2349 et
1198 2292 1616 2362 iatales,neque
1665 2291 1830 2345 certis
1865 2303 1996 2344 con-

417 2398 719 2455 ditiouibus
778 2392 1105 2448 sententiam
1167 2398 1312 2441 tuam
1359 2387 1508 2441 sinas
1573 2383 1854 2456 quiescere
1914 2383 1997 2437 in-

419 2504 608 2546 sanam
633 2497 690 2542 et
724 2485 1008 2538 audacem.
1087 2479 1270 2536 Omnis
1301 2478 1446 2533 enim
1482 2485 1736 2532 veterum
1766 2473 1995 2528 scientia

421 2593 480 2637 et
503 2580 786 2635 institutus
807 2572 1078 2644 sapientia
1099 2577 1402 2625 concentus
1429 2576 1484 2622 et
1503 2566 1802 2637 rhytltmus
1827 2564 1996 2618 oblita

421 2679 551 2728 sunt
605 2681 710 2724 tua:
759 2663 1126 2734 inessentiaiis
1183 2660 1656 2730 el‘ticientiae,qua
1709 2657 1828 2712 sine
1883 2654 1997 2710 ullo

421 2763 640 2835 negotio
727 2760 1000 2812 inercatas
1079 2753 1370 2810 fabricaris
1433 2752 1751 2806 divinitates
1826 2763 1996 2820 spon—

417 2867 574 2912 tanee
613 2870 630 2908 :
677 2851 836 2923 quale
877 2858 1186 2919 spartorum
1228 2847 1447 2900 illorum
1511 2845 1789 2914 gigantum
1847 2841 2000 2893 diur-

415 2962 546 3002 num
596 2959 771 3016 genus
833 2941 1166 2995 adumbrant
1211 2937 1405 2991 fabulae
1454 2936 1668 2996 Atticae,
1728 2933 2000 2989 recentio-

2086 477 2258 529 ὄντων
2285 492 2299 505 ·
2343 475 2431 528 διὰ
2461 474 2668 528 τούτων
2695 476 2804 545 γὰρ
2834 473 2906 533 ὡ;
2944 475 3322 545 δι’ὲοὸπτρων
3363 473 3466 544 τὴν
3505 475 3660 528 ἄπει-

2091 586 2186 640 ρον
2217 567 2533 635 ἁγαθότητα
2582 569 2678 620 καὶ
2729 568 2922 636 σοφίαν
2969 567 3062 622 καὶ
3107 567 3340 638 δύναμιν
3371 569 3664 622 κατανοοῦ-

2093 677 2214 728 μεν.
2257 677 2275 709 ι
2311 659 2500 710 Ταῦτα
2527 657 2738 722 διεξιὼν
2783 660 2812 711 ὁ
2854 659 3162 730 Γρηγορᾶς,
3202 678 3222 710 ί
3273 661 3461 732 Ὁρᾷς.
3499 679 3518 712 ³
3559 661 3660 730 ἔφη

2091 749 2228 818 πρὸς
2259 749 2352 801 τὸν
2384 750 2652 818 Παλαμᾶν
2682 750 2966 818 στραφεὶς,
3023 769 3041 802 ι
3080 753 3227 814 ὅπως
3259 753 3406 806 δυοῖν
3444 769 3664 818 προκει-

2095 835 2274 907 μένων
2315 839 2552 893 ἐνταῦθα
2582 837 2948 911 βλασφημιῶν
2985 840 3042 906 ἐξ
3071 843 3317 912 ἀνάγκης
3354 843 3415 914 [ι’.
3446 843 3549 898 ⁸150
3585 839 3664 914 tu]

2097 933 2197 1003 μιᾷ
2256 933 2654 1003 περιπίπτεις;
2703 934 2775 986 Ἦ
2818 933 2928 1004 γὰρ
2974 932 3066 988 τὸν
3091 933 3219 987 Υίδν
3239 934 3334 988 τοῦ
3368 933 3526 1001 Θεοῦ,
3564 936 3666 1006 τὴν

2093 1023 2262 1087 ὅντως
2307 1026 2498 1094 σοφίαν
2529 1018 2598 1078 δι’
2629 1018 2698 1098 ἧς
2725 1024 2819 1079 καὶ
2854 1026 2912 1079 ἐν
3025 1025 3096 1080 τὰ
3138 1025 3314 1081 πάντα
3342 1027 3662 1098 πεποίηκεν,

2091 1115 2342 1169 ἀνούσιον
2394 1116 2574 1185 λέγεις
2609 1116 2933 1190 θεότητα,ἦ
2987 1115 3089 1189 τὴν
3131 1119 3188 1172 ἐν
3242 1121 3357 1183 τοῖς
3405 1121 3667 1190 κτίσμασι

2092 1208 2353 1278 τεχνικὴν
2409 1209 2604 1279 σοφίαν
2633 1209 2892 1264 άκτιστον
2941 1212 3036 1264 καὶ
3067 1212 3273 1282 ταύτην
3322 1215 3418 1268 καὶ
3443 1213 3559 1284 ἅμα
3597 1217 3665 1270 ά-

2093 1299 2304 1352 νούσιον
2345 1299 2575 1370 φάσκεις
2604 1299 2864 1372 θεότητα·
2899 1301 2966 1374 ἢν
3001 1302 3164 1374 ψιλὴν
3219 1305 3314 1358 καὶ
3356 1307 3664 1360 ἀνυπόστα-

2093 1406 2183 1442 τον
2221 1391 2280 1442 ἐν
2327 1390 2404 1461 τῷ
2428 1389 2504 1462 νῷ
2537 1394 2940 1465 συνισταμένην
2990 1397 3083 1448 τὸν
3114 1395 3258 1450 θεῖον
3302 1399 3549 1469 ἀκήκοας
3576 1399 3670 1453 λέ-

2095 1497 2264 1547 γοντα
2308 1480 2585 1552 Μάξιμον.
2632 1483 2872 1538 Τοιαῦτα
2903 1485 3011 1554 γάρ
3070 1502 3164 1539 σου
3199 1489 3268 1538 τᾶ
3309 1490 3419 1540 τῶν
3446 1491 3667 1544 ἀτόπων

2097 1574 2478 1642 καινοφωνιῶν
2515 1575 2738 1645 αἰσχρὰ,
2773 1575 2870 1629 καὶ
2901 1577 3042 1631 οὕτω
3082 1579 3306 1648 σχέτλια
3333 1581 3403 1634 τά
3451 1599 3666 1649 συμπε-

2099 1665 2357 1734 ράσματα
2396 1667 2496 1736 τῆς
2529 1667 2631 1736 σῆς
2676 1669 3020 1732 δυσσεϐείας.
3057 1670 3291 1726 Ἔπειτα
3318 1671 3418 1745 ζῇν
3439 1673 3668 1746 τολμᾷς,

2099 1757 2193 1808 καὶ
2231 1757 2504 1810 ἀναιδέσιν
2527 1757 2826 1827 ὀφθαλμοῖς
2849 1759 2948 1830 τὴν
2981 1762 3242 1830 οὐρανίαν
3277 1763 3500 1834 βλέπειν
3529 1767 3670 1838 λαμ-

2095 1847 2260 1914 πάδα,
2315 1849 2376 1900 τὸ
2429 1848 2625 1916 σεμνὸν
2677 1848 2827 1918 ἡλίου
2878 1850 3168 1922 βλέφαρον.
3217 1855 3312 1909 καὶ
3353 1855 3668 1930 ἀνθρώποις

2095 1939 2220 1994 νοῦν
2250 1939 2468 2010 ἔχουσιν
2487 1941 2718 2011 ὁμιλεῖν,
2752 1943 2848 1994 καὶ
2873 1943 2966 1996 τοῦ
2997 1945 3164 1998 αὑτοῦ
3191 1949 3666 2020 συμμεταλαμϐά-

2095 2050 2207 2086 νειν
2241 2033 2424 2097 αὐτοῖς
2458 2032 2641 2104 ἀέρος,
2677 2035 2978 2106 ὑπόμνημα
3031 2041 3301 2110 τοσαύτης
3350 2043 3550 2108 κακίας
3599 2048 3668 2116 τῇ

2095 2124 2189 2178 τοῦ
2229 2124 2469 2194 Χριστοῦ
2503 2125 2748 2194 γεγονὼς
2787 2126 3121 2201 Ἐκκλησίᾳ;
3158 2132 3230 2186 Σὺ
3269 2132 3336 2197 δ’,
3372 2135 3420 2188 εί
3465 2135 3667 2204 βούλει,

2096 2216 2511 2286 καινοφώνησον
2535 2217 2642 2282 ἔτι,
2674 2217 2932 2290 καθάπερ
2961 2221 3238 2276 ἀκτίστων
3282 2225 3450 2296 ἐσμὸν
3477 2227 3670 2300 θεοτή-

2095 2325 2225 2375 των,
2257 2305 2400 2361 οὕτω
2443 2309 2537 2362 καὶ
2583 2307 2782 2378 τέχνην
2829 2312 3050 2383 καινήν.
3077 2311 3298 2379 Ἔξεστι
3337 2316 3446 2388 γάρ
3477 2335 3560 2372 σοι
3598 2325 3666 2392 τῇ

2102 2398 2322 2466 συνήθει
2355 2397 2624 2470 χρωμένῳ
2668 2400 2770 2470 τῆς
2808 2401 3052 2471 ἀμαθίας
3097 2404 3345 2480 ἀναιδείᾳ
3393 2415 3667 2484 πανταχῆ,

2097 2491 2192 2542 καὶ
2234 2490 2294 2542 τὸ
2338 2492 2765 2562 συγκεχωρηκὸς
2825 2495 2964 2564 μετὰ
3021 2498 3310 2570 ῥᾳστώνης
3341 2503 3404 2556 ἐκ
3435 2521 3667 2558 σεαυτου

2097 2574 2454 2645 λαμϐάνοντι,
2489 2577 2584 2631 καὶ
2620 2579 2840 2651 μηδαμῆ
2873 2585 3251 2658 ταμιευομὲνῳ
3286 2587 3384 2649 τὰς
3424 2593 3672 2662 παραλό-

2099 2685 2233 2736 γους
2263 2668 2432 2738 τύχας
2461 2668 2558 2722 καὶ
2601 2673 2892 2739 τραγικὰς,
2946 2675 3070 2745 μηδ’
3119 2676 3212 2728 ἐπὶ
3245 2678 3427 2749 ῥητοῖς
3469 2681 3526 2733 τὸ
3563 2682 3670 2750 γῆς

2097 2757 2326 2828 γνώμης
2368 2756 2526 2812 ἐῶντι
2563 2757 2849 2815 καθεύδειν
2886 2763 3125 2834 μεμηνός
3161 2782 3220 2818 τε
3265 2769 3361 2820 καὶ
3413 2767 3670 2833 αὔθαδες.

2102 2850 2260 2902 Πᾶσα
2287 2849 2394 2918 γὰρ
2425 2849 2704 2920 ἐπιστήμη
2731 2851 2842 2905 τῶν
2888 2853 3056 2932 πάλαι
3091 2856 3188 2910 καὶ
3227 2861 3418 2927 σοφίας
3461 2861 3671 2932 ἔμμον-

2103 2953 2194 2999 σος
2235 2935 2473 3007 ἁρμονία
2507 2953 2564 2988 τε
2607 2938 2701 2990 καὶ
2736 2930 3047 3008 ρυθμδςπὸ
3093 2943 3336 3015 ἐνεργεῖν
3381 2930 3670 3014 ἐξελάθετο

417 3055 539 3093 rum
583 3050 865 3090 rumorum
925 3033 1187 3100 impetum
1235 3039 1290 3083 et
1329 3037 1658 3099 proventum
1703 3025 1994 3096 depingen-

2101 3029 2204 3098 τῆς
2230 3029 2327 3098 σῆς
2362 3030 2616 3082 άνουσίου
2667 3031 2874 3101 ταύτης
2909 3031 3214 3104 ἐνεργείας,
3241 3037 3310 3089 δι’
3339 3031 3404 3110 ἦς
3433 3040 3672 3110 ἀπονητὶ⁹

416 3137 516 3182 tes.
579 3125 685 3179 Sed
721 3121 981 3192 quoniam
1019 3117 1249 3173 novitati
1274 3117 1569 3171 verborum
1599 3114 1995 3186 etiamlegibus

415 3218 572 3272 novis
597 3225 682 3270 est
709 3229 868 3284 opus.
903 3228 1000 3282 age
1030 3211 1240 3265 scribas
1263 3250 1276 3272 ,
1325 3209 1372 3261 si
1403 3208 1506 3272 vis,
1540 3207 1706 3262 etiam
1739 3205 1983 3260 edictum

417 3323 618 3364 novum
672 3303 986 3376 quoddam,
1046 3317 1115 3356 ne
1173 3303 1298 3370 quis
1345 3299 1650 3354 secundum
1707 3295 1992 3352 scientiam

422 3410 614 3469 postea
643 3406 828 3450 utatur
869 3393 1076 3458 verbis,
1127 3391 1224 3445 ﬁas
1273 3391 1358 3446 itis
1403 3390 1744 3460 temporibus
1781 3397 1837 3442 et
1878 3387 1995 3454 ipse

415 3492 667 3546 Julianus
691 3490 990 3557 imperator
1014 3485 1282 3554 pravitate
1307 3484 1546 3548 infamis,
1578 3491 1634 3536 et
1657 3481 2000 3536 crudeliores

420 3581 606 3650 potius
657 3594 821 3646 quant
877 3593 940 3630 ex
995 3576 1115 3647 ejus
1171 3584 1366 3630 natura
1422 3573 1670 3644 proferas
1714 3571 1997 3638 audacias,

417 3672 534 3724 sive
575 3671 758 3739 potius
792 3669 902 3738 jam
935 3668 1110 3720 factus
1134 3681 1192 3719 es
1225 3665 1444 3737 adjutus
1477 3663 1766 3719 occasione
1797 3663 1998 3717 misera

418 3769 476 3814 et
512 3761 680 3813 vitam
715 3757 1010 3811 infaustam
1037 3756 1246 3825 eligens
1273 3764 1328 3808 et
1360 3754 1764 3816 detestabilem,
1794 3769 1860 3807 ex
1891 3767 1998 3822 qua

420 3848 607 3902 multa:
671 3855 864 3900 contra
932 3844 1188 3912 pietatem
1249 3849 1636 3910 proruperunt
1686 3837 2002 3907 voragines,

420 3941 686 4008 multique
732 3938 1001 3991 malorum
1049 3933 1212 3988 effusi
1251 3943 1375 3987 sunt
1409 3947 1596 3986 amnes
1628 3930 1848 3985 nefarii.
1885 3927 1993 3982 Sed

423 4049 532 4085 non
556 4045 726 4098 usque
747 4027 812 4081 ad
837 4029 1021 4089 finem,
1051 4026 1272 4095 opinor,
1303 4025 1546 4080 ridebis:
1576 4023 1670 4077 sed
1693 4021 1849 4092 331
1875 4019 2002 4074 red-

427 4123 522 4176 det
553 4121 805 4176 celeriter
832 4119 1132 4187 imperator
1161 4117 1249 4169 hic
1289 4127 1568 4185 patetnatu
1603 4113 1858 4167 Ecclesiae
1881 4111 1999 4182 glo-

425 4215 560 4263 riam
603 4209 732 4273 Deo,
761 4209 852 4275 qui
891 4209 1018 4260 huic
1051 4217 1336 4274 paternum
1367 4206 1520 4260 dedit
1549 4221 1800 4275 regnum.

2101 3123 2200 3186 τὰς
2229 3122 2524 3184 ἀκτίστους
2571 3121 2859 3193 χαλκεύεις
2909 3127 3190 3196 θεότητας,
3250 3128 3309 3196 ἐξ
3355 3132 3666 3203 αὐτομάτου

2101 3213 2350 3283 φυείσης,
2379 3211 2568 3283 ὥσπερ
2597 3214 2658 3266 τὸ
2688 3214 2796 3268 τῶν
2832 3216 3093 3284 σπαρτῶν
3125 3220 3352 3274 ἐκείνων
3384 3224 3662 3292 γιγάντων

2101 3301 2416 3374 αὐθήμερον
2473 3303 2630 3371 γένος
2678 3303 2810 3373 ἡμῖν
2865 3305 3234 3372 άττικίζοντες
3289 3311 3669 3382 ὑπογράφουσι

2105 3391 2291 3464 μῦθοι,
2335 3396 2668 3466 καινοτέρων
2709 3396 3072 3465 ἀκουσμάτων
3098 3401 3268 3468 φορὰν
3291 3403 3664 3468 είκονίζοντες.

2115 3485 2270 3538 Ἐπεὶ
2309 3484 2366 3538 δὲ
2397 3487 2520 3548 ταῖς
2565 3485 2672 3540 τῶν
2713 3485 2890 3554 λόγων
2935 3491 3222 3560 καινότησι
3255 3492 3350 3546 καὶ
3384 3493 3564 3565 νόμων
3591 3495 3671 3548 δεῖ

2100 3573 2454 3641 καινοτέρων,
2476 3572 2707 3644 γράψον,
2739 3575 2786 3626 εἱ
2813 3573 3019 3645 βούλει,
3050 3578 3146 3630 καὶ
3179 3579 3440 3650 ψήφισμά
3466 3599 3518 3634 τι
3547 3599 3669 3636 και-

2101 3661 2212 3725 νδν,
2256 3663 2330 3730 μὴ
2361 3661 2596 3732 χρῆσθαι
2651 3662 2773 3714 κατ’
2801 3664 3118 3734 ἐπιστήμην
3173 3667 3288 3729 τοῖς
3315 3667 3496 3735 λόγοις
3555 3669 3658 3723 ἔτι.

2104 3753 2266 3805 Γενοῦ
2297 3755 2410 3816 τοῖς
2455 3753 2548 3806 νῦν
2581 3755 2676 3806 καὶ
2715 3754 2878 3818 αὐτὸς
2931 3759 3143 3827 καιροῖς
3179 3755 3464 3822 Ἰουλιανὸς
3510 3761 3670 3814 αὐτο-

2101 3839 2327 3910 κράτωρ
2369 3837 2462 3892 ἐπὶ
2511 3840 2680 3910 κακίᾳ
2709 3840 3153 3911 διαϐεϐοημένοις,
3183 3846 3279 3898 κα)⁸
3323 3846 3671 3917 βαρϐαρικώ-

2102 3948 2238 4001 τερα
2273 3929 2472 4002 μᾶλλον
2504 3931 2538 4001 ἢ
2573 3934 2691 3984 κατ’
2721 3933 2923 3986 ἐκεῖνον
2953 3934 3170 3996 δεικνὺς
3199 3936 3268 3991 τὰ
3315 3937 3664 4009 τολμήματα.

2103 4019 2321 4074 Μᾶλλον
2347 4019 2404 4073 δὲ
2434 4019 2531 4074 καὶ
2560 4023 2810 4088 γέγονας,
2846 4023 3037 4091 καιροῦ
3073 4027 3251 4095 τυχὼν
3295 4029 3534 4098 πονηροῦ
3575 4034 3672 4084 καὶ

2106 4111 2226 4182 βίον
2266 4112 2520 4181 ἐλόμενος
2571 4114 2942 4184 κακοδαίμονα
2991 4117 3086 4170 καὶ
3137 4119 3434 4190 ἐπάρατον,
3483 4121 3577 4190 ἀφ’
3613 4116 3674 4175 εὖ

2108 4204 2299 4256 πολλαὶ
2342 4204 2440 4274 μὲν
2490 4208 2632 4258 κατὰ
2678 4206 2780 4276 τῆς
2831 4208 3121 4273 εὐσεϐείας
3161 4213 3544 4284 ἁνερρώγεσαν
3571 4217 3675 4283 φά-

423 4321 649 4376 ραγγες,
699 4302 882 4354 πολλοὶ
942 4302 997 4353 δὲ
1031 4302 1214 4353 κακῶν
1258 4301 1598 4372 ἐξερῤύησαν
1637 4302 1886 4370 ἀθέμιτοι
1947 4299 2169 4372 ρύακες.
2216 4299 2356 4354 Ἀλλ’
2406 4303 2506 4356 οὐκ
2577 4303 2657 4366 είς
2729 4302 2903 4370 τέλος,
2941 4299 3118 4374 οῐμαι.
3173 4308 3488 4377 ³χαιρήσεις,
3557 4313 3674 4364 ἀλλ’

432 4397 702 4450 ἀποδώσει
733 4395 866 4465 ταχῦ
934 4393 1189 4464 βασιλεὺς
1215 4395 1400 4447 οὑτοσὶ
1433 4394 1532 4463 τὴν
1567 4394 1794 4466 πάτριον
1843 4393 1942 4463 τῆς
1976 4393 2305 4464 Ἐκκλησίας
2333 4393 2587 4447 εὔκλειαν
2634 4395 2716 4466 τῷ
2769 4395 3026 4452 δεδωκότι
3057 4396 3234 4468 τούτῳ
3277 4401 3374 4473 τὴν
3411 4403 3675 4474 πατρῴαν

419 4493 701 4565 βασιλείαν
731 4493 868 4556 Θεῴ.
908 4510 924 4542 ι

507 4585 742 4640 XXVIII.
787 4585 882 4638 llis
928 4583 1176 4638 l’alamas
1211 4591 1467 4654 gravatus
1493 4593 1548 4638 et
1573 4583 1732 4638 valde
1765 4582 1994 4638 affectus

2175 4583 2309 4636 KH'.
2338 4583 2564 4646 Τούτοις
2592 4584 2619 4636 ὁ
2651 4583 2916 4652 Παλαμᾶς
2951 4585 3250 4658 ἀχθόμενος
3282 4592 3374 4642 καὶ
3410 4591 3674 4660 ὕϐριοπα·

425 4689 618 4731 euntra
658 4676 1148 4730 conviciabaturet
1180 4676 1331 4744 parvi
1353 4675 1590 4730 facwlmt
1617 4675 1782 4730 etiam
1813 4676 1991 4745 ipsum

425 4767 688 4821 sessionis
715 4769 902 4826 decus,
924 4781 1030 4835 qua
1061 4765 1104 4819 si
1144 4767 1283 4833 apud
1317 4780 1372 4817 se
1406 4779 1512 4818 non
1534 4765 1997 4833 esset;quamob—

427 4875 542 4914 rem
575 4857 739 4912 etiam
789 4857 1106 4926 frequenter
1141 4872 1197 4910 se
1235 4866 1406 4910 totum
1437 4855 1600 4909 vertit
1643 4855 1752 4910 huc
1780 4865 1835 4909 et
1866 4856 1997 4910 illuc

425 4949 483 5000 in
532 4946 671 5010 solo,
704 4946 763 4998 in
799 4961 908 5014 quo
943 4953 1055 4996 tum
1092 4944 1326 4998 maxime
1364 4943 1611 5008 sedebat,
1651 4952 1704 4998 et
1732 4943 1995 5010 difﬁcilis,

426 5045 488 5087 ut
537 5035 613 5089 ita
653 5034 856 5100 dicam,
911 5043 968 5088 et
1023 5035 1373 5104 importunus
1421 5043 1541 5088 erat
1570 5036 1997 5105 quodammodo,

426 5141 606 5194 neque
654 5125 850 5177 melius
902 5123 1208 5192 dispositus
1259 5139 1420 5192 quam
1461 5125 1725 5179 furentes.
1773 5125 1999 5180 Poteras

419 5220 570 5269 enim
603 5215 786 5267 videre
819 5231 944 5268 eum
999 5224 1256 5282 tanquam
1310 5215 1542 5270 oblitum
1575 5218 1662 5272 sui
1691 5230 1747 5272 et
1789 5228 1998 5288 tempo-

428 5322 547 5359 rum
573 5316 627 5357 et
658 5314 1028 5373 Spectatoruut
1052 5316 1106 5358 et
1131 5307 1236 5359 huc
1265 5306 1391 5359 illuc
1419 5308 1722 5360 trahentem
1744 5307 2000 5360 manibus

426 5405 884 5474 vestimentorum
917 5395 1213 5457 litubos,ct
1243 5397 1605 5450 adducentem
1638 5405 1694 5451 et
1724 5397 2002 5454 deducen-

425 5497 532 5540 tem
569 5495 625 5539 et
660 5499 831 5552 usque
863 5484 928 5537 ad
965 5501 1126 5540 crura
1153 5490 1449 5540 nudautcm
1475 5499 1531 5542 et
1557 5488 1765 5544 femora
1797 5499 1852 5543 et
1883 5489 1998 5544 fere

423 5595 545 5648 quae
605 5594 715 5632 non
769 5579 1032 5632 decorum
1081 5589 1166 5632 est
1225 5583 1514 5636 ostendere
1555 5582 1777 5636 mimico
1830 5581 1995 5636 modo

420 5681 790 5726 ostentantem
837 5672 1015 5726 obiter
1056 5682 1114 5724 ut
1156 5673 1228 5727 ita
1266 5673 1467 5739 dicam,
1518 5688 1696 5742 neque
1747 5673 1990 5729 animum

2104 4673 2212 4725 θῶν
2245 4674 2605 4743 ἀντελοιδόρει
2660 4692 2715 4727 τε
2748 4681 2843 4732 καὶ
2875 4678 3024 4746 παρὰ
3054 4679 3260 4746 φαῦλον
3307 4681 3540 4735 ἐποιεῖτο
3577 4687 3676 4736 καὶ

2105 4765 2236 4817 αὐτὸ
2269 4765 2366 4833 τῆς
2407 4765 2678 4834 καθέδρας
2713 4768 2774 4819 τὸ
2817 4768 3116 4839 εὔσχημον,
3154 4769 3341 4841 ὥσπερ
3371 4772 3474 4836 ἔξω
3523 4775 3678 4840 γενδ-

2104 4869 2261 4921 μενος
2293 4852 2512 4906 ἐαυτοῦ.
2550 4853 2715 4908 Ὅθεν
2753 4856 2816 4925 δη
2873 4861 2966 4909 καὶ
2999 4857 3166 4928 συχνὰ
3197 4861 3588 4930 περιέστρεφεν
3619 4863 3648 4916 ὃ

2105 4943 2198 4997 λον
2227 4945 2419 4998 ἑαυτὸν
2457 4945 2581 5016 τῇδε
2617 4943 2682 5018 μ’.
2710 4945 2810 5000 115
2840 4945 2918 5020 r.]
2953 4949 3174 5002 κάκεῖσε
3203 4951 3288 5018 ἐφ’
3308 4943 3368 5002 οὗ
3381 4969 3477 5018 περ
3515 4953 3675 5022 ἐτυλε

2101 5036 2407 5105 τηνικαῦτα
2436 5037 2671 5091 δαπέδου
2699 5037 3034 5110 καθήμενος,
3075 5043 3168 5095 καὶ
3199 5042 3558 5106 δυσκάθεκτὸς
3587 5063 3673 5106 τις

2104 5121 2170 5198 ἦν
2199 5129 2273 5190 ὡς
2311 5129 2486 5180 εἰπεῖν
2517 5131 2610 5180 καὶ
2664 5129 2992 5196 ἀκάθεκτος,
3023 5131 3120 5184 καὶ
3155 5135 3473 5202 μεμηνότων
3514 5135 3668 5187 οὐδὲν

2103 5218 2449 5288 διακείμενος
2503 5218 2750 5288 ἄμεινον.
2790 5215 2898 5274 Ἱιν
2953 5221 3060 5292 γὰρ
3101 5222 3230 5276 ἰδεῖν
3285 5225 3447 5276 αὐτὸν
3480 5225 3665 5294 ὥσπερ

2107 5313 2474 5382 ἐκλαθόμενον
2498 5313 2692 5364 ἐαυτοῦ
2714 5329 2773 5364 τε
2805 5315 2899 5366 καὶ
2931 5313 3024 5365 τοῦ
3060 5316 3254 5386 καιροῦ
3287 5317 3508 5370 καὶτῶν
3541 5317 3670 5371 θεα-

2107 5403 2234 5466 τῶν,
2267 5404 2361 5454 καὶ
2398 5401 2565 5470 συχνὰ
2601 5403 2980 5472 μεταφέροντα
3014 5409 3130 5468 ταῖς
3156 5409 3342 5477 χερσὶν
3369 5408 3536 5461 αὐτοῦ
3559 5409 3667 5461 τῶν

2109 5493 2339 5562 ἱματίων
2372 5494 2438 5543 τά
2473 5493 2756 5561 κράσπεδα
2788 5494 2880 5548 καὶ
2928 5497 3264 5567 ἀναφέροντα
3298 5501 3388 5551 καὶ
3428 5503 3668 5569 καταρξ-

2105 5599 2289 5653 ροντα,
2315 5581 2408 5634 καὶ
2449 5583 2584 5653 πρός
2619 5600 2684 5650 γε
2711 5586 2927 5655 κνήμας
2976 5604 3034 5639 τε
3075 5587 3386 5654 γυμνοῦντα
3434 5609 3523 5642 και
3559 5609 3665 5657 μη·-

2104 5677 2254 5744 ροὺς,
2302 5675 2392 5725 καί
2451 5691 2564 5738 πως
2617 5675 2651 5728 ἂ
2687 5679 2762 5746 μὴ
2823 5680 2977 5748 θέμις
3015 5679 3327 5745 δείκνυσθαι
3369 5681 3667 5752 θεατρικῶς
