3994 6204
465 215 575 279 295

1628 210 2046 271 NICEPIIORI
2103 209 2305 269 (ἶῐῖΕηῦ
2317 209 2486 270 Oli/IS.

3612 213 3713 276 2.6

460 329 797 397 liberamque
831 325 1036 380 habent
1095 327 1377 381 notionem
1414 340 1429 378 :
1461 338 1584 394 qua:
1641 332 1826 377 autem
1894 323 2037 378 refe-

2144 325 2185 377 δ’
2232 324 2543 395 ἀναφορικά
2580 326 2714 395 πρὸς
2758 324 2963 396 ἄλληλά
3008 325 3071 378 τέ
3114 326 3255 391 ἐστι,
3288 329 3381 378 καί
3411 330 3477 396 τῇ
3518 330 3714 397 μεταξὺ

463 428 662 473 runtur
696 420 842 472 inter
867 432 927 472 se
958 427 1014 471 et
1055 416 1245 472 habitu
1310 425 1504 469 mutuo
1559 415 1854 486 conjuncta
1914 426 2044 470 sunt

460 526 642 582 neque
679 510 790 565 ullo
817 510 979 564 modo
1003 508 1330 563 conceditur
1365 508 1433 562 iis
1496 517 1555 562 ut
1591 507 1910 564 liberiorem
1943 508 2045 565 ha-

462 603 629 656 beant
653 601 1107 671 signiﬁcationem
1138 616 1154 666 ;
1183 609 1243 653 ut
1271 600 1438 669 igitur
1465 599 1631 655 Pater
1666 610 1752 656 est
1781 601 2041 667 essentia,

464 695 635 749 Filius
667 695 929 757 essentia,
968 693 1209 763 Spiritus
1242 700 1469 747 sanctus
1516 693 1778 753 essentia,
1810 693 1885 747 ita
1952 692 2047 749 Pa-

466 795 549 840 ter
577 786 739 840 etiam
777 786 1069 854 sapientia,
1111 783 1276 856 334
1305 783 1478 839 Filius
1518 783 1811 853 sapientia,
1870 783 2046 853 Spiri-

465 889 553 933 tus
579 888 801 934 sanctus
837 878 1106 947 sapientia
1137 895 1152 932 :
1182 878 1458 946 simulque
1499 876 1769 945 sapientia
1806 893 1935 940 una,
1988 886 2048 931 ut

459 973 699 1027 essentia
730 987 858 1032 una,
899 985 1079 1040 neque
1125 985 1258 1024 vero
1287 969 1571 1038 sapientia:
1599 978 1748 1033 tres,
1778 979 1840 1024 ut
1869 985 2048 1040 neque

464 1073 573 1117 tres
605 1061 882 1116 essentize.
925 1060 1062 1117 Cum
1099 1061 1265 1130 igitur
1305 1060 1480 1115 Filius
1508 1060 1686 1115 dicit:
1726 1080 1744 1112 ι
1778 1060 1894 1130 Ego
1924 1076 2045 1115 sum

460 1154 749 1223 sapientia,
784 1172 802 1205 ι
852 1162 907 1207 et
966 1167 1158 1207 rursus
1209 1152 1508 1222 Apostolus
1545 1168 1560 1211 :
1598 1171 1616 1203 ι
1664 1152 1918 1208 Christus
1951 1151 2047 1207 Dei

2147 417 2482 487 συνδεόμενα
2509 417 2691 488 σχέσει
2721 418 2924 489 ἄφετον
2950 418 3095 490 ἔχειν
3117 420 3326 490 οὐδαμῆ
3356 423 3716 495 συγχωρεῖται

2144 510 2244 577 τὴν
2267 510 2564 577 σημασίαν.
2602 509 2815 580 Ὠσπερ
2854 506 2949 563 οὖν
2992 510 3152 563 οὐσία
3194 510 3222 561 6
3264 510 3476 580 Πατὴρ,
3506 510 3661 563 οὐσία
3690 514 3717 564 6

2145 602 2296 665 Υἱὸς.
2326 603 2483 657 οὐσία
2516 602 2578 655 τὺ
2609 600 2831 670 Πνεῦμα
2862 601 2924 654 τὸ
2958 604 3134 669 ἅγιον,
3166 599 3341 664 οὕτως
3381 601 3489 670 ἄρα
3514 602 3608 654 καὶ
3635 618 3717 655 σο-

2147 693 2246 765 φία
2287 694 2317 746 6
2350 693 2562 764 Πατὴρ,
2597 692 2759 761 σοφία
2794 694 2823 745 6
2875 691 3025 754 Υἱὸς,
3067 691 3228 759 σοφία
3273 691 3335 744 τδ
3388 692 3615 761 Πνεῦμα
3661 692 3718 744 τὸ

2146 785 2302 852 ἀγιον
2321 799 2336 814 ’
2365 782 2462 836 καὶ
2483 782 2618 852 ὁμοῦ
2648 782 2746 850 μία
2765 780 2928 848 σοφία
2950 779 3025 843 ὡς
3044 779 3143 848 μία
3165 779 3344 844 οὐσία,
3379 779 3473 832 καὶ
3493 777 3556 830 οὐ
3576 780 3719 848 τρεῖς

2150 876 2336 945 σοφίαι
2365 874 2559 944 ὥσπερ
2587 873 2709 926 οὐδὲ
2740 874 2894 943 τρεῖς
2943 870 3145 925 οὐσίαι.
3176 871 3346 924 Ὅταν
3396 869 3490 924 οῦν
3526 873 3556 924 6
3597 870 3723 934 Υίὸς

2146 966 2306 1037 λέγῃ,
2343 985 2363 1017 ι
2407 963 2553 1033 Ἑγώ
2581 965 2698 1034 εἰμι
2728 964 2762 1033 ἡ
2795 962 2983 1032 σοφία,
3023 979 3042 1013 ι
3086 961 3183 1016 καὶ
3209 961 3280 1016 αὖ
3308 964 3336 1015 6
3378 962 3718 1028 ’Δπόστολος,

2154 1077 2174 1111 ι
2208 1057 2444 1129 Χριστὸς
2489 1055 2627 1109 Θεοῦ
2674 1054 2903 1122 δύναμις
2949 1054 3043 1107 κα)⁸
3078 1054 3216 1107 Θεοῦ
3272 1053 3455 1122 σοφία,
3491 1073 3509 1104 ι
3552 1055 3626 1118 ὡς
3660 1056 3723 1108 ὲκ

2156 1152 2370 1219 Πατρξς
2396 1150 2683 1219 δυνάμεως
2718 1149 2870 1213 ὄντος
2921 1150 3019 1203 καὶ
3060 1150 3252 1220 σοφίας
3282 1151 3506 1213 νοεῖται,
3538 1148 3723 1219 ὥσπερ

463 1247 706 1317 potentia
744 1255 799 1300 et
837 1246 930 1299 Dei
988 1245 1282 1314 sapientia,
1331 1264 1350 1296 ι
1388 1254 1449 1300 ut
1500 1261 1570 1300 ex
1618 1245 1779 1301 Patre
1815 1246 1910 1315 qui
1964 1255 2041 1302 est

2150 1244 2265 1311 φῶς
2294 1245 2359 1296 ὲκ
2394 1241 2572 1313 φωτὸς
2594 1243 2691 1295 καὶ⁵
2717 1240 2850 1304 Θεὸς
2887 1242 2952 1293 ὲκ
2980 1239 3139 1295 Θεοῦ.
3177 1241 3286 1294 Ποῦ
3322 1242 3502 1294 τοίνυν
3536 1242 3634 1296 οὐκ
3661 1243 3725 1295 ἂν

466 1339 711 1408 potentia
748 1346 805 1392 et
830 1336 1126 1406 sapientia,
1173 1336 1393 1406 genitus
1426 1337 1724 1406 cogitatur,
1784 1348 1843 1392 ut
1872 1338 1966 1392 lux
2017 1353 2041 1393 e

2150 1335 2402 1399 ἀσεϐείας
2441 1334 2655 1387 ἐλαύνοι
2694 1334 2787 1386 τὸν
2812 1332 2946 1386 Θεὸν
2974 1333 3302 1386 ὑποκεῖσθαι
3332 1334 3511 1403 λέγειν
3537 1338 3605 1405 τῇ
3641 1352 3726 1387 σο-

464 1432 609 1491 luce,
652 1438 709 1483 et
741 1429 885 1482 Deus
906 1443 934 1481 c
963 1427 1232 1493 Deo.Quo
1256 1427 1420 1497 igitur
1449 1427 1747 1498 impietatis
1779 1444 1887 1482 non
1918 1444 2041 1498 pru-

2151 1427 2252 1498 φίᾳ
2279 1425 2532 1493 καθάπερ
2562 1424 2955 1495 συμϐεϐηκότι,
2989 1426 3084 1477 καὶ
3118 1424 3193 1496 μὴ
3223 1423 3367 1478 εἶναι
3404 1426 3607 1495 μᾶλλον
3630 1426 3726 1496 τὴν

464 1525 643 1587 cedit,
684 1524 776 1593 qui
854 1524 1093 1584 dixerit,
1148 1523 1314 1577 Deum
1375 1538 1495 1579 esse
1551 1525 1901 1594 suppositum
1964 1542 2050 1581 sa-

464 1615 683 1685 pientia:
736 1623 993 1684 tanquam
1025 1614 1324 1678 accidenti,
1361 1631 1538 1683 neque
1566 1616 1893 1685 sapientiam
1925 1614 2048 1673 esse

464 1708 646 1777 potius
697 1705 1031 1770 essentiam;
1079 1720 1259 1775 neque
1328 1707 1500 1761 Deum
1564 1723 1688 1762 esse
1742 1720 1801 1763 ut
1863 1724 2050 1764 essen-

464 1804 595 1858 tiam
620 1817 800 1865 suam,
831 1802 902 1854 ita
934 1800 1100 1854 etiam
1144 1800 1469 1867 sapientiam
1499 1815 1678 1869 suam,
1717 1802 1815 1857 sed
1871 1803 1928 1858 in
1978 1818 2048 1860 eo

464 1902 525 1948 ut
547 1894 602 1947 in
634 1891 923 1961 supposito
960 1904 1221 1959 tanquam
1259 1891 1614 1946 artiﬁciosam
1646 1893 1804 1948 istam
1831 1895 2051 1966 sapien-

463 1984 594 2040 tiam
621 1983 674 2037 in
698 1984 889 2037 animo
944 1982 1214 2036 humano?
1269 1983 1387 2038 Hoc
1441 1984 1588 2038 enim
1646 1977 1825 2041 facere
1877 1987 2046 2042 etiam

464 2089 697 2145 magnus
717 2073 1053 2128 Athanasius
1093 2073 1314 2142 regulas
1341 2084 1396 2128 et
1433 2074 1584 2145 leges
1633 2075 2049 2147 philosophicas

464 2165 716 2219 veritatis
750 2173 975 2217 secutus
1032 2162 1191 2217 valde
1246 2171 1417 2226 vetat,
1462 2162 1767 2232 impietatis
1818 2166 2048 2234 partici-

465 2273 563 2327 pes
595 2255 785 2313 reddit
806 2264 1011 2309 sectam
1053 2268 1244 2307 eorum
1274 2263 1519 2320 secutos,
1557 2254 1652 2325 qui
1714 2255 1770 2309 in
1794 2256 1908 2309 Deo
1965 2257 2049 2311 di-

464 2356 590 2404 cant
611 2361 733 2401 esse
786 2345 1112 2414 sapientiam
1183 2353 1246 2398 ut
1297 2344 1545 2398 habitum
1595 2347 1941 2402 accidentem
1992 2356 2049 2403 et

466 2457 579 2497 non
617 2437 980 2503 accidentem,
1016 2452 1193 2508 neque
1248 2452 1381 2492 vero
1415 2438 1596 2508 ipsum
1647 2455 1774 2495 esse
1831 2440 2049 2511 sapien-

466 2532 618 2587 tiam.
647 2529 748 2584 Hic
778 2530 940 2598 igitur
985 2544 1111 2583 eum
1171 2528 1442 2598 sapientia
1492 2529 1564 2583 sit
1596 2529 1821 2599 duplex,
1877 2534 2048 2585 altera

460 2634 661 2679 ereans
698 2632 755 2676 et
790 2622 962 2691 prima
990 2630 1047 2675 et
1080 2620 1309 2686 faciens,
1344 2623 1515 2676 altera
1567 2632 1772 2684 creata.
1805 2621 2047 2692 itemque

464 2713 637 2766 altera
711 2710 1052 2779 excogitaus,
1109 2711 1279 2765 altera
1339 2711 1665 2785 excogitata,
1723 2710 1851 2765 dein
1916 2712 2045 2766 item

461 2805 639 2857 altera
682 2816 1082 2872 progenerans,
1165 2801 1337 2855 altera
1410 2801 1629 2864 eﬂ'ecta,
1682 2802 1933 2871 sequitur
1988 2810 2049 2856 ut

462 2896 612 2951 illius
653 2893 877 2964 quidem
918 2894 991 2947 sit
1021 2893 1236 2962 genitor
1265 2901 1322 2947 et
1354 2894 1516 2948 Pater
1543 2893 1711 2954 Deus.
1760 2893 1927 2963 hujus
1951 2909 2049 2947 au-

2154 1520 2349 1588 σοφίαν
2388 1518 2600 1581 οὐσίαν,
2635 1517 2773 1588 μηδὲ
2807 1518 2899 1571 τὸν
2923 1517 3056 1571 Θεὸν
3085 1509 3251 1580 εἶναι,
3284 1517 3477 1588 ὥσπερ
3507 1518 3607 1589 τὴν
3636 1520 3728 1571 οὐκ

2157 1610 2280 1662 σίαν
2314 1610 2501 1675 αὐτοῦ,
2536 1609 2679 1663 οὕτω
2707 1611 2802 1663 καὶ⁵
2824 1610 2925 1680 τὴν
2949 1610 3145 1678 σοφίαν
3174 1609 3362 1676 αὑτοῦ,
3396 1608 3513 1663 ἀλλ’
3544 1612 3602 1664 ἐν
3631 1610 3730 1664 αὖ·

2152 1702 2231 1771 τῷ
2246 1702 2321 1766 ὡς
2344 1704 2400 1755 ἐν
2430 1703 2797 1770 ὑποκειμένῳ,
2824 1702 3079 1774 καθάπερ
3100 1705 3201 1774 τὴν
3230 1704 3486 1774 τεχνικὴν
3500 1705 3728 1775 ταυτηνὶ

2154 1795 2350 1863 σοφίαν
2386 1795 2445 1847 ὲν
2465 1794 2780 1865 ἀνθρωπίνῃ
2802 1793 2988 1866 diem;
3020 1795 3195 1850 Τοῦτο
3235 1798 3344 1867 γὰρ
3372 1797 3468 1849 καὶ
3493 1799 3521 1850 6
3554 1799 3729 1867 μέγας

2163 1887 2506 1955 Ἀθανάσιος,
2547 1886 2738 1939 κανόσι
2767 1888 2863 1940 καὶ
2886 1887 3074 1958 νόμοις
3100 1889 3550 1959 ὲπιστημονικοῖς
3591 1889 3728 1959 ἀληη

2153 1978 2303 2042 Θείας
2338 1978 2628 2059 ἑπόμενος,
2652 1976 2772 2030 λίαν
2806 1978 3141 2049 ἀπαγορεύει
3174 1980 3271 2033 καὶ
3298 1982 3554 2045 ἀσεϐείας
3583 1982 3727 2035 ἀπο-

2151 2072 2346 2143 κληροῖ
2369 2070 2691 2134 θιασώταις,
2721 2071 2855 2140 περὶ
2877 2071 2969 2124 τὸν
2998 2071 3131 2123 Θελιν
3161 2066 3299 2125 εἶναι
3328 2072 3596 2138 φάσκουσι
3630 2072 3728 2142 τὴν

2151 2163 2343 2231 σοφίαν
2370 2162 2446 2225 ὡς
2476 2160 2589 2225 ἕξιν
2615 2160 3030 2230 συμϐαίνουσαν
3054 2163 3150 2215 καὶ
3180 2163 3728 2231 ἀποσυμϐαίνουσανν

2151 2253 2247 2305 καὶ
2279 2251 2492 2321 οὐδαμῆ
2523 2266 2587 2317 γε
2633 2250 2833 2318 σοφίαν
2878 2250 3059 2304 αὐτόν.
3098 2252 3304 2322 Διπλῆς
3345 2248 3583 2306 ἐνταῦθα
3613 2271 3729 2307 τοι·

2149 2342 2358 2416 γαροῦν
2385 2343 2488 2414 τῆς
2514 2342 2708 2411 σοφίας
2739 2341 2929 2410 οῦσης,
2965 2343 3064 2409 τῆς
3095 2344 3195 2412 μὲν
3235 2343 3637 2416 δημιουργικῆς
3669 2363 3730 2398 τε

2148 2440 2242 2491 καὶ
2291 2436 2528 2507 ἀρχικῆς
2566 2436 2661 2489 καὶ
2715 2434 3030 2503 ποιητικῆς,
3058 2435 3158 2504 τῆς
3203 2434 3260 2489 δὲ
3289 2437 3732 2506 δημιουργουμέ-

2149 2544 2267 2599 νης,
2296 2528 2392 2581 καὶ
2419 2527 2523 2596 τῆς
2572 2528 2671 2597 μὲν
2700 2526 3051 2596 σοφιζούσης,
3104 2526 3206 2597 τῆς
3247 2527 3304 2580 δὲ
3340 2528 3728 2597 σοφιζομένης,

2148 2621 2245 2673 καὶ
2272 2621 2370 2691 τῆς
2403 2619 2503 2689 μὲν
2547 2619 2925 2688 γεννωμένης,
2963 2618 3063 2687 τῆς
3092 2617 3149 2669 δὲ
3201 2619 3559 2688 ποιουμένης,
3592 2619 3730 2672 έπε-

2149 2729 2240 2765 ται
2268 2711 2366 2780 τῆς
2390 2710 2457 2782 [ί.
2490 2709 2593 2765 152
2622 2706 2700 2780 r.]
2718 2708 2819 2779 μὲν
2850 2697 2991 2762 εἶναι
3022 2708 3325 2778 γεννήτορα
3353 2710 3444 2762 τὸν
3475 2708 3608 2763 Θεὸν
3630 2710 3730 2766 καὶ

2149 2804 2395 2873 Πατέρα,
2429 2803 2531 2866 τῆς
2561 2802 2617 2855 δὲ
2673 2803 2906 2873 ποιητὴν
2933 2803 3025 2854 καὶ
3068 2801 3430 2871 δημιουργὸν,
3456 2802 3551 2855 καὶ
3583 2797 3729 2859 εἶναι

2147 2896 2237 2950 διά
2265 2895 2439 2949 ταῦτα
2464 2894 2560 2948 καὶ
2594 2893 2799 2947 τούτων
2829 2894 2930 2963 τὴν
2972 2893 3072 2963 μὲν
3118 2894 3305 2947 οὐσίαν
3341 2895 3515 2949 ἀΐδιόν
3543 2914 3602 2949 τε
3630 2900 3730 2952 καὶ

464 2999 573 3042 tem
599 2985 794 3041 artifex
827 2994 884 3038 et
921 2992 1164 3047 creator,
1199 2992 1254 3037 et
1302 2993 1362 3037 ut
1399 2993 1690 3053 propterea
1729 2984 1923 3038 harum
1976 2984 2041 3039 sit

2148 2992 2423 3060 ἄτρεπτον
2449 2988 2544 3040 καὶ
2591 2987 2856 3055 ἀκίνητον
2887 2986 3018 3056 (δεῖν
3053 2986 3162 3058 γὰρ
3201 2982 3344 3040 εἷναι
3371 2989 3731 3044 παντάπασιν

461 3080 633 3134 altera
665 3075 913 3131 essentia
948 3074 1283 3142 sempiterna
1309 3083 1365 3128 et
1408 3076 1634 3131 immota
1699 3083 1757 3130 et
1787 3076 2045 3130 immuta-

463 3168 614 3231 bilis,
656 3181 782 3220 cum
805 3173 1057 3235 oporteat
1096 3179 1225 3219 esse
1283 3166 1510 3219 omnino
1570 3166 1867 3221 essentiam
1921 3181 2044 3236 qua:

463 3259 722 3313 universa
748 3258 981 3331 primum
1022 3266 1239 3310 moveat
1301 3257 1584 3310 immotam
1636 3265 1692 3312 et
1730 3272 1828 3327 per
1875 3272 1936 3312 se
1986 3267 2043 3313 et

463 3346 855 3419 peraccidens,
907 3347 1086 3401 altera
1141 3354 1328 3400 autem
1374 3362 1593 3417 semper
1645 3347 1929 3403 mutabilis
1989 3355 2045 3401 et

463 3441 682 3495 mobilis
711 3450 767 3493 et
831 3453 1051 3508 semper
1108 3447 1255 3492 mota
1303 3439 1609 3493 secundum
1671 3439 1884 3494 similes
1943 3437 2039 3508 qui

464 3533 519 3588 in
553 3533 889 3587 creationem
915 3542 970 3585 et
1009 3533 1306 3586 essentiam
1336 3541 1394 3585 et
1441 3531 1698 3586 ordinem
1748 3531 1887 3586 ﬁunt
1911 3546 2041 3600 pro.

463 3629 664 3678 ventus
692 3638 884 3676 eorum
910 3637 1032 3690 quae
1049 3620 1211 3692 335
1233 3621 1378 3691 apud
1410 3636 1513 3676 nos
1563 3630 1716 3687 sunt,
1772 3631 1828 3675 et
1858 3621 2034 3675 inter-

461 3716 593 3769 dum
638 3732 704 3769 ex
741 3714 972 3769 tnonade
998 3714 1225 3768 deﬁnita
1252 3714 1307 3767 in
1367 3712 1740 3768 multitudinis
1797 3711 2041 3768 inﬁnita-

462 3817 573 3862 tem
631 3808 897 3877 procedat
972 3806 1339 3869 iudelinitam;
1403 3804 1686 3859 interdum
1734 3815 1920 3860 autem
1973 3819 2042 3859 ex

464 3900 671 3953 unitate
695 3898 921 3953 delinita
948 3900 1254 3953 secundum
1282 3898 1693 3967 appositionem
1724 3897 1794 3951 ad
1852 3895 2039 3951 inﬁni-

463 4000 631 4045 tatem
667 3993 880 4045 recedat
903 3989 1266 4043 indeﬁnitam.
1304 3987 1539 4043 Generis
1567 3989 1714 4044 enim
1752 3987 2039 4057 cujusdam

460 4081 712 4135 obtinere
741 4090 798 4136 et
827 4081 1060 4134 rationis
1091 4081 1271 4135 locum
1306 4080 1475 4133 etiam
1509 4078 1868 4133 artiﬁciosam
1894 4079 2038 4131 hanc

459 4167 782 4234 sapientiam
814 4168 1074 4222 dixerunt
1103 4178 1317 4223 veteres
1333 4168 1646 4238 philosOphi
1675 4178 1733 4223 et
1765 4166 1999 4237 theologi
2020 4182 2038 4232 3

458 4267 628 4325 atque
658 4266 719 4311 ut
752 4273 932 4327 neque
974 4273 1147 4329 genus
1169 4260 1361 4314 abesse
1390 4270 1571 4329 potest
1605 4260 1676 4314 ab
1707 4260 1776 4314 iis
1802 4273 2038 4329 quarum

2143 3078 2243 3148 τὴν
2278 3078 2344 3130 τὰ
2399 3078 2579 3133 πάντα
2626 3076 2863 3148 πρώτως
2918 3076 3186 3130 κινοῦσαν
3240 3077 3430 3132 οὐσίαν
3464 3080 3731 3148 ἀκίνητον

2144 3167 2268 3222 καθ’
2300 3167 2434 3221 αὓτό
2467 3184 2527 3220 τε
2563 3166 2681 3237 ἅμα
2706 3168 2802 3220 καὶ
2832 3168 2973 3220 κατά
3002 3168 3399 3240 συμϐεϐηκὸς),
3440 3171 3542 3242 τὴν
3565 3172 3609 3224 δ’
3639 3174 3733 3226 ἀεὶ

2143 3261 2388 3332 τρεπτὴν
2434 3262 2530 3315 καὶ
2582 3260 2882 3330 ἀλλοιωτὴν
2913 3262 3008 3315 καὶ
3051 3263 3141 3317 ἀεὶ
3197 3263 3526 3337 κινουμένην
3582 3268 3733 3321 κατά

2143 3349 2242 3409 τὰς
2277 3351 2357 3411 είς
2406 3349 2624 3417 γένεσιν
2670 3349 2767 3402 καὶ
2797 3349 3054 3401 οὐσίωσιν
3084 3352 3178 3403 καὶ
3221 3351 3380 3416 τάξιν
3423 3354 3732 3422 ἀναλόγους

2148 3441 2410 3512 προόδους
2438 3441 2546 3493 τῶν
2578 3437 2702 3494 καθ’
2726 3442 2897 3510 ἡμᾶς,
2927 3443 3022 3493 καὶ
3055 3440 3151 3495 νῦν
3191 3441 3291 3511 μὲν
3317 3439 3377 3509 ἐξ
3407 3444 3731 3517 ὡρισμένης

2149 3532 2378 3601 μονάδος
2432 3534 2510 3594 είς
2562 3533 2803 3604 πλήθους
2850 3534 3110 3604 ἀπειρίαν
3139 3534 3398 3617 ἀνιοῦσαν
3447 3535 3729 3606 ἀόριστον,

2143 3624 2241 3678 νῦν
2270 3625 2317 3678 δ’
2346 3624 2405 3691 ἐξ
2436 3624 2752 3694 ὡρισμένης
2796 3624 3051 3695 ὁλότητος
3093 3628 3214 3679 κατ’
3258 3628 3729 3700 ὰντιπεπόνθησιν

2143 3718 2281 3787 πρὸς
2307 3719 2569 3787 ἀπειρίαν
2586 3716 2888 3771 κατιοῦσαν
2919 3718 3200 3790 ἀόριστον.
3224 3719 3424 3785 Γένους
3450 3722 3560 3791 γάρ
3575 3738 3731 3786 τινος

2143 3810 2366 3880 ἐπέχειν
2418 3811 2513 3863 καὶ
2563 3810 2705 3873 ίδέας
2736 3810 2904 3863 τόπον
2935 3810 3030 3863 καὶ
3068 3812 3166 3879 τὴν
3218 3813 3478 3883 τεχνικὴν
3515 3815 3729 3885 ταύτην

2146 3902 2341 3970 σοφίαν
2367 3899 2582 3970 ἔφασαν
2627 3902 2676 3953 oi
2710 3901 2877 3956 πάλαι
2907 3902 3376 3972 φιλοσοφήσαντες
3405 3904 3499 3957 καὶ
3543 3896 3759 3959 θεολο-’

2143 3995 2434 4064 γήσαντες.
2468 3994 2579 4047 Καὶ
2605 3995 2678 4056 ὡς
2711 3992 2836 4047 οὔτε
2863 3994 2926 4049 τδ
2949 3996 3106 4065 γένος
3144 3998 3371 4050 ἀπεῖναι
3394 3997 3624 4051 δυνατὸν
3646 3994 3729 4052 ὧν

2142 4086 2258 4138 ἐστι
2282 4084 2439 4153 γένος
2470 4084 2627 4137 εἰδῶν
2656 4086 2751 4138 καὶ
2778 4087 3022 4156 ἀτόμων,
3068 4085 3182 4140 οὔτ’
3206 4082 3276 4141 αὖ
3316 4087 3417 4157 τὴν
3449 4087 3596 4141 ἰδέαν
3633 4089 3732 4143 οῦ-

2143 4190 2243 4226 σαν
2271 4172 2458 4226 οὐσίαν
2481 4165 2558 4224 ὧν
2585 4174 2737 4225 ἐστιν
2765 4172 2881 4226 ίδέα
2906 4177 3271 4244 πραγμάτων,
3293 4175 3467 4239 οὕτως
3484 4176 3604 4265 σιξδὲ
3626 4179 3732 4248 τὴν

2139 4263 2395 4335 τεχνικὴν
2430 4265 2624 4332 σοφίαν
2662 4265 2831 4335 χωρὶς
2865 4261 3009 4320 εἶναι
3049 4267 3158 4320 τῶν
3190 4270 3315 4321 καθ’
3357 4261 3568 4324 ἕκαστά
3600 4275 3734 4324 ταύ-

458 4359 544 4403 est
570 4364 743 4416 genus
760 4348 952 4404 formis
980 4359 1037 4404 et
1060 4350 1279 4416 atomis,
1332 4364 1512 4420 neque
1561 4350 1702 4405 ratio
1760 4363 1885 4420 qua:
1946 4359 2035 4405 est

2144 4374 2242 4426 της
2296 4356 2455 4411 εἰδῶν
2489 4356 2584 4409 καὶ
2637 4358 2881 4428 ἀτόμων,
2916 4360 2979 4412 ού
3043 4361 3246 4430 μᾶλλόν
3286 4362 3337 4429 γ’
3369 4365 3436 4416 ἂν
3486 4364 3518 4434 ἢ
3554 4364 3618 4417 τά
3669 4368 3731 4418 ὲν

457 4440 697 4494 essentia
725 4439 794 4494 ab
836 4441 922 4506 iis,
953 4456 1188 4509 quarum
1233 4449 1320 4495 est
1349 4443 1490 4496 ratio
1535 4441 1723 4508 rebus,
1754 4441 1834 4495 ita
1859 4455 2041 4512 neque

456 4531 811 4585 artiﬁciosem
848 4530 1174 4601 sapientiam
1202 4531 1511 4602 sejunctam
1567 4545 1690 4589 esse
1750 4546 1782 4586 a
1809 4532 2041 4602 quibus-

457 4637 566 4691 que
595 4623 755 4694 hujus
786 4621 980 4678 formis
1001 4634 1058 4679 et
1085 4625 1286 4679 atomis
1323 4639 1340 4678 :
1373 4640 1486 4679 non
1510 4625 1682 4695 magis
1738 4613 1902 4694 quam
1941 4639 2039 4680 su-

459 4714 710 4784 perﬁcies
733 4730 1049 4783 corporum,
1072 4732 1210 4786 quas
1232 4726 1290 4771 et
1315 4717 1460 4786 ipsas
1483 4732 1593 4772 non
1624 4732 1745 4772 esse
1796 4732 2033 4786 unquam

457 4820 555 4871 per
580 4819 637 4857 se
665 4804 869 4859 scimus
908 4806 1024 4860 sive
1050 4807 1350 4876 suppositis
1382 4821 1619 4876 quorum
1672 4817 1803 4861 sunt
1845 4823 2037 4877 super-

458 4893 627 4946 ﬁcies.
673 4893 876 4949 Omnes
897 4895 1066 4965 igitur
1090 4897 1337 4950 scientiae
1394 4903 1451 4950 et
1485 4905 1633 4949 artes
1660 4897 1942 4966 sapientes
1965 4912 2035 4952 ex

456 4987 559 5040 hac
609 4991 883 5057 sapeutia
944 4989 1246 5044 artiﬁciosa
1290 4989 1552 5057 pendent,
1616 4990 1768 5045 velut
1829 4990 2033 5046 diversi

452 5079 651 5134 radicis
701 5082 865 5136 unius
896 5081 1034 5135 rami
1080 5087 1177 5135 :et
1208 5091 1268 5133 ut
1298 5080 1445 5135 Deus
1495 5089 1580 5135 est
1618 5081 1868 5137 omnium
1929 5097 2035 5137 au-

452 5179 574 5225 ctor
603 5181 661 5227 et
716 5172 1032 5242 progenitor
1063 5210 1079 5237 ,
1119 5170 1196 5224 ita
1235 5170 1404 5225 etiam
1448 5170 1614 5241 hujus
1662 5186 1728 5226 ex
1783 5187 1890 5242 qua
1951 5172 2031 5227 illi

449 5264 713 5331 pendent.
744 5262 1109 5330 Quamobrem
1143 5262 1219 5317 ibi
1264 5261 1489 5332 quidem
1544 5264 1862 5334 conjunctio
1911 5280 2033 5319 mu-

452 5368 543 5408 tua
577 5364 633 5409 et
664 5356 858 5409 relatio
909 5357 1090 5409 locum
1156 5354 1374 5410 obtinet
1443 5365 1504 5409 ut
1562 5356 1841 5425 propriam
1914 5358 2023 5411 vim

450 5448 678 5500 omnino
697 5449 967 5500 sinceram
1005 5457 1207 5509 servet.
1243 5464 1367 5502 cum
1393 5450 1507 5502 sint
1530 5449 1776 5518 ejusdem
1809 5451 2026 5518 generis

448 5538 577 5590 etid
604 5538 747 5606 quod
773 5538 1042 5591 dividitur
1093 5549 1150 5593 et
1180 5554 1242 5594 ea
1313 5540 1368 5593 in
1415 5555 1537 5608 quae
1586 5539 1893 5597 dividitur:
1937 5539 2025 5593 hic

443 5641 626 5683 autem
668 5629 908 5685 illacqu
946 5632 1055 5685 sint
1094 5648 1269 5703 usque
1319 5634 1386 5688 ad
1418 5633 1592 5688 solam
1645 5648 1835 5688 vocem
1887 5636 2020 5688 arti-

2143 4449 2366 4519 σώμασι
2406 4448 2702 4520 χρώματα,
2746 4449 2782 4502 a
2816 4451 2911 4503 καὶ
2939 4451 3080 4505 αὐτὰ
3112 4453 3189 4522 μὴ
3229 4448 3370 4508 εἷναί
3418 4473 3549 4509 ποτε
3597 4458 3729 4509 καθ’

2139 4541 2282 4596 αὐτὰ
2308 4541 2466 4610 ίσμεν
2482 4540 2615 4595 ἄνευ
2633 4534 2710 4595 ὧν
2729 4543 2877 4595 ἐστιν
2897 4543 3280 4615 ὑποκειμένων
3296 4547 3584 4618 χρώματα.
3609 4550 3733 4603 115i-

2139 4649 2234 4686 σαι
2264 4632 2446 4685 τοίνυν
2478 4631 2783 4702 ἐπιστῆμαι
2803 4632 2900 4685 καὶ
2921 4634 3108 4704 τέχναι
3141 4639 3304 4703 σοφαὶ
3327 4638 3425 4707 τῆς
3459 4640 3727 4707 τεχνικῆς

2137 4722 2341 4793 ταύτης
2374 4725 2569 4792 σοφίας
2605 4723 2954 4795 ὲξήρτηνται,
2986 4727 3242 4798 καθάπερ
3283 4728 3519 4801 διάφορα
3561 4733 3728 4801 ῥίζης

2139 4816 2269 4884 μιᾶς
2298 4814 2680 4886 βλαστήματα.
2704 4817 2811 4868 Καὶ
2834 4816 2984 4870 ἐστιν
3014 4816 3204 4890 ὥσπερ
3223 4819 3429 4873 τούτων
3458 4821 3725 4875 ἁπάντων

2143 4907 2317 4970 αἴτιος
2336 4907 2429 4959 καὶ
2464 4907 2826 4977 προαγωγεὺς
2855 4908 2884 4959 6
2904 4907 3058 4971 Θεὸς,
3083 4909 3226 4962 οὕτω
3258 4911 3353 4964 καὶ
3378 4911 3589 4983 ταύτης
3623 4912 3726 4980 ἀφ’

2133 4993 2202 5069 ἦς
2220 5000 2424 5052 ἐκεῖνα.
2440 4999 2641 5069 Διόπερ
2656 5001 2774 5052 ἐκεῖ
2797 5001 2897 5069 μὲν
2930 5001 2963 5069 ἡ
2987 5002 3216 5073 σχετικὴ
3242 5004 3511 5073 συνάφεια
3539 5004 3632 5058 καὶ
3651 5005 3723 5057 ἀ-

2134 5089 2345 5159 ναφορὰ
2390 5089 2577 5156 χώραν
2626 5088 2741 5159 ἔχει
2770 5088 2830 5141 τὸ
2868 5090 3069 5144 οἰκεῖον
3099 5090 3320 5162 ἀξίωμα
3366 5095 3724 5147 παντάπασιν

2133 5182 2512 5249 ἀκαπήλευτον
2529 5180 2949 5247 διασώζειν.ἆτε
2980 5185 3151 5246 ὄντων
3181 5187 3461 5256 ὁμογενῶν
3481 5189 3719 5256 ἀμφοῖν,

2131 5272 2226 5324 τοῦ
2250 5289 2307 5324 τε
2336 5272 2726 5343 διαιρουμένου
2741 5275 2838 5326 καὶ
2858 5274 2994 5345 πρὸς
3011 5276 3352 5348 ἀδιαιρεῖται
3373 5296 3388 5311 ι
3407 5280 3643 5333 ἐνταῦθα
3655 5279 3724 5334 δὲ

2136 5365 2299 5434 μέχρι
2342 5365 2511 5433 μόνης
2554 5365 2823 5437 ἐνάρθρου
2859 5367 2955 5422 καὶ
3000 5370 3347 5441 σημαντικῆς
3397 5374 3583 5441 φωνῆς
3622 5377 3723 5425 αἱ-

2130 5456 2292 5507 τιατὰ
2316 5454 2449 5509 ὄντα
2468 5456 2626 5509 ,αὐτὰ
2650 5458 2788 5527 πρὸς
2816 5458 2908 5513 τὸν
2937 5460 3117 5514 αὐτῶν
3139 5463 3314 5515 αἴτιον
3342 5464 3438 5515 καὶ
3481 5462 3721 5533 ποιητὴν

2130 5546 2227 5614 τὴν
2252 5548 2535 5617 ἀναφορὰν
2565 5550 3053 5607 ἀπευθύνει,Ὤστε
3089 5555 3403 5607 διαϐάλλειν
3440 5556 3542 5625 μὲν
3586 5556 3720 5625 ἥκι-

2132 5654 2232 5689 στα
2258 5638 2476 5692 πάντων
2494 5640 2633 5707 ἐστὶ,
2658 5642 2956 5712 θαυμάζειν
2973 5645 3016 5696 δ’
3031 5641 3123 5697 οὖν
3147 5647 3294 5710 ἄξιον
3314 5650 3547 5718 μάλιστα
3584 5666 3723 5701 παν-
