3994 6204
474 280 585 344 299

1672 273 2093 335 NICEPHORI
2135 270 2528 333 GREGOR/E

3594 272 3706 335 3θο

478 409 530 451 «ιι
557 400 863 453 int-reatum
901 408 1000 465 per
1029 407 1111 461 se,
1139 393 1412 463 simulque
1459 391 1628 447 multa
1695 392 1913 447 locutus
1938 374 2040 455 est,

2153 393 2242 460 τῆς
2276 392 2461 453 οὐσίας
2505 386 2599 441 καὶ
2631 386 2889 441 ἄκτιστον
2920 387 3045 441 καθ’
3083 388 3234 442 αύτό.
3275 387 3382 441 Καὶ
3416 387 3531 458 ἅμα
3582 392 3712 443 ἑπο-

480 486 716 556 plnritna
742 496 1044 537 conserens
1072 481 1319 552 ejusdem
1356 489 1564 534 natura:
1593 488 1650 534 et
1677 480 1892 533 ordinis
1915 494 2038 534 cum

482 577 757 646 prioribus
813 574 918 630 illis
952 583 1011 628 et
1042 573 1238 627 mediis
1271 572 1539 627 conviciis
1566 573 1707 642 ejus,
1745 588 1812 626 ne
1842 574 1946 626 alia
1986 574 2040 626 in

478 670 640 723 aiiam
665 676 868 722 mutata
903 680 1120 734 semper
1146 664 1323 718 etsibi
1359 678 1673 733 repugnans
1705 674 1849 720 esset
1904 662 2046 720 Cha-

479 763 615 815 lana:
647 775 796 813 novae
828 758 994 811 turris
1020 757 1280 811 aediﬁcata
1310 765 1367 810 et
1416 771 1758 827 quaecunque
1790 757 1856 811 ad
1916 774 2044 826 pur-

480 855 753 924 gationem
787 852 909 922 igne
937 849 1173 920 egebant
1219 847 1574 905 Sodomitico.
1628 849 1731 904 Sed
1774 848 2044 919 Gregoras

481 945 754 1013 plerisque
785 940 1163 1011 praetermissis
1214 941 1327 995 haec
1356 942 1407 995 ei
1463 939 1601 995 dixit
1636 956 1649 993 :
1683 940 1737 995 Si
1763 940 1913 994 aliud
1960 953 2045 997 est

481 1050 668 1089 creare
698 1043 756 1088 et
794 1031 1129 1098 increatnm,
1163 1031 1466 1087 secundum
1497 1040 1571 1093 te.
1633 1044 1851 1099 semper
1878 1031 2045 1100 igitur

482 1133 620 1188 erat,
650 1130 707 1176 et
742 1121 1057 1175 necessario
1080 1121 1190 1191 jam
1220 1120 1445 1183 accidit,
1480 1128 1541 1173 ut
1575 1119 1687 1173 sint
1723 1120 1884 1172 simul
1916 1134 2042 1173 cum

480 1215 743 1267 Creatore
770 1214 1103 1281 sempiterna
1158 1227 1279 1280 quae
1302 1212 1494 1266 eﬁ‘ecta
1535 1221 1684 1276 sunt;
1719 1227 1840 1265 cum
1874 1212 2042 1278 enim,

482 1305 784 1359 secundum
844 1313 917 1366 te,
948 1317 1168 1371 semper
1229 1310 1375 1356 esset
1434 1300 1661 1355 Creator
1720 1309 1777 1355 et
1831 1316 2048 1369 semper

482 1405 714 1460 crearet,
748 1408 966 1464 semper
998 1394 1166 1464 igitur
1215 1403 1334 1447 erat
1362 1392 1525 1447 etiam
1589 1391 1828 1446 mundus
1880 1391 2045 1445 simul

481 1502 605 1541 cum
640 1483 898 1540 Creatore
936 1501 953 1542 :
993 1485 1046 1538 id
1078 1484 1224 1554 quod
1277 1485 1522 1552 ineptum
1554 1492 1640 1537 est
1689 1492 1745 1538 et
1794 1474 2045 1553 impium.

480 1576 781 1632 Providere
812 1576 960 1630 enim
988 1576 1158 1631 semel
1199 1575 1400 1629 creatis
1423 1575 1569 1629 Deus
1599 1572 1806 1629 dicitur
1848 1583 1903 1628 et
1932 1588 2050 1628 ser-

482 1684 610 1724 vare
697 1669 1002 1723 secundum
1082 1682 1247 1737 quam
1333 1666 1475 1721 facta
1560 1678 1690 1723 sunt
1759 1667 2045 1734 rationem,

480 1775 663 1829 neque
691 1774 820 1814 vero
847 1774 1070 1823 creare;
1112 1772 1236 1811 cum
1270 1773 1379 1811 non
1410 1757 1692 1828 indigeant
1721 1760 2045 1813 accessione
2074 1732 2122 1793 Β

480 1865 669 1921 opera.
698 1863 818 1918 quae
841 1848 1025 1902 omnia
1058 1848 1147 1902 die
1191 1847 1424 1916 septimo
1479 1847 1658 1901 ﬁnivit
1688 1864 1702 1902 :
1738 1847 2046 1917 prazsertim

479 1958 603 1996 cum
630 1939 980 1995 efﬁcientiam
1006 1948 1061 1993 et
1088 1938 1306 1993 efficere
1338 1938 1480 1993 idem
1511 1952 1635 1994 esse
1676 1948 1732 1992 et
1766 1938 1883 2006 ipse
1909 1952 2048 1993 con-

479 2033 675 2097 cedas;
708 2030 1003 2087 efﬁcientia
1034 2043 1216 2085 autem
1266 2038 1351 2084 est
1383 2030 1555 2084 motio
1611 2029 1813 2084 eﬁ‘eeta
1874 2029 2050 2099 magis

480 2140 645 2195 quam
677 2122 946 2177 efﬁciens.
985 2120 1042 2176 Si
1092 2122 1235 2174 enim
1277 2120 1694 2181 esteiﬁcicntia.
1718 2122 1795 2175 ait
1821 2135 2050 2190 magnus

483 2217 536 2269 in
572 2214 843 2284 theologia
869 2212 1193 2281 Gregorius,
1217 2212 1494 2265 efﬁcietur
1551 2210 1835 2275 videlicet,
1867 2225 2045 2279 neque

482 2322 612 2361 Vero
641 2304 845 2360 efﬁciet
875 2319 888 2355 :
915 2312 971 2357 et
1011 2302 1341 2370 simulatque
1372 2301 1536 2371 339
1566 2300 1761 2354 effecta
1811 2311 1894 2356 est
1949 2302 2051 2356 de-

482 2401 647 2453 sinet.
676 2397 845 2451 Desiit
878 2396 1063 2464 itaque
1091 2397 1151 2446 τὸ
1175 2410 1364 2448 creare
1405 2395 1608 2449 coelum
1648 2393 1797 2448 aliud
1833 2402 1887 2448 et
1938 2401 2050 2449 ter-

484 2504 598 2544 ram
632 2489 793 2543 aliam
823 2498 881 2542 et
932 2486 1102 2541 solem
1137 2495 1194 2540 et
1263 2486 1445 2539 sidera
1507 2495 1564 2541 et
1621 2485 1748 2539 talia
1801 2484 2046 2555 quidem,

485 2592 648 2650 atque
678 2578 720 2634 si
748 2579 927 2643 desiit,
962 2577 1126 2631 etiam
1155 2578 1371 2630 inititnn
1398 2577 1593 2631 habuit
1620 2576 1867 2630 omnino.
1894 2575 2050 2641 Quod

485 2684 668 2727 autem
702 2671 896 2740 incipit
924 2680 979 2725 et
1016 2670 1217 2725 desinit
1246 2669 1523 2738 quomodo
1555 2669 1697 2724 idem
1721 2684 1842 2723 esse
1876 2675 2054 2737 potest

484 2782 609 2821 cum
637 2780 726 2829 eo,
758 2763 904 2833 quod
955 2777 1134 2832 neque
1170 2761 1363 2828 incipit
1418 2775 1597 2830 neque
1650 2760 1898 2814 desinit?
1943 2775 2051 2814 non

485 2860 653 2928 igitur
680 2871 869 2912 creare
898 2856 1294 2924 sempiternum
1324 2863 1407 2908 est
1440 2852 1600 2906 simul
1651 2868 1775 2907 cum
1815 2853 1942 2906 Deo.
1984 2851 2053 2906 Ut

486 2951 633 3002 enim
657 2947 799 3017 ignis
822 2955 1014 2999 natura
1049 2953 1132 2997 est
1163 2942 1391 2996 facultas
1425 2942 1642 3006 urettdi,
1665 2951 1723 2995 ut
1748 2943 1843 2996 Dei
1876 2942 2051 2996 facul—

489 3048 571 3091 tas
594 3035 841 3096 creandi,
869 3033 1161 3089 efﬁcientia
1196 3042 1377 3087 autem
1407 3041 1691 3095 esturere,
1710 3034 1855 3102 quod
1887 3034 2049 3088 etiam

495 3137 768 3197 praesente
796 3139 886 3191 eo,
920 3125 1070 3194 quod
1126 3125 1209 3179 uri
1270 3132 1467 3195 potest,
1537 3123 1760 3179 efﬁcere
1810 3124 2048 3189 videtur,

492 3221 719 3276 absente
749 3228 930 3274 autem
976 3214 1069 3273 illo
1107 3218 1271 3273 etiam
1332 3219 1476 3272 ustio
1534 3218 1713 3280 abest.
1777 3217 1853 3273 ita
1885 3209 2049 3274 etiam

487 3314 543 3369 in
576 3321 799 3367 creante
852 3311 998 3367 dicat
1045 3311 1289 3380 aliquis:
1327 3311 1384 3363 Si
1425 3310 1580 3365 adest
1644 3310 1790 3380 quod
1853 3312 2052 3366 debeat

486 3404 663 3458 creari
701 3404 882 3458 locum
918 3403 1150 3457 fortasse
1206 3401 1419 3456 obtinet
1465 3402 1630 3454 etiam
1703 3417 1941 3467 creare;
2004 3401 2049 3455 si

488 3498 624 3551 illud
654 3496 831 3559 deest,
859 3495 1022 3550 desiit
1048 3494 1210 3549 etiam
1272 3508 1483 3547 creare.
1540 3492 1749 3548 Deinde
1799 3493 2048 3548 efﬁcien-

490 3591 621 3644 tiam
662 3592 802 3642 ltanc
830 3602 951 3656 quae
977 3596 1059 3640 est
1100 3587 1154 3638 in
1187 3585 1389 3638 rrcatis
1428 3585 1774 3653 ‘cumpos‘itis
1824 3597 2052 3638 necesse

487 3689 572 3733 est
604 3677 849 3747 cogitare
877 3685 936 3731 ut
987 3676 1289 3729 motionem
1316 3675 1595 3737 eﬁ‘ectam,
1631 3684 1696 3728 ut
1725 3675 1947 3728 divinus
1972 3675 2051 3729 ait

487 3771 731 3828 Joannes
782 3767 1171 3830 Datnaseenus,
1219 3782 1341 3836 quin
1399 3776 1480 3819 est
1514 3766 1680 3820 etiam
1722 3765 1915 3820 relatio
1954 3780 2052 3818 ex-

488 3873 662 3918 trema
692 3863 1059 3931 coniungens,
1092 3872 1268 3928 neque
1299 3858 1417 3912 sine
1445 3857 1630 3912 relatis
1661 3857 1886 3927 cogitari
1960 3873 2082 3926 νοτ

486 3966 610 4010 test.
647 3955 902 4009 Extrema
958 3963 1140 4007 autem
1186 3952 1311 4006 dieo
1367 3951 1585 4005 efﬁcere
1633 3962 1687 4005 et
1738 3950 1995 4006 eﬁ‘ectum
2035 3968 2050 4004 :

488 4047 659 4100 nmtio
694 4055 881 4098 autem
912 4050 997 4099 est
1028 4043 1082 4096 in
1116 4052 1364 4109 tempore
1401 4051 1459 4096 et
1494 4042 1693 4110 prioris
1758 4049 1815 4096 et
1866 4050 2053 4111 poste-

488 4138 650 4189 rioris
679 4135 968 4205 praesentia
998 4133 1438 4197 administratur,
1493 4132 1698 4187 ﬁnibus
1737 4139 2048 4201 temporum

487 4237 543 4276 «ιι
574 4229 812 4278 locorum
851 4222 1029 4289 subjic
1052 4236 1152 4274 ens
1214 4222 1525 4275 libertatem
1558 4238 1572 4273 :
1603 4236 1768 4289 quam
1825 4221 2051 4289 quidem

489 4316 603 4370 Deo
628 4312 958 4377 attribuere,
994 4311 1240 4364 omnium
1271 4319 1356 4364 est
1379 4310 1806 4379 ineptissimum.
1831 4310 2053 4380 Cogita-

2147 483 2433 551 λυλόγησε,
2474 482 2699 534 πλεῖστα
2728 483 2988 552 συνείρων
3030 482 3251 551 ὁμοφυᾶ
3280 484 3375 534 καὶ
3420 477 3712 553 δμόστοιχα

2146 577 2260 637 τοῖς
2295 575 2581 644 προτέροις
2601 574 2828 635 ἐκείνοις
2866 578 2961 627 καὶ.
2998 573 3183 643 μέσοις
3219 573 3567 643 βλασφήμοις
3612 581 3711 629 αὖ-

2145 668 2264 731 τοῦ,
2309 667 2395 720 ἴνα
2426 666 2491 738 [ί.
2523 666 2627 720 155
2654 664 2728 736 r.]
2781 667 2855 736 μὴ
2889 666 3324 735 ἁλλοπρόσαλλός
3365 683 3447 729 τις
3532 669 3625 721 καὶ
3653 673 3716 721 ἁ-

2149 758 2436 827 σύμφωνος
2473 758 2655 826 ἑαυτῷ
2683 758 2711 809 6
2739 756 2841 824 τῆς
2869 756 2995 819 νέας
3038 757 3293 827 Χαλάνης
3326 758 3539 829 πύργος
3570 761 3716 812 οξκο-

2148 850 2508 921 δομούμενος,
2539 849 2636 903 καὶ
2665 849 2764 903 ὅσα
2811 849 2907 903 τοῦ
2934 849 3287 919 Σοδομιτικοῦ
3340 852 3513 921 πυρῆς
3546 851 3713 903 ἐδεῖτο

2147 944 2282 1009 πρὸς
2344 940 2631 1010 κάθαρσιν.
2676 941 2817 993 Ἀλλ’
2862 942 2890 993 6
2945 940 3232 1012 Γρηγορᾶς
3286 941 3424 1009 πρὸς
3453 942 3618 994 αὐτὸν
3647 942 3713 995 τὰ

2147 1033 2321 1085 πλείω
2353 1032 2548 1100 παρεὶς
2574 1030 2759 1087 ἐκεῖνά
2788 1049 2976 1101 φησιν·
3010 1032 3070 1084 Ei
3103 1032 3232 1087 ἄλλο
3265 1034 3327 1085 τὸ
3361 1033 3712 1102 δημιουργεῖν

2150 1128 2244 1179 καὶ
2298 1127 2557 1179 ἄκτιστον
2604 1126 2749 1179 κατὰ
2789 1124 2870 1189 σὲ,
2902 1124 2989 1178 ἀεὶ
3024 1125 3131 1194 ἄρα
3176 1119 3268 1194 ἦν,
3301 1125 3393 1177 καὶ
3425 1124 3712 1194 συμϐαίνει

2148 1217 2335 1270 λοιπὸν
2367 1216 2426 1280 ἐξ
2458 1217 2705 1283 ἀνάγκης
2728 1210 2864 1268 εἶναι
2891 1213 2971 1283 τῷ
3003 1215 3323 1285 δημιουργῷ
3368 1215 3611 1268 συναῖδια
3643 1216 3713 1269 τὰ

2148 1308 2638 1377 δημιουργήματαο
2673 1307 2759 1359 ἀεὶ
2788 1308 2895 1376 γὰρ
2932 1305 3085 1367 δντος
3121 1305 3217 1360 τοῦ
3260 1290 3596 1375 δημιουργοῦ
3620 1310 3713 1359 καὶ

2150 1401 2238 1453 ἀεὶ
2266 1397 2710 1470 δημουργοῦντος
2747 1400 2889 1451 κατὰ
2917 1398 2997 1460 σὲ,
3032 1398 3119 1451 ἀεὶ
3142 1398 3251 1468 ἄρα
3288 1392 3359 1468 ἦν
3404 1400 3495 1452 καὶ
3531 1400 3560 1452 6
3623 1401 3715 1453 κό-

2152 1506 2290 1559 σμος
2308 1489 2440 1559 ὁμοῦ
2461 1490 2538 1560 τῷ
2568 1488 2906 1559 δημιουργῷ.
2930 1488 3110 1559 Ὅπερ
3138 1491 3339 1544 ἄτοπον
3369 1489 3464 1543 καὶ
3498 1490 3709 1553 ἀσεϐές.

2151 1581 2502 1651 Προνοεῖσθαι
2536 1581 2633 1652 μὲν
2660 1580 2770 1650 γὰρ
2800 1580 2908 1632 τῶν
2948 1579 3099 1644 ἅπαξ
3135 1579 3649 1651 δημιουργηθέντων
3680 1582 3711 1635 6

2151 1673 2281 1736 Θεὸς
2316 1672 2554 1742 λέγεται,
2588 1674 2681 1726 καὶ
2714 1674 3004 1743 συντηρεῖν
3034 1673 3158 1726 καθ’
3193 1673 3253 1726 ὃν
3280 1673 3540 1742 γεγόνασι
3556 1673 3716 1741 λόγον

2150 1764 2311 1827 αὐτὰ,
2353 1764 2707 1833 δημιουργεῖν
2755 1761 2906 1826 δὀῧ,
2950 1763 3025 1834 μὴ
3074 1764 3345 1834 δεομένων
3394 1765 3712 1834 προσθήκης

2148 1853 2225 1910 ὧν
2248 1858 2593 1911 κατέπαυσεν
2643 1858 2818 1927 ἔργων
2849 1858 3107 1912 ἁπάντων
3143 1861 3209 1928 τῇ
3269 1858 3471 1928 ἑϐδόμῃ
3510 1858 3713 1928 ἡμέρᾳ.

2153 1947 2359 2009 ’Ἄλλως
2380 1964 2438 1999 τε
2472 1947 2566 2000 κοιὶΙ
2596 1949 2783 2016 ἐπειδὴ
2819 1949 3065 2029 ςνεργεῖν
3111 1950 3309 2002 ταυτὸν
3333 1950 3427 2002 καὶ
3452 1949 3613 2012 αὐτὸς
3640 1944 3717 2001 εἷο

2149 2049 2242 2087 ναι
2261 2034 2565 2102 ὁμολογεῖς,
2589 2033 2703 2087 ἔστι
2729 2034 2775 2087 δ’
2792 2037 2824 2103 ἡ
2852 2035 3098 2102 ἐνέργεια
3117 2037 3326 2105 κίνησις
3348 2035 3715 2107 ἐνεργουμένη

2152 2124 2355 2194 μᾶλλον
2382 2125 2414 2194 ἢ
2447 2125 2749 2194 ἐνεργοῦσα
2780 2127 2851 2192 (εί
2891 2128 3001 2196 γὰρ
3027 2126 3277 2197 ἐνέργειᾶ
3313 2130 3454 2193 εστι,
3487 2127 3653 2198 φησὶν
3687 2128 3719 2181 6

2153 2218 2327 2286 μέγας
2359 2218 2416 2270 ἐν
2456 2216 2707 2287 θεολογίᾳ
2734 2217 3499 2289 Γρηγόριος,ὲνεργηθήσεται
3531 2219 3721 2288 δηλον-

2149 2308 2256 2370 ότι,
2294 2309 2388 2362 καὶ
2433 2311 2534 2362 οζκ
2576 2310 2887 2381 ἐνεργήσει,
2948 2310 3046 2364 καὶ
3084 2310 3220 2382 ὁμοῦ
3250 2311 3327 2380 τῷ
3354 2312 3718 2381 ένεργηθῆναι

2162 2398 2498 2468 παύσεται),
2559 2401 2839 2454 πέπαυται
2878 2403 2988 2472 ἄρα
3039 2402 3100 2455 τὸ
3155 2402 3508 2473 δημιουργεῖν
3549 2404 3724 2472 ούρα-

2151 2488 2244 2542 νὸν
2288 2488 2445 2542 ἄλλον
2497 2490 2592 2542 καὶ
2634 2495 2738 2558 γῆν
2790 2490 2954 2560 ἄλλην
3009 2492 3104 2543 καὶ
3156 2491 3308 2560 ἣλιον
3357 2496 3448 2545 καὶ⁵
3480 2494 3719 2561 ἀστέρας

2150 2584 2247 2634 καὶ
2300 2582 2369 2634 τά
2418 2597 2480 2649 γε
2529 2582 2795 2635 τοιαῦτα·
2840 2583 2935 2636 καὶ
2998 2586 3046 2637 εί
3104 2584 3400 2649 πέπαυται,
3468 2586 3561 2639 καὶ
3610 2586 3712 2655 ἡρ-

2153 2672 2279 2738 ξατο
2329 2675 2565 2736 πάντως.
2601 2672 2673 2726 Τὸ
2721 2672 2765 2726 δ’
2816 2673 3118 2742 ἀρχόμενον
3151 2674 3244 2728 καὶ
3293 2676 3593 2743 παυόμενον
3635 2674 3718 2745 τῷ

2156 2768 2294 2837 μήτε
2338 2767 2626 2835 ἀρχομένῳ
2672 2766 2809 2836 μήτε
2862 2765 3154 2837 παυομένῳ
3206 2768 3322 2829 πῶς
3362 2768 3427 2819 ἂν
3474 2766 3556 2837 εἴη
3587 2784 3722 2820 tau-

2153 2859 2286 2921 τόν;
2322 2857 2434 2908 Ούκ
2482 2857 2590 2927 ἄρα
2632 2857 2692 2909 τὸ
2735 2857 3092 2928 δημιουργεῖν
3149 2859 3421 2912 συναῖδιον
3462 2859 3539 2927 τῷ
3574 2857 3715 2928 Θεῷ.

2158 2948 2377 3019 ’Ὥσπερ
2411 2950 2518 3017 γὰρ
2551 2947 2644 3000 τοῦ
2691 2950 2859 3016 πυρὸς
2911 2948 3073 3017 φύσις
3109 2950 3209 3020 μέν
3241 2950 3357 3003 ἐστι
3395 2951 3456 3002 τὸ
3501 2967 3724 3003 καυστι-

2155 3038 2251 3091 κὸν
2302 3039 2376 3101 ὡς
2424 3038 2520 3109 δοῦ
2572 3036 2707 3091 Θεοῦ
2739 3039 2798 3091 τὸ
2827 3039 3526 3110 δημιουργικδνγὲνέργεια
3569 3039 3626 3091 δὲ
3657 3039 3721 3091 τὸ

2153 3129 2353 3194 καίειν,
2384 3130 2411 3183 δ
2441 3130 2534 3183 καὶ
2565 3130 2830 3199 παρόντος
2866 3130 2965 3199 μὲν
3003 3131 3098 3184 τοῦ
3131 3130 3381 3185 καίεσθαι
3413 3132 3721 3199 δυναμένου

2151 3223 2299 3274 δοκεῖ
2335 3222 2598 3290 ἐνεργεῖν,
2657 3220 2891 3284 ἀπόντος
2944 3223 2990 3277 δ’
3036 3223 3249 3276 ἐκείνου
3296 3223 3389 3276 καὶ
3432 3223 3493 3275 τὸ
3540 3222 3723 3276 καίειν

2157 3308 2423 3362 ἄπεστιν·
2457 3306 2598 3361 οὕτω
2632 3307 2773 3361 κὰπὶ
2827 3307 2919 3360 τοῦ
2961 3308 3417 3379 δημιουργοῦντος
3463 3312 3597 3380 φαίη
3637 3326 3724 3372 τις

2154 3400 2242 3472 διν,
2274 3400 2542 3467 παρόντος
2581 3399 2679 3469 μὲν
2701 3397 2797 3451 τοῦ
2838 3400 3291 3468 δημιουργεῖσθαι
3324 3401 3578 3469 δεομένου
3609 3402 3723 3470 χὼ-

2156 3510 2256 3563 ραν
2283 3496 2411 3555 ίσως
2444 3492 2556 3561 ἔχει
2582 3492 2676 3545 καὶ
2698 3493 2759 3544 τὸ
2783 3493 3159 3563 δημιουργεῖν,
3185 3493 3398 3547 ἐκείνου
3423 3493 3469 3546 δ’
3491 3493 3721 3555 ἀπόντος

2153 3586 2429 3638 πέπαυται
2476 3586 2571 3639 καὶ⁵
2614 3584 2677 3636 τὸ
2723 3584 3102 3655 δημιουργεῖν.
3140 3585 3371 3639 Ἔπειτα
3419 3585 3517 3656 τὴν
3558 3586 3718 3655 ἐνέρ-

2152 3694 2307 3746 γειαν
2340 3676 2549 3748 ταύτην
2577 3679 2634 3729 ὲν
2667 3678 2781 3741 τοῖς
2812 3676 3089 3740 συνθέτοις
3127 3678 3397 3748 κτίσμασι
3441 3677 3547 3750 χρὴ
3576 3680 3723 3731 νοεῖν

2154 3770 2369 3837 κίνησιν
2412 3767 2579 3822 οὖσαν
2625 3769 3050 3838 ἐνεργουμένην,
3077 3769 3154 3831 ὡς
3194 3771 3221 3823 6
3256 3768 3394 3833 θεῖος
3423 3773 3487 3823 ὲκ
3526 3772 3725 3838 Δαμα-

2157 3857 2288 3911 σκοῦ
2325 3875 2492 3927 φησιν
2544 3857 2817 3926 Ἰωάννης.
2867 3857 3030 3920 Ἤτις
3077 3859 3170 3909 καὶ
3215 3857 3401 3924 σχέσις
3437 3857 3551 3908 ἐστὶ
3593 3873 3727 3907 συν-

2156 3952 2345 4022 θετικὴ
2379 3952 2488 4004 τῶν
2524 3951 2731 4019 ἄκρων,
2782 3951 2880 4003 καὶ
2917 3950 3045 4002 ἄνευ
3090 3948 3198 4002 τῶν
3226 3950 3433 4017 σχετῶν
3481 3947 3726 4001 νοεῖσθαι

2159 4044 2234 4112 μὴ
2269 4042 2548 4112 δυναμένη
2569 4058 2584 4074 ’
2627 4042 2775 4110 ἄκρα
2810 4039 2865 4092 δέ
2907 4056 3051 4110 φημι
3080 4040 3140 4093 τό
3171 4055 3228 4092 τε
3265 4036 3518 4107 ἐνεργοῦν
3543 4039 3637 4090 καὶ
3661 4038 3730 4091 τὸ

2155 4131 2570 4200 ὲνεργούμενον.
2609 4129 2675 4180 Ἦ
2710 4127 2767 4179 δὲ
2818 4129 3031 4196 κίνησις
3069 4128 3127 4180 ὲν
3173 4128 3351 4197 χρόνῳ
3385 4129 3442 4178 τέ
3473 4127 3590 4178 ἐστι
3624 4126 3731 4178 καὶ

2155 4227 2218 4299 τῇ
2257 4222 2352 4277 τοῦ
2388 4223 2653 4291 προτέρου
2690 4222 2783 4275 καὶ
2823 4220 3056 4289 ὑστέρου
3100 4219 3374 4290 παρουσίᾳ
3418 4219 3726 4284 διοικεῖται,

2156 4319 2302 4387 ὅροις
2331 4314 2575 4377 τοπικοῖς
2621 4312 2758 4379 ὁμοῦ
2807 4312 2902 4367 καὶ
2952 4313 3229 4384 χρονικοῖς
3274 4310 3587 4365 δουλώσασα
3622 4310 3730 4380 τὴν

490 4419 601 4460 tum
630 4407 918 4475 enituerat
945 4403 1149 4458 factum
1184 4402 1239 4456 in
1272 4402 1403 4467 Deo,
1463 4403 1576 4471 ipsa
1634 4401 1919 4457 voluntate
1981 4403 2048 4456 ad

2159 4406 2494 4477 ἐλευθερίαν.
2530 4404 2746 4476 Ταύτην
2780 4404 2826 4458 δ’
2860 4404 3171 4458 ἀνατιθέναι
3207 4403 3328 4471 Θεῷ
3370 4403 3480 4455 τῶν
3501 4402 3731 4456 πάντων

488 4500 853 4553 constitutum
885 4495 1050 4551 ﬁnem
1083 4503 1403 4549 transeunte
1439 4512 1453 4548 :
1481 4494 1780 4549 discrimen
1841 4502 2053 4563 tempo-

489 4595 562 4645 ris
594 4601 687 4645 aut
722 4590 828 4645 loci
860 4589 935 4644 ibi
979 4588 1333 4643 introducere
1391 4601 1722 4656 quocunque
1774 4585 1935 4640 modo
1961 4600 2057 4639 co-

488 4688 753 4755 gitatione
785 4682 1021 4752 quadam
1041 4682 1285 4735 omnium
1315 4689 1400 4733 est
1438 4678 1838 4748 ineptissimum
1875 4691 2053 4745 neque

488 4776 655 4847 340
687 4776 802 4829 ﬁeri
837 4784 1038 4844 potest.
1075 4792 1093 4824 ι
1132 4772 1378 4841 impetus
1423 4773 1572 4825 enim
1606 4769 1825 4825 consilii
1855 4768 2050 4833 divini,

486 4876 563 4923 att
589 4867 882 4937 Gregorius
902 4866 1198 4936 Nyssenus,
1224 4879 1349 4919 cunt
1381 4864 1497 4917 vult
1528 4878 1613 4916 res
1653 4861 1711 4915 ﬁt
1732 4870 1821 4928 ,et
1855 4862 2054 4914 volun-

490 4972 572 5012 tas
613 4956 851 5012 essentia
914 4955 1170 5019 afﬁcitur,
1231 4956 1305 5009 ita
1347 4966 1405 5008 ut
1436 4953 1619 5008 statim
1675 4952 1769 5006 ﬁat
1830 4963 2049 5014 natura,

486 5049 744 5103 voluntas
801 5046 1060 5100 nimirum
1124 5047 1408 5114 potestatis
1469 5041 1880 5113 omnipotentis,
1932 5056 2053 5112 quae

486 5142 855 5212 quodcunque
888 5139 1167 5207 sapienter
1228 5148 1284 5192 et
1327 5137 1620 5190 artiﬁciose
1676 5135 1793 5189 vult
1840 5134 2049 5200 efﬁcit,

488 5246 550 5287 ut
584 5231 840 5285 voluntas
884 5245 992 5284 non
1019 5239 1203 5283 careat
1258 5228 1584 5283 substantia.
1613 5245 1630 5276 ι
1689 5226 1867 5280 Locus
1899 5226 2049 5281 enim

487 5331 546 5377 et
576 5324 715 5377 ratio
748 5322 901 5376 nullo
929 5320 1093 5375 modo
1116 5320 1478 5390 conspicitur,
1511 5319 1819 5374 secundum
1868 5318 2049 5389 Cyril-

483 5418 596 5472 lum
628 5416 901 5479 divmum,
931 5412 1282 5467 intercedcns
1315 5412 1460 5466 inter
1486 5420 1790 5466 creatorem
1817 5420 1872 5465 et
1896 5425 2049 5466 crea-

485 5521 599 5564 tum
632 5524 646 5562 :
675 5506 1024 5561 efﬁcientiam
1057 5515 1241 5558 autem
1273 5505 1326 5556 in
1360 5505 1468 5558 Deo
1500 5507 1933 5558 demonstratum
1964 5511 2049 5556 est

483 5614 602 5652 isse
633 5598 752 5667 ejus
780 5596 1206 5652 declarationem
1258 5610 1577 5663 magnarum
1627 5604 1681 5647 et
1711 5593 2047 5648 tnirabilium

489 5706 718 5756 operum
786 5691 945 5745 nobis
992 5688 1238 5743 factam:
1282 5690 1395 5741 haec
1455 5696 1635 5741 autem
1698 5695 1824 5741 sunt
1880 5700 2047 5755 opera

2161 4500 2309 4554 ἐστὶν
2358 4497 2729 4552 ἀτοπώτατον.
2782 4497 2856 4549 Τὸ
2902 4498 3013 4565 γὰρ
3060 4497 3298 4567 ἐννόημα
3341 4495 3501 4564 ἔργον
3539 4490 3608 4566 ἦν
3629 4497 3733 4549 ἐπὶ

2159 4590 2318 4653 Θεοῦ,
2355 4589 2576 4658 ἀμέσως
2613 4586 2709 4640 τοῦ
2755 4585 3099 4657 βουλήματος
3144 4587 3279 4655 πρὸς
3325 4588 3384 4641 τὸ
3412 4586 3554 4640 κατὰ
3586 4587 3735 4655 πρό-

2160 4680 2308 4732 θεσιν
2334 4678 2492 4739 τέλος
2540 4675 2958 4746 μεθισταμένου.
3007 4674 3109 4730 Καὶ
3149 4675 3428 4748 διάστημα
3470 4678 3733 4746 χρονικδν

2158 4771 2191 4841 ἢ
2232 4770 2454 4823 τοπικὸν
2489 4771 2606 4822 ἐκεῖ
2651 4770 3010 4840 παρεισάγειν
3057 4769 3306 4823 ὁπωσοῦν
3351 4770 3569 4840 ἐπινοίᾳ
3618 4772 3735 4822 τινὶ

2156 4859 2264 4910 τῶν
2289 4859 2507 4911 πάντων
2546 4858 2693 4910 ἐστὶν
2740 4857 3089 4911 ἀτοπώτατον
3135 4864 3229 4912 καὶ
3279 4859 3567 4914 ἀδύνατον.
3597 4877 3615 4910 ι
3666 4859 3731 4912 ’11

2158 4949 2266 5020 γὰρ
2292 4950 2437 5020 ὁρμὴ
2464 4949 2564 5019 τῆς
2594 4948 2744 5012 θείας
2774 4951 3170 5018 προαιρέσεως,
3206 4967 3225 5000 ι
3253 4953 3418 5020 φησιν
3447 4953 3476 5004 ὁ
3500 4950 3734 5019 Νύσσης

2157 5040 2480 5110 Γρηγόριος,
2525 5058 2544 5089 ι
2576 5040 2704 5092 ὅταν
2752 5039 2909 5111 ἐθέλῃ
2962 5043 3194 5112 πρᾶγμα
3232 5043 3463 5106 γίνεται,
3510 5045 3604 5097 καὶ
3632 5047 3733 5097 ο)-

2160 5130 2371 5184 σιοῦται
2424 5131 2485 5184 τὸ
2525 5129 2774 5200 βούλημα
2826 5133 2989 5196 εὐθὺς
3051 5132 3214 5202 φύσις
3269 5134 3577 5204 γινόμενον,
3625 5133 3735 5203 τῆς

2160 5223 2571 5292 παντοδυνάμου
2629 5222 2900 5286 ἐξουσίας.
2960 5226 3094 5296 ὅπερ
3148 5224 3216 5278 ἂν
3278 5224 3458 5294 σοφῶς
3516 5242 3576 5278 τε
3635 5228 3737 5278 καὶ

2156 5312 2422 5384 τεχνικῶς
2481 5313 2749 5385 ἐθελήσῃ,
2801 5313 2876 5383 μὴ
2930 5314 3306 5367 ἀνυπόστατον
3358 5314 3621 5382 ποιούσης
3667 5316 3737 5367 τὸ

2157 5407 2387 5477 θέλημα.
2427 5424 2446 5457 ι
2490 5406 2667 5471 Τόπος
2720 5407 2828 5476 γὰρ
2878 5407 2972 5459 καὶ
3002 5405 3161 5478 λόγος
3204 5407 3323 5459 οὐδε
3348 5422 3372 5469 ς
3414 5404 3475 5477 [f.
3516 5407 3618 5461 155
3650 5406 3737 5478 0.]

2156 5501 2369 5569 δρᾶται,
2390 5498 2528 5550 κατὰ
2555 5499 2643 5550 τὸν
2669 5499 2807 5550 θεῖον
2828 5499 3118 5572 Κύριλλον,
3144 5502 3350 5567 μεταξὺ
3382 5501 3610 5570 ποιητοῦ
3632 5504 3736 5555 καὶ

2157 5591 2471 5659 κτίσματος.
2510 5589 2787 5658 Ἐνέργεια
2815 5589 2858 5641 δ’
2894 5593 2980 5642 επ)
3026 5593 3162 5642 Θεοῦ
3203 5592 3477 5664 δέδεικται
3516 5589 3655 5647 εἶναι
3698 5599 3736 5664 ὴ

2157 5682 2262 5735 τῶν
2322 5682 2572 5753 μεγάλων
2636 5683 2728 5734 καὶ
2766 5682 3093 5752 ,θαυμασίων
3151 5661 3327 5753 ἔργων
3375 5685 3540 5739 αὑτοῦ
3591 5661 3739 5756 πρὸς
