3994 6204
267 333 362 396 301
1233 331 1680 394 BYZANTINIE
1725 331 1832 390 IIIS

1936 331 2107 390 lRli-E
2141 329 2292 389 LIB-
2333 331 2492 390 ‘(XX
3391 325 3496 388 302

267 444 408 512 ἡμᾶς
445 442 778 512 φανέρωσις.
815 443 1000 498 Ταῦτα
1042 445 1086 498 δ’
1127 445 1242 498 ἔστι
1293 447 1574 518 ποιήματα
1617 445 1832 510 κτιστά,

1943 453 2122 498 creata
2162 463 2172 496 :
2209 461 2368 508 neq-.-
2423 457 2546 496 .ct'0
2579 429 2690 496 ἶιιιο
2745 439 2910 494 modo
2943 437 3018 492 dii
3073 447 3127 494 et
3179 435 3500 493 ιΙίγίηἰιιιιιξε

265 535 352 586 καὶ
381 535 592 604 οὐδαμῆ
634 535 748 588 θεοὶ
781 537 874 590 καὶ
905 537 1159 606 θεότητες
1186 538 1455 594 ἀκτιστοι.
1475 533 1579 594 Ὧν
1609 539 1832 608 οὐδεμία

265 645 342 690 τις
371 627 728 696 προηγήσατο
758 628 996 698 κίνησις,
1045 629 1114 700 ἢν
1173 629 1452 700 ἐνέργειαν
1503 631 1636 698 σύγε
1692 627 1834 688 εἶναι

269 717 626 782 ἁναπλάττεις
663 717 760 772 νῦν
795 721 888 772 καὶ
937 719 1168 790 θεότητα
1217 721 1647 790 προσαγορεύεις
1681 721 1835 776 ἀκτι-

269 827 388 862 στον
431 809 527 862 καὶ
583 811 684 878 τῆς
731 809 880 872 θείας
921 809 1111 874 οὐσίας
1155 811 1430 882 διάφορον.
1477 811 1834 881 Ἀνάπλασμα

268 907 368 974 ἀρα
403 905 500 973 σῆς
535 903 774 966 διανοίας
805 905 838 972 ἡ
869 904 934 976 σὴ
972 905 1158 974 θεότης
1194 905 1362 968 ἐστὶν,
1399 899 1509 958 οἷον
1535 905 1646 958 οὐδ’
1681 905 1746 958 ἂν
1785 905 1834 958 οῖ

269 999 386 1059 τοὺς
417 997 798 1067 τραγελάφους
825 995 1153 1062 πλάττοντες
1187 999 1522 1068 ἐννοήσαιεν.

333 1091 460 1142 AA'.
497 1088 702 1158 Πολλῆς
727 1104 791 1156 γε
845 1089 953 1158 μὴν
993 1089 1297 1154 ἐνστάσεως
1347 1089 1456 1144 τῶν
1494 1089 1835 1160 ἑκατέρωθεν
1899 1099 1902 1102 ’

267 1181 580 1252 γενομένης,
617 1181 712 1234 καὶ
754 1181 932 1248 λόγων
982 1183 1191 1252 συχνῶν
1244 1181 1588 1236 κενωθέντων
1636 1183 1780 1246 οἴους
1808 1189 1836 1237 δ

261 1273 354 1344 τῆς
386 1273 562 1343 ἔριδος
599 1273 754 1344 μίτος
797 1274 1036 1344 ὑφαίνει,
1067 1275 1158 1328 καὶ
1197 1273 1314 1342 ἅμα
1351 1273 1582 1346 θορύϐου
1617 1275 1833 1344 μακροῦ

261 1366 364 1418 τῶν
419 1365 650 1434 ἀμαθῶς
703 1366 928 1420 ἐκείνων
976 1367 1435 1436 παρασπιζόντων
1478 1367 1556 1436 τῷ
1601 1367 1836 1440 Παλαμᾷ

263 1458 764 1530 περιδομδήσαντος
818 1461 918 1523 τὰς
983 1461 1141 1530 ήμῶν
1191 1461 1383 1528 ἀκοὰς,
1426 1461 1502 1524 ὡς
1543 1461 1668 1531 μηδ’
1715 1462 1836 1527 ἐξα-

262 1551 518 1604 κούεσθαι
565 1551 828 1604 δύνασθαί
875 1569 926 1604 τι
975 1553 1086 1604 τῶν
1137 1552 1470 1623 λεγομένων,
1525 1555 1835 1624 ἀνεχαίτισε

261 1645 344 1697 τδν
373 1645 576 1714 δρόμον
627 1645 654 1696 δ
688 1644 976 1714 Γρηγορᾶς
1011 1643 1239 1697 ἐκείνων
1289 1643 1402 1698 τῶν
1451 1643 1712 1714 ἐλέγχων,
1748 1645 1836 1698 ἶνα

263 1735 332 1802 μὴ
378 1735 476 1788 καὶ
519 1733 792 1804 πρόφασίς
836 1749 920 1798 τις
965 1734 1258 1803 ὑπονοῆται
1293 1734 1408 1786 ’τῶν
1455 1733 1551 1788 τοῦ
1599 1735 1835 1804 Παλαμᾶ

261 1827 624 1880 καθίστασθαι
681 1825 1062 1896 βλασφημιῶν.
1127 1825 1504 1896 Παυσαμένων
1557 1827 1666 1898 γὰρ
1719 1828 1831 1882 τῶν

263 1919 500 1989 ἐλέγχων
531 1919 686 1988 φησι,
721 1919 818 1972 καλ¹
867 1919 1064 1989 μηκέτι
1110 1919 1171 1972 τὸ
1217 1918 1430 1988 ἀμαθὲς
1477 1919 1830 1990 ἐρεθιζόντων

263 2012 494 2076 ἐκείνου,
523 2009 830 2065 παύσεσθαι
851 2013 948 2064 καὶ
979 2011 1040 2064 τὸ
1069 2010 1331 2079 πολέμιον
1362 2011 1522 2074 εὐθὺς
1553 2011 1649 2064 καὶ
1675 2011 1828 2064 ἀντί-

268 2101 430 2156 παλον
457 2103 554 2172 τῆς
587 2103 796 2156 ἐκείνου
831 2101 1150 2172 βλασφήμου
1182 2101 1430 2174 γλώττης
1460 2105 1552 2156 καὶ
1586 2104 1830 2174 ἀπεραν-

193 2221 204 2238 ι
267 2197 526 2264 τολογίας.
569 2213 588 2246 ι
621 2195 856 2266 Ἕχομεν
893 2195 950 2248 δὲ
1005 2193 1100 2248 καὶ
1152 2195 1251 2264 τὴν
1308 2194 1542 2266 μίμησιν
1583 2197 1662 2260 είς
1701 2195 1831 2258 τοὺς

275 2288 460 2352 θείους,
496 2288 724 2360 ἔφησεν,
756 2289 996 2350 ἐκείνους
1029 2287 1326 2356 φωστῆρας
1349 2287 1442 2340 καὶ
1471 2285 1828 2352 διδασκάλους

277 2377 360 2444 τῆς
397 2376 726 2446 Ἐκκλησίας
772 2363 1106 2442 ἀνενεγκεῖν,
1159 2375 1280 2428 κατ’
1330 2373 1602 2444 Εὑνομίου
1657 2375 1832 2429 πάλαι

286 2467 614 2537 ςερομένους-
659 2467 773 2534 Τῆς
801 2467 909 2536 γὰρ
953 2467 1161 2520 ἐκείνου
1197 2466 1558 2534 καταγνόντες
1593 2467 1832 2538 ἀναλγη..

293 2561 406 2624 πίας,
455 2558 732 2620 Βασίλειος
772 2558 870 2628 μὲν
923 2561 950 2610 ὁ
1007 2557 1204 2626 μέγας,
1242 2575 1261 2608 ι
1320 2557 1632 2627 Ἐοίκαμεν,
1671 2559 1830 2630 φησι,

294 2651 358 2702 iii
396 2650 492 2722 τὴν
548 2651 752 2719 πολλὴν
801 2651 902 2718 τῆς
953 2635 1554 2720 ἀσεϐείαίένάργειαν
1606 2651 1830 2716 ἀπορεῖν

298 2741 454 2808 λόγων,
483 2744 578 2795 καὶ
613 2741 712 2794 οὐκ
743 2741 886 2811 ἔχειν
921 2742 1038 2804 πῶς
1063 2745 1163 2814 τῆς
1193 2741 1418 2808 ἀλογίας
1445 2743 1626 2796 αὐτῶν
1657 2746 1830 2796 καθα-

295 2831 490 2902 ᾦύμθα,
519 2831 662 2886 ὥστε
708 2849 800 2902 μοι
837 2833 1052 2886 δοκοῦσί
1101 2849 1158 2886 τι
1203 2833 1502 2902 κερδαίνειν
1543 2833 1698 2904 παρά
1729 2835 1828 2906 τὴν

291 2921 498 2988 ἄγνοιαν.
535 2923 628 2988 Ὦς
653 2925 764 2993 γὰρ
789 2925 858 2978 τὰ
891 2925 1112 2992 μαλακά
1141 2927 1234 2979 καὶ
1263 2925 1556 2980 ὑπείκοντα
1583 2926 1694 2980 τῶν
1722 2945 1828 2981 σω·-

293 3009 450 3075 μάτων
475 3009 550 3079 τῷ
584 3011 659 3079 μὴ
687 3009 830 3080 ἔχειν
855 3011 1158 3080 ἀντέρεισιν
1185 3013 1283 3066 οὐκ
1308 3012 1422 3066 ἔστι
1452 3015 1705 3081 γενναίαν
1729 3017 1828 3086 τὴν

290 3101 474 3172 πληγὴν
527 3104 794 3170 ἐνεγκεῖν,
849 3103 1024 3166 οὑτως
1082 3105 1202 3158 οὐδὲ
1255 3105 1364 3158 τῶν
1417 3107 1702 3176 προδήλων
1752 3110 1830 3172 εις

287 3193 446 3244 ἄνοιαν
466 3195 688 3248 δυνατὸν
718 3195 926 3264 ἐλέγχῳ
949 3196 1178 3264 νεανικῷ
1209 3197 1552 3250 καθικέσθαι.
1577 3199 1834 3252 Λείπεται

285 3279 364 3332 οὖν
391 3287 562 3354 σιωπῇ
599 3285 660 3337 τὸ
703 3283 996 3354 βδελυκτδν
1028 3287 1208 3339 αὐτῶν
1241 3287 1340 3357 τῆς
1377 3287 1630 3352 ἀσεϐείας
1657 3307 1838 3362 παρα-

283 3375 506 3444 δραμεῖν.
540 3395 560 3428 ι
615 3375 914 3448 Γρηγόριος
951 3376 996 3430 δ’
1046 3376 1200 3441 αὖθις
1251 3379 1278 3430 ὁ
1335 3377 1654 3442 Νυσσαέων,
1711 3396 1835 3434 κατ’

283 3465 524 3536 Εὑνομίου
547 3469 842 3538 φερόμενος
871 3469 964 3522 καὶ
983 3469 1144 3532 αὑτὸς
1168 3470 1258 3522 καὶ
1285 3469 1378 3522 τὸν
1399 3471 1561 3522 αὑτὸν
1586 3470 1836 3540 τάδελφῷ

283 3559 654 3630 σταδιοδρομῶν
680 3559 914 3624 δίαυλον,
951 3580 970 3612 ι
997 3561 1194 3624 Καλῶς
1213 3566 1276 3616 ἂν
1304 3563 1438 3630 ἔχοι,
1467 3561 1620 3630 φησὶ,
1652 3564 1832 3631 σιωπῇ

281 3651 466 3714 μᾶλλον
489 3651 584 3702 τὸν
615 3650 776 3720 λόγον
813 3651 1165 3722 βδελύξασθαι
1211 3655 1302 3704 καὶ
1347 3651 1588 3722 βύσαντα
1619 3653 1688 3704 τὰ
1719 3645 1834 3704 ὦτα

277 3745 450 3808 ςυγεῖν
479 3743 588 3795 ἀπὸ
627 3743 800 3812 ἀκοῆς
837 3744 1102 3812 πονηρᾶς.
1131 3759 1152 3793 ι
1197 3741 1321 3794 Ἐπὶ
1363 3744 1572 3804 τούτοις
1607 3745 1634 3794 ὁ
1680 3743 1836 3813 βασι-

277 3829 390 3892 ὶεύς
413 3846 468 3882 τε
505 3829 727 3900 ἀνέστη,
761 3829 852 3882 καὶ
883 3832 910 3883 ὁ
947 3830 1206 3899 σύλλογος
1235 3829 1529 3886 διελέλυτο.
1561 3832 1620 3882 Ei
1645 3831 1700 3882 δὲ
1742 3830 1834 3880 καὶ

275 3921 422 3991 Ξ;ερα
457 3922 626 3975 πλείω
661 3923 862 3992 μεταξὺ
901 3921 1204 3992 λαληθέντα
1235 3923 1387 3992 παρὰ
1440 3924 1533 3976 τοῦ
1573 3923 1832 3992 ιιαλαμᾶ,

275 4013 420 4082 σιγῆς
459 4015 774 4086 ὑπάρχοντα
814 4017 908 4069 καὶ
937 4017 995 4069 οὑ
1032 4017 1253 4088 μνήμης
1295 4017 1540 4070 οὐδέποτ’
1575 4019 1831 4090 οὐδεμιᾶς

273 4105 410 4170 ἄξια,
441 4109 566 4174 σιγῇ
599 4107 1074 4178 παρεπέμφθησαν
1113 4111 1208 4162 καὶ
1237 4109 1408 4181 ταύτῃ
1455 4112 1517 4180 τῇ
1551 4109 1830 4179 διηγήσει,

277 4197 562 4264 μεμφέσθω
613 4199 830 4268 μηδείς·
879 4199 1108 4270 περιττά
1153 4199 1261 4270 γὰρ
1307 4200 1404 4252 καὶ
1445 4199 1713 4268 ἐπιδλαϐἦ
1767 4197 1828 4272 [Γ.

276 4287 368 4340 iiii
397 4289 468 4361 r.]
500 4291 598 4341 καὶ
645 4291 1080 4360 συμπεφυρμένα
1107 4291 1202 4343 καὶ
1243 4289 1592 4361 βλασφημίας
1627 4309 1832 4347 παντοο

273 4381 436 4453 διπῆς
491 4387 586 4437 καὶ
637 4387 888 4456 ποικίλης
941 4387 1242 4456 ἀνάμεστα,
1299 4385 1504 4454 μᾶλλον
1558 4385 1614 4438 δέ
1665 4389 1832 4458 χείρω

1937 535 2214 596 incretum,
2243 537 2442 601 quibus
2475 533 2624 586 nulla
2673 530 2950 586 antecedit
2991 529 3184 594 motio,
3241 545 3404 598 quam
3439 541 3496 584 tu

1937 627 2160 696 quidem
2231 625 2581 681 efﬁcientiam
2607 640 2726 680 esse
2760 623 2916 694 ﬁngis
2941 639 3088 679 nunc
3120 633 3176 678 et
3235 621 3500 676 divinita-

1937 725 2044 772 tem
2077 719 2320 786 appellas
2349 719 2642 773 incrcatam
2661 727 2717 771 et
2743 715 2811 770 ab
2859 715 3102 770 essentia
3168 715 3354 768 divina
3413 713 3502 768 di-

1933 825 2174 868 versam.
2207 809 2379 865 Fictio
2411 811 2578 880 igitur
2633 810 2833 864 mentis
2860 819 2964 864 tua:
2987 819 3069 864 est
3093 808 3354 864 divinitas
3385 819 3500 872 tua,

1935 901 2154 970 qualem
2191 917 2257 955 ne
2287 901 2631 972 tragclaphos
2685 903 2908 973 quidem
2967 903 3233 972 ﬁngentes
3285 917 3506 970 excogi-

1939 1001 2056 1047 tare
2089 993 2325 1062 possint.

2007 1085 2198 1141 XXXI.
2225 1087 2413 1158 Magna
2447 1086 2670 1158 quidem
2713 1087 3058 1157 oppositione
3099 1087 3270 1157 partis
3295 1087 3504 1141 utrius-

1937 1195 2044 1251 que
2081 1179 2220 1232 i‘acta
2250 1185 2306 1232 et
2339 1179 2526 1232 verbis
2580 1177 2924 1248 consumptis
2956 1177 3138 1246 qualia
3166 1177 3506 1248 objurgatio-

1937 1271 2023 1326 nis
2045 1269 2244 1324 Filium
2279 1269 2543 1336 contexit,
2579 1269 2853 1338 simulque
2903 1269 3141 1322 tumultu
3191 1283 3388 1334 magno
3414 1285 3508 1323 ex-

1936 1371 2062 1417 orto
2123 1363 2340 1415 illorum
2395 1359 2617 1415 indocte
2663 1359 3039 1430 adjuvantium
3085 1361 3358 1415 Palamam
3409 1361 3504 1430 qni

1935 1465 2098 1505 aures
2131 1459 2344 1504 nostras
2371 1447 2682 1518 obstrepuit
2713 1449 2786 1503 ita
2817 1457 2877 1502 ut
2901 1465 3078 1519 neque
3107 1449 3353 1502 exaudiri
3383 1464 3509 1517 pos-

1935 1549 2020 1596 set
2054 1539 2358 1610 quidquam
2387 1539 2683 1604 dictorum,
2712 1539 2985 1610 Gregoras
3015 1555 3240 1594 cursum
3271 1541 3502 1595 retinuit

1936 1640 2388 1701 argumentorum
2435 1631 2696 1694 illorum,
2748 1646 2820 1686 ne
2873 1633 3092 1700 species
3150 1631 3508 1686 simularetur

1935 1722 2314 1777 conviciorum
2341 1722 2574 1777 Palamaa
2597 1733 2654 1778 ut
2677 1723 3069 1777 consisterent.
3107 1723 3318 1778 Etenim
3346 1723 3392 1778 si
3417 1725 3509 1777 dc-

1937 1815 2185 1868 sinercnt
2237 1821 2584 1884 argumenta,
2640 1813 2738 1878 ait,
2789 1813 2946 1884 341
2985 1829 3162 1883 neque
3219 1815 3330 1885 jam
3361 1813 3506 1868 illius

1936 1904 2302 1976 ignorantiam
2333 1907 2661 1972 excitarent,
2709 1905 2823 1959 l'ore
2855 1915 2915 1958 ut
2959 1905 3124 1959 etiam
3159 1905 3364 1960 bellum
3399 1918 3508 1960 sta--

1937 2000 2033 2052 tim
2064 2009 2118 2054 et
2144 1999 2422 2070 Oppositio
2475 1999 2624 2054 illius
2686 1998 2888 2069 linguae
2927 1999 3290 2054 conviciantis
3323 2007 3377 2052 et
3426 2000 3511 2054 lo-

1937 2091 2232 2160 quacitatis
2262 2091 2604 2148 desinerent.
2642 2109 2660 2142 ι
2689 2078 2990 2147 Possumus
3022 2089 3188 2145 etiam
3249 2091 3512 2146 imitatio—

1936 2197 2062 2236 nem
2119 2183 2188 2238 ad
2248 2182 2486 2250 divinos,
2545 2182 2746 2254 inquit,
2805 2192 3174 2252 praeceptores
3211 2183 3508 2237 etlnmina

1937 2275 2195 2332 Ecclesiae
2249 2275 2453 2332 referre
2509 2285 2700 2332 contra
2775 2276 3104 2331 Eunomium
3161 2275 3508 2331 invehentes.

1937 2369 2074 2426 Cum
2107 2370 2252 2424 enim
2282 2369 2429 2424 illius
2457 2369 2852 2440 impudentiam
2890 2379 3308 2438 cognoscerent,
3361 2369 3513 2426 Basi-

1935 2463 2044 2516 lius
2077 2461 2318 2532 Magnus,
2370 2461 2686 2527 «Videmur,
2745 2463 2944 2532 inquit,
3006 2471 3232 2532 prepter
3283 2465 3511 2518 multam

1935 2553 2232 2621 impietatis
2265 2551 2710 2622 perspicuitatem
2751 2555 2939 2608 verbis
2969 2569 3161 2608 carere
3194 2569 3375 2625 neque
3409 2556 3512 2610 ha-

1937 2644 2068 2698 bere
2095 2643 2372 2713 quomodo
2422 2644 2692 2698 insaniam
2747 2659 2936 2698 eorum
2977 2655 3287 2716 tangamus,
3345 2651 3419 2702 ita
3455 2657 3516 2704 ut

1949 2733 2190 2786 fructum
2218 2747 2417 2804 capere
2433 2743 2631 2804 praeter
2649 2733 3012 2804 ignorantiam
3043 2737 3177 2791 mihi
3203 2739 3510 2796 videantur.

1939 2823 2008 2880 Ut
2045 2822 2196 2878 enim
2237 2823 2419 2880 mollia
2461 2831 2517 2878 et
2547 2825 2884 2880 remittentia
2937 2841 3195 2896 corpora,
3237 2830 3366 2898 quia
3427 2847 3515 2886 re-

1934 2915 2132 2969 sistere
2163 2931 2272 2970 non
2307 2925 2557 2986 possunt,
2583 2915 2794 2987 justum
2853 2917 3058 2972 vulnus
3116 2919 3370 2988 accipere
3409 2937 3512 2976 ne-

1934 3015 2167 3076 queunt,
2232 3009 2303 3062 ita
2373 3023 2553 3076 neque
2613 3023 2710 3062 cos
2743 3023 2981 3078 quorum
3048 3009 3362 3080 ignorantia
3427 3023 3514 3070 est

1857 3133 1904 3192 ο
1937 3110 2124 3172 aperta
2161 3115 2222 3156 ut
2245 3111 2567 3172 argumento
2597 3101 2806 3171 ingenti
2838 3113 3126 3174 tangamus
3155 3105 3274 3159 ﬁeri
3295 3114 3509 3176 potest;

1940 3195 2276 3262 relinquitur
2307 3193 2496 3264 igitur,
2546 3201 2605 3248 ut
2663 3193 3000 3264 impietatem
3040 3212 3234 3251 eorum
3263 3197 3514 3262 odiosam

1939 3287 2163 3346 silentio
2197 3287 2710 3356 pra-terminamus.
2757 3307 2774 3340 ι
2823 3289 3038 3343 Rursus
3068 3299 3256 3344 autem
3311 3291 3516 3363 Grego-

1939 3379 2054 3431 rius
2076 3379 2353 3448 Nyssenus
2377 3381 2428 3432 in
2453 3379 2778 3434 Eunomium
2815 3381 3080 3436 invehens
3111 3389 3166 3436 ct
3199 3381 3312 3450 ipse
3337 3383 3512 3438 idem-

1937 3483 2046 3538 que
2076 3485 2199 3522 cum
2233 3469 2404 3525 fratre
2438 3485 2668 3525 currens
2695 3472 2961 3536 stadium,
3019 3491 3036 3524 ι
3071 3471 3372 3528 Honestum
3404 3486 3512 3540 est,

1937 3561 2138 3628 inquit,
2175 3562 2396 3615 silentio
2429 3561 2614 3632 potius
2655 3545 2940 3617 sermones
2973 3564 3158 3618 odisse
3201 3576 3254 3619 et
3283 3549 3514 3622 auribus

1935 3653 2206 3708 olitnratis
2236 3655 2573 3708 auditionem
2609 3655 2866 3709 miseram
2896 3655 3135 3726 fugere.»
3170 3657 3251 3712 Ad
3275 3659 3388 3714 lucc
3415 3673 3510 3714 rex

1936 3745 2316 3798 aSsurt-exitet
2353 3743 2684 3814 colloquium
2740 3743 2951 3798 ﬁnitum
3007 3745 3346 3812 est.Quodsi
3404 3749 3512 3802 alia

1937 3849 2158 3902 quoque
2193 3833 2346 3902 plura
2379 3843 2638 3903 prieterea
2670 3834 2814 3889 dicta
2843 3851 2871 3888 a
2900 3835 3136 3899 I’alatna,
3186 3853 3307 3906 qua:
3335 3839 3508 3893 silen-

1939 3925 2016 3977 tio
2047 3927 2294 3994 subjecta
2355 3941 2534 3996 neque
2591 3927 2698 3980 ulla
2763 3941 3006 3996 unquam
3059 3930 3318 3984 nuemoria
3347 3931 3512 4000 digna

1935 4025 2084 4077 sunt,
2115 4020 2282 4070 etiam
2333 4019 2652 4074 narratione
2709 4018 2814 4073 liae
2871 4020 3094 4075 silentio
3143 4023 3511 4087 przetrrmissa

1933 4116 2084 4173 sunt,
2105 4122 2265 4162 nemo
2287 4107 2392 4164 hoc
2419 4109 2784 4180 reprehendat
2809 4127 2823 4176 ;
2847 4126 3254 4181 supervacanea
3287 4113 3434 4168 enim
3457 4123 3514 4168 et

1935 4201 2098 4256 noxia
2124 4209 2180 4256 et
2207 4199 2370 4274 35.2
2397 4203 2626 4258 confusa
2681 4213 2812 4258 sunt
2853 4214 2908 4260 et
2949 4205 3185 4258 convicii
3223 4205 3426 4260 diversi
3452 4216 3510 4261 et

1943 4293 2082 4346 varii
2109 4295 2270 4362 plena
2303 4310 2318 4348 :
2353 4293 2467 4348 sive
2497 4295 2677 4364 potius
2707 4295 2892 4366 pejora
2931 4297 3158 4350 omnino
3205 4311 3410 4352 nausea
3443 4313 3513 4350 ne

1933 4383 2218 4437 auditione
2259 4385 2484 4454 quidem
2519 4385 2746 4440 minima
2781 4404 2809 4440 a
2843 4387 3086 4459 Gregora
3123 4388 3284 4458 digna
3323 4389 3510 4442 habita

273 4477 664 4546 παντάπασινῆ
693 4479 914 4548 ναυτιᾷν
942 4479 1092 4541 δντα,
1121 4477 1229 4531 οὐδ’
1261 4479 1430 4548 ἀκοῆς
1459 4477 1592 4550 γοῦν
1626 4480 1829 4548 μικρᾶς

1936 4487 2081 4528 sunt.
2115 4475 2412 4545 Propterea
2449 4487 2504 4532 et
2529 4477 2646 4548 ipse
2691 4479 2997 4533 silentioea
3043 4479 3510 4548 praetermittenda

271 4565 512 4634 ἦξίωνται
551 4569 688 4638 πρὸς
717 4569 814 4622 τοῦ
847 4571 1122 4639 Γρηγορᾶ.
1177 4570 1277 4624 Διὰ
1316 4569 1475 4624 τοῦτο
1523 4571 1620 4624 καὶ
1663 4571 1826 4634 αὑτὸς

273 4664 388 4730 σιγῇ
434 4663 830 4733 παραπέμπειν
883 4661 1076 4734 ἔκρινα
1127 4663 1258 4728 δεῖν,
1309 4664 1452 4718 δυοῖν
1507 4663 1692 4730 ἕνεκα,
1739 4663 1826 4717 ἵνα.

271 4750 454 4825 ὃξλαδὴ
507 4755 638 4824 μήθ’
685 4756 811 4824 ὅρια
871 4757 1130 4829 Πατέρων
1189 4757 1629 4831 ὑπερϐαίνωμεν,
1689 4759 1826 4829 μήτε

279 4843 634 4918 βλασφημίαις
679 4849 1028 4919 Παλαμικαῐς
1065 4851 1226 4904 ἀκοαὶ
1264 4850 1506 4920 καθαραὶ
1544 4851 1826 4904 καταϐλά-

277 4953 526 4996 πεωνται.

339 5031 454 5088 AB’.
491 5029 562 5088 Εὖ
595 5051 678 5100 γε,
727 5029 774 5088 ὧ
803 5035 970 5101 φίλων
1003 5035 1194 5105 ἄριστε
1233 5031 1569 5103 Ἀγαθόνικε.
1601 5031 1710 5086 Καί
1744 5050 1828 5088 σοι

273 5119 366 5186 τῆς
387 5120 685 5192 διηγήσεως
716 5123 902 5192 μακρά
932 5139 1012 5186 τις
1041 5121 1286 5175 κείσεται
1313 5123 1478 5194 χάρις
1511 5122 1568 5173 ἐν
1593 5124 1704 5184 τοῖς
1727 5122 1828 5191 τῆς

271 5209 402 5280 ἐμῆς
425 5214 652 5283 καρδίας
679 5213 964 5279 θαλάμοις.
1013 5213 1214 5276 Ἡδέως
1240 5215 1284 5266 δ’
1319 5213 1386 5268 ἂν
1424 5213 1698 5284 πυθοίμην
1733 5213 1826 5266 καὶ

267 5299 380 5368 ἥτις
411 5302 444 5370 ἡ
481 5305 660 5371 ψῆφος
695 5302 788 5354 ἐπὶ
813 5303 1024 5365 τούτοις
1064 5303 1148 5373 εἴη
1181 5303 1278 5356 τοῦ
1329 5319 1390 5355 τε
1422 5303 1688 5374 βασιλέως
1723 5303 1822 5355 αὑ-

257 5389 348 5442 τοῦ
381 5393 474 5445 καὶ
501 5392 618 5462 ἀμα
650 5391 750 5462 τῆς
778 5393 886 5443 τῶν
919 5391 1144 5456 ἐνδόξων
1169 5393 1460 5461 γερουσίας
1489 5393 1726 5462 ἐκείνης.

315 5568 446 5624 ΔΡ.
491 5569 632 5624 Ἀλλ’
659 5571 780 5626 οὐδὲ
800 5571 1006 5641 ταύτην
1031 5574 1248 5643 ὀκνήσω
1275 5590 1380 5640 σοι,
1421 5573 1662 5644 βέλτιστε
1699 5573 1825 5625 Θεό-

249 5677 404 5731 τιμε,
435 5663 822 5734 διηγήσασθαι.
853 5666 1180 5732 Κατέγνωκε
1205 5668 1307 5736 μὲν
1329 5666 1435 5718 τῶν
1477 5669 1703 5734 μακρῶν
1725 5666 1822 5719 τοῦ

249 5753 494 5822 Παλαμᾶ
523 5755 616 5808 καὶ
643 5755 903 5810 ποικίλων
933 5754 1296 5826 βλασφημιῶν
1323 5757 1348 5807 ὀ
1377 5753 1626 5824 βασιλεὺς
1647 5755 1824 5810 ὁπόσα

1939 4581 2062 4622 esse
2093 4569 2310 4632 censui,
2335 4569 2549 4624 duabus
2583 4563 2649 4624 Ex
2681 4573 2864 4624 causis
2892 4589 2904 4624 :
2936 4571 3195 4623 nimirmn
3263 4585 3332 4622 ne
3375 4569 3512 4622 [inea

1943 4659 2164 4712 Patrum
2188 4659 2606 4728 egrederentur,
2633 4675 2772 4715 neve
2800 4661 3069 4715 conviciis
3097 4659 3384 4716 Palamicis
3413 4677 3512 4715 au-

1951 4765 2046 4806 res
2079 4749 2310 4806 sincerae
2338 4751 2768 4808 oll‘endcrentur.

2013 5022 2232 5079 XXXII.
2290 5023 2504 5088 Optime
2559 5025 2826 5093 profecto,
2899 5027 3260 5079 oamicorum
3305 5027 3512 5095 optime

1939 5111 2277 5181 Agatltonice
2309 5129 2322 5164 :
2355 5121 2518 5180 atque
2555 5117 2887 5166 narrationis
2945 5116 3102 5168 istius
3155 5129 3348 5184 magna
3407 5115 3508 5168 tibi

1940 5203 2118 5256 aderit
2187 5204 2356 5270 gratia
2420 5203 2474 5256 in
2535 5205 2771 5272 peetoris
2839 5207 2944 5258 inci
2999 5205 3512 5271 spatiis:lzbenter

1938 5304 2122 5347 autem
2150 5295 2294 5347 scire
2334 5295 2478 5352 volo,
2523 5296 2682 5364 quale
2729 5296 3000 5364 judicium
3063 5299 3134 5348 sit
3175 5296 3278 5350 hac
3337 5298 3394 5352 in
3449 5315 3510 5354 re

1927 5387 2084 5455 regis
2116 5387 2288 5456 ipsius
2319 5387 2594 5456 simulque
2648 5389 2894 5442 virorum
2939 5390 3242 5444 illusttium
3287 5392 3510 5445 concilii

1939 5481 2112 5532 illius.

2009 5569 2252 5656 XXXIII.
2289 5567 2492 5625 Verum
2525 5587 2705 5644 neque
2757 5576 2880 5638 hoc,
2935 5575 3228 5632 Thcotime
3276 5575 3506 5644 optimc.

1941 5665 2036 5719 tibi
2073 5677 2329 5717 enarrare
2363 5661 2618 5718 invidebo
2663 5682 2678 5724 :
2707 5667 2977 5737 judicavit
3000 5669 3220 5738 quidem
3255 5683 3348 5720 rex
3377 5679 3512 5720 con-

1939 5763 2020 5808 tra
2079 5769 2272 5826 magna
2322 5755 2554 5810 I’alamte
2621 5767 2676 5812 ct
2733 5758 2882 5814 varia
2939 5759 3186 5814 convicia
3247 5755 3300 5810 id
3357 5757 3508 5826 quod
