3994 6204
272 352 373 416 305

1231 361 1684 425 ΒΥΖΑΝΤΙΝΛΞ
1727 368 2115 433 HISTORIE
2156 376 2285 435 LlB
2350 378 2533 437 XXX.

3391 375 3396 382 ’
3427 388 3537 452 3α6

264 459 401 533 ἦσαν
432 463 483 517 οἳ
519 466 617 517 κα)⁸
647 465 996 531 καταρᾶσθαι
1045 469 1305 541 ἑξήγοντο
1338 491 1414 545 μη
1441 478 1508 545 τῇ
1543 475 1661 547 ὥρα
1690 479 1843 547 μόνοι

1960 494 2146 546 natus.
2178 488 2275 541 sed
2310 489 2472 542 etiam
2507 503 2607 544 eos
2632 490 2726 557 qui
2770 505 2898 544 eum
2931 491 3282 562 peperissent
3318 506 3369 549 et
3400 514 3541 552 enu-

267 556 316 607 tv
404 556 709 628 τετύχηκεν
758 560 924 612 αὐτὸν
981 563 1371 633 γεγεννῆσθαι,
1424 567 1561 621 ἀλλὰ
1611 572 1846 633 καὶτοῖς

268 648 425 748 αὐτόν
466 650 765 721 γεννήσασι
813 656 908 706 καὶ
933 654 1329 727 θρεψαμένοις.
1378 660 1476 715 Ἐκ
1518 664 1627 733 γάρ
1662 665 1847 748 ῥίζης,

265 739 336 805 ὡς
366 740 564 805 ἔοικεν,
600 744 811 811 ελεγον,
847 748 947 815 τῆς
974 750 1236 821 πατρῴου
1277 753 1338 805 τὸ
1384 754 1642 809 τοσοῦτον
1667 739 1849 829 ἀὐτῷ

265 836 358 904 τῆς
380 835 708 901 δυσσεϐείας
743 840 1131 912 ἔγκατὲσκηῴε
1186 845 1428 914 νόσημα,
1461 849 1717 921 καθάπερ
1764 869 1848 916 τις

267 930 393 995 άλλη
419 930 576 1000 κηλὶς
606 935 729 995 ταῖς
758 937 947 1001 γοναῖς
966 937 1062 989 καὶ
1093 942 1322 1007 τροφαῖς
1355 930 1845 1014 ὲγκεκαλυρίμένψ

269 1021 323 1072 οὐ
351 1023 458 1091 γάρ
488 1021 556 1074 ἂν
587 1026 644 1086 ἐς
675 1023 838 1093 βάθος
863 1027 1008 1080 οὕτω
1034 1031 1225 1083 κακῶν
1256 1035 1516 1087 ἐνέπιπτε
1563 1037 1624 1088 τὸ
1651 1039 1849 1107 γέννη-

270 1130 341 1181 μα
375 1114 473 1165 καὶ
502 1115 765 1187 ἀπορρὼξ
796 1119 1028 1188 ὲρινύων
1058 1123 1224 1191 φάναι
1281 1123 1382 1195 τὴν
1423 1128 1652 1198 γνώμην
1688 1130 1850 1182 καθί-

267 1220 447 1260 στατο.
490 1207 580 1261 Διὸ
612 1207 736 1262 οὔτε
771 1213 1015 1275 ἐκείνους
1049 1214 1267 1279 ἀθώους
1298 1217 1538 1290 ἔφασκον
1565 1220 1717 1287 ἄξιον
1751 1224 1847 1290 μὲ-

264 1315 371 1349 νειν
395 1298 498 1366 τῆς
549 1302 874 1373 καταδίκης,
920 1307 1131 1371 αίτίους
1184 1311 1283 1380 μὲν
1320 1287 1471 1381 αῦτῷ
1522 1313 1623 1381 τῆς
1663 1315 1720 1377 ἐς
1753 1287 1848 1367 τὸν

264 1389 375 1458 βίον
441 1396 771 1462 γενομένους
824 1401 1195 1471 παραγωγῆς,
1230 1403 1442 1468 αίτίους
1503 1392 1559 1478 δῖε
1597 1406 1691 1460 τοῦ
1748 1411 1848 1478 τῆς

272 1484 605 1554 Ἐκκλησίας
639 1489 708 1541 δι’
740 1491 905 1545 αῦτδν
963 1496 1255 1564 χειμῶνος,
1315 1499 1428 1551 οὔτ’
1479 1500 1644 1554 αὑτὸν
1695 1502 1849 1554 οὐδὲν

262 1575 600 1647 ἐξαιρεῖσθαι
629 1582 730 1651 τῆς
778 1586 1107 1653 καταδίκης,
1144 1590 1525 1658 μεσιτεύοντος
1576 1595 1710 1657 ίσως
1753 1595 1848 1649 τοῦ

262 1669 564 1735 ἀϐουλήτου
593 1673 682 1726 διὰ
712 1678 812 1739 τὰς
843 1683 1228 1749 σπερματικὰς
1261 1684 1325 1735 ὲκ
1357 1686 1625 1751 γενέσεως
1674 1687 1848 1756 ἀρχὰς

260 1765 346 1817 καὶ
364 1764 549 1833 βιαίας
567 1767 824 1837 δυνάμεις
842 1771 943 1840 τῆς
985 1778 1261 1847 πατρικῆς
1279 1768 1565 1848 πονηρίας,
1590 1778 1848 1844 ζιζανίων

261 1856 410 1925 δίκην
468 1860 852 1932 ὲρανισθείσας
906 1867 1118 1920 ἐκεῖθεν
1163 1874 1257 1924 καὶ
1289 1873 1842 1943 προκαταϐληθείσας

264 1950 421 2015 sibi);
446 1952 542 2020 ἀφ’
558 1954 742 2019 ἑστίας
766 1958 826 2010 ὲν
843 1961 906 2029 τῇ
935 1960 1219 2018 συστάσει.
1239 1964 1382 2017 Ἀλλ’
1413 1966 1696 2037 ἑκατέροις
1714 1967 1846 2021 ἑκά·

263 2060 406 2113 τεροι
432 2047 542 2099 τῶν
570 2048 721 2119 ἀρῶν
772 2052 868 2104 καὶ
891 2052 1172 2126 λοιδοριῶν
1202 2060 1601 2128 κοινωνήσουσί
1632 2078 1711 2123 τε.
1746 2061 1843 2114 καὶ

269 2136 513 2211 ὀστράκῳ
540 2139 602 2213 [ί.
638 2143 742 2196 155
765 2143 839 2217 r.]
874 2145 1191 2202 δουλεύσειν
1228 2153 1578 2224 ἀμφοτέρους
1604 2154 1741 2229 ὁμοῦ
1764 2153 1843 2224 τῷ

276 2229 411 2300 αὐτῷ
437 2237 825 2304 συμπεσεῖται,
858 2242 971 2304 τοῖς
1005 2242 1105 2310 μὲν
1126 2243 1201 2306 ὡς
1223 2247 1458 2316 πονηρὸν
1486 2240 1781 2316 ἐξενεγκοῦ
1793 2267 1843 2302 σι

282 2322 362 2377 καὶ
393 2324 627 2395 θρέψασι
660 2329 822 2383 τόκον
853 2331 930 2401 τῷ
963 2333 1085 2403 βίῳ,
1138 2337 1233 2389 καὶ
1262 2337 1363 2391 οὐκ
1392 2342 1474 2402 είς
1523 2341 1842 2414 Κιθαιρῶνα

288 2413 362 2506 καὶ
382 2414 676 2506 Χάρυϐδιν,
707 2422 803 2475 καὶ
832 2422 886 2476 ετ
908 2425 1011 2478 ποῦ
1045 2443 1136 2490 τις
1154 2429 1220 2481 ἐκ
1246 2434 1497 2501 μηχανῆς
1529 2413 1845 2506 καινότερος

295 2503 583 2595 ἔταμιεύετο
639 2509 871 2576 θάνατος
916 2514 975 2568 ἐν
1010 2517 1316 2588 χαράδραις
1348 2522 1443 2573 καὶ
1471 2520 1680 2593 κύμασι
1739 2503 1843 2595 γῆς

302 2594 370 2644 ui
395 2596 681 2671 θαλάττης,
712 2603 937 2674 ῥίψασιν
963 2605 1208 2674 ἔκθετον,
1241 2609 1408 2676 εὐθὺς
1452 2614 1695 2684 ἐκραγὲν
1742 2594 1844 2687 τῆς

306 2689 462 2743 ἀτόπου
493 2696 751 2765 γαστρὸς,
788 2699 865 2769 τῷ
897 2699 954 2753 δὲ
979 2701 1055 2764 ῶς
1089 2703 1217 2773 μήτ’
1247 2704 1549 2776 ἀϐούλητον
1576 2708 1674 2779 τὴν
1698 2711 1844 2764 ὲκεί-

304 2798 380 2833 rm
414 2788 763 2858 ποιησαμένῳ
794 2790 1016 2853 κακίαν,
1057 2790 1152 2844 an
1192 2793 1354 2859 λόγου
1390 2798 1715 2866 μετασχόντι
1748 2803 1845 2853 καὶ

300 2872 512 2936 παιδείας
545 2876 820 2942 ὁπωσοῦν,
864 2874 933 2950 ἦς
1005 2883 1251 2949 μετεῖναι
1314 2886 1428 2947 τοῖς
1474 2885 1724 2953 γονεῦσιν
1781 2888 1841 2942 οὐ

300 2962 675 3033 συμπέπτωκε,
738 2970 876 3039 μήτε
926 2972 1098 3042 μηδὲν
1163 2975 1575 3047 ἐπιεικέστερον
1629 2980 1844 3044 οὐδενὸς

295 3051 579 3145 διατεθέντι,
609 3061 665 3113 εῖ
689 3077 775 3124 τις
807 3066 1209 3136 παραπλησίως
1241 3069 1469 3134 ἐκείνοις
1502 3071 1698 3131 ἐνόσει.
1738 3090 1846 3145 μη-

1954 577 2249 645 trivissent,
2273 578 2759 635 maledicerentur.
2779 584 2818 637 Ε
2842 583 3027 639 radice
3052 586 3200 637 enim
3229 594 3539 643 necessario

1951 681 2177 739 paterna
2207 671 2464 727 dicebant
2503 674 2555 727 in
2588 689 2717 730 eum
2744 675 3007 731 incidisse
3048 686 3261 732 tantum
3293 679 3538 747 impieta-

1953 762 2023 816 tis
2054 763 2328 827 morbum,
2361 774 2419 817 ut
2455 766 2665 820 macula
2692 767 2795 820 alia
2830 768 2980 822 natis
3015 780 3069 822 et
3105 770 3353 824 educatis
3383 774 3538 825 ξεινο-

1950 851 2088 905 luta.
2123 851 2309 922 Neque
2353 854 2502 908 enim
2550 856 2605 910 in
2642 857 3074 927 profunditatem
3114 862 3383 915 malorum
3443 880 3539 916 na-

1952 954 2066 996 tum
2100 955 2386 1015 tantopere
2417 946 2690 1001 incideret
2713 964 2894 1017 neque
2928 951 3002 1004 ita
3034 951 3196 1021 35.5
3231 954 3538 1007 constitue-

1952 1047 2033 1090 ret
2062 1049 2326 1101 mentem,
2351 1039 2706 1094 utdiceretur
2734 1042 3000 1096 furiarum
3032 1061 3297 1114 propago.
3329 1050 3538 1111 Quam-

1951 1130 2142 1185 obrem
2175 1131 2607 1199 contendebant,
2660 1149 2839 1203 neque
2877 1136 2998 1189 illos
3032 1138 3237 1193 liberos
3282 1154 3403 1193 esse
3436 1141 3537 1193 de-

1949 1223 2082 1276 here
2113 1224 2604 1288 condemnatione,
2660 1226 2753 1296 qui
2814 1242 3073 1287 auctores
3128 1231 3361 1284 fuissent
3413 1232 3539 1301 ejus

1949 1316 2073 1368 vitm
2103 1315 2374 1384 simulque
2412 1318 2755 1385 tempestatis
2787 1334 2884 1387 per
2914 1337 3038 1373 eum
3095 1333 3286 1375 contra
3339 1322 3534 1377 E'cele-

1949 1410 2086 1461 siam
2120 1418 2350 1473 exortae,
2411 1425 2593 1479 neque
2643 1410 2950 1478 quidquam
3012 1413 3163 1466 illum
3199 1413 3537 1468 condemna-

1952 1505 2101 1555 tione
2135 1502 2404 1564 eximere,
2436 1503 2592 1571 quasi
2623 1503 2837 1559 invitus
2872 1514 3098 1560 coactus
3128 1517 3278 1561 esset
3311 1519 3537 1576 propter

1950 1593 2182 1649 seminis
2214 1597 2324 1649 nati
2356 1596 2619 1665 origines.
2651 1609 2706 1651 el
2748 1609 3014 1668 cogentes
3056 1600 3201 1654 vires
3252 1601 3539 1667 pravitatis

1953 1700 2194 1757 paterna:
2238 1689 2356 1743 lolii
2417 1692 2596 1745 instar
2620 1702 2968 1760 comparatas
3001 1692 3128 1746 inde
3179 1703 3236 1746 et
3266 1693 3449 1747 statim
3481 1694 3536 1748 in

1953 1779 2065 1847 ipsa
2098 1779 2308 1849 origine
2339 1780 2610 1851 dejectas.
2669 1780 2776 1835 Sed
2836 1794 3067 1851 uterque
3128 1795 3252 1835 cum
3299 1792 3537 1851 utroque

1950 1872 2347 1926 detestationes
2374 1883 2427 1926 et
2466 1874 2715 1929 convicia
2753 1874 3194 1928 communicabit
3225 1883 3282 1926 et
3325 1874 3539 1928 accidet

1948 1973 2006 2016 ιιι
2040 1973 2272 2034 uterque
2329 1965 2493 2018 simul
2529 1965 2710 2020 eidem
2766 1966 2983 2037 judicio
3043 1966 3419 2035 subiiciatur:
3458 1966 3535 2022 illi

1944 2056 2091 2125 quod
2125 2058 2483 2126 propaginem
2519 2073 2743 2127 pravam
2782 2059 2836 2112 in
2872 2058 3041 2113 vitam
3089 2060 3452 2127 pI'OlUllSSI‘Ill.
3484 2066 3538 2111 et

1945 2150 2362 2213 enutrivisscut,
2414 2167 2592 2221 neque
2635 2155 2686 2206 in
2723 2152 3033 2207 Citiuerona
3088 2162 3145 2206 et
3196 2150 3534 2223 Charybdin,

1945 2260 2010 2297 ac
2032 2245 2076 2298 si
2107 2260 2214 2312 qua
2252 2246 2428 2317 magis
2464 2263 2602 2300 nova
2638 2247 2865 2302 inventa
2901 2256 3049 2303 esset
3085 2262 3234 2301 mors
3286 2248 3340 2301 in
3375 2264 3536 2302 ver-a-

1947 2334 2170 2404 ginibus
2192 2345 2247 2390 et
2280 2332 2536 2392 lluctibus
2580 2346 2742 2392 terra:
2772 2347 2829 2394 et
2888 2339 3059 2395 maris
3088 2341 3271 2393 statim
3300 2338 3537 2408 dejeeiso

1946 2438 2073 2482 sent
2103 2427 2236 2483 illud
2287 2446 2317 2484 e
2345 2442 2540 2486 ventre
2579 2431 2774 2502 inepto
2809 2440 3138 2502 proruptum
3171 2449 3185 2486 :
3224 2433 3313 2486 hic
3345 2443 3528 2486 autem

1947 2523 2094 2590 quod
2152 2537 2333 2592 neque
2377 2522 2588 2578 invitus
2624 2525 2874 2579 tillorum
2913 2527 3242 2595 pravitatem
3308 2536 3536 2581 secutus

1946 2620 2116 2678 esset,
2150 2628 2275 2668 cum
2304 2616 2539 2670 rationis
2570 2627 2717 2671 esset
2764 2618 3048 2688 particeps
3081 2631 3135 2672 et
3164 2618 3534 2680 educationis,

1948 2718 2069 2771 quae
2099 2704 2422 2773 parentibus
2455 2722 2563 2761 non
2594 2707 2941 2777 contigiSSet,
2972 2725 3150 2775 neque
3194 2710 3369 2763 nihilo
3422 2724 3536 2763 mc-

1946 2799 2055 2853 lius
2086 2797 2448 2868 disposuisset
2478 2816 2640 2869 quam
2666 2801 2711 2855 si
2744 2802 2870 2871 quis
2903 2802 3012 2855 illis
3040 2802 3301 2856 similiter
3350 2819 3529 2871 argm-

1949 2902 2112 2958 taret,
2145 2909 2322 2963 neque
2351 2894 2571 2948 silentio
2606 2904 2756 2948 muto
2787 2895 2987 2948 malum
3013 2895 3199 2954 fovere
3232 2896 3528 2958 voluisset,

1947 2983 2044 3039 sed
2083 2985 2255 3038 multo
2286 2986 2671 3043 miserioribus
2693 2997 2749 3041 et
2777 2986 2936 3041 valde
2968 2987 3383 3057 impudentibus
3401 3002 3535 3043 eon-

1949 3076 2086 3131 siliis
2119 3078 2419 3132 voluntatis
2447 3068 2812 3148 principatum
2849 3079 3206 3150 prodidisset.
3261 3081 3330 3137 Et
3381 3079 3529 3133 acci-

296 3139 340 3192 δὲ
372 3148 510 3218 κωφῇ
541 3148 674 3217 γοῦν
703 3155 882 3224 σιωπῇ
929 3155 990 3208 τὸ
1042 3158 1214 3210 κακὸν
1241 3161 1606 3229 περιθάλπειν
1648 3139 1843 3234 βεϐου-

1947 3169 2026 3224 ιΙὶι
2056 3169 2154 3233 illi,
2182 3185 2305 3223 cum
2341 3171 2496 3224 malis
2527 3172 2697 3225 malos
2721 3173 3053 3227 admisceret
3083 3188 3267 3227 mores
3314 3183 3367 3226 et
3406 3189 3532 3228 sen-

296 3235 505 3309 ληνένῳ,
552 3241 692 3296 ἀλλὰ
749 3245 930 3316 πολλῷ
959 3249 1043 3319 τῷ
1092 3252 1278 3322 μέτρῳ
1319 3254 1747 3327 μοχθηροτέρως
1777 3259 1841 3329 δή

293 3344 386 3382 τισι
416 3333 504 3386 καὶ
550 3337 761 3407 σφόδρα
804 3338 1049 3396 ἀναιδέσι
1103 3344 1389 3420 λογισμοῖς
1435 3350 1845 3420 παραδεδωκότι

293 3422 376 3491 τὴν
399 3424 490 3492 τῆς
520 3426 751 3499 γνώμης
801 3431 1129 3502 ἠγεμονίαν.
1180 3438 1288 3490 Καὶ
1325 3416 1516 3503 κακοῖς
1559 3446 1705 3496 κακά
1736 3461 1845 3496 πα-

297 3514 557 3582 ρλμίξαντι
610 3518 718 3590 ἢθη
759 3524 852 3575 καὶ
902 3524 1147 3594 δόγματα
1184 3532 1416 3601 μακροῖς
1474 3549 1584 3586 τισι
1619 3533 1846 3605 διαστή-

295 3620 412 3674 μασι
435 3612 530 3680 τήν
553 3628 613 3664 τε
653 3613 914 3685 πατρῴαν
934 3620 1244 3690 παρελάσαι
1271 3627 1686 3681 συνεπεπτώκει
1724 3629 1849 3682 δυσ-

295 3700 509 3769 σέϐειαν,
566 3707 663 3758 καὶ
692 3706 809 3777 ἅμα
833 3703 1055 3782 ψυχαῖς
1083 3712 1369 3779 εὐσεϐείας
1402 3718 1668 3789 ἁπλότητι
1719 3738 1846 3774 συν-

291 3796 584 3859 τραφείσαις
614 3797 920 3869 θανάσιμον
948 3803 1058 3856 άπὸ
1083 3804 1333 3877 γλώττης
1359 3810 1593 3880 κεράσαι
1614 3815 1675 3866 τδ
1708 3814 1848 3882 φάρ-

295 3897 465 3975 μακον.
500 3887 751 3958 Πατέρας
788 3891 898 3960 γὰρ
929 3893 1097 3962 μέχρι
1121 3893 1315 3948 τούτου
1337 3899 1503 3967 τιμᾷν
1534 3901 1845 3975 προαιροῖτξ

290 3974 346 4025 ἀν
372 3994 448 4041 τις
471 3980 715 4045 εἰκότως.
749 3982 909 4054 μέχρι
939 3986 1077 4055 πρὸς
1107 3986 1168 4040 τὸ
1197 3987 1425 4052 εὐσεϐὲς
1453 3991 1555 4053 τὰς
1584 3993 1687 4062 τῆς
1713 3974 1842 4064 τροὲ

290 4067 383 4135 φῆς
405 4071 486 4121 καὶ
510 4071 761 4136 παιδείας
788 4077 992 4144 πηγὰς,
1017 4078 1114 4131 καὶ
1140 4079 1244 4132 ὅσα
1268 4082 1379 4144 τοῖς
1408 4082 1700 4152 ἑπομένοις
1726 4086 1843 4139 ἐστι

289 4158 346 4208 δι’
379 4162 607 4230 ἐφέσεως
663 4164 759 4217 καὶ
789 4167 1075 4239 ῥᾳστώνης
1118 4170 1442 4240 λαμϐάνειν,
1483 4177 1585 4247 όρᾷ
1622 4179 1845 4248 προϊού-

290 4268 404 4315 σας·
432 4259 655 4311 ἐπειδὰν
688 4259 747 4311 δὲ
779 4261 915 4330 πρὸς
944 4263 1374 4332 κακοδαιμονίαν
1405 4268 1467 4322 τὸ
1490 4272 1612 4340 ῥέον
1636 4272 1841 4344 ἕρπειν

287 4344 364 4396 τοῦ
391 4349 576 4415 χρόνου
627 4349 777 4423 δόξῃ,
832 4352 943 4406 τῶν
988 4349 1141 4427 ,πάνυ
1171 4374 1224 4411 τι
1256 4361 1654 4430 προσηκόντων
1680 4366 1839 4419 ἁλλο-

285 4438 544 4503 τριοῦσθαι
577 4442 846 4513 νομίζοιτ’
867 4446 952 4511 ἂν,
981 4448 1081 4516 τῆς
1110 4447 1206 4502 τοῦ
1239 4451 1434 4521 καιροῦ
1462 4457 1842 4523 περιστάσεως

1952 3263 2151 3318 tentias
2184 3270 2243 3316 ut
2282 3262 2461 3330 longis
2494 3247 2805 3317 intervallis
2836 3273 3124 3333 paternam
3166 3265 3331 3337 346
3368 3281 3535 3335 supe-

1950 3366 2099 3409 raret
2133 3354 2496 3423 impietatem,
2529 3356 2805 3424 simulque
2837 3358 3038 3411 animis
3069 3358 3123 3411 in
3155 3359 3374 3428 pietatis
3403 3362 3534 3412 sitn-

1949 3447 2193 3517 plicitate
2218 3446 2471 3502 educatis
2529 3448 2885 3502 mortiferum
2943 3450 3130 3505 subito
3186 3450 3533 3509 immism-ret

1947 3554 2246 3593 venenum.
2279 3538 2470 3592 Patres
2519 3539 2666 3593 enim
2702 3555 2880 3610 usque
2902 3541 2966 3594 ad
3008 3542 3109 3597 hoc
3152 3543 3336 3598 colere
3378 3554 3530 3598 certe

1950 3629 2105 3683 malit
2129 3631 2384 3699 quisque,
2418 3630 2596 3685 donec
2622 3631 2688 3685 ad
2717 3631 2976 3701 pietatem
3021 3633 3203 3688 victus
3233 3643 3288 3688 et
3325 3635 3531 3690 edura-

1951 3721 2118 3775 tionis
2157 3721 2338 3776 fontes
2392 3730 2448 3776 et
2511 3739 2854 3792 qua‘cnnque
2903 3736 3198 3794 sequentes
3228 3728 3531 3793 copiditate

1947 3818 2004 3865 et
2038 3810 2300 3864 facilitate
2328 3813 2580 3880 accipere
2611 3821 2864 3881 possunt,
2896 3816 3155 3886 progredi
3180 3816 3332 3870 videt
3362 3835 3374 3869 :
3401 3833 3526 3869 eum

1947 3911 2131 3956 autem
2162 3902 2365 3957 [lumen
2410 3906 2679 3973 temporis
2711 3904 2764 3958 in
2799 3906 3169 3961 calamitatem
3203 3909 3310 3963 labi
3342 3909 3528 3962 videa-
3590 3976 3599 3991 κ

1947 4004 2058 4055 tur.
2084 4011 2114 4050 a
2148 3996 2383 4051 maxime
2410 3996 2669 4052 amnibus
2703 3998 3006 4052 abalienari
3076 4014 3135 4053 se
3176 4009 3353 4069 putet,
3400 4016 3525 4054 cum

1947 4088 2217 4159 temporis
2238 4088 2486 4143 conditio
2516 4100 2675 4160 cogat
2703 4090 2874 4144 animi
2925 4105 3169 4145 amorem
3204 4108 3233 4145 a
3293 4103 3526 4161 cognato

1947 4181 2092 4236 malo
2116 4182 2170 4235 in
2203 4181 2411 4235 bonum
2452 4198 2770 4252 quanquam
2802 4182 3045 4238 alienum
3101 4183 3426 4249 transferre,
3470 4194 3527 4239 et

1945 4275 2124 4345 ipsum
2156 4276 2507 4331 accedentem
2542 4277 2659 4332 fieri
2695 4286 2906 4346 partem
2952 4277 3327 4333 deficientem.
3380 4280 3529 4333 Alio-

1947 4368 2212 4437 rum,-qui
2243 4368 2387 4421 circa
2424 4384 2607 4439 regem
2636 4372 2844 4440 majore
2877 4369 2961 4423 vel
2991 4375 3205 4424 mlnore
3225 4381 3381 4423 erant
3409 4371 3527 4435 dig-

1945 4460 2139 4525 nitate,
2179 4464 2427 4515 omnium
2474 4463 2588 4518 fere
2624 4477 2788 4517 nemo
2844 4473 2988 4525 erat.
3054 4465 3142 4518 cui
3207 4478 3315 4515 non
3378 4472 3526 4516 eswt

285 4530 599 4605 βιαζομένης
634 4538 697 4590 τὸ
725 4538 915 4605 φιλοῦν
959 4540 1057 4610 τῆς
1091 4540 1268 4611 ψυχῆς
1296 4518 1362 4597 ἐκ
1388 4543 1483 4596 τοῦ
1535 4518 1840 4616 συγγενοῦς

1947 4563 2261 4621 comparata
2293 4554 2479 4623 lingua
2514 4555 2740 4608 mordax
2804 4557 2856 4608 in
2895 4556 3356 4623 vituperationem
3393 4565 3523 4606 tunc

282 4626 437 4679 κακοῦ
457 4628 593 4698 πρὸς
631 4629 946 4699 τάλλότριον
979 4635 1329 4702 μετατιθέναι
1358 4635 1583 4702 ἀγαθόν.
1610 4639 1718 4693 Καὶ
1743 4642 1843 4710 μὲν

278 4716 335 4785 δη
368 4719 559 4790 δεῆσαν
599 4718 758 4786 αὖθις
792 4723 1096 4794 ἐληλυθότα
1152 4726 1322 4797 μέρος
1352 4729 1449 4783 καὶ
1482 4732 1645 4785 αὑτὸν
1681 4734 1842 4801 γενὲ⁹

278 4807 393 4863 σθαι
420 4810 524 4864 τῶν
550 4813 729 4868 ἄλλων
745 4809 827 4878 οἷς
860 4816 991 4886 περὶ
1018 4818 1109 4870 τὸν
1137 4817 1363 4889 βασιλέα
1390 4820 1528 4886 τέως
1559 4805 1841 4885 συνέϐαθε

276 4906 479 4972 μείζοσί
523 4925 584 4961 τε
632 4912 727 4961 καὶ
758 4908 950 4979 ἥττοσι
1005 4904 1117 4983 τὴν
1153 4912 1335 4978 ἀξίαν,
1379 4911 1448 4984 ἦν
1510 4917 1696 4987 σχεδὸν
1731 4898 1841 4972 τῶν

268 4996 515 5052 ἁπάντων
559 5001 738 5065 οὐδεὶς
795 4995 841 5071 ᾧ
896 5003 973 5074 μὴ
1024 5004 1265 5076 λοίδορος
1292 5006 1565 5063 ὥπλισται
1611 5011 1836 5077 γλῶσσα

270 5090 384 5141 κατ’
408 5093 594 5154 αὑτοῦ,
647 5095 749 5157 τὰς
780 5094 1012 5166 ἔναγχος
1059 5098 1410 5170 βλασφημίας
1456 5102 1673 5164 ἐκείνας
1701 5120 1838 5173 προ-

267 5183 570 5254 ϐαλλομένη
612 5188 749 5255 πρὸς
784 5188 1007 5259 ἔλεγχον
1033 5191 1128 5244 νῦν
1160 5191 1251 5245 ὑπ’
1278 5193 1428 5263 αὐτῷ
1458 5195 1706 5267 μάρτυρι
1739 5198 1836 5250 καὶ

264 5278 514 5350 αῦτηκόῳ
540 5280 617 5350 τῷ
643 5281 877 5351 βασιλεῖ.
898 5278 1079 5337 Ἦσαν
1099 5284 1146 5337 δ’
1168 5285 1216 5337 οἳ
1250 5286 1342 5339 καὶ
1372 5287 1534 5359 μέχρι
1565 5289 1671 5357 πρὸ
1696 5289 1836 5342 ἐτῶν

260 5371 626 5428 ἑπτακαίδεκα
653 5374 730 5443 ll)
755 5375 851 5445 τὴν
871 5378 1094 5447 μνήμην
1118 5378 1511 5449 ἀναπόμπιμον
1533 5380 1836 5447 ἐποιοῦντο,

254 5462 290 5516 ἃ
329 5468 495 5520 πάλαι
531 5470 595 5537 δὴ
628 5471 725 5521 καὶ
746 5469 943 5538 δρᾶσαι
973 5472 1067 5524 καὶ
1107 5471 1303 5525 παθεῖν
1337 5474 1501 5526 αὑτὸν
1534 5476 1834 5542 ἐξεγένετο,

255 5558 353 5610 καὶ
373 5558 718 5630 ἀναθέμασιν
746 5560 1048 5629 ἐγγράφοις
1094 5563 1187 5614 καὶ
1217 5563 1480 5633 χωρισμῷ
1507 5563 1644 5616 Θεοῦ
1675 5565 1835 5617 καθυ.

322 5738 404 5818 (ll
442 5739 526 5794 An
578 5742 935 5818 δυοκαὶδεκαῗ
969 5762 1127 5818 nam
1171 5749 1413 5818 synodus
1455 5752 1507 5805 in
1560 5754 1832 5808 Palamatn

256 5817 447 5862 coacta
482 5820 561 5865 est
597 5827 743 5868 anno
773 5814 977 5871 Christi
1016 5814 1329 5886 l5l5;'ha:c
1358 5834 1542 5879 autent
1587 5826 1829 5896 disputa-

1946 4644 2236 4716 profcreus
2265 4645 2386 4714 ipso
2426 4654 2565 4700 teste
2598 4661 2725 4717 rege
2758 4654 2816 4700 et
2847 4655 3119 4714 praesente
3156 4655 3343 4699 centra
3393 4660 3520 4698 eum

1942 4738 2193 4792 convicia
2229 4737 2317 4791 illa
2354 4753 2529 4806 nuper
2560 4737 2628 4792 ab
2655 4753 2723 4791 eo
2751 4737 2920 4792 dicta.
2978 4739 3149 4793 Erant
3208 4748 3392 4793 autem
3425 4740 3518 4810 qui

1944 4831 2265 4885 memoriam
2297 4830 2575 4886 reminisci
2593 4830 2853 4901 juberent
2875 4845 2939 4885 ea
2965 4846 3086 4901 quae
3109 4832 3240 4886 olim
3260 4832 3370 4901 jam
3394 4845 3521 4888 ante

1945 4925 2338 4993 septemdecim
2367 4938 2542 4978 annos
2579 4924 2787 4978 fecerat
2836 4935 2894 4978 et
2926 4940 3118 4994 passus
3148 4937 3288 4991 erat,
3335 4926 3522 4983 illum-

1941 5033 2050 5087 que
2092 5018 2440 5071 anathemate
2488 5016 2858 5087 proseriptum
2912 5025 2969 5071 et
3020 5020 3355 5086 separationi
3424 5020 3518 5074 Dei

1942 5111 2250 5180 subjectum
2292 5124 2415 5164 esse
2455 5124 2484 5162 a
2547 5106 2991 5180 patriarcharum
3051 5121 3108 5165 et
3165 5112 3518 5167 sacerdotum

1942 5201 2332 5272 primariorum
2369 5202 2640 5257 conciliis.
2706 5201 2885 5273 Atque
2917 5213 2978 5257 ut
3032 5204 3277 5258 breviter
3310 5205 3518 5268 dicam,

1942 5310 2172 5365 magnus
2225 5303 2346 5348 erat
2406 5296 2646 5363 impetus
2692 5297 2794 5351 hoc
2846 5296 2936 5350 die
2985 5297 3318 5367 judiciorum
3380 5314 3518 5353 con-

1941 5388 2051 5444 cilii
2083 5387 2229 5442 illius
2277 5387 2422 5442 beati
2454 5388 2613 5460 347
2649 5389 2793 5458 apud
2850 5405 3033 5461 regem
3080 5390 3513 5448 adolescentem.

1940 5496 2059 5549 quae
2118 5489 2310 5534 contra
2361 5480 2636 5534 Palatnarn
2705 5490 2819 5535 tum
2870 5483 3148 5552 aperirent
3188 5500 3201 5537 :
3240 5498 3364 5538 cum
3422 5481 3513 5534 alii

1940 5571 2046 5626 alia
2095 5571 2346 5626 dicereut
2404 5580 2462 5625 et
2520 5572 2613 5626 alii
2669 5574 2794 5627 aliis
2851 5575 3250 5630 aemularentur
3301 5584 3353 5627 et
3419 5571 3515 5626 alii

1934 5758 2021 5880 ἕο
2060 5755 2279 5812 videtur
2330 5758 2609 5827 pertinere
2643 5759 2709 5813 ad
2760 5775 2962 5814 annum
3018 5758 3151 5813 l556
3203 5758 3508 5816 ineuntem.

1979 5843 2209 5880 otvtnus.

1979 5843 2209 5884 OlVlNUS.
