3994 6204
476 352 583 427 307

1673 353 2092 415 ΝιεΕΡΗΟιιι
2138 356 2520 417 GBEGORE

3583 346 3700 411 .308

477 462 617 525 alios
646 461 913 523 coﬁViciis
960 466 1257 539 majoribus
1305 478 1655 538 superarem.
1719 468 1887 523 Erant
1932 469 2087 528 au-j

2158 468 2512 539 ιοϐεδ).ῆσθαι
2542 468 2677 538 πρὸς
2708 465 2817 519 τῶν
2845 465 2966 520 τότε
2993 463 3355 535 πατριαρχῶν
3392 464 3485 519 xui
3518 465 3702 535 ἀρχιε-

481 574 632 629 tem,
717 565 811 633 qui
890 577 1015 616 eum
1074 560 1235 614 etiam
1303 559 1641 630 proditorem
1698 559 2038 630 appellarent

2143 559 2384 630 ρατικῶν
2412 558 2668 616 συνόδων.
2717 557 2827 612 Καὶ
2870 556 3145 611 συνελόντι
3203 553 3396 624 φάναι,
3428 554 3595 625 πολλή
3620 573 3700 622 τις

476 664 535 710 et
561 655 705 725 regis
741 654 915 722 ipsius
941 662 996 706 et
1021 651 1289 715 omnium,
1313 650 1406 720 qui
1457 652 1569 721 regi
1606 649 1796 706 aiiines
1855 657 2041 706 essent

2158 650 2210 724 ειν
2243 655 2277 722 ή
2301 650 2621 736 καταδρομὴ
2666 648 2776 703 τῶν
2799 651 3043 719 τήμερον
3094 646 3292 716 ψήφων
3328 644 3427 713 τῆς
3457 644 3704 707 εὐδαιμο-

477 760 677 814 gonere
706 753 762 797 et
794 744 966 812 gloria
1000 758 1016 795 :
1043 752 1101 797 et
1128 741 1286 811 quasi
1309 742 1413 796 hoc
1432 742 1500 796 ad
1523 757 1582 797 se
1604 742 1906 813 pertineret
1931 756 2039 796 non

477 837 766 899 abstinuit,
800 848 924 887 cum
958 831 1327 902 principatum
1363 832 1652 887 sententiae
1685 832 1857 887 semel
1910 834 2044 887 sub-

476 929 698 997 iecisset
736 924 892 979 factis
917 934 972 979 et
1003 924 1353 979 sermonibus
1386 924 1600 994 pravis.
1649 924 1787 993 quin
1850 938 2044 979 omnes

484 1021 537 1074 in
572 1019 888 1071 universum
933 1016 1190 1072 violentae
1235 1018 1395 1070 morti
1433 1017 1628 1070 daret:
1676 1029 1856 1085 neque
1895 1014 2045 1069 enim

394 1152 398 1157 .
485 1110 630 1180 quod
651 1108 849 1179 gladiis
870 1108 1069 1164 ferreis
1088 1117 1144 1165 et
1174 1107 1291 1178 ipse
1313 1108 1637 1163 sicariorum
1665 1106 1831 1161 modo
1861 1114 2047 1176 aperte

484 1218 596 1257 non
635 1217 766 1258 usus
802 1212 969 1268 esset,
996 1201 1279 1256 videretur
1307 1215 1573 1255 summam
1598 1198 2047 1255 criminationum

487 1295 808 1363 gravitatem
851 1294 991 1365 pati:
1016 1293 1111 1349 sed
1145 1292 1290 1364 quod
1316 1293 1609 1348 amicitiam
1637 1291 1904 1347 simulans
1932 1290 2051 1345 sine

488 1386 603 1439 ullo
651 1385 778 1440 dolo
830 1401 956 1442 eum
990 1386 1306 1440 amantibus
1351 1394 1524 1439 totum
1561 1382 1747 1437 dolose
1766 1380 2051 1437 effudisset

486 1478 687 1533 veneni
738 1486 1032 1544 craterem,
1071 1477 1390 1546 priusquam
1442 1473 1536 1543 qui
1585 1487 1652 1527 eo
1705 1471 2052 1527 adicerentur

489 1567 717 1622 insidias
752 1566 1298 1622 animadvertissent:
1350 1569 1515 1633 atque
1559 1561 1636 1616 illi
1685 1560 1929 1631 quidem,
1959 1560 2052 1631 qui

492 1671 692 1725 genere
753 1665 808 1710 et
859 1656 1028 1725 gloria
1078 1662 1427 1725 praestarent,
1470 1652 1543 1705 ita
1584 1649 1785 1705 invecti
1840 1650 2055 1704 suntin

493 1747 766 1801 Palamam
800 1747 1113 1810 scelestum,
1146 1754 1201 1801 et
1224 1744 1311 1799 his
1362 1742 1584 1814 iudieiis
1618 1756 1744 1796 enm
1780 1741 1877 1797 ulti
1904 1749 2052 1797 sunt.

2143 759 2233 805 νος
2260 732 2553 812 γερουσίας
2600 738 2816 809 ἐκείνης
2852 739 2944 791 ἐπὶ
2990 735 3085 789 τοῦ
3124 736 3248 788 νέου
3297 732 3585 804 βασιλέως,
3640 734 3706 796 ἃς

2144 832 2209 903 δὴ
2244 832 2386 886 κατὰ
2413 829 2506 884 τοῦ
2540 831 2778 899 Παλαμᾶ
2808 826 3111 898 τηνικαῦτα
3131 823 3505 891 ἀπεφήναντο,
3532 820 3708 875 ἄλλων

2145 922 2283 976 ἀλλα
2307 920 2594 987 λεγόντων,
2631 921 2725 972 xui
2746 917 2921 972 ἀλλων
2954 914 3136 976 ἀλλοις
3168 910 3587 981 ἁμιλλωμένων,
3614 911 3709 961 καὶ

2146 1013 2322 1069 ἄλλων
2354 1011 2552 1075 ἀλλους
2608 1008 2917 1078 παριόντων
2946 1004 3023 1074 τῷ
3075 1005 3184 1057 τῶν
3223 1000 3504 1071 λοιδοριῶν
3539 1000 3711 1067 ὑπερ-

2148 1105 2424 1160 ϐάλλοντι.
2453 1099 2635 1156 *Ησαν
2665 1101 2711 1156 δ’
2738 1100 2790 1153 οἳ
2811 1101 2907 1154 xui
2931 1096 3197 1167 προδότην
3220 1095 3385 1146 αὑτὸν
3414 1091 3714 1146 ἐπεκάλουν

2150 1194 2314 1250 αὐτοῦ
2336 1192 2397 1266 [ἵ.
2425 1188 2624 1262 155υ.]
2654 1190 2913 1261 βασιλέως
2939 1188 3035 1241 καὶ
3055 1188 3170 1241 ὅσοι
3201 1184 3279 1255 τῷ
3302 1183 3515 1254 βασιλεῖ
3545 1196 3718 1249 προσ-

2150 1289 2378 1358 ήκοντες
2432 1280 2542 1338 εἷεν
2575 1282 2723 1352 γένει
2751 1282 2845 1335 xui
2876 1281 3023 1351 δόξῃ*
3054 1280 3150 1333 xui
3184 1278 3261 1341 ὡς
3297 1277 3358 1330 τό
3386 1292 3448 1344 γε
3470 1271 3604 1344 ἧκον
3635 1274 3715 1334 εἰς

2152 1380 2315 1434 αὑτδν
2350 1379 2455 1432 οὐκ
2488 1378 2782 1445 ἀπέσχετο,
2827 1372 2927 1443 τὴν
2984 1369 3284 1442 ἠγεμονίαν
3333 1366 3433 1436 τῆς
3490 1362 3718 1432 γνώμης

2154 1470 2394 1539 ὑπήκοον
2421 1467 2572 1531 ἅπαξ
2610 1465 2788 1536 ἔργων
2826 1462 2921 1516 καί
2944 1460 3119 1529 λόγων
3146 1455 3283 1523 ὁμοῦ
3325 1454 3578 1525 πονηρῶν
3617 1468 3717 1505 πει

2155 1561 2405 1633 πραχὼς,
2464 1559 2539 1629 μὴ
2588 1559 2651 1610 οὐ
2697 1555 2907 1617 πάντας
2959 1551 3265 1623 συλλήϐδην
3301 1548 3461 1619 βιαίῳ
3501 1546 3720 1633 θανάτῳ

2154 1650 2360 1705 δοῦναι.
2395 1648 2469 1701 Οὐ
2507 1646 2614 1715 γὰρ
2641 1645 2722 1698 ὅτι
2747 1643 2822 1713 μὴ
2847 1641 3094 1711 σιδηραῖς
3119 1638 3212 1691 xui
3246 1636 3404 1698 αὐτὸς
3429 1634 3570 1687 κατά
3592 1632 3721 1695 τοὺς

2157 1742 2512 1813 ἀνδροφόνους
2548 1738 2822 1809 ἐχρήσατο
2875 1736 3098 1805 λόγχαις
3148 1734 3211 1783 ἐκ
3257 1728 3351 1783 τοῦ
3386 1723 3721 1813 προφανοῦς,

497 1839 611 1893 Rex
639 1848 820 1893 autem
855 1838 949 1907 qui
978 1846 1035 1892 et
1061 1837 1177 1906 ipse
1200 1812 1417 1891 silentio
1441 1834 1689 1890 convicia
1716 1832 1842 1887 talia
1863 1842 2055 1887 contra
2085 1848 2087 1856 λ

2158 1830 2500 1898 ὐποόεὸηκός
2542 1844 2597 1880 τι
2630 1825 2691 1877 τὸ
2732 1824 2897 1895 βάρος
2942 1822 3086 1891 ἔχειν
3118 1817 3245 1887 δόξῃ
3290 1815 3405 1907 τῶν
3436 1812 3726 1907 ὲγ-κλημ-ἀ-

497 1929 771 1984 Palamam
814 1930 958 1984 dicta
1001 1927 1304 1983 audivisset
1346 1934 1399 1981 et
1434 1933 1623 1981 contra
1665 1939 1790 1980 eum
1822 1922 2061 1992 castiga-

500 2020 706 2075 tionem
759 2035 934 2090 poena:
982 2021 1253 2090 imperare
1303 2019 1589 2081 voluisset,
1622 2026 1807 2071 tamen
1843 2024 2063 2085 propter

505 2110 743 2163 innatam
777 2109 1124 2165 clementiam
1160 2124 1387 2179 parcere
1426 2108 1478 2163 ei
1509 2107 1683 2161 voluit
1713 2115 1765 2161 et
1793 2104 2061 2177 judicium

502 2206 730 2267 propter
760 2213 1045 2253 sermones
1073 2206 1126 2253 et
1158 2198 1296 2252 facta
1327 2197 1475 2251 illius
1499 2197 1706 2250 editum
1738 2195 2061 2264 prolatavit:

500 2300 665 2359 atque
695 2289 798 2343 hac
829 2289 885 2343 in
920 2289 1193 2343 sententia
1222 2288 1546 2357 permansit,
1582 2300 1893 2355 quanquam
1922 2299 2065 2355 azgre

497 2382 765 2435 ferentem
786 2381 949 2453 348
976 2388 1031 2434 et
1057 2390 1370 2449 gravantem
1394 2379 1532 2433 vidit
1549 2378 1821 2433 Palamam
1843 2392 1859 2430 :
1884 2391 2062 2446 neque

499 2471 881 2526 conviciantes
920 2470 1208 2540 prohibuit
1245 2469 1314 2524 ab
1345 2470 1585 2540 impetu,
1628 2467 1903 2536 simulque
1934 2482 2063 2537 gau—

499 2562 652 2615 dium
687 2562 855 2616 animi
887 2562 967 2617 sui
1002 2561 1119 2617 risu
1147 2561 1380 2616 obscuro
1414 2560 1554 2615 clam
1590 2559 1834 2630 aperuit:
1877 2567 1931 2611 et
1966 2572 2065 2627 per

504 2654 737 2708 multum
795 2663 1012 2722 tempus
1059 2652 1342 2719 sustinuit,
1372 2651 1617 2707 convicia
1671 2659 1864 2705 contra
1914 2648 2066 2704 Pala-

500 2758 645 2798 mam
677 2744 822 2800 dicta
856 2743 1092 2803 libenter
1129 2742 1391 2798 audiens:
1418 2752 1582 2813 atque
1626 2743 1727 2797 hoc
1768 2750 1882 2795 erat
1919 2740 2066 2811 judi-

504 2837 652 2891 cium
685 2845 781 2892 aut
831 2836 1029 2908 judicii
1074 2836 1401 2906 prommium
1449 2844 1503 2890 et
1548 2833 1895 2888 adumbratio
1942 2846 2067 2886 eru-

504 2938 680 2998 pturas
705 2929 814 3000 jam
848 2928 903 2982 in
948 2928 1223 2982 Palamam
1269 2926 1743 2982 condemnationis
1787 2923 1996 2994 prolata
2034 2938 2064 2975 a

506 3035 635 3090 rege
686 3031 741 3074 et
784 3018 1090 3073 illustribus
1141 3018 1249 3072 illis
1302 3018 1439 3072 viris
1475 3017 1543 3072 de
1585 3016 1860 3086 colloquio
1891 3029 2066 3084 nuper

509 3125 633 3164 cum
666 3110 905 3181 Cregora
942 3111 1216 3165 instituto.

2162 1938 2294 1988 των,
2325 1918 2441 1974 ἀλλ’
2476 1920 2557 1973 ὅτι
2599 1916 2784 1986 φιλίαν
2815 1909 3280 1983 σχηματιζόμενος
3322 1905 3442 1958 δλον
3491 1901 3725 1972 δολερῶς

2164 2016 2404 2070 ἐκένωσε
2438 2013 2550 2074 τοῖς
2585 2009 2789 2071 ἀδόλως
2841 2003 3055 2074 φιλοῦσι
3109 2001 3200 2053 τὸν
3244 1996 3338 2051 τοῦ
3391 1994 3724 2064 δηλητηρίου

2164 2100 2440 2168 κρατῆρα,
2476 2097 2608 2167 πρὶν
2654 2094 2756 2163 τῆς
2810 2089 3102 2159 ἐπιϐουλῆς
3136 2085 3420 2141 αἰσθέσθαι
3460 2082 3583 2144 τοὺς
3616 2080 3726 2133 πά-

2165 2207 2420 2260 σχοντας.
2472 2187 2581 2241 Καὶ
2629 2187 2678 2240 oi
2743 2186 2844 2255 μὲν
2893 2183 3041 2251 γένει
3095 2181 3191 2234 καὶ
3235 2178 3363 2248 δόξῃ
3397 2172 3730 2244 προῦχοντες

2163 2283 2354 2355 ἄνδρες
2380 2282 2577 2335 ἐκεῖνοι
2608 2277 2752 2332 οὕτω
2784 2273 3237 2346 προσηνέχθησαν
3280 2270 3359 2341 τῷ
3394 2265 3574 2339 μιαρῷ
3612 2265 3731 2318 Πα-

2163 2375 2335 2446 λαμᾷ,
2382 2372 2478 2428 καὶ
2507 2370 2714 2434 ταύτας
2754 2368 2946 2438 ἐκείνῳ
2975 2367 3076 2430 τὰς
3112 2365 3319 2436 κρίσεις
3364 2361 3666 2415 ἀπέτισαν*
3701 2355 3732 2406 δ

2162 2466 2220 2519 δὲ
2257 2463 2516 2535 βασιλεὺς
2538 2462 2636 2515 xui
2671 2459 2835 2523 αὐτὸς
2867 2459 2995 2529 σιγῇ
3044 2456 3156 2510 τῶν
3183 2455 3323 2509 κατά
3357 2451 3453 2505 τοῦ
3488 2449 3732 2518 Παλαμᾶ

2164 2557 2424 2611 τοιούτων
2445 2551 2724 2625 λοιδοριῶν
2746 2551 3015 2620 αὐτήκοος
3038 2549 3301 2618 γεγονὼς,
3323 2544 3417 2596 xui
3442 2540 3731 2612 βουληθεὶς

2169 2654 2267 2723 μέν
2290 2669 2405 2714 πως
2427 2650 2526 2720 τὴν
2553 2652 2652 2719 τῆς
2684 2646 3019 2716 ἐκδικήσεως
3045 2640 3475 2713 προστεταχέναι
3502 2632 3731 2723 κόλασιν

2165 2721 2287 2797 κατ’
2341 2739 2528 2805 αὐτοῦ,
2587 2736 2918 2807 φεισάμενος
2954 2732 3000 2785 δ’
3052 2728 3146 2784 οὖν
3208 2729 3296 2781 διὰ
3352 2726 3451 2794 τὴν
3485 2721 3733 2790 ἔμφυτον

2166 2834 2485 2898 ἐπιείκειαν,
2523 2831 2658 2894 τέως
2700 2829 2800 2898 μὲν
2833 2828 2931 2898 τὴν
2962 2824 3069 2879 ἀπὸ
3100 2822 3345 2891 γλώττης
3374 2817 3472 2870 καὶ
3501 2814 3610 2867 τῶν
3640 2812 3735 2880 ἐρ-

2167 2943 2280 2995 γων
2316 2923 2612 2994 ὑπερέθετο
2650 2921 2850 2991 ψῆφον,
2897 2918 3127 2984 ἐπέμενε
3157 2914 3201 2967 δ’
3230 2911 3326 2965 οὖν
3365 2910 3512 2978 ὅμως
3541 2902 3734 2995 ὑϐριο-

2169 2991 2450 3069 παθοῦντα
2477 3013 2619 3082 δρῶν
2653 3010 2749 3065 xui
2797 3008 3096 3080 ἀχθόμενον
3132 3001 3421 3072 Παλαμᾶν,
3478 2994 3573 3049 xui
3601 2991 3734 3046 οὔτε

2166 3106 2293 3168 τοὺς
2328 3102 2702 3173 λοιδοροῦντας
2726 3099 2989 3153 ἀνέκοπτε
3021 3096 3121 3166 τῆς
3149 3092 3351 3163 ὁρμῆς,
3374 3090 3471 3142 xui
3510 3089 3625 3156 ἃμα
3666 3082 3734 3134 τὸ

390 5792 413 5807 ι
516 5766 663 5810 runt.
690 5758 870 5821 Quare
896 5752 1065 5822 grata
1098 5749 1192 5804 tibi
1220 5764 1246 5801 ιι
1278 5747 1406 5803 Deo.
1432 5745 1569 5802 Sunt
1590 5753 1770 5800 autem
1786 5756 1853 5799 ex
1874 5740 2073 5798 ibidem

504 3204 692 3273 χαῖρον
732 3176 998 3269 ὖτὲέφαινε
1050 3200 1149 3271 τῆς
1201 3198 1394 3259 ἑαυτοῦ
1444 3197 1624 3269 ψυχῆς
1659 3199 1923 3269 ἀμυδροῖς
1954 3214 2064 3251 τισι
2106 3195 2448 3267 μειδιάμασι,
2498 3194 2594 3247 καὶ
2646 3189 3040 3260 διεκαρτέρησε
3109 3187 3270 3255 μέχρι
3346 3176 3541 3234 πολλοῦ
3584 3192 3738 3273 τινος

502 3268 698 3365 χρόνου
719 3268 986 3349 διακούων
1053 3268 1222 3365 ἡδέως
1288 3295 1398 3348 τῶν
1443 3268 1588 3347 κατὰ
1625 3292 1720 3345 τοῦ
1791 3291 2024 3361 Παλαμᾶ
2074 3288 2378 3359 λοιδοριῶν.
2402 3285 2513 3340 Kui
2547 3282 2616 3356 ἦν
2642 3283 2816 3337 ταῦτα
2846 3282 3026 3352 ψῆφος
3051 3280 3086 3348 ἢ
3124 3279 3305 3348 ψήφου
3333 3268 3737 3345 προαναφώνηο

507 3391 590 3456 σίς
624 3409 707 3455 τις
758 3391 850 3444 xui
895 3364 1229 3453 διατύπωσις
1282 3393 1382 3461 τῆς
1441 3388 1743 3460 μελλούσης
1798 3387 1878 3442 ἔτι
1952 3388 2097 3475 κατά
2132 3385 2230 3439 τοῦ
2311 3382 2549 3451 Παλαμᾶ
2582 3378 2906 3449 καταδίκης,
2962 3372 3304 3445 ἐξενεχθεῖσα
3348 3368 3485 3440 πρός
3523 3385 3585 3421 τε
3634 3364 3738 3419 τοῦ

506 3490 769 3562 βασιλέως
823 3492 914 3542 καὶ
976 3488 1085 3543 τῶν
1148 3486 1373 3553 ἐνδόξων
1425 3486 1647 3540 ἐκείνων
1684 3484 1887 3556 ἀνδρῶν
1937 3483 2033 3555 τῆς
2072 3466 2299 3551 ἔναγχος
2336 3477 2623 3546 διαλέξεως
2667 3477 2735 3548 ἢν
2770 3476 3067 3544 ἐποιήσατο
3110 3473 3247 3543 πρὸς
3275 3472 3365 3526 τὸν
3410 3466 3732 3542 Γρηγορᾶν.

523 3716 779 3735 M

1743 3822 1880 3876 ΤΟΥ
1918 3820 2153 3877 ΑΥΤΟΥ
2191 3819 2530 3875 ΜΟΝΑΧΟΥ

953 3988 1947 4124 ΝΙΚΗΦΟΡΟΥ
2052 3988 2397 4120 ΤΟΥ
2492 3983 3275 4118 ΓΡΗΓΟΡΑ

1834 4202 2008 4254 Περι
2048 4179 2186 4253 τοΝ
2220 4201 2459 4257 ΑΥΤΩΝ

1205 4344 1573 4433 ΛΟΓΟΣ
1643 4346 2206 4435 ΔΕΥΤΕΡΟΣ
2283 4345 3032 4431 ΔΟΓΜΑΤΙΚΟΣ.

1757 4589 2111 4651 EIUSDEM
2156 4587 2516 4650 MONACHI

1333 4782 2107 4895 NlCEPHORl
2205 4780 2923 4897 GREGOBZE

1942 5018 2024 5060 DE
2067 5016 2301 5061 EISDBM

1104 5135 1558 5277 \SE'BMO
1629 5174 2238 5265 SECUNDUS
2319 5173 3109 5265 DOGMATICUS.

2091 5368 2166 5380 ...-

583 5474 748 5549 359
767 5474 805 5529 l.
823 5472 952 5540 Quae
967 5468 1148 5527 adhuc
1167 5469 1308 5525 dicta
1328 5475 1456 5523 sunt
1469 5482 1500 5520 ε
1523 5476 1594 5532 te,
1608 5463 1933 5520 amicissime
1945 5464 2086 5532 Ago-

2257 5460 2337 5516 A’.
2375 5461 2455 5514 Τά
2498 5463 2597 5530 μὲν
2630 5461 2693 5529 δὴ
2742 5459 2903 5531 μέχρι
2941 5460 3034 5513 xui
3063 5459 3121 5521 ἐς
3156 5458 3274 5511 τόδε
3316 5473 3400 5510 σοι
3437 5458 3705 5527 εἰρημένα
3728 5496 3746 5522 ,

516 5548 760 5636 tlteniec,
778 5568 913 5622 satis
938 5565 1165 5619 multum
1187 5571 1242 5617 ct
1267 5576 1426 5631 quam
1444 5558 1697 5629 equidem
1719 5556 1965 5611 volebam
1989 5570 2085 5610 eo-

2196 5555 2368 5623 φιλων
2402 5555 2592 5624 ἄριστε
2632 5554 2971 5621 ’Δγαθόνικε,
3008 5549 3204 5619 δαψιλῆ
3231 5565 3321 5617 μοι
3353 5548 3627 5619 παρέσχον
3657 5550 3753 5602 xui

516 5682 636 5719 i‘lllll
687 5677 807 5732 qua:
845 5659 1197 5721 (ltitt‘SiVCl‘ﬂlli
1247 5654 1608 5724 cognitionem
1639 5650 1771 5704 milii
1819 5648 2082 5718 pravstitc-

2199 5647 2273 5707 ὼς
2319 5644 2497 5711 ἔγωγε
2557 5642 2857 5710 ἐϐουλόμην
2905 5642 3004 5709 τὴν
3059 5639 3195 5702 τέως
3239 5637 3349 5691 τῶν
3400 5637 3751 5705 ζητουμένων

2200 5740 2438 5803 σύνεσιν,
2476 5737 2566 5791 καὶ
2605 5740 2760 5807 χάρις
2802 5735 2886 5805 εἴη
2929 5750 3009 5787 σοι
3049 5731 3182 5802 πρὸς
3215 5729 3377 5784 Θεόν·
3412 5729 3751 5782 ἐλλέλειπται
