3994 6204
310 275 418 336 3ίὲ9

1291 284 1734 345 ΒΥΖᾹΝΤΙΝΑΞ
1775 285 2161 346 ΙΙῘΞΤΟΒΗΞ
2197 291 2342 348 LIB.
2389 292 2602 354 XXXI.

3452 293 3558 353 310

309 387 350 437 δ’
383 382 480 440 οὖν
523 403 608 441 σοι
639 387 748 441 τῶν
797 391 914 442 ἐκεί
962 391 1098 462 πρὸς
1135 393 1228 446 τοῦ
1263 395 1497 464 Παλαμᾶ
1543 397 1886 468 λαληθέντων

2002 413 2021 452 a
2051 401 2263 454 Palama
2297 399 2459 456 dictis
2493 401 2750 456 nonnulla
2787 402 2881 455 tibi
2905 401 3121 466 relicta;
3149 409 3207 454 ut
3232 401 3556 454 anonnullis

311 478 454 544 ἔνια,
481 479 560 542 ὡς
589 479 748 534 ἐνίων
775 481 890 533 ἐκεῖ
920 485 1204 552 παρόντων
1230 487 1444 556 ἀκήκοα
1477 489 1674 555 φίλων,
1708 491 1888 559 σαθρὰ

317 572 416 639 μὲν
454 573 554 624 καὶ
599 574 770 626 πλείω
803 575 906 642 τῆς
935 575 1192 640 ἀσεϐείας
1239 577 1336 647 τὴν
1382 579 1624 648 ἀμαθίαν
1675 581 1888 650 ἔχοντα,

314 663 663 716 ἐλλέλειπται
687 666 732 716 δ’
763 661 881 730 οῦν,
911 667 1146 738 ῥηθῆναί
1173 687 1254 722 σοι
1283 669 1400 722 δέον
1429 673 1522 723 καὶ
1555 671 1728 724 ταῦτα
1753 673 1888 741 πρὸς

317 757 376 808 τὸ
404 758 750 827 σαφέστερον
785 758 1009 814 ἀκούειν
1037 762 1342 829 ἐφιεμένων
1376 763 1554 831 ἡμῶν.
1597 765 1886 819 Ἀνατείιο-

315 849 524 901 λῶσθιι
560 849 671 918 γὰρ
701 851 787 902 ἀεὶ
815 850 882 903 τὰ
909 853 1008 920 τῆς
1043 853 1210 907 αὐτοῦ
1259 855 1582 924 δυσσεϐείας
1635 860 1790 924 φασὶ,
1821 863 1884 930 τῇ

321 935 542 1003 συνήθει
573 935 674 1003 τῆς
705 935 950 1006 γλώττης
979 939 1158 1010 ἀωρίᾳ
1206 940 1387 1010 πάσης
1419 941 1496 1004 ὠς
1547 947 1888 1013 πορρωτάτω

319 1025 632 1094 βαδίζοντος
664 1027 918 1096 ἀληθείας
944 1031 1041 1082 καὶ
1073 1033 1419 1101 ἐπιστήμης,
1457 1033 1692 1100 μάλιστα
1725 1035 1772 1088 δ’
1797 1032 1890 1090 οῦν

317 1119 374 1168 ἐν
407 1119 644 1184 τούτοις,
673 1120 783 1172 εἴτε
813 1121 901 1174 διὰ
931 1122 1048 1184 δέος
1079 1117 1145 1194 ἧς
1176 1127 1423 1177 πείσεται
1458 1128 1678 1195 μακρᾶς
1699 1129 1890 1196 αίσχύ-

315 1223 436 1276 νης,
467 1207 580 1259 εἴτε
616 1208 711 1260 καὶ
761 1209 1077 1278 συμπίπτον
1115 1211 1258 1265 οὕτω
1289 1211 1378 1265 διὰ
1409 1215 1468 1266 τὸ
1515 1215 1614 1284 τῆς
1645 1215 1888 1284 ἐμφύτου

319 1298 628 1369 μοχθηρίας
665 1301 954 1369 ἀλόγιστον
985 1301 1128 1364 ἔθος.
1189 1305 1298 1356 Καὶ
1345 1305 1430 1357 ἵνα
1466 1305 1533 1358 τά
1567 1305 1794 1360 πλεῖστα
1823 1307 1890 1361 δι’

317 1391 580 1461 ἀκαιρίαν
608 1393 806 1462 παρεὶς
838 1394 1077 1465 μετρίων
1112 1395 1358 1468 μνησθῶ,
1389 1397 1445 1449 ἓν
1476 1397 1577 1465 μὲν
1607 1399 1704 1452 καὶ
1737 1399 1888 1468 πρῶ-

316 1499 406 1533 τον
437 1485 618 1536 ἐκεῖνο
647 1485 756 1537 τῶν
791 1489 1142 1556 παρειμένων
1193 1489 1348 1555 φασί.
1383 1489 1568 1542 Θέλων
1617 1491 1726 1561 γάρ
1759 1493 1888 1544 ἐαυ-

317 1574 408 1626 τὸν
434 1575 813 1631 ἀπολύσασθαι
846 1583 942 1648 τῆς
972 1582 1124 1650 αὐτῷ
1167 1583 1304 1650 πρὸς
1336 1585 1428 1635 τοῦ
1471 1583 1728 1655 Γρηγορᾱ
1755 1602 1891 1655 προ-

321 1669 698 1738 ενηνεγμένης
733 1667 1086 1741 κατηγορίας,
1125 1673 1201 1737 ὡς
1235 1677 1300 1727 ἐκ
1331 1677 1548 1728 πολλῶν
1573 1678 1668 1730 καὶ
1703 1677 1889 1746 διαφό⁴

325 1776 434 1826 ρων
453 1759 730 1830 θεοτήτων
755 1761 852 1816 εἴτ’
877 1763 971 1817 οὗν
994 1768 1296 1835 ποιοτήτων
1329 1768 1651 1836 συγκεῖσθαι
1674 1769 1888 1836 λέγοντι

323 1849 414 1902 τὸν
447 1850 600 1917 Θεὸν,
633 1855 726 1906 καὶ
759 1854 1020 1924 ἄντικρυς
1064 1859 1455 1928 περιπίπτοντι
1503 1864 1619 1924 τοῖς
1648 1862 1726 1932 τῷ
1761 1862 1890 1933 θείῳ

327 1941 671 2011 Δαμασκηνῷ
718 1942 1058 2014 λεγομένοις,
1106 1947 1187 2000 ὅτι
1227 1948 1286 2000 τὺ
1319 1951 1474 2002 θεῖον
1516 1950 1726 2004 ἁπλοῦν
1767 1953 1888 2003 ἐστι

333 2031 420 2083 καὶ
452 2031 762 2098 ἀσύνθετον,
798 2036 858 2088 τὺ
890 2036 945 2088 δὲ
977 2039 1040 2090 ἐκ
1067 2037 1279 2092 πολλῶν
1314 2043 1406 2092 καὶ
1444 2039 1719 2112 διαφόρων
1759 2059 1888 2108 συγ-

338 2119 580 2188 κείμενον
615 2121 872 2176 σύνθετόν
905 2124 1025 2177 ἐστι
1077 2127 1169 2178 καὶ
1196 2125 1260 2197 [ί.
1294 2125 1396 2180 165
1419 2125 1496 2198 υ.]
1535 2129 1601 2181 τὰ
1656 2127 1802 2198 ἑξῆς,
1827 2129 1886 2181 οὐ

349 2214 474 2264 κατὰ
501 2217 598 2282 τὴν
629 2213 780 2268 θέσιν
813 2218 1031 2288 ἐκείνης
1061 2217 1162 2286 τῆς
1198 2221 1434 2288 ῥήσεως,
1477 2219 1615 2274 ἀλλά
1645 2221 1889 2290 διαφθεί-

359 2322 456 2376 ρας,
488 2307 558 2370 ὼς
588 2307 768 2372 είωθε,
796 2311 966 2362 τοιάδ’
1011 2313 1367 2378 ἀπεκρίνατο.
1405 2314 1522 2366 Πᾶν
1573 2315 1635 2366 τὸ
1671 2313 1890 2382 συγκεί-

358 2415 495 2465 μενον
523 2399 614 2452 καὶ
647 2400 929 2464 οὑσιὼδεις
959 2401 1227 2473 διαφορὰς
1260 2403 1382 2473 ἔχον
1417 2405 1670 2458 σύνθετόν
1717 2407 1886 2458 ἐστιν’

357 2489 456 2541 ὁδὶ
483 2490 614 2552 Θεὸς
662 2490 785 2544 οὔτε
817 2491 928 2543 τῶν
979 2493 1355 2564 συγκειμένων
1398 2495 1548 2548 ἐστὶν
1597 2493 1722 2548 οὔτε
1781 2497 1890 2547 τῶν

359 2580 606 2644 ούσιώδεις
655 2582 920 2653 διαφορὰς
970 2585 1227 2652 ἐχόντων.
1283 2586 1564 2656 Οὑσιώδης
1625 2589 1732 2657 γάρ
1773 2589 1889 2640 ἐστι

361 2673 560 2742 διαφορά
585 2673 708 2726 καθ’
735 2677 800 2743 ἣν
827 2675 1074 2746 διαφέρει
1121 2679 1285 2731 οὐσία
1324 2679 1536 2744 οὐσίας,
1565 2679 1707 2732 ὥστε
1753 2681 1894 2734 κατά

359 2766 590 2820 πλειόνων
616 2768 769 2820 εἱδῶν
800 2769 894 2821 καὶ
927 2768 1124 2823 οὐσιῶν
1159 2770 1298 2822 είσιν
1333 2771 1388 2822 αί
1412 2771 1690 2840 διαφοραί.
1741 2771 1896 2826 Ἐπεὶ

358 2859 435 2912 οὖν
461 2861 554 2930 μία
587 2861 683 2914 καὶ
709 2862 921 2932 ἀμερὴς
957 2861 1304 2916 παντάπασιν
1347 2864 1380 2933 ἡ
1415 2863 1508 2917 τοῦ
1549 2863 1684 2917 Θεοῦ
1716 2865 1893 2928 οὐσία,

359 2951 429 3004 διὰ
451 2953 602 3005 τοῦτο
631 2953 894 3024 διαφορὰς
924 2955 1024 3008 οὐκ
1052 2954 1164 3024 ἔχει
1193 2955 1497 3018 οὐσιώδεις.
1525 2954 1672 3010 Μίαν
1707 2957 1808 3025 μὲν
1833 2957 1896 3026 δή

1991 492 2082 560 qui
2113 492 2312 545 ibidem
2349 500 2576 546 aderant
2623 495 2812 547 amicis
2866 493 3074 554 audivi,
3131 493 3312 546 inania
3352 501 3406 546 et
3437 495 3556 558 plus

1991 579 2309 650 ignorantia:
2356 599 2518 650 quam
2595 583 2890 650 impietatis
2956 583 3288 636 attestantia.
3369 583 3558 636 Restat

1993 673 2178 742 igitur,
2223 685 2280 727 ut
2349 675 2462 729 haec
2503 674 2749 744 proferas
2805 675 2961 728 nobis
3023 675 3331 728 accuratius
3369 675 3560 728 audire

1991 765 2358 831 cupientibus.
2441 767 2780 834 lmpietatcm
2840 767 2988 819 enim
3055 765 3246 819 dicunt
3339 767 3554 818 mistzuu

1993 867 2212 922 semper
2233 854 2419 907 innata
2441 855 2640 924 lingua:
2665 856 2972 910 insulsitate
2997 871 3116 920 qua:
3137 872 3350 908 omnem
3383 864 3556 907 trans-

1995 946 2034 998 it
2069 946 2351 1000 veritatem
2381 958 2437 1000 et
2491 948 2796 1010 scientiam,
2833 949 3126 1016 praesertim
3157 950 3208 1000 in
3251 947 3334 999 liis
3371 946 3558 1006 rebus,

1995 1039 2110 1092 sive
2165 1049 2388 1108 propter
2445 1039 2565 1108 ejus
2595 1055 2756 1107 quam
2797 1055 3057 1106 passurus
3087 1049 3170 1092 est
3211 1040 3560 1092 conuiuii-lie

1995 1137 2227 1194 metum,
2281 1129 2396 1184 sive
2454 1129 2654 1181 accidit
2691 1128 2865 1181 insitae
2907 1129 3192 1196 pravitatis
3227 1127 3558 1180 temeritate.

1999 1223 2062 1275 Et
2094 1233 2152 1278 ut
2181 1223 2435 1292 plurimis
2465 1221 2535 1276 ob
2575 1222 2839 1290 temporis
2881 1221 3384 1276 incommoditatem
3433 1221 3562 1274 reli-

1995 1315 2100 1370 clis
2135 1329 2310 1386 pauca
2345 1315 2713 1378 meminerim,
2757 1329 2926 1366 unum
2971 1322 3022 1366 et
3064 1313 3298 1382 primum
3335 1311 3559 1365 relicto-

1997 1421 2116 1460 rum
2184 1405 2314 1460 illud
2369 1407 2572 1460 lerunt.
2631 1403 2792 1474 35o
2851 1403 3065 1458 Etenim
3127 1419 3184 1457 se
3225 1403 3558 1456 liberaturus

1999 1499 2201 1567 probro
2217 1513 2246 1552 a
2269 1497 2506 1566 Gregora
2529 1498 2740 1568 objecto
2757 1497 2899 1566 quod
2925 1497 3113 1550 multis
3131 1496 3372 1556 etEvariis
3397 1495 3564 1547 deita-

2001 1590 2144 1644 tibus
2170 1599 2222 1643 et
2241 1589 2595 1658 qualitatibus
2623 1587 3084 1648 contineribenm
3113 1585 3338 1640 dixisset
3363 1595 3416 1638 et
3440 1599 3568 1637 con-

2001 1689 2080 1734 tra
2103 1679 2452 1734 incidissetin
2477 1695 2538 1733 ea
2561 1693 2680 1748 quae
2700 1695 2726 1731 a
2741 1679 2868 1731 divo
2887 1679 3218 1732 Damasceno
3231 1677 3372 1730 dicta
3387 1685 3562 1734 eram,

1995 1773 2166 1827 Deum
2191 1787 2310 1826 esse
2341 1772 2570 1839 simplex
2598 1779 2652 1824 et
2687 1771 3110 1837 incompositum
3147 1788 3159 1834 ;
3200 1768 3344 1838 quod
3382 1773 3564 1820 autem

1997 1863 2185 1916 multis
2215 1871 2270 1916 et
2291 1861 2454 1914 variis
2477 1860 2792 1914 continetur
2811 1859 3174 1928 compositum
3205 1867 3323 1923 est;
3357 1855 3563 1924 reliqua

1995 1969 2102 2008 non
2129 1953 2194 2007 ad
2219 1952 2363 2006 illius
2394 1952 2660 2006 orationis
2688 1961 3097 2020 argumentum,
3133 1949 3226 2004 sed
3261 1957 3564 2018 permutata

1997 2049 2068 2101 ita
2087 2055 2147 2100 ut
2166 2047 2322 2110 solet,
2339 2044 2564 2115 protulit
2587 2041 2882 2112 :Quidquid
2897 2043 3208 2096 continetur
3228 2051 3284 2096 et
3305 2041 3565 2094 essentia-

1994 2139 2076 2194 les
2093 2137 2387 2192 varietates
2403 2135 2591 2199 habet,
2607 2135 2968 2204 compositum
2994 2134 3248 2187 estlleus
3265 2141 3442 2186 autem
3461 2147 3566 2182 non

1995 2229 2148 2285 exiis
2169 2244 2290 2297 qua:
2317 2227 2674 2280 continentur
2692 2233 2786 2278 aut
2814 2221 3137 2278 essentiales
3157 2221 3452 2274 varietates
3477 2221 3570 2272 lia-

1995 2320 2146 2375 bent.
2169 2317 2490 2372 Essentialis
2507 2316 2651 2368 enim
2674 2314 3037 2376 varietasest,
3057 2327 3162 2382 qua
3183 2311 3362 2366 ditl'ert
3382 2323 3538 2363 essen
3556 2338 3572 2349 ο

1997 2411 2069 2465 ιίιι
2086 2409 2152 2463 ab
2165 2407 2399 2462 essentia
2423 2406 2496 2459 ita
2517 2417 2574 2459 ut
2595 2407 2777 2474 plures
2795 2405 2981 2458 forma:
2997 2412 3050 2458 et
3067 2403 3318 2458 essentia:
3336 2401 3570 2456 «alliciant

1996 2502 2313 2556 varietates.
2376 2497 2513 2552 Cum
2569 2498 2732 2568 igitur
2788 2513 2896 2551 una
2952 2507 3008 2552 et
3063 2495 3338 2566 impartita
3371 2495 3442 2547 sit
3479 2493 3568 2544 Dei

1997 2592 2261 2654 essentia,
2313 2599 2606 2660 propterea
2657 2591 2951 2644 varietates
3004 2603 3110 2640 non
3161 2585 3328 2642 habet
3381 2601 3572 2639 essen-

2001 2685 2178 2738 tiales.
2209 2683 2382 2740 Unam
2414 2681 2561 2736 illius
2586 2697 2804 2736 causam
2828 2682 2894 2735 ad
2929 2681 3260 2734 narrationis
3297 2691 3400 2734 tua:
3427 2682 3568 2732 viam

1999 2788 2166 2845 pono,
2222 2773 2446 2826 alteram
2507 2772 2614 2826 divi
2691 2771 2968 2824 Athanasii
3026 2772 3349 2828 orationem,
3405 2783 3568 2836 quam

2003 2867 2120 2920 sine
2160 2863 2330 2918 dubio
2357 2863 2822 2932 religiosissimum
2855 2863 2972 2930 ipse
3011 2861 3064 2914 ἱιι
3103 2859 3448 2928 polytheismi
3484 2876 3571 2911 ar-

2004 2965 2322 3027 gumentum
2355 2955 2686 3008 immutavit.
2749 2953 2894 3007 Dixit
2921 2955 3067 3006 enim
3099 2953 3152 3004 in
3185 2953 3400 3020 dialogo
3441 2965 3573 3004 con-

361 3045 448 3094 τῶν
477 3047 684 3098 ἐκείνου
709 3045 912 3114 ταύτην
943 3047 1246 3118 προτίθημί
1274 3064 1368 3100 σου
1399 3050 1466 3117 τῇ
1494 3049 1746 3119 διηγήσει
1769 3049 1894 3119 7:96-

2006 3057 2086 3101 tra
2123 3047 2351 3102 Arium:
2385 3047 2505 3102 Non
2531 3061 2716 3100 rerum
2754 3056 3063 3099 creatarum
3095 3059 3257 3098 causa
3289 3043 3426 3098 dixit
3457 3041 3574 3097 Sal-

359 3153 500 3200 φασιν
524 3135 745 3204 ἐφεξῆς,
769 3135 1034 3205 δευτέραν
1067 3136 1122 3190 δὲ
1150 3137 1248 3206 τήν
1286 3137 1612 3191 ’Δθανασίου
1637 3138 1728 3191 τοῦ
1754 3139 1900 3191 θείου

359 3229 518 3296 ῥῆσιν,
551 3229 620 3300 ἣν
645 3229 1060 3304 ⁹εὐσεϐεστάτην
1091 3229 1480 3299 ἀναμφιῦόλως
1505 3225 1672 3284 οὖσαν
1705 3232 1785 3294 είς
1808 3247 1904 3282 πο-

359 3319 550 3384 λυθεῖας
599 3321 762 3384 αὐτὸς
800 3321 1061 3374 ὑπόθεσιν
1091 3321 1468 3392 μετενήνοχεν,
1519 3323 1668 3392 Ἔφη
1705 3323 1814 3390 γὰρ
1847 3321 1903 3372 ἐν

353 3414 410 3480 τῇ
444 3409 574 3479 πρὸς
617 3409 839 3476 Ἀρειον
896 3407 1126 3474 διαλέξει
1182 3407 1258 3470 ὡς
1306 3410 1404 3476 οὐχ
1436 3406 1624 3460 ἕνεκεν
1665 3409 1902 3462 κτιστῶν

353 3501 675 3570 πραγμάτων
708 3499 811 3568 ἔφη
836 3500 863 3551 ὁ
885 3499 1095 3570 Σωτήρ,
1133 3517 1150 3548 ι
1186 3500 1369 3553 Πάντα
1385 3501 1484 3552 ὅσα
1519 3499 1634 3570 ἔχει
1663 3503 1691 3553 ὁ
1716 3501 1904 3572 Πατὴρ

2001 3149 2190 3194 vator:
2246 3139 2470 3194 «Omnia
2517 3155 2638 3208 qum
2667 3139 2827 3194 Pater
2873 3138 3058 3198 habet,
3095 3152 3212 3191 mea
3244 3145 3424 3200 sunt,»
3479 3135 3572 3190 sed

2002 3245 2122 3299 quae
2148 3229 2338 3284 deitati
2380 3229 2558 3284 Patris
2593 3227 2870 3291 attribuit,
2923 3242 2988 3280 ea
3029 3226 3256 3294 pr0pria
3292 3225 3429 3279 dixit
3463 3227 3570 3279 Do-

2005 3323 2204 3386 minus,
2237 3322 2388 3376 velut
2417 3319 2852 3389 incorruptibile.
2879 3315 3239 3380 immutabile,
3273 3315 3570 3378 inﬁnitum,

2003 3411 2376 3480 omnipotens,
2415 3409 2732 3479 providens,
2757 3414 2812 3460 ct
2841 3421 3184 3476 quaecunque
3216 3413 3343 3461 sunt
3371 3404 3572 3466 Patris,

2003 3503 2192 3558 eadem
2224 3501 2445 3570 propria
2481 3499 2602 3553 Filii
2627 3506 2774 3552 sunt.

351 3597 446 3664 ἐμά
473 3598 639 3650 ἐστιν.
681 3613 700 3646 ι
766 3591 905 3645 Ἀλλ’
973 3593 1076 3644 ὅσα
1143 3591 1316 3659 ἀνῆκε
1343 3596 1408 3661 τῇ
1453 3591 1666 3662 θεότητι
1715 3593 1808 3646 τοῦ
1853 3595 2086 3662 Πατρὸς,
2155 3593 2331 3646 ταῦτα
2369 3593 2475 3646 ἴδια
2539 3592 2642 3661 ἔφη
2682 3592 2709 3642 ὁ
2763 3589 2986 3660 Κύριος,
3034 3587 3144 3644 οἷον
3179 3591 3240 3643 τὸ
3272 3591 3573 3660 ἄφθαρτον,

349 3690 401 3740 τὸ
435 3690 716 3760 ἄτρεπτον,
749 3688 809 3742 τὸ
871 3683 1277 3756 ἀκατάληπτον,
1341 3686 1401 3740 τὸ
1435 3686 1681 3754 δυνατὸν,
1711 3687 1772 3741 τὸ
1832 3689 2260 3756 προγνωστικόν.
2325 3687 2435 3740 Καὶ
2485 3688 2584 3740 ὅσα
2638 3687 2784 3738 ἐστὶν
2807 3687 2835 3737 ὀ
2873 3686 3082 3756 Πατὴρ,
3117 3685 3290 3736 ταῦτα
3327 3687 3435 3737 ἴδια
3481 3682 3574 3735 τοῦ

351 3785 468 3837 Υίοῦ
505 3783 784 3853 τυγχάνει.

411 3969 482 4024 B'.
515 3968 662 4040 Πρὸς
684 3967 814 4034 γοῦν
855 3965 1058 4036 φιλίου,
1123 3963 1370 4035 βέλτιστε
1418 3965 1762 4034 Ἀγαθόνικε,
1819 3965 1896 4037 μὴ

348 4061 566 4130 ζημιοῦν
606 4060 765 4126 ἀξίου
799 4075 865 4128 με
894 4058 984 4111 τὸν
1013 4057 1168 4128 φίλον
1191 4055 1333 4110 οὕτω
1366 4057 1651 4126 βελτίστην
1694 4057 1898 4126 ἀκρόα-

345 4165 444 4212 σιν,
496 4149 742 4219 σχήματι
776 4149 1000 4201 εὐλαὸεἰ
1052 4149 1114 4201 τὸ
1171 4149 1418 4218 ῥᾴθυμον
1472 4147 1900 4216 ὁπωσδήποτοῦν

346 4239 820 4308 ὑποκοριζόμενος,
848 4237 922 4316 tit;
951 4239 1052 4291 κάν
1075 4237 1293 4301 πολλοῖς
1314 4236 1528 4301 είώθεις
1547 4239 1720 4289 ἐνίοτε
1744 4237 1897 4308 δρᾷν.

351 4331 486 4400 Ὀρῶ
515 4330 627 4401 γάρ
664 4347 724 4382 σε
755 4330 892 4400 πρὸς
934 4329 1099 4399 ἕτερα
1126 4329 1329 4399 τρόπον
1353 4329 1479 4381 τινὰ
1509 4329 1600 4380 τὸν
1627 4327 1754 4380 νοῦν
1799 4317 1898 4379 πεὲ

2073 3963 2228 4036 351
2257 3965 2322 4019 ll.
2349 3963 2804 4034 Precor,,optime
2843 3961 3200 4032 Agatlionice,
3230 3977 3294 4016 ne
3326 3977 3412 4016 me
3435 3965 3574 4015 ami-

2005 4075 2128 4116 cum
2158 4057 2408 4126 castiges,
2435 4055 2643 4125 optimo
2669 4069 2923 4110 sermone
2955 4069 3054 4122 per
3089 4054 3312 4106 nimiam
3347 4065 3574 4108 cuncta-

2005 4151 2208 4205 tionem
2257 4147 2438 4201 obiter
2508 4155 2716 4200 tantum
2786 4147 3225 4216 perstringendo,
3285 4154 3344 4198 ut
3389 4145 3575 4198 multis

2005 4241 2332 4313 quibusdam
2368 4239 2490 4293 aliis
2523 4239 2700 4293 facere
2729 4238 3002 4293 interdum
3047 4239 3208 4292 soles.
3249 4237 3381 4292 Nam
3415 4227 3574 4292 video

2007 4343 2244 4389 mentem
2289 4343 2432 4386 tuam
2473 4333 2524 4384 in
2558 4331 2842 4385 adversam
2877 4341 3083 4400 partem
3129 4331 3444 4384 distractam
3477 4339 3531 4381 et
3559 4371 3570 4389 ,

342 4423 687 4492 ρισπώμενον
713 4423 808 4475 καὶ
834 4422 958 4474 ὅσον
980 4421 1199 4474 είκάσαι
1227 4420 1505 4492 λογισμῶν
1541 4420 1894 4474 πολυπλόκων

2005 4437 2266 4494 quantum
2314 4425 2569 4495 conjicio,
2605 4427 2876 4478 variarum
2911 4425 3128 4493 plenam
3177 4423 3572 4492 cogitationum

335 4517 539 4585 μεστὸν
571 4517 674 4585 τὴν
706 4515 903 4585 ὀφρύν.

403 4609 478 4662 Γ’.
525 4607 692 4676 Ἐμὸν
722 4609 872 4660 τουτὶ
895 4605 1088 4670 πάθος,
1121 4599 1164 4660 ὧ
1193 4606 1313 4674 φίλε
1344 4605 1596 4676 Θεότιμε,
1625 4611 1718 4658 καὶ
1757 4603 1900 4658 πάνυ

333 4717 392 4768 γε
419 4701 664 4770 ἄχθομαι
700 4699 776 4768 τῷ
805 4698 1211 4768 συμϐεεηκὸτι·
1237 4699 1304 4770 [ί.
1343 4699 1444 4753 166
1481 4697 1554 4766 ιη]
1584 4697 1736 4750 ἔοικα
1791 4699 1900 4766 γάρ

333 4811 446 4855 πως
475 4792 766 4858 ἀγνοοῦντι
795 4791 1058 4854 πολλάκις
1101 4791 1198 4844 καὶ
1223 4785 1346 4864 οἷον,
1385 4789 1485 4842 οὐκ
1526 4789 1770 4842 ἐπαΐοντι
1826 4783 1900 4843 ὢν

335 4885 502 4936 ἐνίοτε
548 4881 758 4951 ὁμιλεῖν
802 4900 894 4952 μοι
956 4884 1310 4952 προσγίνεται
1349 4881 1520 4951 λήθης
1569 4881 1898 4952 ἐξορχουμέ-

334 4989 426 5039 της
459 4971 540 5032 ὡς
577 4971 648 5022 τὰ
682 4969 856 5022 πολλά
885 4971 1023 5020 κατὰ
1051 4969 1146 5020 τοῦ
1189 4967 1584 5036 φανταστικοῦ,
1621 4967 1648 5019 ὅ
1694 4971 1785 5022 καὶ
1819 4969 1901 5038 βι-

333 5063 481 5152 ϐλίρν
517 5063 686 5131 φασιν
716 5064 764 5114 οἱ
799 5062 956 5131 σοφοὶ
986 5062 1086 5128 τῆς
1113 5059 1313 5129 ψυχῆς.
1345 5061 1434 5112 Διὸ
1466 5061 1562 5112 καὶ
1611 5060 1743 5128 πρὸς
1803 5061 1902 5121 τὰς

335 5149 430 5216 σὰς
472 5154 554 5206 ἔτι
585 5149 873 5216 διεξιόντος
904 5151 1466 5222 παρασκευαζόμενος
1499 5153 1748 5216 πεύσεις,
1778 5155 1904 5204 ἁνεσ

331 5243 634 5312 λογιζόμην
657 5260 717 5295 τε
747 5245 840 5296 καὶ
869 5244 1107 5312 συνῆγον
1141 5243 1240 5296 ὅσα
1287 5243 1350 5314 δὴ
1390 5243 1486 5312 τὴν
1550 5245 1771 5312 μνήμην
1821 5243 1904 5294 ἔτι

333 5339 622 5409 περιέρρει
649 5337 856 5406 κύκλῳ,
889 5337 983 5389 καί⁸
1018 5335 1192 5388 ὁπόσα
1220 5335 1426 5406 ταύτης
1472 5329 1536 5388 αὖ
1579 5335 1902 5406 παρερρυή-

329 5447 418 5484 iter.
446 5429 640 5502 πόρῥω
663 5431 757 5484 τοῦ
791 5430 1054 5500 βήματος,
1078 5431 1208 5492 ἴσως
1237 5429 1478 5500 μείζοσιν
1511 5429 1689 5490 ἄλλοις
1718 5447 1900 5498 παρα-

329 5523 652 5594 χωροῦντα’
693 5525 792 5576 καὶ
833 5523 974 5577 τοῦτ’
1013 5519 1080 5593 ἦν
1105 5525 1132 5575 ὅ
1161 5541 1254 5590 μοι
1295 5521 1391 5591 τὴν
1431 5521 1526 5574 τοῦ
1579 5521 1740 5592 ἤθους
1763 5522 1904 5580 τέως

327 5615 508 5666 ἐποίει
537 5613 898 5682 παράλλαξιν.
934 5613 1100 5668 Ὅθεν
1137 5617 1230 5666 καὶ
1255 5615 1420 5683 ἄλλης
1471 5614 1530 5679 ἐξ
1561 5613 1722 5668 ἄλλου
1765 5631 1904 5680 φαν-

327 5707 532 5768 τασίας
567 5709 696 5776 ἡμῖν
733 5708 1156 5777 ὁπωσδηπυτοῦν
1187 5707 1568 5777 ἀθροισθείσης
1617 5707 1752 5774 πρὸς
1785 5707 1902 5760 ἔδα-

2003 4517 2259 4569 frontem.

2073 4607 2160 4661 lll.
2203 4605 2312 4660 lloc
2365 4607 2494 4660 mihi
2534 4607 2816 4668 accidisse,
2855 4605 3185 4659 amicissime
3233 4605 3527 4659 Theotimo
3557 4647 3572 4666 ,

2002 4701 2230 4755 moleste
2259 4699 2406 4761 fero;
2433 4701 2490 4752 lit
2512 4699 2659 4751 enim
2691 4697 2888 4766 quibus
2917 4697 3182 4750 intersum
3212 4705 3264 4746 ut
3301 4711 3444 4764 saepe
3469 4711 3576 4748 non

2001 4789 2438 4846 animadvertere
2487 4805 2665 4858 neque
2709 4789 2899 4842 audire
2937 4789 3144 4852 videar,
3194 4787 3324 4840 dum
3373 4787 3579 4843 oblivio

2005 4883 2173 4936 multa
2205 4881 2430 4951 depellit
2460 4898 2490 4936 e
2525 4881 2811 4941 memoria,
2839 4897 2996 4948 quam
3033 4881 3198 4932 animi
3233 4880 3431 4933 librum
3461 4881 3583 4947 phi-

2003 4971 2216 5040 losophi
2253 4971 2466 5026 dicunt.
2525 4971 2890 5036 Quamobrem
2943 4971 3007 5022 ad
3062 4971 3392 5038 qumstiones
3445 4987 3581 5038 quas

2005 5063 2320 5134 proferebas
2351 5073 2614 5126 attentus,
2639 5063 3030 5116 concludebam
3068 5063 3210 5128 aptth
3249 5077 3335 5114 me
3369 5072 3422 5116 et
3450 5077 3582 5114 eon-

2005 5157 2240 5210 l'crebaui
2279 5171 2400 5225 qum
2431 5172 2530 5224 per
2561 5157 2877 5209 memoriam
2910 5155 3152 5223 dispersa
3188 5163 3344 5207 erant
3376 5165 3436 5208 et
3461 5169 3580 5222 qua:

2005 5247 2125 5300 aliis
2155 5247 2295 5300 forte
2325 5255 2379 5300 et
2409 5248 2754 5314 gravioribus
2780 5255 3078 5300 cesserant.
3135 5245 3248 5298 lloe
3277 5253 3398 5298 erat
3438 5247 3578 5311 quod

2005 5339 2246 5389 animum
2293 5353 2472 5389 meum
2509 5335 2998 5391 mutaveratUnde
3028 5351 3152 5389 cum
3190 5335 3294 5387 alia
3329 5336 3484 5389 nobis
3515 5347 3581 5384 ex

2005 5429 2107 5480 alia
2171 5429 2449 5496 cogitatio,
2519 5437 2576 5481 ut
2643 5429 2799 5490 solet,
2854 5429 2904 5479 in
2959 5437 3197 5480 mentem
3249 5425 3579 5495 pervenerit,

2005 5522 2132 5575 licet
2185 5521 2282 5574 tibi
2337 5521 2606 5590 reliquum
2649 5521 2915 5576 orationis
2975 5531 3314 5578 momentum
3381 5515 3574 5566 videre

2007 5615 2071 5666 ad
2121 5613 2455 5665 voluntatem
2514 5621 2658 5664 tuam
2707 5611 2880 5664 levem
2937 5625 3142 5664 moram
3211 5615 3584 5660 removentcm

2011 5721 2154 5759 nunc
2188 5703 2332 5760 sicut
2363 5713 2542 5770 antea,
2581 5713 2888 5773 promptam
2923 5717 3053 5756 vero
3079 5705 3262 5769 aperte
3313 5693 3584 5762 recipien-
