3994 6204
291 6068 331 6104 ι

476 277 575 341 3:1
1693 280 2112 341 NICEPHORI
2152 283 2535 373 canemus
3603 280 3705 348 ne

477 398 590 447 tem
625 390 985 448 alacritatem.
1032 390 1273 461 Utraque
1324 392 1375 446 in
1417 392 1763 447 sermonibus
1794 400 1847 447 et
1875 392 2034 449 rebus

2147 415 2245 466 φος
2275 397 2401 468 ἄρτι
2433 396 2685 470 βαλϐῖδος
2718 397 2886 463 φάναι
2939 410 3095 465 μιᾶς,
3125 392 3422 464 προσέσται
3475 407 3561 448 σοι
3595 391 3704 446 λοι-

475 483 736 551 gerendis
764 482 1071 537 necessaria
1115 497 1238 536 eum
1280 481 1375 548 sil,
1410 490 1702 549 utramque
1729 483 1871 553 aptis
1906 495 2041 538 tem-

475 575 705 642 poribus
741 589 1106 630 memoramus
1132 584 1183 626 et
1218 574 1401 628 habita
1432 575 1642 629 ratione
1678 585 2039 645 reputamus-z

476 674 684 717 motum
716 676 780 719 ut
828 665 1030 734 quietis
1083 666 1423 734 negationem
1472 675 1529 721 et
1569 668 1851 734 exstasim,
1890 668 2042 735 quie-

479 766 585 809 tem
619 765 800 810 autem
844 766 894 809 ut
935 756 1190 811 motionis
1220 755 1455 824 speciem
1471 765 1526 810 et
1556 759 2037 826 complementum,

420 914 426 923 Α
475 847 637 916 352
678 864 991 917 quanquam
1021 864 1184 903 omne
1215 849 1361 903 illius
1384 848 1618 903 ell'usum
1640 861 1693 904 et
1715 851 2040 905 dissolutum

417 931 425 967 ⁵
474 948 531 991 ιι
560 955 666 993 non
703 939 913 992 {initum
948 940 1330 995 terminantem
1374 948 1430 995 et
1470 941 1669 995 ﬁnibus
1697 941 2044 996 circumscri-

404 1036 413 1098 ξ
475 1027 713 1081 lentem.
731 1028 1028 1098 Utrumque
1048 1036 1227 1083 autem
1256 1029 1624 1084 adhibendum
1644 1040 1726 1085 est
1741 1032 2038 1085 secundum

476 1120 762 1187 utriusque
788 1120 1054 1173 rationem
1082 1132 1137 1174 et
1170 1119 1412 1174 modum.
1435 1119 1775 1190 Cognoscere
1798 1120 1963 1191 igitur
1990 1130 2041 1175 te

472 1217 893 1278 t.portet.quam
929 1211 1099 1263 multa
1131 1211 1399 1281 ejusmodi
1435 1212 1621 1265 relicta
1655 1212 1767 1265 sint
1795 1221 1890 1264 aut
1918 1225 2044 1264 ora-‘

472 1302 626 1354 tione
664 1316 770 1354 non
806 1300 1099 1369 digna,aut
1146 1317 1267 1370 qum
1292 1301 1559 1356 comicum
1594 1302 1761 1355 risum
1801 1301 2040 1371 eﬂ‘ugere

430 1452 435 1459 κ
469 1406 580 1444 non
620 1390 852 1457 possint.
892 1391 1087 1445 Statim
1119 1393 1266 1445 enim
1297 1392 1364 1445 de
1391 1392 1691 1462 quaestione
1720 1394 1895 1460 prima
1922 1408 1951 1447 a
1986 1404 2038 1448 te

470 1479 704 1546 prolata,
734 1479 1007 1546 Gregoras
1038 1481 1225 1549 paucis
1261 1481 1585 1548 quibusdam
1621 1481 1784 1536 dictis
1805 1482 2037 1548 abstitit,

469 1570 811 1638 superﬂuum
844 1571 1120 1624 arbitrans
1164 1570 1399 1625 indm-tis
1426 1572 1652 1626 omnino
1693 1574 2041 1628 sermonibus

471 1676 501 1714 e
559 1660 805 1715 doctrina
858 1661 1188 1730 respondere
1258 1662 1465 1716 conari.
1511 1661 1582 1717 Ut
1630 1663 1798 1728 enim,
1840 1664 2036 1733 inquit,

2145 491 2246 545 πδν
2286 491 2418 562 δρᾷν
2446 489 2538 544 τὸν
2570 489 2665 543 τοῦ
2697 487 2856 557 λόγου
2904 487 3106 542 σκοπὸν
3152 486 3296 539 κατὰ
3335 487 3455 555 σὴν,
3487 484 3563 548 ὡς
3626 480 3702 537 οἴ-

2147 597 2268 650 μαι.
2331 578 2608 651 βούλησιν,
2664 578 2914 650 ῥᾴθυμον
2968 576 3070 646 μὲν
3116 575 3352 644 ἠρεμίαν
3399 575 3699 629 ἀπειπόντα

2143 670 2459 726 παντάπασι
2485 671 2579 727 νῦν
2597 670 2673 733 ὡς
2698 672 2795 724 καὶ
2817 668 3104 740 πρότερον,
3135 668 3350 737 κίνησιν
3378 668 3423 720 δ’
3445 666 3515 721 αὖ
3547 666 3700 721 τούν-

2145 762 2329 816 αντίον
2387 761 2667 832 πρόθυμον
2707 758 3025 831 περιφανῶς
3056 758 3432 828 ἀνθελόμενον.
3478 757 3697 810 Ἐκατέ-

2145 871 2243 924 ρας
2282 855 2387 925 γὰρ
2426 855 2722 923 γινομένης
2780 856 2837 905 ἐν
2892 852 3054 921 χρείᾳ
3102 853 3209 913 τοῖς
3267 867 3324 902 τε
3379 849 3559 915 λόγοις
3609 848 3705 902 καὶ

2144 947 2490 1017 πράγμασιν,
2558 945 2837 1015 ἑκατέρων
2881 942 2957 1005 ὡς
2997 941 3145 1005 εἰκὸς
3197 942 3309 1003 τοῖς
3369 940 3700 1008 προσήκουσι

2145 1039 2357 1109 χρόνοις
2395 1037 2746 1109 μεμνήμεθα,
2779 1037 2872 1090 καί
2904 1034 3184 1101 ἀναλόγως
3218 1030 3535 1101 ἀμφοτέρας
3575 1029 3701 1079 ἀνεῖ-

2142 1130 2443 1200 λεγόμεθα,
2502 1129 2719 1197 κίνησιν
2787 1131 2886 1198 μὲν
2914 1128 3007 1182 ἅτε
3048 1124 3284 1196 ἠρεμίας
3328 1120 3602 1191 ἀπόφασίν
3640 1136 3702 1171 τε

2142 1219 2240 1270 καί
2270 1217 2529 1269 ἔκστασιν
2564 1211 2754 1279 οὖσαν,
2799 1213 3040 1283 ἠρεμίαν
3069 1209 3114 1264 δ’
3153 1209 3220 1263 αὖ
3251 1210 3517 1279 κινήσεως
3562 1202 3704 1268 εἶδος

2142 1309 2241 1363 καὶ
2271 1306 2637 1376 ἐντελέχειαν,
2660 1305 2953 1375 ὁρίζουσάν
3008 1319 3069 1355 τε
3126 1301 3221 1363 καὶ
3253 1299 3702 1369 περιγράφουσαν

2141 1397 2201 1449 τὸ
2232 1398 2530 1466 κεχυμένον
2558 1395 2770 1466 ἐκείνης
2800 1394 2895 1447 καὶ
2922 1394 3119 1460 ἄφετον
3156 1392 3250 1442 καὶ
3290 1387 3557 1457 ἀόριστον.
3597 1385 3705 1438 Καὶ

2140 1487 2250 1540 δεῖν
2278 1487 2564 1554 ἑκατέροις
2592 1485 2894 1556 κεχρῆσθαι
2930 1483 3072 1537 κατά
3107 1481 3198 1534 τὸν
3221 1479 3502 1549 ἑκατέροις
3535 1491 3703 1544 προσ-

2143 1575 2348 1644 ήκοντα
2382 1573 2542 1641 λόγον
2573 1575 2667 1627 καί
2696 1571 2917 1642 τρόπον.
2961 1569 3256 1623 Γινώσκειν
3286 1560 3379 1619 οὖν
3419 1581 3478 1616 σε
3524 1564 3702 1633 χρεὼν

2144 1665 2218 1727 ὡς
2250 1663 2422 1717 πολλά
2452 1681 2516 1731 γε
2547 1663 2772 1715 τοιαῦτα
2804 1662 3082 1730 παρεῖται,
3121 1658 3259 1729 μήτε
3314 1655 3474 1722 λόγου
3538 1651 3706 1722 μηδε-

468 1751 614 1804 inter
636 1752 818 1805 lumen
837 1761 890 1804 et
911 1754 1188 1814 tenebras,
1208 1752 1282 1804 ita
1306 1767 1483 1821 neque
1503 1753 1644 1806 inter
1666 1755 1968 1808 doctrinam
1986 1764 2034 1808 et

2145 1755 2232 1818 νὸς
2266 1753 2388 1819 ἀξια
2411 1754 2541 1807 ὄντα
2573 1753 2633 1826 [ί.
2663 1753 2764 1808 166
2788 1751 2844 1825 ν]
2877 1753 3011 1822 μήτε
3044 1750 3252 1818 γέλωτα
3274 1745 3499 1815 φεύγειν
3529 1759 3705 1812 κωμι-

469 1841 737 1895 inscitiam
782 1843 885 1896 ulla
921 1843 1173 1897 societas.
1199 1841 1280 1896 0b
1339 1843 1480 1898 banc
1509 1844 1672 1913 igitur
1714 1843 1790 1898 rei
1851 1844 2040 1900 confu-

470 1931 684 1985 sionem
749 1947 834 1986 me
898 1933 1018 2002 ejus
1064 1932 1296 1987 rationis
1327 1941 1707 2003 argumentum
1741 1950 1848 1988 non
1878 1935 2037 2004 plane

471 2023 781 2091 percepisse
812 2023 969 2077 valde
993 2023 1173 2078 doleo.
1203 2024 1409 2079 Tamen
1434 2040 1499 2079 ex
1531 2025 1597 2079 iis
1620 2041 1740 2095 qua?
1772 2026 1953 2081 adhuc
1983 2029 2037 2083 in

469 2111 736 2166 memoria
764 2123 1145 2168 remanserunt
1171 2113 1667 2183 quomodocunque
1690 2125 1882 2183 potero
1911 2116 2037 2169 bre-

468 2200 611 2255 viter
631 2203 923 2268 enarrabo,
949 2219 1056 2259 non
1089 2204 1413 2273 quoineptis
1440 2204 1617 2259 verbis
1654 2205 1883 2258 Palatinae
1915 2221 2038 2258 nar-

469 2292 735 2347 rationem
784 2293 1031 2357 aﬂeram,
1060 2309 1249 2348 verum
1285 2296 1426 2363 quod
1462 2295 1561 2347 tibi
1591 2297 1767 2350 amico
1819 2297 2032 2365 aegritu-

469 2385 654 2441 dinem
695 2386 894 2440 aderre
931 2387 1119 2441 nolim.

2144 1847 2240 1901 κδν
2266 1846 2563 1917 δυνάμενα.
2592 1846 2801 1898 Αὐτίκα
2828 1844 2934 1911 γὰρ
2965 1842 3093 1910 περὶ
3121 1839 3215 1893 τοῦ
3256 1836 3352 1891 νῦν
3392 1852 3474 1888 σοι
3508 1849 3705 1900 προτε-

2146 1938 2331 2001 θέντος
2362 1940 2583 2009 πρώτου
2629 1937 2942 2008 ζητήματος
2979 1935 3007 1985 ό
3042 1931 3330 2003 Γρηγορᾶς
3374 1924 3545 1994 μικρά
3581 1940 3705 1975 τινα

2144 2018 2316 2082 εἰπὼν
2359 2028 2730 2098 ἀπήλλακται,
2792 2024 3044 2096 περιττὸν
3088 2020 3431 2092 ἡγησάμενος
3464 2013 3706 2084 ἀμαθέσι

2147 2120 2470 2174 παντάπασι
2519 2119 2699 2187 λόγοις
2731 2116 3056 2187 ἀποκρίσεις
3078 2114 3199 2181 κατέ
3226 2108 3537 2176 ἐπιστήμην
3556 2105 3707 2157 ἀντι-

2142 2209 2344 2262 διδόναι
2382 2207 2564 2278 ζητεῖν
2584 2225 2597 2239 ·
2633 2206 2769 2278 μηδὲ
2800 2208 2909 2276 γὰρ
2939 2198 3078 2258 εἷναί
3111 2218 3246 2272 φησι
3277 2195 3559 2251 κοινωνίαν
3591 2210 3708 2262 μη-

2142 2301 2332 2370 δεμίαν
2359 2301 2547 2371 ὥσπερ
2577 2300 2702 2354 οὔτε
2737 2300 2879 2369 φωτί
2930 2297 3066 2368 πρὸς
3122 2296 3331 2355 σκότος,
3371 2287 3544 2349 οὕτως
3591 2284 3705 2337 οὐδ’

2142 2393 2421 2465 ἐπιστήμῃ
2465 2393 2601 2464 πρὸς
2631 2392 2892 2461 ἀμαθίαν.
2934 2390 3098 2444 Ὅθεν
3125 2387 3223 2441 καὶ
3245 2384 3333 2439 διά.
3367 2381 3466 2452 τὴν
3494 2376 3707 2431 τοιάνδε

469 2482 563 2533 καὶ
596 2480 766 2542 οὕτως
799 2480 1031 2548 ἔχουσαν
1078 2477 1343 2548 σύγχυσιν
1375 2480 1483 2545 οὐδ’
1540 2479 1727 2549 ἔμοιγε
1786 2480 2033 2549 ἀκριϐῶς
2094 2483 2376 2553 εἰληφέναι
2447 2484 2544 2555 τὴν
2576 2485 2684 2538 τῶν
2714 2484 3024 2554 εἰρημένων
3062 2480 3255 2548 ἐκείνῳ
3303 2477 3437 2537 τέως
3467 2474 3559 2525 ἐπὶ
3574 2471 3704 2525 τού-

467 2584 580 2630 τΰις
614 2569 922 2639 κατάληψιν
952 2568 1212 2640 ἐπιμελὲς
1269 2568 1535 2637 ἐγεγόνει.
1603 2569 1708 2638 Σὴν
1770 2569 1814 2621 δ’
1843 2569 1991 2639 ὅμως
2034 2571 2196 2641 χάριν
2226 2575 2337 2642 ἐρῶ
2392 2575 2503 2629 τῶν
2532 2576 2741 2628 ἐκείνου
2778 2572 3008 2644 βραχέα,
3053 2572 3146 2623 καὶ
3183 2570 3281 2621 ὅσα
3315 2569 3370 2629 ὲς
3407 2564 3522 2617 τόδε
3560 2579 3707 2631 παρ-

469 2666 653 2731 έμεινε
680 2665 745 2733 τῇ
772 2662 983 2733 διανοίᾳ
1041 2679 1144 2731 μου
1196 2660 1618 2731 όπωσδηποτοῦν
1656 2663 2031 2745 ἐπιτρέχοντα,
2068 2668 2128 2717 οὐ
2198 2670 2313 2730 τοῖς
2344 2668 2676 2737 παραλόγοις
2708 2666 2889 2734 λόγοις
2949 2663 3042 2717 τοῦ
3078 2661 3317 2730 Παλαμᾶ
3354 2658 3454 2728 τὴν
3481 2655 3703 2724 ἀφήγη-

470 2773 557 2809 σιν
601 2754 980 2824 χαριζόμενος,
1031 2752 1166 2806 am
1201 2752 1297 2824 τὴν
1342 2754 1442 2819 σὴν
1496 2752 1679 2819 φιλίαν
1742 2754 2033 2807 λυπεῖνοοὺ
2076 2756 2421 2827 βουλόμενος.

540 2848 629 2903 1V.
675 2847 946 2917 Gregoras
993 2848 1060 2902 ad
1097 2862 1194 2903 eos
1228 2848 1322 2916 qui
1369 2848 1596 2903 aderant
1648 2864 1944 2904 conversus
1983 2859 2037 2902 et

467 2939 657 2993 oculos
717 2937 1031 3002 intendens,
1086 2954 1104 2990 t
1145 2939 1338 2993 Nonne
1396 2939 1584 3003 stulta,
1618 2938 1816 3007 inquit,
1841 2948 1896 2993 et
1921 2953 2036 2992 om-

467 3029 604 3081 nino
641 3028 821 3080 inanis
863 3027 978 3081 haec
1021 3041 1049 3079 a
1078 3024 1293 3081 Palama
1325 3028 1467 3082 dicta
1507 3027 2032 3097 propositiopquod

469 3134 632 3172 omne
662 3116 808 3186 quod
836 3118 1152 3172 continetur
1185 3128 1236 3171 et
1268 3118 1590 3173 essentiales
1622 3117 1913 3171 varietates
1942 3117 2033 3170 ha-

469 3205 583 3272 bet',
604 3209 961 3277 compositum
987 3209 1233 3280 3535it
1254 3210 1277 3263 ἲ
1298 3209 1412 3266 Non
1468 3210 1612 3265 enim
1662 3210 1768 3264 hoc
1803 3209 1874 3262 ita
1900 3208 2039 3262 dixit

467 3301 709 3355 Joannes
756 3305 1149 3367 Damascenus,
1201 3302 1293 3358 sed
1322 3342 1337 3367 ,
1387 3302 1542 3369 Quod
1576 3302 1763 3356 multis
1789 3312 1844 3357 et
1872 3301 2039 3356 variis

468 3395 810 3458 continetur,
849 3397 1216 3466 compositum
1247 3407 1357 3451 est.
1380 3396 1629 3451 Palamas
1654 3407 1833 3451 autem
1857 3397 1927 3450 ob
1959 3394 2039 3448 in-

470 3486 685 3541 scitiam
718 3496 776 3542 et
811 3488 1101 3556 pertid-am
1162 3488 1321 3543 ducta
1368 3498 1424 3542 et
1479 3487 1564 3556 pia
1632 3487 1803 3542 sancti
1862 3486 2037 3540 nostri

473 3578 724 3632 oratione
756 3578 949 3632 leviter
971 3578 1373 3649 quodammodo
1416 3590 1617 3635 mutata
1656 3591 1822 3635 totam
1874 3574 2037 3632 sit-tul

472 3669 804 3725 sententiam
837 3674 1060 3749 evertit.
1107 3670 1294 3741 Neque
1334 3673 1480 3726 enim
1516 3670 1663 3726 aliud
1696 3670 1917 3725 videtur
1952 3669 2035 3724 di-

468 3772 616 3817 ctum
650 3765 718 3815 ab
745 3778 811 3817 eo
841 3778 981 3825 esse,
1018 3778 1179 3831 quato
1218 3763 1259 3818 si
1303 3763 1426 3832 quis
1464 3762 1664 3817 dixerit
1705 3777 1923 3816 omnem
1957 3763 2037 3817 ni-

468 3868 591 3907 vem
640 3853 846 3916 albam,
889 3853 977 3907 cui
1025 3862 1109 3907 est
1159 3853 1467 3907 essentialis
1508 3853 1736 3916 albedo;
1772 3852 1877 3908 hoc
1919 3868 2037 3907 esse

468 3945 642 3998 multo
677 3944 830 4014 pejus
862 3960 1024 4013 quam
1054 3945 1121 3998 ab
1148 3944 1306 3999 initio
1339 3945 1621 4015 postulari.
1659 3944 1789 3999 Dein
1843 3947 2033 3997 miram

467 4037 617 4090 illam
645 4036 1054 4090 conclusionem
1091 4035 1302 4089 addidit
1330 4050 1343 4086 :
1372 4034 1516 4089 Deus
1551 4049 1729 4103 neque
1755 4049 1821 4087 ex
1857 4033 1923 4087 iis
1952 4039 2037 4087 est

468 4141 592 4194 quae
617 4125 991 4187 continentur,
1015 4141 1189 4194 neque
1216 4141 1280 4180 ex
1310 4125 1374 4179 iis
1401 4140 1521 4193 quae
1540 4123 1857 4179 cssentiales
1881 4121 2036 4176 ditl‘e-

469 4217 672 4270 rentias
702 4213 921 4269 habent.
954 4215 1230 4273 Jamdieat
1258 4215 1387 4268 mihi
1418 4215 1687 4285 quispiam
1718 4228 1813 4283 per
1839 4213 2031 4277 Deum,

469 4307 778 4378 cujusmodi
808 4307 877 4361 sit
902 4306 1024 4362 talis
1048 4307 1309 4361 mirabilis
1332 4307 1611 4361 conclusio
1634 4315 1687 4359 et
1708 4321 1739 4360 c
1765 4320 1869 4375 qua
1896 4320 2032 4359 nova

2213 2858 2287 2907 A'.
2336 2855 2391 2908 Ὀ
2420 2854 2527 2923 γάρ
2559 2870 2643 2907 τοι
2674 2853 2957 2924 ι’ρηγορᾶς
3017 2848 3151 2917 πρὸς
3204 2847 3329 2909 τοὺς
3384 2847 3499 2898 ἐκεῖ
3550 2861 3705 2910 τηνι-

2142 2945 2318 3000 καῦτα
2367 2944 2638 3014 παρόντας
2702 2943 2983 3013 στραφεὶς,
3026 2941 3121 2993 καὶ
3170 2938 3379 2998 τούτοις
3423 2933 3701 3004 ἐνερείσας

2140 3040 2268 3102 τοὺς
2302 3036 2636 3107 ὀφθαλμοὺς,
2685 3053 2705 3088 r
2748 3031 2877 3104 Ἆρ’
2908 3035 3005 3086 οὐκ
3039 3030 3264 3100 ἠλίθιος,
3310 3048 3328 3081 ι
3361 3027 3517 3098 φησὶ,
3553 3044 3571 3077 ι
3606 3026 3703 3078 καὶ

2143 3129 2459 3182 παντάπασι
2490 3124 2820 3195 νηπιώδηςὴ
2847 3123 2989 3177 οὕτω
3019 3121 3067 3190 γ’
3088 3121 3249 3181 εὐθὺς
3270 3118 3534 3189 εἰρημένη
3566 3115 3701 3185 πρό-

2141 3238 2298 3283 τασις
2326 3221 2465 3289 πρὸς
2502 3218 2595 3271 τοῦ
2626 3216 2864 3285 Παλαμᾶ
2896 3211 3132 3272 τουτουί,
3167 3210 3243 3273 ὡς
3298 3210 3404 3261 πᾶν
3448 3207 3507 3259 ea
3562 3221 3700 3272 συγ-

2141 3311 2395 3380 κείμενον
2442 3309 2535 3362 καὶ
2600 3305 2881 3366 οὐσιώὂεις
2948 3300 3212 3370 διαφορὰς
3260 3298 3382 3366 ἔχον
3442 3292 3701 3346 σύνθετόν

2141 3403 2290 3455 ἐστιν
2317 3419 2332 3469 ;
2373 3401 2448 3454 Οὐ
2478 3398 2634 3453 τοῦτο
2667 3396 2795 3465 γὰρ,
2836 3395 2948 3447 οὐδ’
2968 3391 3140 3452 οὕτως
3169 3392 3195 3442 ό
3217 3389 3359 3449 θεῖος
3402 3388 3467 3438 ὲκ
3513 3386 3701 3451 Δαμα-

2142 3495 2274 3548 σκοῦ
2308 3509 2474 3563 φησιν
2516 3489 2817 3558 Ἰωάννης,-
2837 3486 2976 3539 ἀλλὰ
3003 3484 3060 3536 τὸ
3090 3485 3151 3535 ἐκ
3178 3478 3392 3533 πολλῶν
3425 3480 3519 3532 καὶ
3577 3475 3699 3530 δια·

2143 3590 2319 3658 φόρων
2349 3578 2710 3653 συγκείμενον
2743 3578 2994 3633 σύνθετόν
3022 3579 3190 3629 ἐστιν.
3235 3573 3295 3627 ’0
3344 3572 3402 3624 δὲ
3438 3568 3696 3635 Παλαμᾶς

2140 3682 2198 3747 ἐξ
2237 3678 2480 3750 ἀμαθίας
2505 3676 2622 3746 ἅμα
2647 3677 2739 3728 καὶ
2765 3669 3108 3740 κακουργίας
3162 3665 3353 3737 μικρὸν
3382 3659 3699 3726 ὑπαλλάξας

2136 3774 2238 3844 τὴν
2262 3767 2697 3839 ὲπιστημονικὴν
2724 3768 2818 3819 καὶ
2844 3760 3123 3832 θεοπρεπῆ
3168 3761 3326 3829 ῥῆσιν
3382 3755 3477 3809 τοῦ
3514 3753 3695 3844 ἀγίομ,

2137 3840 2267 3931 ὅλην
2319 3856 2454 3926 όμοῦ
2511 3855 2605 3907 καὶ
2644 3852 2742 3924 τὴν
2775 3851 2986 3904 ἔννοιαν
3050 3845 3498 3914 συνδιέφθαρκεν.
3531 3840 3695 3935 Oti-BEV

2136 3930 2246 4020 γὰρ
2277 3949 2468 4016 ἕτερον
2500 3945 2675 3998 ἔοικεν
2706 3937 2934 3995 εἶναιτὸ
2968 3938 3159 4008 λεχθὲν
3191 3935 3284 3988 ὑπ’
3313 3933 3479 3987 αὐτοῦ
3511 3932 3543 4002 ἢ
3576 3930 3695 3983 ’ὦσ-

2138 4060 2245 4112 περ
2274 4041 2341 4094 ἂν
2377 4038 2430 4091 ετ
2460 4054 2542 4101 τις
2567 4036 2719 4103 λέγοι
2738 4035 2918 4087 πᾶσαν
2949 4033 3107 4102 χιόνα
3132 4028 3440 4096 λευκότητα
3465 4024 3696 4112 ἔχουσαν

2135 4111 2398 4204 οὐσιώδη,
2429 4130 2582 4201 χιόνα
2610 4123 2750 4181 εῖναι
2774 4124 2995 4194 λευκήν.
3011 4122 3181 4176 Τοῦτο
3202 4121 3245 4174 δ’
3265 4116 3468 4181 εἶναιιί
3496 4116 3590 4170 167
3614 4111 3690 4183 r.]

2135 4228 2230 4281 καὶ
2256 4224 2351 4279 τοῦ
2383 4227 2440 4278 ὲν
2466 4223 2610 4293 ἀρχῇ
2636 4217 2909 4273 αἰτεῖσθαι
2935 4213 3114 4284 πολλῷ
3141 4214 3314 4283 δήπου
3340 4214 3540 4280 χεῖρον.
3558 4203 3694 4262 Εἶτα

2135 4319 2389 4389 ἐπήγαγε
2419 4316 2478 4369 τὸ
2504 4310 2821 4382 θαυμαστὸν
2872 4309 3049 4361 ἐκεῖνο
3100 4304 3499 4374 συμπέρασμα,
3558 4298 3635 4360 ὡς
3668 4298 3697 4349 ὁ

468 4406 526 4453 et
565 4397 769 4452 recenti
803 4397 983 4452 radice
1016 4406 1132 4449 orta
1157 4437 1169 4449 .
1205 4395 1335 4449 Dein
1369 4396 1601 4450 alienam
1631 4404 1685 4450 et
1715 4394 1854 4449 male
1878 4410 2028 4450 com-

2138 4411 2269 4471 Θεὸς
2299 4405 2424 4461 οὔτε
2458 4404 2568 4457 τῶν
2607 4400 2986 4472 συγκειμένων
3008 4396 3157 4450 ἐστὶν
3200 4393 3322 4447 οὔτε
3351 4393 3454 4445 τῶν
3498 4390 3699 4444 οὖσιὼ-

470 4500 712 4559 paratam
750 4488 978 4543 alteram
1028 4488 1432 4543 conclusionem
1484 4487 1844 4556 comparavit.
1891 4486 2030 4541 Cum

470 4583 616 4635 enim
647 4597 773 4644 una,
808 4580 1005 4651 inquit,
1037 4588 1091 4634 et
1120 4580 1393 4649 impartita
1420 4581 1644 4633 omnino
1675 4577 1772 4632 Dei
1797 4578 2032 4632 essentia

468 4684 574 4736 est,
607 4672 943 4726 differentias
993 4670 1316 4726 essentiales
1363 4656 1468 4724 non
1509 4670 1690 4723 habet.
1718 4667 2035 4723 Esscntialis

465 4763 611 4815 enim
642 4761 948 4816 diﬂerentia
977 4772 1060 4816 est
1080 4803 1094 4825 ,
1123 4778 1226 4830 qua
1259 4760 1439 4814 dill'crt
1465 4761 1693 4815 essentia
1742 4761 1811 4814 ab
1848 4775 2031 4813 essen-

468 4856 561 4908 tia.
586 4853 651 4908 Et
674 4853 1040 4915 concluditur,
1079 4855 1261 4921 plures
1295 4853 1497 4906 formas
1526 4862 1580 4906 et
1619 4852 1883 4906 essentias
1917 4848 2033 4903 elli-

468 4962 594 4999 cere
621 4944 930 4998 varietates.
954 4943 1335 4997 Verumtamen
1359 4946 1408 4998 ei
1432 4943 1768 5013 propositum
1798 4943 1915 5004 fuit,
1941 4956 2026 5005 eo,

465 5035 612 5105 quod
647 5034 754 5089 sibi
784 5035 1057 5104 objectum
1089 5046 1237 5098 erat,
1258 5050 1316 5089 se
1352 5035 1588 5088 liberare
1620 5044 1676 5088 et
1710 5034 1931 5086 minimc
1972 5034 2025 5086 itt

465 5144 528 5181 ea
561 5143 682 5196 qua:
710 5142 739 5180 a
767 5136 955 5181 sancto
981 5138 1172 5194 negata
1203 5138 1378 5189 erant,
1403 5125 1684 5187 incidisse,
1713 5125 2024 5179 este-odere.

464 5220 636 5287 Negat
672 5219 817 5271 enim
850 5219 1216 5271 Datnasccnus
1242 5217 1531 5270 dicendum
1579 5232 1718 5277 esse,
1753 5215 2026 5283 composi-

466 5320 579 5363 tutn
617 5310 784 5362 Deum
821 5324 940 5363 esse
980 5318 1034 5363 et
1066 5308 1251 5362 tnultis
1285 5323 1347 5361 ac
1377 5308 1541 5361 variis
1576 5306 1873 5368 contineri,
1904 5321 2025 5374 qum

462 5407 620 5450 erant
655 5400 980 5462 inereatum,
1013 5412 1300 5464 a‘tcrnum,
1324 5397 1693 5466 omnipotens,
1726 5396 2023 5461 infinitum,

463 5503 583 5557 qum
636 5487 797 5560 354
844 5490 1117 5544 Ρειιεηιιῑιιυ
1172 5490 1336 5542 multa
1381 5497 1435 5542 et
1468 5489 1617 5541 varia
1669 5488 1906 5541 increata
1955 5489 2021 5542 ad

462 5596 628 5633 unam
662 5583 957 5636 increatam
989 5590 1040 5636 ct
1073 5582 1375 5651 simplicem
1404 5580 1696 5633 essentiam
1748 5580 2017 5639 referunt.

440 5669 584 5748 ipse
620 5672 794 5728 nescit
825 5672 875 5726 in
916 5672 1022 5727 duo
1057 5677 1236 5745 inepta
1267 5690 1325 5730 se
1360 5673 1624 5730 incidere.
1654 5671 1839 5745 Neque
1871 5677 2016 5731 enim

2133 4501 2243 4563 δεις
2271 4497 2539 4566 διαφορὰς
2569 4496 2827 4565 ἐχόντων.
2868 4489 3140 4545 Ἐνταῦθα
3188 4486 3401 4553 λεγέτω
3462 4483 3553 4553 μοί
3609 4499 3696 4544 τις

2135 4594 2272 4662 πρὸς
2305 4590 2465 4653 Θεοῦ,
2488 4590 2643 4641 ποίου
2673 4588 2954 4657 σχήματος
2999 4584 3028 4637 δ
3053 4578 3298 4641 τοιοῦτος
3360 4575 3427 4630 ἂν
3465 4574 3552 4643 εἰη
3604 4589 3696 4624 τεο

2136 4678 2382 4750 ρατώὃης
2416 4674 2801 4743 συλλογισμὸς,
2841 4674 2953 4726 κάκ
3002 4669 3163 4732 ποίας
3205 4663 3695 4750 καινοφανοῦςᾷκαί

2133 4748 2385 4836 νεήλυδος
2413 4764 2569 4836 ῥίζης
2597 4763 2784 4831 ἐξέφυ.
2843 4756 2976 4812 Εἶτα
3031 4758 3278 4829 ἐπήγαγε
3327 4755 3486 4823 ξένην
3536 4748 3692 4812 αὖθις

2134 4853 2228 4905 καὶ
2268 4852 2650 4905 ἀκατάσκευον
2684 4846 3034 4916 κατασκευὴν
3064 4847 3259 4915 ἑτέρου
3291 4842 3452 4907 δῆθεν
3498 4838 3695 4893 συλλοκ

2133 4943 2354 5011 γισμοῦ.
2410 4944 2565 4996 Ἐπεὶ
2597 4942 2728 5011 γὰρ,
2761 4939 2918 5009 φησὶ,
2953 4937 3051 5007 μία
3102 4938 3196 4990 καὶ
3223 4934 3438 5003 ἀμερὴς
3485 4930 3693 4984 παντά-

2132 5051 2299 5087 πασιν
2329 5035 2362 5102 ἡ
2396 5035 2490 5086 τοῦ
2525 5032 2658 5086 Θεοῦ
2687 5032 2866 5094 οὐσία,
2926 5029 3015 5083 διὰ
3059 5026 3220 5081 τοῦτο
3264 5023 3528 5094 διαφορὰς
3589 5022 3690 5074 οὐκ

2130 5128 2240 5197 ἔχει
2268 5127 2568 5188 οὐσιῶδεις.
2603 5124 2889 5193 Οὑσιώδης
2921 5123 3029 5191 γάρ
3060 5123 3201 5185 ἐστι,
3240 5119 3399 5188 φησί,
3455 5116 3691 5184 διαφορᾶ

2130 5219 2253 5274 καθ’
2286 5221 2350 5291 ἧν
2372 5218 2619 5287 διαφέρει
2678 5215 2835 5270 οὐσία
2874 5214 3085 5275 οὐσίας.
3138 5214 3249 5267 Καὶ
3296 5213 3358 5263 τὸ
3401 5208 3689 5280 συμπέραο

2131 5330 2246 5382 σμα
2269 5313 2352 5364 ὅτι
2384 5311 2524 5365 κατὰ
2552 5309 2815 5363 πλειόνων
2846 5308 2954 5380 ἄρα
2986 5307 3144 5360 εἱδῶν
3175 5305 3269 5360 καὶ
3301 5302 3503 5357 οὐσιῶν
3548 5301 3691 5353 εἰσιν

2129 5406 2185 5459 αἰ
2208 5402 2485 5472 διαφοραί.
2512 5400 2623 5455 Καὶ
2660 5399 2767 5472 μὴν
2791 5402 2852 5453 τὸ
2903 5398 3266 5470 προκείμενον
3314 5389 3382 5464 ἦν
3416 5391 3564 5461 αὐτῷ
3592 5388 3689 5443 τοῦ

2128 5497 2562 5564 ἐπενηνεγμέιου
2632 5495 2822 5548 ἑαυτὸν
2874 5491 3252 5546 ἀπολύσασθαι
3316 5486 3685 5557 ἐγκλήματος,

2128 5587 2223 5640 καὶ
2253 5586 2423 5650 δεῖξαι
2454 5588 2677 5657 μηδαμῆ
2708 5589 2820 5650 τοῖς
2849 5586 2923 5657 τῷ
2945 5582 3085 5654 ἁγίῳ
3118 5582 3519 5652 περιπίπτοντα
3543 5578 3658 5645 amt,

2127 5679 2505 5749 γορευμένοις.
2550 5680 2911 5750 Ἀπαγορεύει
2944 5678 3049 5747 γὰρ
3107 5678 3134 5730 ὁ
3191 5670 3549 5745 Δαμασκηνὸς
3606 5667 3682 5740 μὴ
