3994 6204
334 265 442 329 31.)

1295 285 1740 348 ΒῩΖΑΝΤΙΝᾸΞ
1782 291 2169 358 ΗΙΞΤΟΠΙΕ
2214 304 2368 365 LIB.
2408 307 2628 367 XXXI.

3466 324 3572 389 314

330 384 517 451 λέγειν
540 382 684 442 εἶναι
710 390 967 447 σύνθετον
992 396 1053 449 τὸ
1080 397 1260 466 Θεῖον,
1293 402 1418 472 μηδ’
1447 405 1510 457 ὲκ
1562 405 1773 459 πολλῶν
1800 409 1884 460 xui

330 470 611 505 ἒιηνηλλι...
672 481 1030 505 -.....--ι----ν-..
1112 485 1142 505 ει
1202 485 1230 505 τ
1435 495 1446 505 .
1525 494 1547 505 ..
1870 496 1883 505 .

2000 415 2065 468 ad
2102 418 2326 473 verbum
2359 423 2693 490 respondere
2714 425 2951 494 videtur,
2981 429 3075 485 sed
3099 433 3259 487 aliam
3292 433 3575 505 ingressus

330 470 611 543 διαφόρων
670 481 1052 549 συγκείμενον,
1111 485 1147 540 ἃ
1201 470 1365 559 ἦσαν
1397 495 1459 544 τὸ
1517 494 1792 559 ἄκτιστον,
1836 496 1896 549 τὸ

330 561 595 633 ἄναρχον,
634 569 696 624 τὸ
748 570 1168 644 δημιουργικὸν,
1229 581 1291 632 τὸ
1319 583 1760 654 ἀπερίγραπτον,
1799 589 1895 641 καὶ

328 653 429 707 ὅσα
453 655 727 724 δήπουθεν
765 664 814 714 οἱ
842 664 987 733 ἀμφὶ
1019 668 1110 720 τὸν
1159 653 1440 742 Παλαμᾶν
1468 653 1641 730 πολλά
1674 694 1733 730 τε
1796 680 1894 733 καὶ

328 744 570 814 διάφορα
603 749 669 801 τὰ
697 750 930 805 ἀκτιστα
964 756 1055 807 ἐπὶ
1078 760 1143 828 τῇ
1182 760 1331 831 μόνῃ.
1352 763 1589 835 ἀκτίστῳ
1625 767 1717 819 καὶ
1744 768 1892 840 ἁπλῇ

335 838 764 908 συναριθμοῦσιν
817 845 995 918 οὐσία.
1035 850 1100 902 Ὀ
1147 850 1205 902 δὲ
1238 853 1458 923 λέληθεν
1511 857 1704 911 ἑαυτὸν
1750 838 1893 914 δυοῖν

332 932 686 995 περιπίπτων
715 937 956 1001 ἀτόποις.
1014 941 1152 995 Οὔτε
1199 943 1307 1015 γὰρ
1362 947 1515 999 οὐδὲν
1566 952 1703 1019 πρὸς
1763 952 1893 1015 ἔπος

329 1022 474 1073 ἔοικε
502 1023 711 1093 λέγειν,
747 1029 863 1082 ἀλλ’
902 1032 1072 1103 ἄλλην
1125 1040 1341 1106 τρέχων
1395 1040 1560 1108 ἄλλην
1594 1043 1657 1114 μ’.
1708 1044 1809 1098 167
1840 1046 1892 1117 ν]

327 1113 612 1181 έσάδισεν,
640 1119 764 1172 οὗτε
819 1123 869 1174 εἰ
908 1125 1218 1193 ἀντιλέγειν
1274 1130 1549 1191 ἐϐούλετο.
1590 1113 1686 1197 τὰς
1726 1113 1891 1204 ὁμόσε

326 1209 716 1277 προσηκούσας
789 1213 1090 1280 ἀντιθέσεις
1145 1221 1473 1289 ἐπήνεγκεν,
1546 1225 1661 1276 ἁλλ’
1705 1228 1893 1295 ὅμοιον

324 1304 472 1352 ποιεῖ
513 1302 703 1375 ῶσπερ
747 1307 815 1359 ἂν
848 1310 897 1361 εί
924 1310 1022 1380 τὴν
1068 1313 1204 1382 πρὸς
1252 1314 1326 1367 ἕω
1370 1315 1480 1368 τῶν
1508 1334 1570 1370 τε
1621 1320 1891 1373 Αἰθιόπων

324 1394 419 1444 καὶ
443 1393 631 1447 Ἰνδῶν
690 1399 865 1451 εἰπεῖν
910 1402 1313 1474 ἀπαιτούμενος
1366 1408 1598 1477 οἴκησιν,
1668 1412 1696 1463 ὁ
1732 1411 1775 1465 δ’
1827 1415 1892 1465 ὲκ

321 1480 623 1549 διαμέτρου
654 1484 783 1546 τοὺς
820 1486 1115 1557 ἑσπερίους
1162 1494 1425 1562 ἐπειρᾶτο
1454 1497 1726 1551 δεικνύειν
1754 1501 1892 1553 Κελ-

321 1572 896 1632 τοὺς.καὶτόποιειτά
957 1578 1236 1648 Βρετανῶν
1296 1588 1683 1652 προσοικοῦσιν
1738 1591 1889 1661 ἔθνη.

325 1660 437 1713 Ποῦ
471 1664 578 1753 γάρ
618 1664 649 1733 ἧ
680 1666 973 1731 ἀκόλουθος
1009 1672 1040 1740 ἢ
1074 1675 1350 1740 ἀντίθετος
1390 1680 1422 1748 ἡ
1475 1680 1629 1743 λύσις
1666 1682 1799 1753 πρὸς
1828 1660 1888 1737 τὸ

322 1752 614 1820 προτεθὲν,
642 1758 724 1809 ὅτι
749 1759 808 1810 τί»
843 1761 906 1813 ὲκ
929 1763 1140 1817 πολλῶν
1193 1768 1289 1820 καὶ
1351 1770 1625 1844 διαφόρων
1671 1777 1889 1844 συγκεί-
1918 1760 1960 1815 Β

328 1858 491 1908 μενον
549 1844 802 1899 σύνθετόν
851 1852 1022 1917 ἐστιν,
1055 1854 1121 1925 ἣν
1164 1857 1325 1921 αὐτὸς
1374 1862 1589 1930 ἐπάγει,
1633 1863 1775 1933 λέγω
1823 1867 1888 1938 δὴ

323 1935 423 2000 τὴν
450 1935 841 1993 ἀναπὶδεικτον
877 1943 1153 2011 ἀπόδειξιν
1211 1950 1307 2002 καὶ
1352 1953 1452 2022 τὴν
1510 1955 1889 2012 ἀκατάσκευον

325 2028 676 2097 κατασκευὴν
729 2033 823 2084 καὶ
860 2035 950 2086 τὸν
1015 2036 1408 2108 ἀσυλλόγιστον
1502 2046 1887 2117 συλλογισμὸν,

335 2115 532 2181 μᾶλλον
560 2118 609 2169 δ’
633 2119 834 2209 ᾶμξσόν
883 2141 941 2176 τε
1002 2129 1096 2181 καὶ
1145 2131 1544 2204 διεσπασμένον
1606 2115 1892 2209 συμπέρα-

338 2218 472 2274 σμα;
519 2210 670 2274 Ἐπε)
700 2214 830 2284 γὰρ,
857 2218 1011 2286 φησὶ,
1052 2222 1149 2288 μία
1179 2224 1273 2275 καὶ
1310 2226 1527 2298 ἀμερὴς
1555 2230 1590 2294 ἡ
1612 2229 1704 2282 τοῦ
1752 2232 1888 2284 Θεοῦ

340 2298 507 2362 οὐσία,
531 2304 671 2356 κατὰ.
698 2306 965 2363 πλειόνων
994 2312 1103 2382 ἄρα
1140 2315 1297 2368 εἰδῶν
1321 2319 1418 2372 καὶ
1441 2321 1642 2377 οὐσιῶν
1671 2325 1810 2376 εἰσιν
1829 2328 1885 2378 αἱ

345 2390 599 2463 διαφοραί.
624 2391 754 2467 'Ap‘
775 2401 837 2453 ού
860 2407 1201 2475 Δημοκρίτου
1232 2410 1314 2462 δεῖ
1338 2411 1405 2464 τά
1456 2414 1701 2479 τοιαῦτα,
1739 2419 1884 2470 πάνυ

345 2482 713 2580 γελῶντος-τὴν
735 2490 830 2544 τοῦ
861 2492 1056 2564 ἀνδρὸς
1109 2499 1371 2568 ἀμαθίαν,
1406 2504 1438 2574 ἢ
1477 2507 1680 2573 μᾶλλον
1714 2509 1887 2580 Ἥρα-

354 2573 546 2628 κλείτου
585 2577 909 2647 θρηνοῦντος
930 2586 1028 2656 τὴν
1049 2589 1215 2642 αὐτοῦ
1256 2609 1318 2660 γε
1349 2595 1642 2664 ἀπόνοιανς
1676 2600 1886 2653 Τοσαύ-

464 2668 631 2763 γὰρᾶ
660 2670 807 2740 λόγει
838 2676 937 2744 τῆς
990 2678 1213 2747 ἀλογίας
1276 2685 1456 2754 γέμει,
1510 2687 1584 2750 ὡς
1639 2691 1774 2760 μήτε
1808 2692 1887 2763 τῷ

348 2756 534 2824 λέγοντι
559 2762 798 2826 ξυνιέντι
825 2766 962 2820 εἶναι
991 2764 1066 2824 ὧν
1092 2771 1264 2841 λέγει,
1304 2778 1445 2846 μήτε
1482 2782 1593 2843 τοῖς
1621 2781 1822 2837 ἀκούου
1836 2803 1883 2838 τι

349 2848 583 2910 eumva
610 2852 686 2909 ὧν
711 2857 1026 2917 ἀκούουσιν.
1062 2864 1178 2918 Ἵνα
1207 2869 1316 2937 γὰρ
1353 2870 1518 2925 τᾶλλα
1547 2876 1673 2945 σιγῇ
1707 2894 1886 2947 παρα-

346 2942 638 3014 δράμωμεν,
670 2948 792 3002 τίνα
843 2958 1132 3010 κοινωνίαν
1188 2959 1425 3014 ἐνταῦθα
1472 2962 1587 3032 ἔχει
1634 2942 1704 3019 τὰ
1756 2942 1885 3023 νόθα

344 3034 480 3086 ταυτὶ
510 3039 606 3088 καὶ
652 3038 883 3111 διάφορα
934 3046 1044 3099 τῶν
1104 3050 1271 3103 αὑτοῦ
1325 3055 1644 3123 προτάσεων
1690 3060 1876 3130 ἁμαθῆ
1907 3094 1950 3152 c

347 3129 759 3152 η...---ι---μ--
824 3151 829 3152 ,
880 3136 894 3152 ι
1026 3139 1036 3152 ι
1299 3143 1319 3152 ιι
1369 3146 1377 3152 .
1554 3150 1592 3152 ,A

346 3129 768 3219 συμπεράσματα
797 3136 935 3203 πρὸς
984 3139 1080 3202 τὰς
1124 3143 1485 3211 προτεθείσας
1536 3129 1739 3219 ῥήσεις
1784 3154 1878 3206 τοῦ

344 3213 511 3283 ἁγίου;
552 3219 614 3272 '0
642 3221 687 3273 δ’
715 3223 930 3288 ὲκείνας
961 3229 1293 3302 ζητούμενος
1325 3240 1484 3292 ταυτὶ
1510 3242 1869 3311 συνεπέρανε,

341 3313 836 3397 παραπαιδαγωγῶν
874 3321 970 3372 καὶ
998 3322 1399 3394 μεθαρμόττων
1426 3330 1641 3394 ἀσεϐῶς
1681 3335 1760 3397 είς
1788 3337 1879 3388 τὸν

338 3394 516 3490 ιῐκεῑον
566 3398 664 3468 τῆς
722 3402 960 3471 ἀμαθίας
989 3411 1258 3479 κρημνόν.
1316 3412 1489 3467 Βαὸαὶ
1532 3419 1631 3486 τῆς
1684 3394 1880 3490 καινῆς

336 3488 624 3560 ἐπιστήμης
652 3493 747 3546 καὶ
762 3494 861 3565 τῆς
888 3515 949 3565 γε
975 3500 1082 3555 τῶν
1108 3506 1319 3575 φρενῶν
1351 3508 1674 3582 λεπτότητος
1699 3517 1711 3569 l
1744 3488 1879 3569 Καί-

333 3594 404 3629 τοι
425 3582 469 3631 εί
505 3583 812 3653 ἀντιλέγειν
845 3588 1100 3647 ἐϐούλετο
1135 3595 1412 3671 ἄντικρυς,
1442 3604 1878 3678 φιλονεικότερον

334 3666 425 3764 μὲν
457 3669 604 3764 ἴσως,
641 3674 1073 3749 ὲλλογιμὼτερον
1104 3682 1148 3736 δ’
1178 3666 1372 3751 οὖν,ἐί
1420 3666 1514 3743 κᾷι
1571 3694 1646 3764 μὴ
1673 3666 1873 3764 ὀρθῶς,

330 3754 467 3812 εἶπεν
493 3762 559 3815 ἂν
592 3765 686 3818 καὶ¹
709 3767 871 3832 αὐτὸς
896 3769 931 3823 ἀ
959 3773 1223 3838 πολλάκις
1259 3777 1392 3833 ἔνιοι
1436 3784 1535 3852 τῆς
1668 3754 1765 3843 ιιὲις

331 3854 591 3940 μοχθηρᾶς
624 3859 790 3913 αὐτοῦ
829 3866 1063 3934 φατρίας
1118 3869 1446 3937 προῦτειναν
1480 3854 1874 3940 είς-ἀντίθεσιν

328 3935 537 4043 aiam
563 3949 656 4043 τοῦ
688 3952 844 4018 ἁγίου
873 3957 1039 4011 αὑτοῦ
1069 3935 1212 4014 κατά
1250 3964 1357 4016 τῶν
1392 3935 1559 4020 αὐτού
1617 3935 1873 4043 (δεδόχθω

325 4037 425 4105 γὰρ
449 4039 528 4102 ἂν,
560 4034 644 4102 οἷς
665 4042 942 4108 ἀσυνέτως
973 4050 1216 4115 μετιέναι
1260 4052 1462 4116 ἔπεισι.
1512 4034 1684 4115 ταῦτα
1722 4034 1874 4117 ἀντί-
1952 4058 1957 4065 ’

326 4127 458 4179 παλα
498 4126 639 4182 εἶναι
670 4131 920 4202 ἀλλήλοις
968 4136 1218 4211 ἄλληλα),
1261 4143 1447 4198 ἐκεῖνα
1504 4149 1568 4220 δή
1601 4169 1745 4221 φημι
1804 4155 1871 4209 τά

326 4220 578 4287 περὶτῶν
625 4222 720 4274 τοῦ
763 4224 997 4294 Χριστοῦ
1049 4228 1165 4283 δύο
1198 4233 1413 4302 φύσεων
1469 4240 1546 4306 τῷ
1598 4220 1736 4315 ἁγίῳ
1784 4246 1871 4300 λε-

321 4313 525 4381 χθέντα.
551 4316 688 4373 Τίνα
713 4318 776 4388 δὴ
804 4320 1013 4387 ταῦτα;
1050 4324 1289 4381 Ἀνιυθεν
1323 4332 1430 4403 γὰρ
1455 4313 1761 4406 ἀρξάμενος
1776 4344 1871 4396 καὶ

1997 506 2140 561 viam
2177 509 2338 563 aliam
2370 514 2645 581 sequitur,
2671 532 2773 571 nec
2795 518 2839 572 si
2870 533 3058 575 contra
3081 524 3261 579 dicere
3293 527 3446 591 velit,
3471 545 3573 599 0p-

1996 599 2299 669 positiones
2328 603 2395 656 ad
2434 620 2548 659 rem
2595 609 2843 663 eamdem
2878 613 3216 680 pertinentes
3257 617 3437 680 aﬂ'ert,
3475 622 3569 674 sed

1997 690 2175 745 simile
2196 692 2329 749 facit
2360 712 2421 752 ac
2440 699 2485 750 si
2511 700 2574 753 ad
2601 703 2868 759 orientem
2893 704 3213 776 Ethiopum
3237 720 3290 764 et
3314 709 3568 764 Indorum

1995 797 2246 852 quaerens
2273 786 2685 859 habitationem,
2710 794 2824 862 ipse
2844 811 2875 850 e
2898 800 3171 854 contrario
3197 788 3569 859 occidentales

1996 873 2156 927 vellet
2198 880 2489 933 ostendere
2523 879 2702 936 Celtas
2721 892 2772 937 et
2804 899 2925 952 qua:
2952 885 3286 942 Britanniam
3314 890 3567 944 incolunt

1993 974 2202 1031 gentes.
2239 966 2527 1033 Quomodo
2552 973 2699 1026 enim
2737 983 2828 1028 aut
2860 991 3203 1046 consequens
3232 986 3319 1033 est
3347 992 3442 1034 aut
3471 998 3568 1049 op-

1991 1058 2168 1126 posita
2203 1060 2406 1116 solutio
2444 1063 2510 1116 ad
2546 1066 2906 1132 propositum,
2930 1071 3072 1137 quod
3104 1072 3291 1126 multis
3315 1081 3371 1126 et
3400 1076 3568 1127 variis

1992 1150 2359 1213 contineatur,
2394 1152 2445 1206 id
2482 1168 2602 1209 esse
2636 1158 3019 1225 compositum,
3043 1161 3186 1229 quod
3223 1161 3339 1230 ipse
3379 1162 3565 1227 aﬂ‘ert,

1991 1239 2116 1293 dico
2140 1245 2667 1320 argumentationem
2695 1246 2841 1300 illam
2871 1248 2991 1303 sine
3018 1263 3363 1320 argumento.
3390 1263 3562 1308 artem

1990 1331 2108 1385 sine
2135 1344 2271 1398 arte,
2299 1335 2674 1389 irrationaletn
2706 1337 3204 1402 ratiocinationem,
3237 1343 3355 1397 sine
3381 1344 3565 1399 medio

1990 1430 2046 1475 et
2074 1424 2463 1494 conjunctione
2494 1428 2938 1483 conclusionem?
2965 1431 3100 1485 Cum
3130 1434 3276 1485 enim
3310 1449 3414 1486 una
3437 1474 3451 1494 ,
3483 1437 3567 1487 in-

1990 1512 2147 1580 quit,
2182 1523 2237 1569 et
2282 1515 2518 1570 indivisa
2584 1529 2667 1573 est
2711 1520 2806 1574 Dei
2864 1525 3123 1587 essentia,
3167 1525 3354 1592 plures
3399 1526 3564 1595 igitur

1991 1603 2177 1660 formae
2208 1616 2265 1661 et
2296 1612 2549 1665 essentia:
2592 1612 2834 1667 cilicium
2864 1616 3176 1669 varietates.
3216 1617 3408 1671 Nonne
3438 1618 3563 1672 talia

1991 1695 2150 1765 digna
2171 1696 2475 1755 Democrito
2498 1703 2589 1770 qtti
2617 1705 2905 1758 cavillator
2924 1707 3565 1779 hominisiguorantiam,

1992 1795 2087 1838 aut
2130 1789 2313 1855 potius
2344 1791 2639 1859 Heraclito,
2676 1796 2766 1863 qni
2796 1798 2914 1866 ejus
2948 1788 3245 1852 amentiam
3279 1800 3566 1869 deplorat?

1990 1878 2140 1932 Adeo
2172 1880 2316 1932 enim
2358 1897 2418 1933 ea
2451 1899 2572 1951 quae
2602 1885 2844 1952 loquitur
2887 1888 3135 1942 stultitia:
3179 1890 3336 1958 plena
3390 1898 3562 1954 sunt,

1997 1982 2057 2024 ut
2096 1986 2195 2023 nec
2223 1973 2313 2039 qui
2365 1973 2609 2042 loquitur
2659 1977 2927 2048 intelligat
2975 1994 3095 2048 qua:
3142 1981 3409 2050 loquitur,
3465 1998 3563 2036 nrc

1989 2063 2080 2131 qui
2109 2065 2334 2118 audiunt
2370 2065 2675 2137 intelligant
2704 2086 2825 2139 qua:
2853 2072 3097 2126 audiant.
3125 2072 3257 2126 Nam
3284 2081 3343 2126 ut
3362 2083 3559 2128 czctera

1988 2155 2210 2209 silentio
2243 2166 2629 2223 praetereamus
2650 2202 2664 2225 ,
2697 2162 2914 2229 qualem
2964 2163 3405 2232 conjunctionem
3456 2165 3557 2217 ha-

1988 2245 2121 2301 bent
2170 2246 2302 2300 falsa
2335 2258 2389 2300 et
2419 2249 2797 2318 discrepantia
2819 2253 2940 2322 ejus
2974 2254 3414 2322 propositionum
3468 2256 3558 2308 in-

1988 2340 2147 2394 docte
2176 2341 2431 2396 conclusa
2452 2343 2516 2395 ad
2548 2341 2707 2412 355
2724 2344 3133 2412 proposita.viri
3156 2346 3325 2400 sancti
3351 2347 3515 2400 verba
3537 2347 3563 2399 ?

1987 2430 2111 2483 Illas
2147 2431 2290 2485 enim
2325 2434 2660 2502 quaesitutus
2691 2434 2804 2489 haec
2844 2436 3009 2504 impie
3042 2437 3097 2491 in
3139 2440 3375 2507 propria:
3408 2439 3562 2507 igno-

1990 2522 2177 2575 rantiae
2210 2525 2519 2592 voraginem
2565 2526 2785 2581 seduxit
2817 2531 3251 2599 transvexitque.
3281 2530 3325 2584 Ο
3361 2545 3555 2583 novam

1988 2613 2294 2666 doctrinam
2329 2623 2383 2667 et
2431 2617 2632 2684 ingenii
2664 2618 3056 2673 acrimoniam!
3090 2621 3255 2689 Atqui
3284 2621 3329 2675 si
3363 2631 3555 2675 contra

1986 2705 2154 2759 voluit
2177 2705 2380 2769 dicere,
2402 2706 2539 2761 forte
2561 2707 2848 2777 litigiosius
2874 2710 3117 2776 quidem,
3139 2720 3195 2764 at
3221 2712 3433 2765 doctius
3452 2712 3556 2765 etsi

1987 2813 2095 2850 non
2121 2808 2288 2859 recte,
2310 2797 2536 2851 dixisset
2559 2815 2680 2867 qua:
2701 2814 2843 2867 saepe
2875 2801 3125 2854 nonnulli
3157 2801 3417 2869 improba:
3443 2818 3557 2855 sua;-

1985 2886 2165 2958 gentis
2193 2887 2244 2940 in
2276 2888 2674 2957 oppositiouem
2707 2890 3056 2957 protulerunt
3084 2892 3196 2959 ipsa
3224 2892 3397 2945 sancti
3434 2908 3555 2944 ver-

1987 2977 2073 3041 ba,
2103 2979 2266 3047 (quze,
2305 2980 2350 3033 si
2382 2980 2507 3048 quis
2553 2980 2928 3049 imprudenter
2960 2983 3113 3051 sequi
3149 2984 3313 3047 volet,
3343 2984 3550 3038 utinam

1986 3065 2127 3121 inter
2142 3083 2260 3123 sese
2286 3082 2528 3137 pugnare
2548 3071 2836 3126 videantur
2852 3070 2890 3143 ι)
2913 3072 3037 3127 dico
3049 3088 3110 3127 ea
3124 3090 3244 3141 quze
3259 3073 3327 3126 de
3343 3074 3549 3128 Christi

1982 3157 2198 3211 duabus
2228 3160 2437 3212 naturis
2465 3159 2609 3214 dicta
2649 3177 2678 3215 a
2710 3174 2901 3216 sancto
2948 3172 3093 3218 sunt.
3127 3163 3384 3230 Quaenam
3420 3164 3507 3217 illa
3530 3164 3555 3216 ?

1981 3246 2113 3314 Inde
2140 3249 2209 3303 ab
2242 3251 2400 3304 initio
2434 3251 2723 3321 incipiens,
2750 3254 3002 3309 oratione
3041 3254 3218 3309 doctis
3240 3264 3293 3307 et
3334 3256 3551 3324 rellgioa

1981 3339 2057 3393 sis
2102 3342 2666 3408 argumentationibus
2709 3344 2918 3399 intenta
2954 3345 3112 3399 divus
3155 3346 3393 3400 Joannes
3444 3347 3548 3399 Da-

1980 3444 2268 3487 mascenus
2297 3450 2311 3486 :
2346 3451 2362 3483 t
2398 3433 2724 3488 Naturarum
2743 3436 2997 3501 duarum,
3022 3437 3219 3505 inquit,
3245 3436 3312 3490 ad
3343 3450 3549 3490 verita.-

1980 3530 2088 3575 tem
2131 3522 2273 3576 inter
2301 3539 2360 3577 se
2403 3525 2456 3576 in
2490 3539 2652 3578 unam
2699 3524 2821 3579 Filii
2862 3526 2954 3580 Dei
2989 3542 3276 3596 personam
3314 3532 3548 3598 conjun-

1979 3619 2188 3663 ctarum
2217 3625 2433 3665 manere
2478 3613 2822 3669 essentialem
2854 3614 3216 3669 dill‘ercntiam
3256 3619 3553 3672 constitui--

1977 3716 2119 3755 mus.
2140 3701 2272 3755 Nam
2294 3713 2535 3758 creatum
2563 3706 2760 3760 mansit
2790 3715 3055 3773 creatum,
3082 3710 3381 3763 inereatum
3411 3728 3550 3762 vero

1978 3792 2301 3858 increatum,
2331 3797 2557 3851 mortale
2593 3798 2790 3854 mansit
2810 3800 3055 3864 mortale,
3080 3801 3384 3855 immortale
3412 3818 3544 3854 vero

1977 3885 2315 3948 immortale,
2355 3886 2566 3941 [initum
2600 3888 2815 3942 ﬁnitum
2843 3929 2857 3953 ,
2901 3890 3174 3945 inﬁnitum
3221 3891 3495 3946 infinitum
3522 3935 3543 3959 ,

1980 3976 2190 4029 visibilc
2224 3976 2437 4030 visibile
2463 4017 2477 4041 ,
2515 3979 2795 4033 invisibile
2848 3980 3143 4034 invisibile.
3182 4000 3200 4032 ι
3256 3982 3321 4035 Ει
3351 3985 3541 4051 paucis

1977 4067 2298 4138 interiectis,
2324 4086 2341 4118 t
2373 4066 2585 4121 Scimus
2607 4072 2777 4133 enim,
2797 4069 2951 4132 dixit,
2971 4074 3113 4141 quod
3165 4081 3226 4127 ut
3288 4090 3390 4126 ttna
3418 4074 3542 4143 ejus

1975 4172 2228 4227 persona,
2289 4158 2363 4212 ita
2408 4157 2714 4213 essentialis
2767 4160 2928 4212 etiam
2983 4173 3303 4217 naturarum
3359 4165 3537 4218 varie-

1978 4257 2057 4303 tas
2113 4257 2367 4305 tnanet.»
2406 4249 2690 4315 Quomodo
2754 4260 2938 4305 autem
3006 4264 3223 4308 maneat
3300 4256 3538 4310 varietas

1974 4357 2083 4395 non
2116 4340 2463 4396 manentibus
2505 4342 2569 4397 iis
2593 4360 2713 4414 qua:
2760 4345 3078 4400 varietatem
3118 4345 3282 4416 356
3312 4345 3451 4401 inter
3480 4361 3541 4400 se

315 4404 635 4472 ἀποδείξεων
658 4412 1098 4481 ὲπιστημονικῶν
1128 4417 1222 4470 καὶ
1263 4419 1583 4494 θεοπρεπῶν
1607 4404 1713 4483 τὸν
1767 4436 1854 4488 λό-

1982 4433 2201 4488 tabent?
2234 4433 2412 4502 Vides,
2453 4444 2510 4489 ut
2540 4435 2697 4490 divus
2721 4437 2958 4492 Joannes
2994 4437 3360 4491 Damascenus
3398 4436 3539 4490 nihil

312 4512 405 4563 γον
441 4500 813 4592 μπεπληκως
838 4505 1025 4592 όᾲθεῖος
1054 4510 1262 4576 ἐκεῖνος
1284 4517 1646 4592 Δαμασκηνὸς
1686 4527 1867 4584 Ἰωάν..

434 4585 536 4656 (1),
564 4604 582 4636 t
622 4584 737 4641 Εἴθ’
760 4589 1086 4662 ἐνωθεισῶν,
1119 4614 1136 4647 ι
1175 4600 1362 4670 φησὶν,
1390 4621 1407 4653 ι
1437 4584 1699 4677 amisit;
1726 4619 1866 4672 κατὰ

308 4675 568 4747 ἀλήθειαν
589 4678 697 4732 τῶν
720 4679 813 4734 δύο
843 4682 1060 4750 φύσεων
1086 4689 1166 4752 εἰς
1232 4693 1365 4760 μίαν
1425 4675 1722 4755 ὑπόστασιν
1769 4706 1866 4758 τοῦ

308 4767 434 4822 Υῐοῦ
455 4769 552 4823 τοῦ
591 4770 753 4834 Θεοῦ,
782 4775 1050 4838 σώζεσθαι
1079 4781 1260 4836 αὐτῶν
1313 4785 1412 4856 τὴν
1459 4790 1691 4864 ούσιώδη
1747 4797 1863 4849 δια-

303 4859 479 4952 φορὰν
506 4860 829 4930 ὀριζόμεθα.
864 4865 937 4919 Τὸ
967 4869 1073 4938 γὰρ
1126 4876 1343 4930 κτιστδν
1389 4859 1690 4952 μεμένηκε*
1740 4905 1864 4941 κτι-

305 4948 424 5000 στδν
451 4951 549 5003 καὶ
572 4951 632 5003 τὸ
660 4952 914 5008 ἄκτιστον
943 4956 1222 5026 ἀκτιστον,
1252 4970 1343 5018 καὶ
1372 4970 1431 5021 τὸ
1457 4948 1649 5041 θνητόν
1674 4974 1862 5045 ἔμεινε

302 5040 496 5105 θνητὸν
529 5046 624 5093 καὶ
654 5045 714 5096 τὸ
752 5046 1025 5102 ἀθάνατον
1052 5050 1346 5120 ἀθάνατον,
1377 5062 1473 5113 καὶ
1505 5040 1566 5116 τὸ
1597 5040 1867 5137 περιγρα-

301 5128 432 5182 πτὺν
458 5137 837 5223 περιγρδατιτὸν
860 5143 955 5194 καὶ
984 5143 1045 5195 τὸ
1100 5145 1512 5218 ἀπερίγραπτον
1558 5128 1864 5231 ἀπερίγρα-

302 5235 460 5286 πτον,
496 5224 681 5278 καὶτὸ
714 5229 908 5296 ὁρατὸν
945 5234 1142 5302 ὁρατὸν
1172 5239 1266 5289 καὶ
1298 5240 1360 5292 τὸ
1405 5242 1632 5313 ἀόρατον
1671 5224 1863 5321 ⁷ἀόρα-

297 5327 409 5413 τον.
452 5330 471 5364 ι
532 5316 645 5368 Καὶ
685 5320 803 5388 μετ’
858 5322 1036 5391 ὀλίγα,
1104 5344 1123 5378 t
1168 5329 1357 5399 Ἰσμεν
1411 5335 1540 5403 γὰρ,
1581 5358 1599 5389 ι
1669 5316 1857 5413 φησὶν,

1969 4538 2193 4594 prorsus
2237 4524 2455 4593 quidem
2536 4528 2817 4581 contendit
2873 4543 3061 4582 eorum
3117 4543 3238 4596 quae
3271 4542 3418 4581 nunc
3483 4529 3541 4580 in

1968 4629 2094 4668 eum
2128 4613 2515 4669 conferuntur?
2545 4616 2795 4687 Proiecto
2836 4618 2981 4670 enim
3038 4617 3159 4685 ipse
3208 4631 3395 4670 secum
3433 4632 3531 4684 pu--

1967 4715 2192 4775 gnaret;
2233 4705 2330 4759 sed
2379 4705 2445 4759 iis
2481 4709 2575 4776 qui
2623 4709 2823 4762 talibus
2857 4706 3216 4760 varietatibus
3255 4708 3530 4762 contineri

1968 4797 2209 4850 divinam
2242 4798 2537 4853 essentiam
2569 4798 2761 4853 dicunt
2793 4799 2983 4870 objicit
3015 4810 3069 4853 et
3113 4810 3417 4872 repugnat,
3465 4817 3541 4856 ne

1965 4889 2291 4945 essentiales
2328 4891 2383 4944 in
2415 4891 2522 4946 Deo
2558 4893 2849 4947 varietates
2880 4908 2997 4947 esse
3032 4893 3239 4959 dicant,
3287 4909 3411 4967 qua:
3439 4909 3532 4947 es-

1966 4981 2194 5034 sentiam
2225 4982 2484 5049 elliciant,
2514 4994 2571 5038 ut
2605 4985 2662 5037 in
2695 4984 2872 5047 nobis.
2898 4984 2990 5039 sed
3017 5001 3137 5054 qua:
3163 5002 3193 5040 a
3222 4985 3424 5041 creatis
3445 4999 3536 5039 es-

1965 5073 2158 5126 sentiis
2189 5073 2549 5144 distinguant,
2593 5076 2784 5130 Divina
2829 5076 2973 5129 enim
3019 5078 3257 5129 essentia
3283 5116 3297 5138 ,
3329 5092 3437 5130 una
3477 5085 3535 5131 et

1962 5162 2199 5230 simplex
2228 5203 2243 5227 ,
2280 5166 2459 5220 omnis
2505 5175 2559 5219 et
2590 5166 2918 5220 omnimoda:
2951 5167 3230 5221 varietatis
3280 5167 3532 5236 imparti-

1960 5266 2088 5320 eeps
2123 5259 2226 5305 est.
2264 5251 2399 5305 Nam
2430 5253 2660 5308 varietas
2684 5268 2802 5322 quae
2827 5252 3327 5307 dissimilitudinem
3362 5251 3535 5307 habet

1961 5353 2154 5395 natura
2178 5341 2398 5406 factam,
2434 5342 2703 5412 pluralem
2733 5345 2914 5399 statim
2951 5358 3240 5397 numerum
3276 5343 3535 5397 involvit.

304 5418 324 5452 ε
348 5401 542 5476 ὥσπερ
572 5408 705 5478 μίαν
732 5414 894 5468 αὐτοῦ
923 5416 1018 5486 τὴν
1055 5419 1381 5486 ὑπόστασιν,
1433 5425 1573 5481 οὕτω
1610 5436 1702 5486 καὶ
1762 5436 1858 5503 τὴν

1982 5433 2059 5489 lbi
2083 5448 2347 5489 numerus
2367 5444 2422 5489 et
2447 5436 2863 5503 multitudoest,
2890 5437 3062 5488 unica:
3089 5434 3424 5503 simplicitati
3448 5434 3531 5488 lo-

295 5492 404 5547 τῶν
450 5497 670 5566 φύσεων
703 5505 936 5577 ούσιὼδη
986 5509 1251 5581 διαφορὰν
1300 5515 1589 5581 σώζεσθαι.
1649 5541 1667 5574 ι
1734 5525 1856 5589 Πῶς

1957 5540 2054 5579 eus
2091 5525 2273 5581 nullus
2308 5527 2633 5583 esLEodem
2663 5528 2824 5583 modo
2849 5529 3014 5584 etiam
3050 5528 3107 5585 D.
3127 5527 3393 5583 Maximus
3417 5526 3527 5580 im-

361 5679 448 5753 (1)
492 5684 854 5759 Δαμασκηνοῦ
888 5694 947 5746 ἐκ
978 5693 1069 5749 τοῦ
1105 5696 1230 5765 περὶ
1280 5694 1381 5750 τῶν
1414 5695 1460 5767 β’
1486 5697 1695 5763 φύσεων
1727 5700 1822 5755 τοῦ
1852 5702 2115 5773 Χριστοῦ.
2212 5688 2216 5692 Δ

799 5920 830 5956 0
