3994 6204
439 292 550 357 3ξὸ

1638 295 2067 360 NICEPHORI
2108 302 2495 365 GREGORE

3580 306 3680 371 316

438 402 708 473 partitum
741 402 913 460 Deum
943 402 1078 460 dicit
1109 416 1166 461 et
1199 404 1498 465 inﬁnitum.
1528 404 1594 461 Et
1620 406 1753 463 alias
1784 424 1798 462 :
1829 409 2015 465 Omnis

2123 411 2178 464 δέ
2208 412 2404 483 σωθείη
2428 412 2681 483 διαφορὰ,
2718 412 2791 483 μὴ
2816 412 3142 482 σωζομένων
3160 413 3269 468 τῶν
3294 431 3389 485 την
3417 414 3680 489 διαφορὰν

438 494 679 550 varietas
720 511 842 567 qum
869 511 1055 553 rerum
1090 499 1233 552 inter
1265 513 1325 553 se
1359 498 1786 570 discrepantiam
1815 509 1871 556 et
1905 499 2020 555 dis-

440 587 863 644 similitudinem
888 590 956 645 ad
979 590 1266 660 qualitatis
1289 590 1554 645 rationem
1581 592 1817 661 explicat
1839 607 2021 663 quan-

443 682 661 736 titatem
699 696 882 737 rerum
917 682 1269 736 dissimilium
1305 697 1492 737 secum
1524 683 1756 749 inducit,
1786 684 1902 739 sive
1930 699 2022 739 es-

443 773 750 828 sentiarum
777 773 894 829 sive
926 774 1277 844 qualitatum,
1306 775 1420 829 sive
1448 776 1865 845 preprietatum.
1892 775 2025 843 Qum

441 865 587 919 enim
634 881 742 919 non
786 867 1014 921 omnino
1052 865 1242 921 eadem
1280 867 1426 922 inter
1469 883 1529 923 se
1577 877 1726 934 sunt,
1761 885 1926 923 unam
1957 878 2015 925 et

441 954 688 1009 eamdem
711 956 965 1011 essentia:
988 958 1255 1013 rationem
1279 973 1385 1013 non
1409 958 1860 1029 admittunt,qu:e
1882 975 2014 1016 vero

444 1044 590 1099 inter
619 1061 678 1101 se
712 1047 928 1113 eadem,
961 1050 1248 1105 varietatis
1277 1051 1645 1121 imparticipia
1692 1062 1839 1109 sunt.
1876 1052 2012 1108 Nam

2118 503 2352 571 ἑχόντων
2378 502 2514 573 πρὸς
2552 504 2795 574 ἀλλη).α;
2851 504 3017 574 Ὁρᾷς
3058 504 3135 568 ὡς
3192 505 3292 558 οὐκ
3342 508 3680 578 ἀπαγορεύει

2128 595 2389 665 Ἰωάννης
2415 596 2444 649 ό
2473 595 2617 658 θεῖος
2644 597 2705 648 ὲκ
2734 594 3030 665 Δαμασκοῦ
3085 594 3198 650 οὐδ’
3218 597 3340 651 ἐκεῖ
3376 597 3501 652 κατ’
3528 598 3679 652 οὐδέν

2118 685 2179 737 τὸ
2216 684 2479 756 παράπαν
2503 683 2540 739 ἃ
2567 684 2662 739 νύν
2689 686 2779 737 ἐπὶ
2802 685 2958 739 τοῦδε
3015 686 3367 753 συντίθεται;
3414 683 3450 758 ἦ
3478 688 3587 758 γάρ
3616 689 3679 742 ἂν

2117 770 2188 847 ἦν
2215 776 2379 840 αὐτὸς
2402 777 2585 845 ἑαυτῳ
2616 777 2950 846 μαχόμενος.
3004 777 3164 831 Ἀλλά
3196 779 3310 842 τοῖς
3348 780 3409 831 ὲκ
3431 779 3545 833 τῶν
3569 798 3679 832 τοι-

2121 868 2295 921 ούτων
2318 867 2593 939 διαφορῶν
2657 867 2976 935 συγκεῖσθαι
3030 868 3130 937 τὴν
3169 868 3322 923 Θείαν
3380 869 3682 940 φάσκουσιν

2119 959 2309 1012 οὐσίαν
2335 959 2585 1030 έπιτιμᾷ,
2612 960 2707 1012 καὶ⁹
2737 961 2996 1013 ἁνασοϐεἴ
3035 961 3110 1031 μὴ
3163 961 3345 1030 λέγειν
3405 961 3684 1023 οὐσιῶδεις

2119 1049 2386 1118 διαφορὰς
2430 1050 2525 1103 έπὶ
2561 1050 2721 1115 Θεοῦ,
2759 1051 2818 1105 αἶ
2865 1054 2967 1123 τὴν
3011 1049 3200 1108 οὐσίαν
3257 1053 3560 1107 συντιθέναι
3595 1053 3684 1106 λέ-

442 1150 569 1191 cum
603 1139 906 1208 simplicem
933 1149 1093 1196 antea
1113 1140 1249 1195 dixit
1276 1140 1466 1209 Deum,
1498 1143 1626 1197 dein
1652 1143 1887 1213 simplex
1916 1161 2015 1201 va-

2123 1158 2301 1211 γονται
2324 1141 2399 1204 ὡς
2428 1140 2514 1210 ἐφ’
2568 1144 2725 1215 ἡμῖν,
2757 1144 2876 1200 ἀλλ’
2907 1145 2964 1199 αἲ
3013 1146 3423 1200 διαστέλλουσιν
3458 1148 3521 1199 ἐκ
3575 1147 3685 1198 τῶν

443 1226 657 1283 rietatis
685 1244 807 1285 esse
834 1232 1056 1288 omnino
1081 1233 1432 1303 imparticeps
1459 1232 1616 1288 dixit.
1643 1233 1770 1291 Ideo
1795 1235 2015 1291 omnino

2123 1233 2352 1286 κτιστῶν
2393 1233 2612 1289 οὐσιῶν.
2658 1236 2736 1288 Τδ
2766 1236 2875 1305 γὰρ
2916 1238 3017 1306 τῆς
3056 1237 3209 1301 θείας
3243 1237 3433 1301 οὐσίας
3475 1239 3680 1291 ένιαῖον

442 1318 550 1374 sibi
604 1319 749 1375 idem
799 1321 961 1393 357
1013 1332 1068 1378 et
1123 1326 1346 1379 unicum
1372 1333 1429 1380 et
1480 1334 1766 1390 constans,
1820 1326 2015 1396 quippe

2123 1324 2432 1379 παντάπασι
2473 1326 2571 1380 καὶ
2604 1326 2812 1381 ἀπλοῦν
2842 1327 2906 1400 [ί.
2937 1327 3038 1384 168
3068 1329 3147 1402 υ.]
3182 1330 3363 1399 πάσης
3404 1330 3496 1383 καὶ
3546 1347 3688 1384 παν-

443 1412 768 1479 quautitatis
798 1429 976 1484 genius
1004 1431 1111 1470 non
1144 1416 1374 1484 habens,
1406 1432 1537 1488 ergo
1569 1418 1729 1487 plane
1766 1433 1878 1473 non
1920 1434 2015 1473 nu-

2123 1417 2270 1481 τοίας
2300 1418 2480 1489 πάντη
2503 1417 2770 1491 διαφορᾶς
2792 1421 3164 1477 ἀνεπίδεκτον.
3206 1421 3271 1475 Ἦ
3313 1422 3423 1493 γὰρ
3453 1422 3689 1492 διαφορά

426 1496 708 1558 ἰιιοτοὺίιο
737 1520 842 1558 nec
871 1506 1213 1563 dissolubile.

2123 1510 2370 1580 φυσικῶς
2397 1510 2671 1579 ἑπομένην
2702 1511 2903 1582 ἔχουσα
2932 1514 3032 1584 τὴν
3087 1515 3407 1585 ἑτερότητα,
3446 1515 3688 1584 πληθυν-

441 1599 595 1650 τικῖν
616 1598 779 1662 εὐθὺς
806 1600 1040 1670 ἀριθμὸν
1066 1602 1375 1671 συνεισάγει
1396 1618 1412 1636 ο
1437 1603 1572 1656 ὅπου
1627 1602 1677 1657 δ’
1733 1602 1969 1675 ἀριθμὸς
1985 1605 2083 1658 καὶ
2126 1601 2355 1673 πλῆθος,
2398 1603 2636 1676 ἁπλότης
2691 1600 2831 1659 εἶναι
2866 1606 2927 1660 οὐ
2979 1609 3352 1679 συγχωρεῑται
3385 1606 3647 1677 μοναδική
3668 1623 3686 1639 ·

444 1691 701 1762 καθάπερ
726 1697 819 1746 καὶ
843 1696 873 1747 ὁ
905 1693 1048 1758 θεῖος
1075 1695 1331 1765 Μάξιμος
1357 1696 1563 1767 ἀμερές
1592 1713 1727 1766 φησι
1755 1696 1819 1749 τὸ
1844 1696 2021 1760 Θεϊον,
2062 1696 2204 1749 διότι
2239 1696 2338 1749 καὶ
2374 1696 2598 1751 ἀποσον.
2640 1698 2750 1750 Καὶ
2816 1698 3000 1764 πάλιν,
3050 1699 3226 1765 Πᾶσα,
3259 1701 3416 1770 φησὶ,
3458 1697 3695 1768 διαφορά

442 1783 543 1849 ’τῆς
578 1784 755 1839 ἄλλων
770 1787 908 1854 πρὸς
931 1789 1068 1843 ἄλλα
1100 1790 1244 1843 κατὰ
1270 1790 1363 1843 τὸν
1392 1789 1488 1842 τοῦ
1516 1790 1634 1853 πῶς
1658 1787 1797 1844 εἶναι
1821 1790 1980 1857 λόγον
1993 1789 2381 1861 ἀνομοιότητός
2409 1807 2471 1843 τε
2498 1795 2590 1845 καὶ
2611 1791 2930 1863 ἑτερότητος
2954 1789 3089 1849 οὖσα
3114 1794 3410 1865 δηλωτικὴ,
3437 1795 3499 1848 τὸ
3527 1796 3696 1846 ποσὸν

442 1881 549 1932 τοῦν
572 1880 936 1948 διαφερόντων
958 1884 1299 1952 πραγμάτων
1333 1883 1685 1949 συνεισάγειν
1702 1884 1869 1953 ἑαυτῇ
1890 1882 2157 1951 πέφυκεν,
2186 1881 2288 1935 εἴτ’
2309 1884 2512 1939 οὐσιῶν
2535 1884 2649 1938 είτε
2704 1885 3007 1956 ποιοτήτων
3030 1886 3126 1941 εἰτ’
3153 1888 3433 1957 ίδιοτήτων
3448 1902 3462 1918 ⁸
3492 1886 3557 1939 τά
3595 1885 3696 1952 μὲν

443 1972 553 2042 γὰρ
588 1972 661 2041 μὴ
694 1966 943 2042 ἀλλήλοις
969 1975 1145 2043 πάντη
1169 1976 1342 2030 ταυτά
1371 1976 1466 2029 ἕνα
1504 1976 1596 2029 καὶ
1630 1976 1720 2029 τὸν
1754 1976 1916 2029 αὐτὸν
1944 1976 2038 2029 τοῦ
2056 1972 2195 2031 εἶναι
2225 1977 2479 2050 οὐδαμῶς
2505 1980 2811 2051 ἐπιδέχεται
2834 1979 3015 2049 λόγον,
3050 1981 3117 2036 τά
3139 1980 3196 2034 δὲ
3228 1980 3405 2051 πάντη
3441 1978 3699 2050 ἀλλήλοις

441 2069 614 2120 ταυτά
669 2068 933 2138 διαφορᾶς
990 2072 1340 2126 ἀνεπίδεκτα.
1414 2074 1524 2126 Καὶ
1556 2073 1665 2142 γὰρ
1690 2072 1898 2127 ἀπλοῦν
1930 2072 2301 2145 ὡμολογηκὼς
2330 2075 2594 2148 πρότερον
2623 2070 2846 2130 εἶναιτὸ
2872 2077 3046 2140 Θεῖον,
3071 2070 3189 2129 εἷτα
3223 2078 3283 2129 τδ
3322 2076 3498 2145 πάντη
3531 2076 3701 2144 φησὶν

444 2160 646 2215 ἁπλοῦν
675 2161 939 2233 διαφορᾶς
982 2159 1120 2217 εῖναι
1147 2164 1503 2220 ἀνεπίδεκτον
1525 2182 1539 2199 ο
1569 2168 1701 2221 διότι
1727 2170 1823 2221 καὶ⁸
1849 2168 2028 2237 πάντη
2060 2168 2259 2222 ταυτὸν
2290 2168 2469 2237 ἑαυτῷ
2495 2169 2588 2223 καὶ
2615 2169 2905 2239 μοναδικὸν
2927 2170 3020 2223 καὶ
3050 2170 3171 2223 ὅλον
3192 2165 3326 2232 ὅλῶς
3344 2169 3591 2239 ἀσχετον,
3619 2170 3703 2231 ὡς

441 2257 505 2310 τὸ
532 2257 589 2307 ὲν
632 2255 784 2323 ποσῷ
814 2257 967 2323 γένος
992 2257 1089 2308 οὐκ
1116 2256 1239 2326 ἔχον
1274 2259 1788 2330 κατηγορούμενον,
1818 2260 1914 2315 καὶ
1944 2261 2033 2315 διὰ
2052 2260 2211 2315 τοῦτο
2241 2261 2521 2325 παντελῶς
2558 2261 2659 2315 οὐκ
2698 2262 3107 2332 ἀριθμούμενον
3129 2260 3252 2317 οὐδὲ
3279 2262 3689 2333 διαιρούμενον.

516 2346 844 2409 V.Videsne,
870 2354 930 2399 ut
953 2346 1045 2400 ubi
1071 2347 1374 2416 duplicatio
1404 2357 1722 2403 naturarum
1752 2360 1808 2405 et
1831 2366 2015 2404 nume-

2204 2345 2280 2404 E'.
2328 2349 2493 2421 Ὁρᾷς
2525 2350 2642 2412 πῶς
2672 2350 2808 2403 ὅπου
2835 2350 3030 2421 διπλόη
3071 2350 3290 2419 φύσεων
3313 2351 3406 2404 καὶ
3435 2351 3701 2420 ἀριθμὸς.

444 2451 541 2492 rus
567 2446 672 2497 est.
712 2438 962 2493 varietati
992 2438 1115 2493 loco
1150 2438 1300 2503 dato,
1328 2438 1618 2493 dissolutio
1643 2449 1728 2494 est
1760 2449 1815 2494 et
1851 2439 2015 2510 parti-

2127 2442 2244 2494 ἐκεῖ
2273 2440 2363 2495 καὶ
2392 2441 2495 2511 τῆς
2534 2441 2799 2513 διαφορᾶς
2823 2441 3008 2512 χώραν
3039 2440 3272 2513 ἐχούσης
3300 2442 3529 2496 ἐστικαὶ
3553 2443 3701 2497 διαί-

446 2532 546 2591 ιίο.
596 2530 690 2584 ubi
720 2539 899 2585 autem
927 2530 1091 2586 unica
1122 2529 1450 2600 simplicitas
1471 2570 1485 2594 ,
1518 2531 1697 2586 aliena
1726 2541 1782 2585 et
1828 2531 2015 2586 intole-

2128 2550 2279 2601 ρεσις
2328 2531 2491 2596 εὐθὺς
2524 2532 2622 2585 καὶ
2650 2532 2947 2602 μερισμὸς,
2987 2532 3121 2585 ὅπου
3155 2533 3202 2586 δ’
3247 2532 3493 2603 ἁπλότης
3527 2551 3700 2602 μονα-

445 2619 639 2675 rabilis
686 2621 923 2677 varietas
974 2631 1031 2676 et
1073 2621 1558 2692 partitioiltaque
1581 2622 2015 2678 concludendum

2125 2623 2274 2693 δικὴ,
2302 2623 2431 2694 ξένη
2482 2622 2542 2676 τὸ
2571 2624 2864 2693 παράπαν,
2900 2625 3015 2677 ἐκεῖ
3041 2623 3134 2677 καὶ
3159 2624 3436 2694 ἀφόρητός
3484 2625 3628 2677 ἐστιν
3657 2626 3696 2693 ἠ

445 2724 531 2765 est
556 2711 820 2766 Joannem
848 2712 1250 2768 Damascenum
1282 2712 1507 2768 minime
1543 2728 1727 2769 secum
1757 2729 2022 2785 pugnare,

446 2804 539 2871 qui
577 2803 665 2857 hic
694 2803 840 2859 dicat
871 2802 1199 2869 iucreatum,
1220 2804 1553 2870 immortale,
1571 2814 1627 2861 et
1652 2807 1862 2875 reliqua
1878 2806 2024 2877 ejus.

445 2894 595 2949 modi
627 2911 734 2951 non
776 2910 897 2950 esse
924 2896 1219 2950 varietates
1244 2895 1588 2961 essentiales,
1631 2895 1745 2951 illic
1776 2913 1908 2951 vero
1938 2912 2023 2952 es-

446 2987 732 3041 sentialem
769 3000 1059 3041 remanere
1088 2986 1408 3042 varietatem
1441 2987 1496 3042 in
1520 2987 1754 3044 duarum
1781 2988 1903 3045 Filii
1927 2989 2019 3044 Dei

446 3085 770 3129 naturarum
824 3073 879 3127 in
932 3089 1098 3129 unam
1152 3090 1442 3144 personam
1500 3078 1912 3149 conjunctione,
1965 3088 2022 3135 et

446 3177 671 3218 manere
703 3171 951 3218 creatum
997 3173 1266 3227 creatum,
1316 3164 1623 3219 iucreatum
1674 3164 2018 3230 increatum,

449 3256 679 3311 mortale
704 3256 952 3322 mortale,
974 3256 1283 3312 immortale
1312 3256 1639 3322 immortale,
1666 3267 1724 3313 et
1745 3257 2018 3329 ejusmodi

448 3347 701 3401 similiter
732 3346 936 3403 omnia.
970 3347 1076 3402 Sed
1113 3362 1237 3401 cum
1282 3347 1507 3417 utrique
1553 3346 1818 3401 doctrina:
1855 3360 2016 3401 suum

448 3439 675 3501 tribuat,
707 3438 952 3509 loquitur
987 3453 1174 3495 secum
1207 3449 1261 3494 et
1292 3453 1419 3493 cum
1451 3439 1685 3493 veritate
1710 3452 2019 3508 congruen-

448 3530 547 3585 tia.
575 3528 678 3583 Sed
707 3530 1014 3586 audiendus
1040 3539 1125 3587 est
1151 3530 1316 3587 etiam
1345 3530 1506 3585 divus
1530 3529 1797 3584 Maximus
1817 3528 1914 3583 ubi
1945 3527 2016 3582 ob

446 3620 593 3676 dicta
615 3621 815 3677 refutat
838 3622 1133 3688 Palamam,
1162 3622 1367 3693 quippe
1385 3622 1616 3692 simplex
1632 3620 1853 3678 deitatis
1872 3619 2022 3675 aufe-

2122 2713 2359 2783 διαφορά
2383 2714 2478 2767 καὶ
2502 2715 2531 2766 ό
2566 2716 2875 2785 μερισμός;
2907 2714 3047 2768 ὥστε
3078 2715 3455 2782 συλλογιστέον
3485 2714 3697 2767 καὶτὸν

2125 2802 2488 2873 Δαμασκηνὸν
2536 2803 2792 2871 Ἰωάννην
2831 2801 3058 2872 μηδαμῆ
3105 2803 3411 2871 μαχόμενον
3438 2797 3697 2871 εἶναιδο-

2122 2896 2239 2948 κεῖν
2268 2894 2433 2946 αὐτὸν
2483 2893 2687 2962 ἑαυτῷ,
2719 2893 2797 2946 ὅτ’
2847 2893 2965 2945 ἐκεῖ
3024 2891 3124 2962 μὲν
3153 2892 3303 2959 λέγει
3348 2892 3408 2944 τὸ
3438 2893 3697 2947 ἀκτιστον

2123 2982 2216 3037 καὶ
2253 2981 2524 3035 ἀθάνατον
2559 2981 2656 3035 καὶ
2681 2980 2749 3035 τὰ
2775 2978 3003 3034 τοιαῦτα
3036 2980 3113 3050 μὴ
3141 2976 3280 3034 εῖναι
3306 2979 3571 3051 διαφορὰς
3602 2983 3693 3035 οὐ·

2123 3073 2353 3138 σιώδεις,
2379 3072 2615 3126 ἐνταῦθα
2637 3072 2693 3125 δὲ
2726 3071 2824 3143 τὴν
2864 3071 3102 3143 οὐσιώδη
3136 3070 3401 3135 σώζεσθαι
3425 3072 3694 3143 διαφορὰν

2120 3166 2213 3218 ἐπὶ
2244 3164 2341 3234 τῆς
2362 3165 2443 3226 είς
2463 3164 2594 3233 μίαν
2627 3162 2929 3216 ὑπόστασιν
2948 3161 3195 3227 ὲνώσεως
3212 3163 3319 3216 τῶν
3352 3164 3444 3218 δύο
3477 3166 3698 3236 φύσεων

2118 3256 2213 3309 τοῦ
2242 3254 2413 3327 111169
2438 3253 2511 3327 1.]
2538 3255 2673 3310 Υίοῢ
2696 3254 2792 3308 τοῦ
2814 3253 2971 3322 Θεοῦ,
2992 3255 3087 3309 καὶ
3112 3257 3297 3326 μένειν
3312 3257 3372 3309 τό
3396 3274 3457 3315 τε
3478 3259 3699 3312 κτιστδν

2117 3349 2334 3401 κτιστὸν
2365 3347 2462 3402 καὶ
2488 3346 2549 3400 τὸ
2581 3346 2839 3402 ἀκτιστον
2881 3348 3157 3411 άκτιστον,
3191 3348 3287 3400 καὶ
3309 3349 3389 3402 ἐτι
3411 3347 3473 3401 τι
3500 3348 3698 3419 θνητὸν

2117 3436 2312 3508 θνητὸν
2343 3437 2438 3491 καὶ
2479 3438 2542 3491 τὸ
2599 3437 2873 3491 ἀθάνατον
2928 3437 3216 3501 ἀθάνατον,
3246 3440 3342 3491 καὶ
3384 3440 3453 3492 τὰ
3485 3439 3696 3493 τοιαῦτ’

2122 3528 2326 3597 ὁμοίως
2357 3530 2577 3582 ἅπαντα
2600 3542 2615 3557 ⁸
2648 3528 2786 3583 ἀλλά
2811 3528 2871 3582 τὸ
2902 3531 3181 3600 προσῆκον
3208 3528 3447 3601 ἑκατέρα
3482 3529 3693 3584 διδόντα

2088 3618 2469 3691 ,ξδιδασκαλίιμ
2529 3620 2799 3690 σύμφωνα
2845 3621 3179 3689 φθέγγεσθαι
3225 3622 3480 3689 καθάπαξ
3512 3622 3693 3694 ἑαυτῷ

445 3723 655 3768 rentem
679 3722 735 3768 et
761 3714 959 3769 multas
997 3714 1297 3770 varietates
1321 3722 1375 3769 et
1398 3711 1830 3784 compositiones
1852 3712 2015 3768 deita-

2126 3712 2222 3765 καὶ
2248 3715 2316 3784 τῇ
2349 3713 2599 3784 ἀληθείᾳ.
2628 3714 2968 3785 Προσεκτέον
2995 3714 3163 3767 δὲκαὶ
3191 3714 3268 3785 τῷ
3302 3714 3432 3785 θείῳ
3456 3714 3694 3784 Μαξίμῳ

446 3807 593 3862 tibus
630 3806 745 3863 suis
774 3818 867 3861 aut
894 3806 1075 3877 potius
1107 3805 1223 3862 deis
1250 3805 1566 3877 deabusque
1591 3805 1947 3862 tribuentem.

2114 3805 2206 3859 τὸν
2231 3803 2497 3875 Παλαμᾶν
2520 3805 2609 3860 διά
2630 3805 2738 3859 τῶν
2763 3807 2883 3877 είρη
2892 3807 3068 3876 μένων
3084 3807 3342 3877 ἄντικρυς
3397 3806 3692 3876 ἐλέγχοντι,

444 3901 506 3983 τὶό
536 3918 598 3955 τε
644 3900 850 3955 ἁπλοῦν
886 3902 986 3965 τῆς
1018 3900 1147 3970 μιᾶς
1178 3899 1480 3965 ἐξωθοῦντα
1530 3899 1807 3969 θεότητος,
1861 3901 1957 3954 καὶ
1984 3897 2187 3962 πολλὰς
2219 3898 2319 3961 τάς
2353 3896 2617 3969 διαφοράς
2661 3898 2755 3951 καὶ
2785 3897 3064 3989 συνθέσεις
3098 3898 3219 3961 ταῖς
3250 3896 3414 3950 αὐτοῦ
3472 3900 3694 3969 χαριζόο

447 4006 611 4060 μενον
678 3990 918 4062 θεότησι,
991 3991 1192 4061 μᾶλλον
1260 3990 1303 4044 δ’
1345 3992 1523 4045 εἰπεῖν
1557 3989 1709 4053 θεαῖς
1730 3990 1828 4045 καὶ
1855 3991 1998 4056 θεοῖς
2025 3991 2375 4058 οἰκειότερον.

521 4084 605 4139 Vl.
637 4082 742 4137 Sed
778 4084 1091 4153 recipienda
1118 4093 1204 4140 est
1234 4084 1434 4140 oratio.
1482 4083 1640 4151 Quod
1675 4086 1827 4140 enim
1865 4100 2017 4141 com-

443 4177 621 4247 posita
650 4185 836 4229 nostra
868 4176 1085 4238 attinet,
1132 4176 1456 4231 essentiales
1502 4177 1797 4232 varietates
1830 4177 2016 4246 dupli-

444 4281 563 4321 cem
596 4267 871 4321 notionem
902 4266 1165 4322 efﬁciunt.
1187 4267 1408 4322 Formas
1420 4269 1565 4322 enim
1583 4268 1980 4338 358animan
1997 4295 2015 4309 -

448 4359 583 4414 tium
648 4368 844 4428 sponte
887 4359 1173 4414 formando
1231 4370 1570 4429 componunt
1606 4369 1661 4415 et
1704 4375 1734 4413 a
1781 4360 2017 4417 diversis

442 4453 704 4509 essentiis
734 4452 1046 4523 seiungunt.
1076 4452 1267 4519 Quoad
1304 4463 1483 4507 autem
1533 4453 1745 4509 beatam
1780 4454 1927 4509 illam
1958 4463 2017 4510 et

444 4548 665 4601 unicam
691 4546 1009 4608 essentiam,
1036 4546 1209 4601 altera
1238 4545 1565 4615 compositio
1587 4546 1698 4617 jam
1726 4562 1757 4602 a
1783 4545 1880 4601 SS.
1914 4546 2014 4601 Pa-

442 4636 628 4689 tribus
675 4634 903 4705 probata
946 4643 1049 4702 est,
1087 4636 1257 4690 altera
1290 4634 1359 4690 ab
1395 4635 1652 4691 omnibus
1686 4638 1885 4692 creatis
1926 4652 2013 4692 es-

438 4726 639 4780 sentiis
669 4725 941 4796 seiunctio
966 4727 1323 4781 vehementer
1338 4726 1749 4797 quadrat.Nam
1782 4728 2014 4782 duarum

443 4816 571 4870 Filii
612 4817 706 4870 Dei
752 4828 1071 4872 naturarum
1125 4819 1270 4873 inter
1315 4833 1373 4873 se
1410 4818 1467 4871 in
1514 4833 1679 4871 unam
1726 4833 2016 4888 personam

444 4907 865 4978 eonjunctarum
900 4924 1122 4965 manere
1156 4909 1234 4964 ait
1255 4898 1597 4966 essentialem
1620 4908 2016 4979 diﬂ‘erentiam,

448 4997 670 5054 deitatis
706 5009 763 5055 et
796 5002 1174 5059 humanitatis.

522 5271 625 5326 VH.
659 5272 799 5340 Quid
846 5273 911 5325 ad
962 5272 1077 5327 lure
1124 5274 1281 5335 dicis,
1316 5275 1645 5330 amicissime
1679 5274 2014 5333 Tlteotime?

445 5364 640 5420 Nonne
676 5366 769 5421 tibi
805 5367 1017 5421 videtur
1049 5365 1297 5420 Palamus
1341 5369 1649 5432 evidenter,
1709 5369 1837 5423 licet
1898 5370 2013 5423 ins-

447 5457 883 5520 cius,b;ieehico
948 5459 1261 5511 insanorum
1322 5474 1473 5513 more
1529 5475 1715 5513 sacras
1769 5459 2018 5528 Scriptu-

447 5563 541 5603 ras
573 5549 725 5601 adire
769 5559 825 5601 et
869 5548 1116 5603 inductas
1151 5551 1534 5604 conclusiones
1583 5551 1870 5620 proferre?
1905 5560 2017 5603 tum

448 5650 782 5709 spontanee.
814 5649 926 5694 tum
971 5655 1079 5693 non
1126 5650 1339 5710 sponte,
1390 5657 1535 5695 nunc
1565 5656 1689 5694 cum
1739 5656 2015 5709 quoquam

446 5734 818 5798 consentiens,
843 5748 989 5789 nunc
1014 5747 1113 5788 nec
1144 5748 1266 5789 cum
1316 5731 1801 5789 t‘amiliaribusnec
1834 5733 2024 5801 impie-

2193 4083 2286 4152 ς’.
2327 4081 2469 4136 Ἀλλ’
2515 4081 2851 4135 ὲπανακτέον
2895 4083 2991 4135 τὸν
3042 4081 3219 4150 λόγον.
3258 4080 3381 4135 Ἐπὶ
3437 4082 3539 4153 μὲν
3579 4080 3691 4149 γὰρ

2121 4177 2231 4231 τῶν
2286 4175 2559 4230 συνθέτων
2592 4176 2748 4246 ἡμῶν
2780 4175 2835 4228 αί
2867 4174 3147 4237 οὐσιῶδεις
3189 4174 3447 4244 διαφοραὶ
3497 4172 3693 4240 διπλῆν

2124 4266 2341 4324 ποιοῦσι
2365 4270 2461 4324 καὶ
2500 4266 2598 4339 τὴν
2631 4267 2930 4336 σημασίαν.
2963 4265 3047 4320 Τά
3083 4281 3143 4317 τε
3170 4265 3282 4334 γὰρ
3319 4264 3424 4318 ὐπὸ
3455 4263 3514 4316 rb
3546 4262 3691 4328 ζῶον

2121 4361 2239 4431 εἴδη
2270 4360 2621 4413 συντιθέασιν
2663 4355 3053 4422 είδοποιοῦσαι,
3083 4352 3178 4407 καὶ
3209 4356 3343 4423 πρός
3381 4370 3444 4422 γε
3473 4354 3555 4407 ἔτι
3580 4353 3694 4407 τῶν

2123 4451 2435 4522 έτεροφυῶν
2484 4449 2888 4502 διαστέλλουσιν
2918 4446 3139 4501 οὐσιῶν.
3186 4446 3313 4499 Ἐπὶ
3355 4446 3410 4498 δὲ
3440 4444 3542 4514 τῆς
3583 4463 3694 4516 μα·

2120 4543 2320 4613 καρίας
2364 4541 2579 4612 ἐκείνης
2610 4539 2706 4593 καὶ
2752 4539 2964 4602 ένιαίας
2995 4538 3185 4601 οὐσίας
3213 4537 3443 4608 θάτερον
3474 4535 3599 4605 μὲν,
3624 4535 3691 4588 τ’)

2119 4635 2219 4705 τῆς
2256 4633 2553 4705 συνθήκης,
2588 4631 3039 4702 ἀπηγορευμένον
3073 4633 3185 4693 τοῖς
3226 4629 3392 4693 θείοις
3419 4626 3689 4698 ἐνομίσθη

2120 4725 2391 4796 Πατράσι,
2425 4724 2652 4794 θάτερον
2677 4723 2757 4784 δὲ.
2781 4723 2841 4776 τὸ
2870 4722 2971 4791 τῆς
2997 4723 3060 4775 ὲκ
3085 4721 3277 4776 πασῶν
3309 4720 3415 4774 τῶν
3446 4717 3690 4772 κτιστῶν

2118 4818 2408 4888 διαστολῆς
2472 4815 2694 4881 οὐσιῶν,
2729 4817 2827 4868 καὶ
2872 4802 3088 4886 ’σφόδρα
3147 4813 3521 4868 συνδέδοκται’
3552 4812 3691 4865 ἐνω-

2120 4909 2318 4963 θεισῶν
2360 4912 2471 4979 γὰρ
2519 4906 2803 4977 ἀλλήλαις,
2862 4907 3016 4976 φησὶ,
3070 4906 3176 4959 τῶν
3215 4904 3309 4959 δύο
3348 4903 3565 4974 φύσεων
3605 4905 3690 4968 είς

2125 4998 2257 5068 μίαν
2297 4998 2602 5051 ὑπόστασιν
2636 4995 2733 5050 τοῦ
2770 4997 2897 5049 Υἱοῦ
2927 4995 3023 5049 τοῦ
3081 4996 3239 5055 Θεοῦ,
3291 4995 3559 5058 σώζεσθαι
3591 4996 3680 5049 a6-

2117 5090 2229 5144 τῶν
2279 5091 2380 5161 τὴν
2432 5087 2663 5159 οὐσιώδη
2718 5089 2985 5160 διαφορὰν
3015 5088 3267 5159 ὁρίζοντα
3314 5087 3565 5159 θεότητος
3591 5088 3691 5142 καὶ

2113 5181 2213 5235 ἀνθ
2223 5180 2556 5250 ρωπότητος.

2185 5270 2263 5326 Z'.
2294 5270 2361 5325 Τί
2393 5271 2527 5342 πρὸς
2555 5271 2729 5325 ταῦτα
2762 5271 2891 5343 φὴς,
2918 5265 2962 5325 ὦ
3000 5271 3120 5339 φίλε
3168 5271 3438 5339 Θεότιμε;
3467 5263 3544 5322 Ἦ
3576 5266 3687 5337 γὰρ

2115 5364 2178 5417 οὐ
2204 5363 2488 5432 λεληθέναι
2512 5361 2658 5415 δοκεῖ
2686 5380 2768 5416 σοι
2793 5365 2977 5433 σαφῶς
3004 5364 3193 5416 ἑαυτὸν
3215 5366 3243 5415 ό
3268 5363 3528 5429 Παλαμᾶς
3554 5359 3690 5429 βακ-

2120 5455 2420 5526 χικώτερον
2487 5454 2632 5506 κατὰ
2682 5456 2807 5517 τοὺς
2869 5457 3228 5523 μαινομένους
3291 5453 3493 5522 τρόπον
3556 5453 3680 5513 ταῖς

2123 5547 2296 5610 θείαις
2321 5546 2566 5617 Γραφαῖς
2597 5546 2866 5616 προσιὼν,
2896 5547 2993 5600 καὶ
3033 5544 3395 5616 μεθαρμόζων
3429 5542 3687 5612 ἀμούσως

2125 5637 2219 5692 καὶ
2267 5636 2461 5709 πόρρω
2508 5636 2649 5690 θέων
2695 5637 2945 5708 βαλϐῖδος
2989 5640 3189 5701 εἰπεῖν,
3249 5637 3366 5697 πῶς
3396 5634 3493 5706 μὲν
3523 5631 3687 5695 ἑκὼν,

2128 5727 2242 5790 πῶς
2273 5724 2337 5798 [ί.
2370 5725 2469 5783 169
2493 5723 2543 5797 ι]
2576 5726 2619 5779 δ’
2646 5729 2741 5799 οὐχ
2786 5731 2945 5798 ἑκὼν,
2987 5730 3079 5784 καὶ
3116 5728 3307 5801 μηδέσι
3357 5722 3687 5796 συμφωνῶν,
