3994 6204
313 316 411 378 317

1270 325 1724 385 ΒΥΖΑΝΤΙΝΑΕ
1763 324 2146 388 IlISTORI/E
2187 333 2334 395 LIB.
2380 336 2597 395 XXXI.

3457 341 3562 403 318

317 429 455 494 μήτε
500 431 612 490 τοῖς
642 429 866 494 οἰκείοις
898 432 996 486 καὶ
1027 433 1409 504 ὁμογνώμοσιν
1460 436 1608 505 αὐτῷ
1635 435 1732 504 τὴν
1758 435 1876 488 δυσ-

1991 439 2115 493 tatis
2139 442 2302 496 sociis
2327 459 2430 498 nec
2457 461 2580 497 cum
2605 444 2932 500 adversariis
2955 461 3055 501 nec
3076 461 3199 501 cum
3225 449 3518 516 semetipso
3541 453 3562 504 ?
3642 511 3649 520 ,

316 518 561 584 σέϐειαν,
598 523 736 590 μήτε
779 525 890 586 τοῖς
931 525 1255 589 ἀντιθέτοις,
1298 528 1425 596 μήθ’
1472 530 1687 598 ἐαυτῷι
1721 531 1780 583 Εἰ
1830 531 1886 582 δὲ

315 609 514 677 βούλει,
552 612 748 683 μικρὸν
788 615 1095 682 ἀναμείνας
1124 617 1333 687 ἀκούσῃ
1363 619 1512 672 καὶᾶ
1554 622 1758 689 μεταξὺ
1797 622 1887 674 λέ-

315 715 425 764 γων
473 701 502 751 6
553 701 842 771 Γρηγορᾶς
879 707 1137 775 περὶτῆς
1187 709 1279 761 τοῦ
1320 711 1554 780 Παλαμᾶ
1599 715 1885 778 κακονοίας

317 791 696 858 συνελογίσατό
729 811 786 845 τε
844 796 942 847 καὶ
979 797 1324 869 ἀπεφήνατο.
1364 802 1577 856 Ἐκεῖνα
1609 805 1708 868 μὲν
1753 806 1882 877 γὰρ,

318 885 498 948 φησὶν,
544 885 607 935 ού
649 886 957 955 προσίεται,
991 891 1178 956 δεδιὼς
1229 896 1318 946 τὸν
1371 896 1596 950 αὐτόθεν
1639 900 1757 951 κατ’
1787 901 1883 952 αύ-

316 973 404 1024 τοῦ
464 975 737 1042 φυόμενον
765 978 992 1048 ἔλεγχον
1025 982 1090 1034 ἐκ
1135 983 1229 1036 τοῦ
1267 985 1471 1050 εὐθέος,
1499 988 1594 1042 διτε
1631 990 1882 1046 σύνθεσιν

313 1062 469 1124 αὐτὸς
500 1066 642 1118 κατὰ
672 1067 776 1134 τῆς
819 1069 968 1132 θείας
1020 1073 1250 1126 ὲπινοῶν
1299 1076 1394 1128 καὶ
1437 1077 1611 1145 λέγων
1656 1082 1878 1144 οὐσίας’

311 1148 478 1203 ταῦτα
511 1152 556 1203 δ’
591 1153 660 1207 αὖ
709 1155 883 1226 λήθης
926 1157 1069 1211 ἑκὼν
1125 1164 1492 1232 παραπέμπει
1531 1166 1729 1235 βυθοῖς,
1782 1169 1877 1223 an

311 1239 398 1289 καί
426 1241 616 1304 αὐτοῖς
666 1246 1081 1316 ἐναντιούμενος
1139 1251 1399 1324 ἄντικρυς
1450 1259 1545 1310 καὶ
1579 1258 1752 1325 λέγων
1784 1265 1879 1312 καὶ

307 1331 559 1399 γράφων.
595 1335 984 1406 Μεμενηκὲναι
1013 1342 1118 1412 γὰρ
1149 1345 1175 1396 6
1206 1345 1360 1412 ἅγιος
1401 1347 1505 1416 ἔφη
1549 1351 1609 1401 τὸ
1645 1351 1878 1420 ἀόρατον

307 1421 545 1490 ἀόρατον
576 1425 671 1477 καὶ
698 1426 760 1479 τὺ
786 1429 1207 1501 ἀπερίγραπτον
1240 1436 1345 1489 ἀπε
1357 1439 1674 1506 ρίγραπτον,
1700 1443 1794 1494 καὶ
1816 1442 1877 1496 τὺ

304 1515 561 1568 ἆκτιστον
595 1517 798 1585 ὁμοίως
839 1524 936 1575 καὶ
979 1525 1038 1575 τὸ
1084 1526 1336 1596 ἄπειρον,
1385 1533 1479 1583 καὶ
1515 1531 1658 1586 οὕτω
1704 1533 1878 1597 σώζε-

305 1600 427 1652 σθαι
459 1604 652 1670 σαφῶς
687 1605 786 1676 τὴν
819 1609 926 1662 τῶν
955 1609 1048 1663 δύο
1079 1612 1296 1681 φύσεων
1321 1616 1552 1686 ούσιὼδη
1576 1619 1872 1692 διαφοράν·

302 1696 326 1745 ὁ
352 1693 410 1746 δὲ
438 1697 662 1761 μιγνύει
685 1698 756 1752 τὰ
782 1701 1012 1771 ἄμικτα,
1047 1705 1258 1777 φύρδην
1289 1708 1464 1774 οὕτως
1503 1713 1749 1781 συγχέων
1781 1716 1874 1768 καὶ

302 1787 680 1857 ἁνακεραννὺς
706 1795 1069 1864 κακοτρόπως
1101 1798 1196 1851 καὶ
1225 1800 1472 1868 ἀμαθῶς.
1504 1779 1640 1856 om;
1670 1806 1777 1874 γὰρ
1813 1808 1871 1859 τὸ
1909 1779 1948 1832 Β

304 1877 534 1945 ἀόρατον
568 1883 754 1949 μένειν
787 1885 1022 1954 ἀόρατον
1050 1888 1234 1942 δίδωσι
1282 1892 1424 1946 κατὰ
1465 1895 1564 1965 τὴν
1594 1897 1686 1949 τοῦ
1723 1899 1876 1950 ἀκτί-

309 1985 431 2022 στου
467 1989 526 2024 τε
569 1974 665 2026 καὶ
715 1977 947 2049 ἀπείρου
1005 1980 1168 2048 φύσιν
1208 1983 1304 2036 καὶ
1357 1985 1617 2056 ἰδιότητα,
1665 1989 1788 2042 οὔτε
1817 1993 1874 2043 τὸ

313 2064 1182 2142 ἀπερίγραπτον.ἀπερίγραπτον
1204 2092 1218 2105 ·
1266 2076 1380 2130 ἀλλ’
1411 2079 1467 2132 ὲν
1497 2082 1561 2150 τῇ
1591 2083 1685 2134 τοῦ
1718 2101 1892 2153 περι--

315 2158 546 2222 γραπτοῦ
579 2161 674 2212 καὶ⁴
708 2163 901 2229 ὁρατοῦ
927 2165 1086 2233 φύσει
1129 2169 1301 2222 ταῦτα
1325 2173 1472 2242 παρὰ
1512 2174 1672 2241 φύσιν
1696 2178 1723 2228 6
1763 2179 1873 2245 μά-

323 2263 454 2311 ταιος
490 2252 844 2320 συνελαύνει,
875 2260 969 2311 καὶ
998 2259 1116 2328 ἅμα
1141 2265 1206 2332 τῇ
1243 2264 1349 2316 τῶν
1390 2268 1724 2335 κτισμάτων.
1751 2271 1874 2333 Πῶς

329 2337 418 2405 γὰρ
432 2338 490 2389 ἂν
515 2340 594 2393 ἔτι
626 2341 846 2396 δύναιτο
877 2345 1055 2413 μένειν
1079 2349 1140 2400 τὸ
1169 2350 1426 2405 ἄκτιστον
1448 2355 1704 2410 ἄκτιστον
1736 2361 1874 2430 ὁρώ-

335 2427 471 2493 μενόν
497 2445 553 2479 τε
580 2429 670 2482 καί
696 2437 1174 2504 περιγραφόμενον
1198 2446 1531 2508 σωματικοῖς
1549 2427 1872 2517 ὀφθαλμοῖς,

333 2517 378 2566 τί
432 2522 655 2586 νοεροῖς,
719 2522 812 2575 καὶ
860 2525 1030 2578 ταῦτα
1077 2529 1533 2598 κεκαθαρμένοις,
1589 2537 1700 2588 οὐδ’
1741 2539 1876 2602 ὅλως

333 2607 616 2676 δυνάμενονς
635 2613 708 2675 ὠς
726 2615 830 2684 γὰρ
847 2617 880 2686 ἦ
903 2634 959 2669 τε
980 2621 1255 2692 ἐπιστήμη
1274 2624 1366 2675 καὶ
1383 2626 1410 2678 6
1426 2626 1593 2697 ταύτῃ
1607 2630 1872 2698 ἑπόμενος

334 2699 530 2772 Νύσσης
557 2704 862 2775 Γρηγόριος
893 2708 1114 2775 φάσκει,
1148 2712 1210 2764 τὸ
1259 2721 1777 2788 περιγεγραμμένον
1809 2724 1872 2776 ἇ-

332 2805 492 2859 πειρον
515 2795 575 2846 οὐ
599 2794 824 2848 δύναται
851 2795 1027 2853 εἶναι’
1062 2800 1122 2872 μ’.
1158 2801 1262 2856 170
1286 2803 1360 2875 r.]
1384 2804 1411 2856 ὃ
1435 2806 1490 2858 δὲ
1523 2809 1598 2879 μὴ
1620 2812 1870 2881 ἄπειρον,

335 2886 731 2952 πιπερασμένον
757 2889 998 2951 πάντως.
1037 2893 1467 2966 Πεπερασμένος
1493 2901 1602 2970 ἄρα
1633 2907 1659 2956 6
1686 2903 1873 2973 διάφος

333 2989 410 3040 ρος
429 2977 517 3046 τῆς
547 2977 698 3041 Θείας
736 2981 923 3045 οὐσίας
966 2983 1289 3058 Παλαμίτης
1327 2991 1585 3057 ἇκτιστος
1611 2995 1742 3058 Θεὸς
1775 3000 1873 3052 καὶ

1992 532 2047 586 Si
2092 534 2294 586 mdrari
2330 537 2608 604 paulisper
2631 539 2786 600 velis,
2820 539 3012 592 audias
3034 555 3152 606 quae
3187 541 3568 596 iuterimﬂre-

1989 638 2148 693 geras
2173 624 2240 678 de
2265 625 2500 680 Palamze
2531 629 2763 680 stultitia
2789 628 3061 682 conclusit
3089 636 3144 682 et
3188 631 3437 698 protulit.
3471 632 3565 685 Illa

1989 716 2233 784 quidem,
2276 717 2473 785 inquit,
2535 736 2641 773 non
2683 721 3020 789 aggreditur,
3074 737 3274 776 verens
3321 739 3388 776 ne
3435 725 3562 776 inde

1987 820 2179 864 contra
2232 824 2292 864 se
2344 812 2524 864 statim
2582 823 2865 866 moveatur
2915 815 3209 878 accusatio,
3264 816 3406 883 quod
3444 817 3558 882 ipse

1987 898 2043 951 in
2077 899 2280 955 deitate
2313 903 2769 969 compositionem
2823 907 3024 971 cogitat
3063 915 3116 956 et
3150 905 3377 972 profert.
3440 906 3566 959 llrc

1985 1006 2118 1044 vero
2151 992 2206 1044 in
2253 991 2588 1047 oblivionem
2625 1004 2820 1061 sponte
2854 996 3018 1047 mittit
3050 997 3250 1064 quippe
3294 997 3358 1049 iis
3397 1013 3562 1065 repu-

1984 1096 2156 1150 gnans
2181 1092 2235 1137 et
2255 1082 2413 1137 dictis
2445 1095 2499 1138 et
2530 1084 2765 1152 scriptis.
2790 1085 3014 1138 Manere
3049 1087 3190 1140 enim
3221 1098 3444 1141 sanctus
3473 1087 3561 1140 di-

1983 1175 2056 1226 cit
2096 1174 2366 1230 invisibile
2397 1175 2692 1237 invisibile,
2730 1176 2998 1230 infinitum
3024 1178 3319 1244 inﬁnitum,
3348 1179 3559 1233 increa-

1986 1274 2095 1319 tum
2129 1265 2387 1320 similiter
2417 1275 2471 1324 et
2504 1265 2847 1320 indefinitum
2867 1309 2880 1330 ,
2909 1279 2963 1322 et
2991 1271 3060 1321 ita
3094 1285 3314 1324 manere
3368 1281 3560 1340 aperte

1981 1356 2213 1411 duarum
2262 1369 2586 1412 naturarum
2621 1360 2965 1414 essentialem
2996 1359 3159 1429 359
3207 1362 3554 1416 varietatem.

1981 1450 2076 1506 llle
2101 1466 2229 1506 vero
2253 1451 2440 1505 miscet
2479 1467 2587 1506 non
2619 1452 2919 1516 miscenda,
2951 1468 3180 1521 prorsus
3211 1454 3558 1508 contundens

1979 1553 2032 1595 et
2056 1541 2384 1608 perturbans
2406 1541 2642 1611 maligne
2660 1551 2716 1595 et
2746 1540 2986 1596 indocte.
3014 1541 3203 1610 Neque
3231 1545 3380 1596 enim
3409 1544 3554 1596 invi-

1985 1630 2388 1694 sibilemtanere
2408 1630 2681 1685 invisibile
2705 1632 2961 1686 concedit
2979 1634 3283 1687 secundum
3328 1633 3559 1687 iucreati

1980 1733 2035 1776 et
2069 1722 2334 1777 indeiiniti
2388 1731 2638 1778 naturam
2680 1735 2736 1778 et
2773 1726 3180 1792 proprietatem,
3234 1741 3408 1794 neque
3436 1726 3556 1778 inti-

1979 1817 2152 1868 nitum
2179 1813 2591 1874 inﬁnitum.sed
2617 1817 2668 1868 in
2693 1815 2829 1870 ﬁniti
2865 1829 2923 1870 et'
2949 1817 3183 1870 visibilis
3222 1828 3412 1870 natura
3447 1818 3562 1871 htec

1977 1917 2164 1960 contra
2181 1914 2431 1959 naturam
2463 1908 2664 1960 stultus
2681 1907 2768 1960 ille
2789 1909 3068 1962 consociat
3094 1923 3217 1961 cum
3245 1917 3554 1962 ereatorum

1979 2007 2196 2051 natura.
2229 1997 2514 2063 Quomodo
2548 2008 2734 2066 posset
2767 1999 3066 2053 increatum
3100 2014 3320 2054 manere
3353 2001 3563 2054 increa-

1982 2099 2095 2142 tum
2132 2098 2186 2142 et
2239 2086 2457 2140 visibile
2510 2096 2565 2142 et
2611 2089 2971 2162 perceptibile
3022 2089 3302 2155 corporeis
3357 2089 3554 2150 oculis,

1978 2177 2122 2247 quod
2161 2196 2225 2232 ne
2255 2179 2582 2234 mentalibus
2615 2178 2838 2246 quidem
2887 2188 2942 2232 et
2994 2178 3146 2246 puris
3197 2179 3356 2247 plane
3402 2179 3555 2231 cerni

1977 2269 2194 2336 poteSt?
2225 2268 2374 2322 lianc
2396 2268 2640 2322 eamdem
2673 2268 2977 2322 doctrinam
3011 2277 3232 2322 secutus
3254 2268 3556 2338 Gregorius

1979 2361 2258 2430 Nyssenus
2319 2361 2453 2414 dicit
2485 2378 2497 2414 :
2535 2361 2770 2413 Finitum
2802 2360 3126 2414 immensum
3157 2375 3277 2412 esse
3315 2375 3418 2413 non
3461 2374 3557 2427 po-

1977 2465 2102 2510 test.
2128 2454 2281 2520 Quod
2321 2470 2453 2508 vero
2479 2456 2805 2508 immensum
2841 2469 2949 2507 non
2988 2466 3094 2515 est,
3125 2453 3551 2507 deter-minatum

1976 2547 2220 2599 omnino.
2248 2545 2650 2599 Determinalus
2673 2546 2840 2612 igitur
2868 2545 2960 2598 ille
2983 2556 3038 2598 ct
3079 2561 3108 2598 a
3143 2545 3328 2598 divina
3357 2560 3551 2597 essen-

1977 2637 2052 2690 tia
2092 2636 2344 2689 diversus
2385 2635 2773 2689 Palamitarum
2823 2635 3102 2690 increatus
3159 2635 3300 2688 Deus
3347 2647 3554 2688 a-tcrno

1975 2737 2030 2779 et
2074 2725 2322 2778 increato
2352 2723 2584 2777 l’alamae
2632 2735 2899 2789 cognatus
2931 2733 3034 2776 est.
3081 2723 3186 2776 Sua
3219 2725 3364 2775 enim
3401 2725 3550 2776 illum

1977 2816 2315 2870 convincunt
2346 2815 2566 2882 scripta.
2616 2824 2674 2866 ut
2701 2829 2761 2866 se
2791 2813 2966 2881 ipsum
2999 2815 3248 2866 ostendet
3273 2825 3322 2867 et
3357 2816 3400 2865 si
3429 2817 3554 2879 quis

1974 2906 2042 2960 ad
2073 2923 2199 2962 eum
2235 2906 2496 2960 accedere
2531 2904 2680 2966 velit,
2721 2919 2912 2958 omnes
2959 2903 3116 2972 plane
3166 2904 3438 2956 increatos
3489 2919 3552 2956 se

1975 3000 2156 3055 facere
2189 3013 2350 3068 posse
2379 2997 2661 3070 promens;
2700 2996 2774 3049 ita
2813 2994 3016 3048 venalis
3061 2992 3412 3048 inereationis
3457 3009 3547 3047 res

329 3067 546 3170 ἔμοφνὴς
573 3070 652 3138 τῷ
701 3072 922 3145 ἁνάρχῳ
954 3077 1048 3128 καὶ
1088 3079 1329 3150 ἀκτίστῳ
1359 3084 1568 3151 γίνεται
1603 3086 1858 3161 Παλαμᾷ.

1978 3101 2106 3157 meta
2136 3099 2220 3143 est
2246 3067 2457 3157 ahjecto
2485 3088 2611 3141 huic
2642 3087 2871 3150 homini,
2898 3086 3054 3154 quasi
3085 3086 3210 3153 quis
3239 3093 3388 3139 emat
3425 3100 3551 3153 pre-

329 3155 394 3210 Τὰ
416 3159 512 3228 γὰρ
531 3164 720 3215 τούτου
747 3164 934 3218 τοῦτον
958 3168 1168 3239 ἐλέγχει
1197 3173 1522 3242 γράμματα,
1546 3176 1622 3239 ὡς
1644 3155 1860 3252 δειχθῆ-

1972 3187 2046 3239 tio
2079 3181 2353 3236 drachma:
2387 3181 2438 3232 in
2471 3179 2608 3232 foro.

325 3270 458 3308 σεται
512 3258 705 3311 ἑαυτόν
735 3277 793 3313 τε
829 3266 923 3314 καὶ
977 3263 1034 3314 εῐ
1075 3282 1157 3327 τις
1187 3266 1430 3335 βούλοιτὸ
1494 3272 1544 3324 οἱ
1617 3277 1924 3343 προσιέναι,
1961 3280 2174 3338 πάντας
2231 3274 2400 3341 ἄρδην
2434 3273 2724 3330 ἀκτίστου;
2764 3272 3024 3326 δύνασθαι
3071 3275 3244 3326 ποιεῖν
3278 3271 3554 3341 ἰσχυριζό·

324 3364 462 3416 μενος
486 3365 499 3377 ·
529 3350 706 3416 οὕτως
737 3351 936 3408 εὔωνον
975 3359 1291 3414 παντάπασι
1321 3361 1380 3414 τὸ
1412 3362 1510 3434 τῆς
1567 3365 1957 3440 ἀκτιστότητος
2010 3368 2204 3438 γέγονε
2237 3367 2424 3434 χρῆμα
2487 3362 2567 3433 τῷ
2605 3362 2922 3433 καταράτῳ,
2949 3364 3040 3416 καὶ
3070 3359 3181 3416 οἷον
3236 3363 3304 3416 ἂν
3341 3363 3400 3427 ἐξ
3422 3365 3554 3431 ἀγο-

323 3442 409 3511 ρᾶς
430 3458 508 3504 τις
529 3444 752 3513 πρίαιτο
783 3447 1059 3518 δραχμῆς.

383 3536 456 3591 ll'.
488 3539 694 3592 Ἐκεῖνο
725 3541 780 3594 δὲ
812 3544 927 3606 πῶς
960 3546 1025 3600 ἄν
1054 3564 1138 3610 τις
1167 3550 1349 3617 κωφὸν
1381 3553 1752 3624 παραδράμοι,
1783 3556 1868 3619 τὸ,
1915 3617 1918 3620 ,

319 3627 457 3682 Ἐπεὶ
485 3631 582 3700 μία
625 3633 718 3685 καὶ
744 3635 959 3705 ἀμερὴς
996 3638 1028 3707 ὴ
1066 3637 1160 3692 τοῦ
1202 3641 1337 3693 Θεοῦ
1377 3642 1551 3710 οὐσία,
1591 3646 1677 3700 διὰ
1716 3647 1872 3701 τοῦτο

316 3717 561 3790 διαφορὰς
604 3724 702 3775 οὐκ
742 3724 852 3794 ἔχει
892 3727 1188 3794 etiam-365m;
1224 3730 1420 3801 Ἐχρῆν
1453 3737 1563 3806 γὰρ
1605 3739 1752 3808 αὺτῷ
1796 3739 1870 3809 μὴ

317 3815 622 3884 ἀνατρέπειν
654 3817 778 3878 τοὺς
809 3820 966 3885 ὅρους
998 3821 1092 3872 καὶ
1121 3822 1243 3883 τοὺς
1278 3827 1738 3896 ὲπιστημονικοὺς
1771 3848 1872 3883 κα-

314 3903 455 3968 νόνας
487 3906 580 3959 τοῦ
613 3925 673 3960 τε
703 3908 876 3961 αἰτίου
911 3911 1005 3962 καὶ
1037 3913 1306 3976 αἰτιατοῦ,
1339 3918 1462 3985 μηδ’
1489 3919 1870 3990 ἀντιστρέφειν

316 3996 529 4062 ἀμαθῶς
559 4000 758 4052 οὑτωσί
782 4017 796 4030 ο
829 4002 920 4053 ἐπὶ
950 4005 1058 4070 γὰρ
1086 4004 1195 4056 τῶν
1231 4005 1375 4058 ἰδίων
1404 4024 1460 4060 τε
1491 4009 1585 4061 καὶ
1617 4012 1747 4064 ἴσων
1777 4012 1872 4064 ἁλο

314 4085 480 4157 λήλοις
507 4089 576 4141 τὰ
603 4089 702 4158 τῆς
733 4092 1096 4162 ἁντιστροφῆς
1131 4098 1524 4165 συγχωρεῖται,
1557 4099 1631 4162 ὠς
1660 4101 1752 4152 τοῦ
1781 4119 1872 4170 γε·

313 4177 558 4234 λαστικοῦ
593 4183 688 4234 τοῦ
731 4183 1022 4248 ἀνθρώπου
1063 4186 1157 4238 καὶ
1189 4185 1280 4238 τοῦ
1323 4189 1743 4257 χρεμετιστικοῦ
1778 4192 1867 4244 τοῦ

311 4271 502 4340 ἵππου,
538 4276 632 4327 καὶ
667 4276 768 4328 ούκ
800 4275 927 4329 ἔνθα
956 4278 1016 4328 τὸ
1053 4276 1238 4345 μεῖζόν
1274 4295 1326 4330 τε
1363 4280 1456 4332 καὶ
1491 4279 1710 4335 ἔλαττον
1743 4284 1776 4353 ἢ
1810 4284 1870 4336 τὸ

309 4364 518 4432 πρῶτον
540 4366 635 4418 καὶ
656 4365 906 4436 δεύτερον
929 4368 1232 4439 θεωρεῖται.
1260 4370 1443 4425 Αἴτιον
1465 4373 1573 4442 γὰρ
1597 4374 1871 4428 κάνταῦθα

305 4455 395 4506 καὶ
425 4455 643 4525 πρῶτον
661 4495 677 4522 ,
709 4460 806 4528 οὐχ
832 4458 906 4522 ὡς
935 4459 1164 4527 ἀμαθῶς
1193 4461 1352 4524 αὑτός
1383 4479 1515 4532 φησι
1535 4503 1550 4525 ,
1578 4464 1710 4517 διότι
1739 4467 1874 4534 ἀμε-

300 4545 398 4614 ρὴς
422 4548 455 4617 ἡ
487 4547 668 4613 οὐσία,
696 4549 784 4603 διὰ
808 4548 966 4602 τοῦτο
991 4550 1255 4619 διαφορὰς
1284 4553 1384 4606 οὐκ
1411 4553 1524 4624 ἔχει
1553 4553 1835 4616 οὐσιῶδεις
1857 4572 1871 4586 ·

300 4634 433 4690 ἀλλὰ
458 4639 790 4704 τούναντίον,
819 4640 866 4691 εἰ
894 4642 990 4693 κα)⁵
1018 4641 1178 4694 τοῦτο
1203 4642 1319 4711 δοίη
1347 4659 1431 4706 τις
1458 4643 1714 4710 ἐνταῦθα,
1740 4645 1874 4698 διότι

301 4722 562 4794 διαφορὰς
590 4725 690 4777 οὐκ
718 4726 828 4794 ἔχει
859 4726 1157 4792 ούσιὼδεις,
1187 4729 1277 4783 διὰ
1304 4729 1448 4782 τοῦτ’
1478 4730 1607 4794 ἴσως
1634 4733 1753 4785 ἐστὶ
1781 4732 1876 4785 καὶ

299 4811 534 4881 ἀμερής.
573 4814 767 4866 Καίτοι
806 4815 974 4884 ἐχρῆν
1010 4815 1289 4869 κάνταῦθα
1323 4818 1589 4886 τεχνικῶς
1632 4819 1874 4873 διελόντα

302 4903 568 4974 πρότερον
611 4907 804 4968 εἰπεῖν,
848 4905 1084 4978 ποτέρας
1129 4906 1237 4959 τῶν
1280 4908 1554 4962 ούσιωδῶν
1601 4909 1873 4981 διαφορῶν

299 4995 537 5049 ἐνταῦθα
568 4996 854 5065 λαμϐάνει.
884 4998 996 5060 Τὰς
1032 4999 1129 5068 μὲν
1158 4999 1268 5069 γάρ
1299 5016 1466 5068 φασιν
1494 4996 1634 5054 εἶναι
1663 5003 1788 5056 καθ’
1809 5004 1874 5066 ἃς

301 5089 509 5141 ἄνωθεν
543 5089 694 5141 κάτω
724 5089 792 5140 τὰ
824 5090 952 5158 γένη
986 5089 1270 5160 διαιρεῖται
1307 5092 1386 5153 εἰς
1417 5092 1531 5161 εἴδη
1569 5094 1665 5145 καὶ
1699 5095 1872 5146 ταῦτα

299 5183 377 5243 εἰς
400 5181 605 5248 ἄτομα,
633 5179 695 5250 [ί.
719 5180 817 5233 1ῖο
841 5179 914 5252 υ.]
940 5181 969 5249 ἧ
998 5181 1196 5248 μᾶλλον
1219 5185 1391 5235 εἰπεῖν
1412 5186 1479 5237 τὰ
1503 5186 1598 5236 ὅλα
1623 5187 1700 5247 εἰς
1730 5186 1869 5256 μέρη

301 5273 444 5336 (ἧλον
476 5272 589 5340 γὰρ
628 5273 916 5342 ἑκάτερον,
952 5277 1010 5325 τό
1043 5291 1104 5325 τε
1152 5272 1300 5340 γένος
1341 5276 1435 5327 καὶ
1468 5276 1528 5327 τὸ
1567 5272 1740 5343 εῖὸος,
1778 5280 1872 5331 καὶ

296 5363 398 5414 ὅσα
428 5363 632 5414 οὑτωσὶ
662 5362 796 5432 πρὸς
828 5364 961 5416 ἄλλα
990 5364 1321 5434 διαιρεῖται),
1352 5365 1450 5428 τὰς
1478 5364 1533 5418 δὲ
1564 5367 1687 5419 καθ’
1712 5367 1776 5431 ἃς
1803 5369 1872 5421 τὰ

299 5453 646 5523 δ.αιρεθέντα
675 5454 1038 5510 εἰῶποιείται.
1066 5457 1252 5525 Ὅμως
1285 5457 1344 5520 ἐξ
1371 5452 1436 5527 ἦς
1467 5442 1716 5527 ἐπιφέρει
1744 5477 1872 5529 γρα-

302 5543 472 5612 φικῆς
508 5545 843 5615 μαρτυρίας,
874 5545 1030 5614 δῆλον
1055 5547 1200 5607 ὅπως
1231 5547 1360 5598 ποτὲ
1392 5545 1486 5598 καὶ
1511 5548 1666 5600 τοῦτο
1697 5552 1868 5613 ποιεῖ,

299 5634 384 5685 ὅτι
410 5635 512 5695 τὰς
544 5633 878 5704 διαιρετικὰς
911 5637 1000 5687 καὶ
1030 5636 1235 5704 ἄνωθεν
1261 5639 1323 5688 ὲκ
1355 5637 1459 5688 τῶν
1487 5637 1646 5704 φύσει
1677 5640 1868 5707 προτέ-

301 5744 411 5795 ρων
440 5727 519 5790 είς
545 5726 604 5779 τὸ
633 5729 779 5782 κάτω
812 5729 1165 5798 μεριζομὲνας
1197 5729 1396 5798 πλῆθος
1421 5730 1692 5799 ὁμολογεῖ,
1719 5731 1864 5785 ἄκων

2051 3551 2186 3605 Vlll.
2225 3547 2512 3616 Quomodo
2546 3546 2819 3616 quispiam
2858 3553 3058 3600 temere
3081 3556 3368 3614 praetereat
3394 3548 3552 3608 illud.

1978 3643 2117 3698 Cum
2156 3658 2260 3695 una
2286 3652 2343 3695 et
2372 3639 2648 3708 impartita
2682 3637 2777 3691 Dei
2808 3637 3045 3691 essentia
3067 3646 3172 3700 est,
3208 3637 3333 3693 ideo
3359 3655 3553 3694 essen-

1978 3734 2134 3788 tiales
2161 3731 2498 3786 diﬂcrentias
2525 3746 2634 3783 non
2667 3729 2858 3782 habet?
2894 3728 3192 3797 Oportebat
3233 3730 3396 3799 360
3424 3747 3548 3786 eum

1979 3841 2087 3878 non
2122 3824 2256 3878 ﬁnes
2287 3823 2554 3877 excedere
2599 3833 2656 3876 et
2696 3821 2965 3876 doctrinae
3015 3821 3232 3890 regulas
3281 3821 3350 3875 de
3387 3837 3552 3876 causa

1975 3925 2032 3970 et
2063 3923 2308 3976 causato,
2334 3929 2512 3983 neque
2543 3925 2649 3968 tam
2673 3914 2896 3967 indocte
2933 3928 3270 3982 oppugnare.
3320 3911 3453 3966 Nam
3496 3914 3549 3965 in

1975 4006 2248 4060 similibus
2290 4015 2344 4058 et
2375 4007 2604 4072 paribus
2635 4004 3052 4072 transpositioni
3086 4006 3240 4059 locus
3271 4013 3375 4068 est,
3402 4004 3552 4058 velut

1976 4099 2216 4154 hominis
2249 4097 2552 4152 cachinnus
2582 4107 2640 4151 et
2668 4095 2796 4166 equi
2824 4095 3094 4159 hinnitus,
3140 4111 3246 4150 nec
3278 4096 3351 4150 ibi
3375 4096 3553 4166 majus

1975 4199 2032 4245 et
2062 4191 2262 4251 minus.
2318 4196 2412 4242 aut
2441 4188 2676 4257 primum
2712 4197 2768 4242 et
2815 4186 3048 4242 alterum
3099 4187 3302 4241 habent
3345 4187 3552 4242 locum.

1976 4283 2148 4337 Causa
2177 4281 2322 4336 enim
2347 4291 2431 4336 est
2468 4291 2524 4336 et
2547 4280 2809 4350 primum,
2846 4295 2957 4334 non
2985 4290 3046 4333 ut
3073 4279 3190 4348 ipse
3211 4278 3431 4334 indocte
3463 4278 3551 4332 di-

1978 4374 2074 4437 cit,
2103 4373 2246 4443 quod
2281 4373 2556 4441 impartita
2584 4369 2850 4435 essentia,
2883 4371 3090 4426 idcirco
3122 4371 3415 4424 varietates
3439 4384 3564 4423 non.

1904 4436 1948 4492 ί)
1976 4436 2496 4530 habelcssentiales,
2528 4464 2622 4519 sed
2663 4463 3021 4528 contrarium,
3041 4463 3085 4516 si
3110 4463 3233 4530 quis
3254 4461 3388 4514 illud
3418 4475 3554 4514 cou-

1975 4554 2153 4608 cedit:
2186 4555 2332 4622 quod
2363 4555 2658 4608 varietates
2687 4569 2795 4608 non
2823 4553 2988 4608 habet
3030 4552 3375 4615 essentiales,
3421 4565 3568 4619 ergo

1975 4661 2086 4700 non
2121 4643 2402 4713 impartita
2437 4652 2542 4700 est.
2591 4644 2915 4711 Quanquam
2967 4655 3194 4695 necesse
3229 4651 3348 4695 erat
3389 4641 3576 4695 docte-

1973 4736 2403 4804 distinguentem
2435 4734 2591 4804 prius
2619 4734 2824 4797 dicere,
2851 4744 3034 4787 utram
3069 4731 3424 4787 essentialem
3459 4748 3556 4786 va-

1974 4828 2225 4892 rietatem
2283 4825 2535 4894 recipiat.
2586 4824 2722 4881 Esse
2751 4824 2899 4877 enim
2947 4821 3163 4888 dicunt,
3215 4821 3284 4877 ad
3337 4837 3475 4892 quas
3521 4838 3555 4876 α

1973 4933 2192 4974 summo
2224 4918 2290 4971 ad
2322 4918 2494 4972 imum
2526 4931 2725 4986 genera
2751 4915 3074 4970 dividuntur
3105 4914 3158 4969 in
3215 4914 3448 4984 species,
3496 4922 3556 4968 et

1973 5011 2057 5064 hae
2104 5012 2154 5062 in
2177 5019 2354 5063 atoma
2388 5019 2478 5062 aut
2496 5007 2678 5077 potius
2705 5018 2816 5062 toza
2845 5009 2898 5062 in
2923 5018 3130 5077 partes,
3159 5007 3356 5076 (totum
3400 5007 3558 5060 enim

1975 5111 2286 5170 utrumque,
2310 5117 2505 5171 genus,
2535 5098 2837 5168 species,et
2857 5116 3199 5169 quaecunque
3219 5100 3363 5154 inter
3384 5115 3441 5154 se
3465 5099 3554 5152 di-

1971 5191 2255 5257 viduntur)
2303 5203 2425 5243 esse
2474 5200 2681 5254 autem,
2715 5189 2781 5242 ad
2825 5205 2963 5259 quas
3015 5190 3192 5244 divisa
3221 5189 3552 5248 formantur.

1973 5279 2179 5333 Tamen
2204 5296 2271 5334 ex
2301 5279 2598 5350 Scriptura:
2627 5281 2967 5346 testimonio,
2998 5282 3145 5352 quod
3177 5282 3358 5346 affert,
3380 5283 3548 5337 etiam

1975 5370 2080 5425 hoc
2131 5371 2394 5434 declarat.
2428 5371 2739 5427 dividentes
2769 5383 2824 5427 et
2858 5389 2980 5443 quae
3011 5389 3040 5428 a
3085 5389 3301 5432 summo
3331 5377 3549 5444 priores

1973 5468 2169 5513 natura
2187 5469 2316 5514 sunt
2335 5459 2402 5513 ad
2432 5476 2722 5514 numerum
2745 5462 2883 5515 infra
2903 5462 3207 5518 divisarum
3226 5479 3285 5520 se
3306 5478 3544 5534 aquam.

1972 5549 2199 5605 Temere
2253 5561 2307 5604 ct
2358 5551 2574 5604 indocte
2611 5552 2930 5620 quidem,at
2983 5557 3056 5609 ita
3085 5555 3231 5610 lacit.
3273 5555 3539 5609 Pluralem

1971 5642 2034 5696 D.
2089 5641 2352 5697 Maximus
2383 5644 2458 5696 ait
2490 5659 2611 5698 esse
2662 5644 2831 5698 Dr‘um
2877 5646 3305 5716 unumquodque
3344 5660 3551 5700 eorum

1971 5748 2092 5801 qua:
2121 5742 2247 5789 sunt
2293 5732 2623 5804 prtucoguito
2651 5742 2851 5788 eventu
2903 5735 3285 5805 multiplicata.
3316 5749 3538 5791 manere
