3994 6204
390 275 500 338 319
1575 285 1990 345 NlCEPllOlil
2033 266 2422 348 GREGORE
2530 293 2532 296 ν
3096 328 3112 341 .
3520 283 3622 347 320

389 385 728 456 impertitum
762 404 930 444 unum
963 400 1023 445 ut
1047 393 1215 447 solem
1244 394 1443 448 multos
1480 395 1663 448 radios
1687 396 1948 449 emitten-

2085 396 2156 448 ἐν
2185 398 2274 448 καὶ
2306 394 2534 461 ἀμαθῶς
2563 391 2704 445 κατὰ
2735 391 2794 445 τὸ
2825 391 3134 461 αὐτόματον
3164 391 3339 444 εἰπεῖν
3363 432 3379 455 ,
3410 397 3555 447 ποιεῖ
3579 383 3622 447 δ’

390 488 522 542 tem,
557 480 715 551 361
765 493 1081 536 manentem
1125 499 1259 537 vero
1313 485 1366 538 in
1405 485 1632 540 unitate.
1682 486 1953 541 Pluralcm

2085 483 2169 539 ῦν.
2203 486 2576 554 Πληθύνεσθαι
2611 486 2719 555 γὰρ
2747 485 2807 536 τὸ
2836 483 2928 536 τοῦ
2960 483 3108 536 θείου
3137 485 3336 553 φάσκει
3365 483 3624 554 Μαξίμου

327 550 337 567 ’
389 584 513 624 esse
543 570 711 625 Demn
732 576 1094 643 .praacognitis
1124 577 1436 638 eventibus,
1463 576 1566 630 hoc
1591 588 1698 642 est,
1731 587 1955 631 natura-

2086 577 2144 627 ὸν
2175 575 2308 627 Θεὸν
2337 575 2398 626 τὸ
2431 574 2554 627 καθ’
2577 577 2808 628 ἕκαστον
2840 576 2919 636 είς
2952 574 3290 643 παραγωγὴν
3319 574 3427 626 τῶν
3458 574 3622 627 ὄντων

387 659 534 715 libus
568 670 625 716 et
647 667 1164 732 supernatnralibus
1193 669 1505 736 miraculis;
1532 669 1732 723 divisio
1755 680 1812 724 et
1833 685 1958 739 par-

393 750 519 804 titio
579 760 664 805 est
696 754 762 805 ad
813 754 1251 809 similitudinem.
1303 759 1546 812 As-enlit
1580 758 1960 815 fraudulentus

388 839 478 892 ille
508 850 561 893 et
608 840 669 896 D.
705 841 994 896 Maximum
1047 846 1427 900 calumniatur.
1461 848 1773 902 (irationem
1812 848 1958 901 etaim

391 931 444 980 in
511 934 848 985 contrariam
909 944 1116 1001 partem
1176 937 1433 990 transfert
1483 940 1851 1005 perturbatam
1906 948 1962 991 et

388 1034 660 1081 eversam,
697 1021 765 1073 de
802 1038 911 1089 quo
944 1023 1098 1091 plura
1131 1025 1313 1078 dicere
1347 1035 1402 1079 et
1438 1026 1722 1080 indoctum
1750 1027 1962 1081 exami-

388 1124 521 1161 nare
548 1120 600 1162 et
639 1110 834 1166 docere
862 1114 1095 1182 iuvaret.
1117 1116 1210 1168 sed
1251 1125 1462 1185 tempus
1495 1118 1605 1186 jam
1636 1129 1818 1185 aptum
1851 1133 1961 1171 non

385 1198 570 1253 Video.
606 1202 740 1255 Nam
780 1220 964 1257 rerum
1002 1205 1127 1259 inde
1156 1206 1223 1258 ab
1249 1206 1404 1259 initio
1433 1207 1605 1261 series
1624 1223 1731 1262 non
1756 1209 1962 1276 patitur

386 1305 474 1342 me
508 1293 708 1346 morari
768 1295 857 1346 nisi
893 1305 1115 1364 propter
1137 1297 1369 1351 inertem
1398 1305 1453 1350 et
1482 1297 1772 1366 malignam
1810 1315 1961 1352 men-

387 1389 494 1432 ιιιιιι
530 1399 636 1436 non
694 1385 850 1440 facile
909 1390 1124 1457 assequi
1156 1389 1272 1442 sani
1320 1388 1617 1459 quidquam
1657 1404 1958 1460 possemus,

387 1486 457 1525 ne
493 1472 813 1531 brevissimo
843 1478 1063 1546 quidem
1092 1490 1363 1549 tempore.

2056 664 2374 732 βουλήματα
2398 667 2515 727 ταῖς
2543 669 2928 733 προνοητικαῖς
2956 663 3201 732 προόδοις
3228 663 3626 716 πολλαπλασια-

2057 755 2305 822 ζόμενον,
2338 755 2518 823 μένειν
2545 754 2591 806 δ’
2613 755 2719 821 ἁμε
2732 754 2926 824 ρίστως
2954 754 3051 806 ἕνα
3080 753 3335 821 καθάπερ
3362 754 3452 806 τὸν
3477 754 3630 824 ἥλιον

2064 849 2286 907 ἀκτῖνας
2318 844 2517 909 πολλὰς
2553 846 2976 916 προπέμποντα,
3013 846 3238 915 μένοντα
3266 845 3310 896 δ’
3335 847 3391 897 ὲν
3417 847 3482 915 τῇ
3516 845 3628 897 ἐνό-

2066 954 2189 1007 τητι
2217 952 2231 966 ⁸
2265 940 2325 990 τὸ
2360 938 2466 1006 γὰρ
2497 938 2858 1009 πληθύνεσθαι
2887 938 2979 990 τὸν
3007 938 3103 991 ἕνα
3131 936 3262 990 Θεὸν
3292 940 3408 998 ταῖς
3438 955 3632 1003 «povo-

2065 1028 2284 1093 ητικαῖς
2328 1026 2596 1094 προόδοις,
2641 1026 2887 1078 τουτέστι
2928 1028 3040 1088 τοῖς
3080 1041 3138 1103 τε
3183 1026 3495 1094 ἐγκοσμίοις
3538 1026 3631 1075 καὶ

2068 1116 2462 1185 ὑπερκοσμίοις
2505 1116 2768 1184 θαύμασι,
2811 1115 3135 1180 διαιρεῖσθαι
3177 1115 3269 1168 καὶ
3312 1115 3631 1184 μερίζεσοπί

2064 1208 2211 1259 ἐστιν
2247 1207 2524 1275 ἀναλόγως
2545 1245 2562 1273 ,
2597 1209 3010 1278 συμμαρτυρεῖν
3044 1207 3323 1260 κάνταῦθά
3360 1207 3409 1258 οἱ
3444 1206 3626 1274 ψευδοῗ-

2077 1316 2235 1367 μενος
2269 1302 2361 1353 καὶ
2403 1301 2758 1369 συκοφαντῶν
2790 1301 2881 1353 τὸν
2919 1300 3193 1352 θειότατον
3222 1299 3496 1366 Μάξιμον.
3539 1298 3634 1355 Εἰς

2066 1389 2175 1458 γὰρ
2201 1389 2387 1459 ἕτερον
2425 1390 2522 1460 τὴν
2569 1392 2726 1462 ῥῆσιν
2772 1391 3069 1460 μεταφέρει
3109 1389 3254 1455 νοῦν,
3283 1388 3635 1459 κακοτρόπως

2071 1482 2362 1549 συγκυκῶν
2410 1484 2504 1537 καὶ
2546 1482 2953 1552 ἀναμοχλεύων.
3004 1482 3139 1550 Περὶ
3192 1478 3259 1554 ἦς
3311 1483 3405 1533 καὶ
3465 1479 3634 1531 πλείω

389 1561 570 1631 λέγειν
629 1568 725 1619 καὶ
768 1568 1045 1633 ἐξετάζειν
1095 1573 1190 1624 καὶ
1237 1572 1510 1628 διδάσκειν
1581 1574 1858 1629 κάνταῦθα
1906 1574 1999 1626 τὸν
2036 1573 2223 1642 ἀμαθῆ
2277 1572 2598 1643 βουλόμενος
2633 1573 2808 1640 ἔγωγε
2832 1574 3183 1643 προσήκοντα
3207 1570 3301 1623 νῦν
3321 1570 3412 1622 τὸν
3438 1569 3634 1638 καιρόν

388 1656 486 1726 οὐχ
521 1658 651 1728 ὁρᾶν
687 1660 715 1711 ὅ
765 1677 827 1714 τε
875 1664 985 1733 γὰρ
1039 1663 1150 1715 τῶν
1201 1664 1375 1716 ἄλλων
1424 1666 1629 1719 ἄνωθεν
1657 1667 1932 1720 ἀνθέλκων
1971 1665 2160 1734 εἱρμος
2193 1665 2293 1718 οὐκ
2331 1667 2395 1736 ὲᾷ
2439 1665 2740 1736 διατρίϐειν
2763 1682 2852 1736 με,
2880 1665 2973 1717 καὶ
3006 1666 3124 1731 ἅμα
3150 1662 3285 1731 πρὸς
3318 1660 3543 1730 ἄτεχνόν
3575 1678 3635 1719 τε

389 1751 484 1802 καὶ
518 1749 845 1819 κακότεχνον
871 1753 1049 1824 ψυχὴν
1077 1755 1174 1807 οὐκ
1206 1757 1429 1809 εἰσιέναι
1456 1758 1660 1812 δύναιτ’
1690 1758 1755 1812 ἂν
1796 1757 1993 1828 ῥαδίως
2030 1754 2152 1809 οὐτε
2202 1756 2334 1825 γοῦν
2372 1756 2546 1828 βραχύ
2598 1775 2653 1810 τι
2697 1757 2805 1811 τῶν
2847 1755 3082 1824 εὐλόγων
3125 1753 3291 1823 μέρος
3320 1750 3382 1824 [ί.
3419 1750 3513 1805 ΠΙ
3562 1746 3634 1817 r.}

387 1842 512 1896 οὐτε
550 1843 654 1911 μὴν
685 1845 742 1895 ὲν
772 1844 1095 1917 βραχυτάτῳ
1139 1849 1294 1919 μέρει
1332 1850 1544 1919 χρόνου.

464 1935 555 1990 iX.
611 1937 717 1993 Sed
768 1941 879 2009 jam
939 1942 1007 1995 ad
1074 1943 1359 2011 pristinam
1413 1946 1709 2000 orationem
1773 1945 1966 2000 redea-

2150 1941 2229 1996 6'.
2286 1940 2478 2005 Ὅμως
2531 1938 2601 1993 ἵν’
2656 1936 2866 1992 ἐκεῖθεν
2909 1934 3270 2006 ἀναλάῦωμεν
3326 1931 3637 1994 ἐπανιόντες

392 2044 534 2084 mus.
570 2029 993 2087 Elementalium
1018 2037 1386 2091 essentiarum
1441 2051 1781 2106 unaquaeque
1810 2038 1969 2091 unica

391 2129 476 2174 est
505 2131 562 2175 et
595 2122 853 2189 primaria
908 2134 964 2179 et
1014 2125 1316 2194 impartita,
1352 2138 1406 2183 et
1439 2129 1508 2181 ob
1544 2129 1594 2181 id
1645 2129 1819 2196 ipsum
1861 2145 1969 2182 non

393 2212 750 2266 dissolubilis.
788 2214 908 2267 Non
944 2216 1089 2269 enim
1125 2218 1310 2286 specie
1334 2228 1429 2271 ant
1461 2234 1692 2271 numero
1718 2231 1971 2274 consnare

397 2303 563 2356 ullam
595 2303 986 2369 intelleximus,
1027 2307 1153 2361 ideo
1179 2309 1533 2363 elementales
1560 2310 1838 2364 cssentias
1874 2326 1970 2361 vo-

395 2409 607 2447 camus.
643 2395 975 2452 Essentiales
1009 2407 1188 2453 tamen
1218 2400 1512 2455 varietates
1540 2401 1746 2455 habent
1772 2402 1824 2455 in
1848 2418 1974 2471 pro-

395 2483 533 2553 priis
564 2484 678 2539 suis
702 2486 922 2542 tinihus.
963 2487 1107 2543 Nihil
1136 2490 1282 2543 enim
1314 2505 1504 2545 eorum
1541 2507 1661 2559 qum
1717 2504 1968 2561 separata

396 2585 528 2631 sunt
560 2588 656 2631 aut
689 2578 958 2633 dissoluta
1017 2589 1114 2634 aut
1166 2584 1391 2651 partita,
1446 2585 1769 2638 essentiales
1818 2584 1870 2638 in
1912 2600 1972 2640 se

397 2668 735 2725 tlitl‘erentias
776 2671 962 2738 habet,
1003 2672 1098 2727 sed
1134 2672 1203 2728 ab
1231 2672 1390 2728 initio
1420 2675 1859 2745 progredientem
1892 2692 1976 2730 re-

399 2760 545 2829 cipit
573 2759 950 2817 deﬁnitionem
1004 2764 1363 2832 compositam
1397 2780 1465 2819 ex
1506 2781 1708 2835 genere
1737 2774 1791 2820 et
1822 2781 1976 2820 com-

397 2853 732 2920 ponentibus
788 2853 1170 2909 varietatibus.
1225 2855 1557 2909 Deilnieutes
1587 2857 1732 2909 enim
1796 2857 1976 2911 homi-

398 2958 547 3004 nem,
595 2960 704 2997 non
736 2944 1092 2998 elementales
1120 2953 1174 2998 et
1204 2954 1413 3000 natura!
1464 2933 1739 3016 subjectas
1781 2963 1975 3003 essen-

401 3036 507 3088 tias
534 3037 930 3103 perscrutando
975 3036 1252 3101 dicimus;
1299 3039 1535 3108 exempli
1581 3040 1775 3109 gratia,
1817 3040 1976 3111 362

397 3125 548 3194 quod
579 3126 647 3180 ab
677 3126 912 3182 llomero
936 3127 1144 3182 dictum
1173 3139 1256 3184 est
1283 3147 1297 3184 :
1325 3149 1342 3182 ι
1372 3129 1668 3186 Contortus
1695 3133 1973 3197 humerus,

397 3215 613 3282 fuscus,
644 3216 939 3286 densisque
970 3219 1205 3288 capillis,
1252 3237 1272 3269 ι
1310 3230 1365 3274 et
1398 3220 1441 3275 si
1469 3222 1572 3275 tale
1606 3221 1736 3291 quid
1781 3221 1848 3276 ad
1889 3237 1977 3277 se-

400 3318 619 3379 paratas
647 3309 909 3364 duntaxat
930 3312 1194 3365 essentias
1219 3313 1487 3382 pertinet;
1514 3313 1609 3367 sed
1627 3314 1829 3369 animal
1854 3329 1978 3371 esse

403 3401 721 3457 rationabile
754 3413 810 3457 et
833 3403 1469 3475 mortale,intelligentia3
1491 3413 1549 3460 et
1582 3405 1824 3462 scientia:
1851 3423 1977 3477 par-

402 3493 604 3561 tiecps.
643 3493 844 3550 Primis
889 3510 918 3550 a
969 3495 1245 3567 principio
1290 3507 1502 3553 natura:
1536 3498 1824 3553 elementis
1849 3515 1973 3554 eum

398 3584 743 3653 explicantes
772 3601 882 3641 non
906 3585 1144 3643 dicimus
1187 3588 1465 3644 hominem
1493 3604 1613 3645 esse
1645 3590 1791 3661 quod
1834 3592 1889 3646 in
1917 3607 1975 3647 se

404 3676 605 3732 haheat
631 3678 915 3735 Platonem
939 3690 995 3735 et
1036 3680 1343 3749 Socratem,
1369 3683 1465 3738 has
1490 3683 1581 3739 ille
1613 3684 1978 3740 elementales

400 3777 460 3821 et
482 3769 782 3838 impartitas
805 3772 1093 3838 essentias,
1120 3782 1177 3828 ut
1200 3773 1456 3841 diximus,
1476 3776 1569 3830 sed
1593 3776 1736 3846 quod
1758 3778 1821 3831 ad
1858 3779 1980 3832 ani-

409 3861 636 3914 malium
663 3878 836 3932 genus
868 3871 925 3917 et
950 3865 1257 3919 nonninatas
1277 3879 1666 3936 componentes
1690 3869 1982 3925 varietates

401 3953 758 4023 componitur
806 3963 866 4008 et
898 3953 1172 4010 formatur
1198 3967 1255 4011 et
1289 3957 1341 4011 in
1378 3958 1657 4014 deﬁnitam
1701 3960 1982 4015 inducitur

384 4049 682 4095 naturam.
708 4042 952 4097 Palamas
979 4056 1163 4100 autem
1187 4046 1259 4101 ob
1312 4063 1562 4119 magnam
1616 4051 1977 4120 ignorantiam

407 4130 642 4185 adverso
684 4131 928 4199 ﬂumine,
970 4144 1029 4188 ut
1072 4137 1298 4203 dicitur,
1331 4138 1525 4195 ﬂuvios
1572 4142 1650 4195 ire
1686 4145 1857 4213 cogit,
1887 4143 1979 4197 ubi

408 4216 729 4271 dicit:Cum
764 4221 924 4274 unica
946 4231 1004 4275 et
1039 4223 1319 4293 impertita
1357 4228 1427 4282 sit
1468 4228 1558 4283 Dei
1591 4235 1851 4293 essentia,
1881 4248 1981 4286 va-

409 4307 643 4363 rietates
691 4324 803 4364 non
836 4310 1002 4366 habet
1050 4316 1394 4371 essentiales.
1429 4319 1495 4373 Et
1523 4319 1684 4375 dein:
1736 4323 1981 4391 tionjun-

410 4399 522 4454 ctio
572 4408 657 4454 est
713 4400 1018 4470 probabilis
1070 4414 1127 4460 et
1161 4407 1535 4462 exsistentiam
1570 4419 1624 4463 et
1652 4411 1977 4480 positionem

326 4508 329 4511 π
408 4495 823 4563 consequentiae
880 4498 1151 4553 causalem
1200 4498 1479 4566 aﬂerens,
1538 4504 1679 4572 quod
1732 4504 1844 4560 duo
1891 4508 1981 4561 illa

2078 2031 2237 2097 αὖθις
2289 2034 2382 2087 τὸν
2428 2033 2619 2101 λόγον,
2670 2031 2764 2084 καὶ
2809 2030 2918 2084 τῶν
2950 2029 3172 2101 ἀτόμων
3205 2029 3402 2083 οὐσιῶν
3434 2027 3646 2096 ἑκάστη

2076 2126 2173 2196 μία
2207 2127 2302 2177 καὶ
2345 2123 2539 2195 πρώτη
2576 2125 2670 2177 καὶ
2711 2121 3014 2191 ἀδιαίρετός
3069 2124 3206 2185 ἔστι,
3236 2121 3331 2175 καὶ
3364 2120 3486 2173 κατ’
3514 2119 3648 2172 αὐτό

2074 2234 2133 2284 γε
2167 2215 2326 2269 τοῦτο
2366 2215 2462 2268 καὶ
2498 2215 2732 2285 ἀμερής.
2765 2212 2906 2269 Οὔτε
2953 2215 3063 2285 γὰρ
3109 2213 3241 2266 εῖδει
3275 2211 3396 2265 οὐτε
3427 2209 3649 2281 ἀριθμῷ

2074 2306 2218 2363 εἶναι
2274 2310 2399 2363 καθ’
2434 2306 2602 2377 αὐτὴν
2667 2309 3073 2380 μεμαθήκαμεν
3123 2306 3386 2376 οὐδεμίαν
3433 2302 3645 2356 αὐτῶν*

2072 2402 2162 2455 διὰ
2190 2401 2298 2471 γὰρ
2330 2400 2485 2455 τοῦτο
2512 2400 2605 2453 καὶ
2645 2401 2890 2471 ἀτόμους
2913 2400 3104 2463 οὐσίας
3135 2398 3318 2468 φαμὲν
3348 2394 3419 2448 τὰ
3447 2394 3647 2446 τοιάδε·

2075 2494 2193 2547 ἀλλ’
2224 2494 2502 2555 οὐσιῶδεις
2537 2493 2688 2562 ὅμως
2721 2493 2906 2562 έχουσι
2942 2492 3202 2560 διαφορὰς
3251 2491 3308 2541 ἐν
3354 2486 3433 2557 τῷ
3458 2488 3648 2553 οἰκείῳ

2074 2586 2206 2655 ὅρῳ.
2238 2584 2375 2637 Οὐδὲ
2413 2583 2521 2653 γὰρ
2546 2584 2700 2637 οὐδὲν
2725 2583 2848 2636 οὔτε
2877 2583 2984 2635 τῶν
3018 2581 3357 2652 ὁριζομένων
3380 2577 3501 2632 οὔτε
3538 2576 3649 2628 τῶν

2075 2675 2521 2747 διαιρουμένωνῆ
2549 2676 2922 2747 μεριζομένων
2945 2676 3034 2743 ὐφ’
3067 2675 3198 2727 αὐτὸ
3229 2674 3328 2735 τὰς
3367 2670 3647 2731 οὐσιῶδεις

2076 2771 2191 2841 ἔχει
2240 2769 2541 2840 διαφορὰς,
2580 2768 2694 2822 ἀλλ’
2728 2767 2935 2823 ἀνωθεν
2978 2764 3241 2818 κατιόντα
3293 2764 3509 2832 δέχεται
3558 2760 3651 2811 τὸν

2078 2860 2395 2915 συντιθέντα
2441 2858 2694 2928 ὁρισμὸν,
2738 2859 2803 2911 ὲκ
2854 2856 3046 2924 γένους
3088 2855 3220 2908 ὅντα
3251 2854 3346 2906 καὶ
3383 2868 3648 2905 συστατι-

2076 2953 2192 3007 κῶν
2236 2951 2552 3020 διαφορῶνο
2601 2948 2909 3019 ὁριζόμενοι
2960 2948 3070 3016 γὰρ
3121 2946 3211 2999 τὶν
3263 2944 3552 3016 ἄνθρωπον
3591 2943 3653 2995 οὐ

2076 3046 2176 3108 τὰς
2222 3045 2461 3113 ἀτόμους
2516 3041 2609 3095 καὶ
2649 3040 2812 3109 φύσει
2863 3040 3127 3108 δευτέρας
3173 3037 3361 3100 οὐσίας
3403 3033 3657 3087 κάτωθεν

2079 3134 2464 3206 ἀνιχνεύοντες
2493 3134 2748 3204 λέγομεν,
2779 3133 2915 3202 φέρε
2954 3131 3130 3185 εἰπεῖν
3157 3132 3334 3183 ἐκεῖνο
3362 3127 3427 3197 δὴ
3460 3128 3521 3179 τὸ
3554 3130 3657 3196 ρη-

2087 3227 2180 3281 θὲν
2208 3227 2300 3295 ὐφ’
2344 3225 2612 3296 Ὀμήρου,
2646 3244 2662 3275 ι
2696 3224 2867 3294 Γυρδς
2893 3225 2949 3276 ὲν
2984 3221 3204 3290 ὤμοισι,
3273 3220 3657 3290 μελανόχροοῖ.

2086 3318 2486 3394 οὐλοκάρηνος,
2550 3333 2569 3367 ι
2607 3316 2703 3369 καὶ
2774 3313 2828 3366 εἴ
2874 3312 2928 3367 τί
2974 3330 3076 3366 που
3124 3311 3325 3365 τοιονδὶ
3360 3313 3480 3372 ταῖς
3532 3308 3659 3361 καθ’

2090 3411 2296 3464 ἕκαστα
2340 3410 2434 3462 καὶ
2487 3408 2743 3479 μερικαῖς
2792 3406 3195 3475 συμπέπτωκεν
3240 3404 3487 3465 οὐσίαις⁹
3521 3400 3661 3453 ἀλλὰ

2094 3498 2234 3564 ζῶον
2272 3493 2416 3552 είναί
2456 3514 2638 3566 φαμεν
2671 3496 2889 3564 λογικὸν
2911 3494 3131 3565 θνητὸν,
3165 3494 3259 3547 νοῦ
3305 3493 3401 3545 καὶ
3431 3491 3663 3559 ἐπιστή-

2094 3608 2201 3661 μης
2256 3590 2525 3655 δεκτικὸν,
2573 3589 2637 3641 ἐκ
2685 3587 2792 3639 τῶν
2832 3586 3038 3640 ἀνωθεν
3086 3585 3179 3636 καὶ
3213 3583 3372 3651 φύσει
3427 3580 3661 3649 πρώτων

2088 3676 2379 3747 δηλοῦντες
2409 3677 2595 3738 αὐτὸν,
2629 3676 2755 3742 ἐπεὶ
2804 3674 2940 3745 μηδὲ
2994 3673 3176 3742 φαμὲν
3205 3670 3492 3739 ἄνθρωπον
3519 3665 3661 3720 εῖναι

2089 3771 2177 3823 δεὰ
2205 3770 2269 3821 τὸ
2299 3768 2444 3838 ἔχειν
2470 3766 2563 3835 ὐφ’
2591 3767 2755 3819 αὐτὸν
2802 3766 3065 3820 Πλάτωνα
3098 3766 3194 3817 καὶ
3226 3763 3525 3834 Σωκράτην
3563 3764 3661 3814 καὶ

2091 3861 2189 3923 τὰς
2214 3860 2499 3922 τοιαύτας,
2538 3857 2611 3921 ὡς
2645 3856 2877 3927 ἔφημεν,
2911 3855 3145 3925 ἀτόμους
3182 3854 3372 3917 οὐσίας
3400 3856 3496 3907 καὶ
3525 3855 3663 3923 ἀμε-

2094 3954 2209 4022 ρεῖς
2228 3991 2241 4013 ,
2272 3949 2387 4003 ἀλλ’
2412 3950 2495 4002 ὅτι
2523 3948 2614 4002 διὰ.
2638 3948 2733 4001 τοῦ
2757 3948 2950 4016 γένους
2971 3947 3066 4000 τοῦ
3093 3944 3233 4011 ζώου
3258 3947 3354 3999 καὶ
3378 3945 3485 3997 τῶν
3512 3947 3663 4013 εἰρη-

2096 4049 2275 4114 μένων
2307 4040 2651 4095 συστατικῶν
2683 4040 2960 4110 διαφορῶν
2995 4028 3342 4092 είδοποιεῖται
3371 4039 3466 4091 καὶ
3496 4054 3661 4105 περι-

2093 4137 2366 4208 γράφεται
2433 4135 2529 4187 καὶ
2586 4133 2668 4196 είς
2723 4132 3041 4204 ὡρισμένην
3095 4132 3421 4186 καθίσταται
3474 4130 3660 4200 φύσιν.

2105 4226 2165 4281 '0
2200 4227 2257 4279 δὲ
2299 4225 2570 4294 Παλαμᾶς
2596 4224 2652 4288 ἑξ
2681 4223 2925 4294 ἀμαθίας
2970 4224 3188 4294 μακρᾶς
3228 4219 3340 4276 ἀνω
3373 4222 3661 4291 ποταμῶν,

2093 4320 2154 4370 τὺ
2200 4321 2298 4387 τῆς
2346 4316 2674 4386 παροιμίας,
2712 4317 2913 4386 χωρεῖν
2961 4317 3058 4390 τὰς
3106 4314 3289 4383 πηγὰς
3337 4314 3664 4386 ἀναγκάζει,

2090 4411 2264 4479 λέγων
2291 4410 2365 4471 ὡς
2392 4408 2551 4461 Ἐπεὶ
2589 4407 2687 4478 μία
2718 4409 2815 4461 καὶ
2838 4406 3049 4477 ἀμερὴς
3068 4408 3127 4494 ,ἡ
3180 4405 3275 4459 τοῦ
3307 4404 3444 4459 Θεοῦ
3483 4406 3664 4494 οὐσία,

2094 4496 2157 4570 [Γ.
2201 4496 2295 4550 171
2332 4494 2412 4565 tu]
2458 4495 2545 4547 διὰ
2577 4496 2737 4548 τοῦτο
2777 4495 3037 4565 διαφορὰς
3065 4493 3165 4549 οὐκ
3202 4495 3314 4564 ἔχει
3363 4493 3667 4558 οὐσιῶδεις.

411 4586 673 4655 utrinque
704 4588 960 4643 conciliat
984 4600 1042 4644 et
1077 4605 1296 4645 causam
1330 4607 1520 4646 eorum
1566 4594 1817 4651 inv‘olvit.
1863 4596 1975 4651 HM

2093 4590 2201 4644 Καὶ
2232 4590 2338 4658 μὴν
2368 4588 2452 4654 τὸ,
2478 4587 2632 4640 ’Ἐπεί⁵
2656 4587 2950 4656 σύνδεσμός
2983 4591 3098 4640 ἐστι
3140 4585 3668 4648 κατασκευαστικὸς,

412 4677 558 4731 dicta
608 4677 683 4732 ita
733 4690 962 4749 propter
1008 4683 1281 4737 inscitiam
1324 4684 1541 4738 turbata
1581 4698 1729 4751 sunt,
1778 4696 1838 4741 ut
1866 4687 1988 4743 Cal-

412 4770 612 4825 chante
643 4784 765 4825 vate
787 4770 1082 4830 Homerico
1112 4791 1252 4844 opus
1274 4777 1367 4830 sit.
1419 4776 1526 4830 Sed
1559 4793 1628 4832 ne
1655 4778 1807 4832 illum
1862 4778 1989 4848 qni-

412 4862 537 4916 dem
581 4874 715 4932 puto
759 4865 1012 4921 obscuris
1036 4868 1120 4923 his
1154 4869 1592 4937 qna‘stionibus,
1641 4870 1687 4925 si
1739 4871 1991 4934 adesset,

411 4953 834 5023 explicationem
873 4958 1070 5014 afferre
1108 4974 1302 5027 posse,
1348 4975 1478 5015 cum
1514 4962 1653 5031 ipse,
1684 4970 1744 5016 ut
1770 4962 1992 5031 Opinor,

412 5060 537 5113 qua:
561 5063 628 5100 ex
659 5062 757 5102 sua
791 5048 963 5118 ipsius
997 5060 1181 5104 mente
1206 5052 1455 5119 protulit,
1489 5053 1705 5108 solvere
1733 5063 1992 5123 nequeat.

413 5139 544 5204 Quae
570 5140 717 5194 enim
746 5142 949 5195 causali
995 5141 1544 5211 ratioueponuntur,
1578 5159 1640 5199 ea
1702 5145 1868 5199 simili
1902 5160 1993 5198 ra-

418 5231 567 5286 tione
604 5232 931 5300 solvuntnr;
967 5250 1087 5304 quae
1112 5251 1243 5299 nan,
1269 5251 1333 5290 ea
1367 5253 1475 5292 non
1505 5237 1811 5293 solvuntur.

2095 4681 2188 4735 καὶ
2228 4680 2475 4750 ὓπαρξιν
2525 4680 2623 4733 καὶ
2678 4680 2831 4745 τάξιν
2883 4680 3298 4750 ἁκολουθήσεως
3353 4678 3671 4746 αίτιατικὴν

2096 4775 2294 4843 δηλῶν,
2330 4776 2426 4828 διτε
2476 4774 2805 4836 συναπτικὸς
2848 4773 2955 4825 τῶν
2985 4772 3328 4845 ἑκατέρωθεν
3354 4775 3537 4843 ἄκρων
3568 4772 3672 4823 ὐπ-

2098 4865 2408 4934 ἁρχωνριαὶ
2442 4864 2541 4934 τὴν
2589 4863 2771 4916 αἰτίαν
2795 4862 2934 4931 ἔχων
2974 4864 3175 4917 αὐτῶν.
3219 4863 3407 4933 Τούτῳ
3457 4859 3670 4913 δὀὖτω

2098 4956 2167 5009 δι’
2194 4956 2436 5024 ἀμαθίαν
2463 4955 2865 5008 ἁνατεθόλωται
2906 4954 2973 5007 τὰ
3003 4956 3266 5024 εἰρημένα
3298 4954 3373 5016 ὼς
3416 4952 3673 5021 Κάλχαν-

2100 5050 2189 5111 τός
2240 5066 2385 5111 τινος
2446 5048 2657 5101 δεῖσθαι
2715 5048 2962 5117 μάντεως
3017 5046 3350 5117 Ὁμηρικοῦ.
3395 5044 3672 5098 ’Λλλ⁹οὲδ⁹

2102 5143 2312 5194 ἐκεῖνον
2344 5137 2500 5210 οἶμαι
2547 5139 2844 5209 δυνηθῆναι
2876 5137 2941 5192 ἂν
2970 5136 3047 5208 τῷ
3077 5136 3423 5203 ἀνακολούθῳ
3455 5135 3553 5205 τῆς
3583 5134 3671 5188 θέν

2104 5250 2266 5298 σεως,
2321 5234 2371 5286 εί
2429 5233 2636 5302 παρῆν,
2668 5232 2771 5300 τὴν
2813 5230 2968 5284 λύσιν
3018 5231 3353 5301 παρασχεϊνθ
3391 5227 3507 5291 πῶς
3537 5227 3670 5297 γὰρ.

417 5328 455 5382 ἃ
489 5330 611 5399 μηδ’
645 5332 809 5385 αὐτὸν
844 5331 994 5384 λύειν
1024 5328 1179 5400 οἶμαι
1250 5333 1512 5389 δύνασθαι
1547 5335 1640 5389 τὸν
1707 5335 1767 5401 ἐξ
1809 5335 1947 5400 ἰδίας
2014 5333 2250 5405 γαστρὸς
2297 5329 2657 5400 ἐρευγόμενον
2726 5327 2796 5381 τά
2855 5326 3070 5393 τοιάδε;
3126 5327 3195 5383 Ἃ
3229 5326 3366 5418 ,γὰρ
3426 5321 3673 5378 αίτιὼδει

419 5420 566 5492 λόγῳ
592 5421 858 5486 τίθενται,
892 5423 1066 5476 ταῦτα
1114 5425 1382 5491 δήπουθεν
1424 5427 1520 5480 καὶ
1565 5427 1707 5499 λόγῳ
1754 5429 1972 5481 λύονται
2009 5425 2222 5496 τοιῷδε,
2253 5423 2289 5479 ἃ
2316 5422 2372 5476 δὲ
2405 5421 2499 5492 μὴ,
2527 5419 2705 5474 ταῦτα
2748 5418 2817 5490 δὴ
2860 5422 2958 5491 μή.

488 5513 563 5574 Κ.
618 5518 777 5589 363
814 5518 1117 5574 Videndum
1154 5521 1318 5590 igitur
1359 5536 1442 5579 est
1488 5536 1609 5594 post
1642 5525 1870 5594 primam
1912 5524 1995 5579 in-

424 5608 639 5667 scitiam
668 5627 788 5681 quae
835 5611 906 5667 sit
947 5612 1205 5668 secunda.
1244 5614 1376 5670 Nam
1410 5617 1464 5670 in
1493 5632 1559 5671 eo
1582 5615 1727 5687 quod
1755 5623 1837 5671 est
1864 5632 1993 5671 cau-

433 5717 548 5758 sam
580 5704 739 5760 simul
771 5719 895 5761 cum
942 5715 1169 5763 causato
1206 5720 1329 5762 esse
1378 5706 1556 5764 nescit
1602 5721 1703 5763 nec
1750 5706 1869 5762 sine
1924 5723 1990 5763 eo

2168 5519 2222 5574 I'.
2249 5516 2520 5572 Σκεπτέον
2559 5511 2655 5569 οὖν
2700 5515 2766 5571 ἂν
2808 5516 2893 5587 εἴη
2928 5515 3020 5567 καὶ
3053 5515 3151 5586 τὴν
3194 5514 3427 5579 ὑστέραν
3457 5511 3667 5581 ταύτην

2101 5609 2339 5680 ἀμαθίαν
2368 5610 2460 5662 ἐπὶ
2485 5611 2550 5679 τῇ
2585 5610 2831 5679 προτέρᾳ
2879 5607 3044 5661 αὐτοῦ
3071 5624 3085 5638 ·
3118 5606 3237 5659 οὐδὲ
3269 5605 3380 5676 γὰρ
3416 5600 3558 5658 οἶδεν
3590 5605 3667 5669 ὡς

2097 5702 2207 5760 τῶν
2236 5702 2371 5774 πρός
2394 5720 2446 5755 τι
2480 5701 2537 5755 ’ὸν
2568 5700 2629 5755 τὸ
2663 5701 2837 5756 αἴτιον
2882 5701 3000 5771 ἃμα
3049 5699 3166 5753 ἐστὶ
3195 5697 3272 5770 τῷ
3299 5694 3528 5768 αίτιατῷ
3569 5695 3665 5751 καὶ
