3994 6204
424 326 527 388 333
1604 314 1651 372 N
1669 311 2024 371 ICEPHORI
2070 305 2460 371 GREGOR-.E
3577 292 3679 354 39.4

421 454 507 491 tne
539 448 635 506 per
663 452 722 491 se
753 436 961 491 habens
983 431 1385 488 exsistentiam.
1413 427 1541 481 ideo
1583 427 1704 481 sine
1757 423 1996 493 qnnlita-

2130 417 2240 472 ίναι
2267 417 2499 487 ποιητὴν
2529 413 2622 468 τόν
2653 414 2784 468 Θεδν
2815 417 2842 468 6
2866 416 3008 478 θεῖός
3052 433 3110 468 τε
3161 413 3482 483 ἀπεφήνατο
3510 409 3681 472 Μάξι-

422 535 569 585 tibns
595 532 796 599 cuique
832 531 974 596 aptis
1004 528 1204 580 nullm:
1236 525 1363 576 licet
1400 520 1698 574 essentiam
1723 515 1993 578 invenire,

2129 529 2223 575 ιος,
2281 512 2376 562 καὶ
2433 511 2465 578 ἡ
2527 507 2689 577 φύσις
2733 507 2873 577 αὐτὴ
2925 507 3247 570 διδάσκαλος
3279 507 3400 568 ταῖς
3465 503 3679 556 συνέσει

421 637 542 690 quae
575 620 746 689 possit
779 621 1042 672 exsistere
1074 615 1127 667 in
1159 617 1384 666 mundo.
1420 608 1664 677 Exempli
1694 606 1887 676 gratia,
1949 606 1993 658 si

2137 602 2489 672 ιαφερούσαις
2529 601 2819 670 αἰσθήσεσι
2858 601 3092 668 γίνεται.
3122 601 3278 668 Μόνη
3318 599 3450 667 γάρ,
3491 596 3676 665 φησὶν,

420 685 548 781 quis
577 685 888 773 abstulerit,
922 723 1028 761 non
1068 722 1124 758 re
1156 705 1354 763 dicam,
1415 701 1560 770 quod
1612 701 1728 752 ﬁeri
1780 697 1994 766 nequit,

2129 695 2249 763 ιπλῆ
2306 697 2398 746 καὶ
2458 693 2714 762 ἀνενδεὴς
2758 696 2852 744 καὶ
2896 694 3167 762 ἄτρεπτος
3221 693 3255 759 ὴ
3309 685 3678 758 δημιουργικὴ

425 778 615 856 verum
649 801 1005 868 cogitatione,
1036 795 1233 863 lapidis
1266 801 1358 844 aut
1407 791 1550 844 nivis
1600 790 1793 843 insitas
1823 787 2001 856 quali-

2129 788 2210 840 ’ῶν
2239 787 2376 841 ὅλων
2404 787 2564 839 οὐσία
2604 787 2702 854 τῆς
2731 785 2895 853 ἁγίας
2923 785 3174 855 Τριάδος.
3210 783 3365 835 Πᾶσα
3412 779 3467 832 δὲ
3502 778 3680 839 κτίσις

430 893 937 956 tzites,albedinem,
992 890 1185 957 Ligus,
1230 887 1538 945 humorem,
1587 882 1689 934 tale
1714 879 1996 949 quiddam,

2129 880 2364 940 ιύνθετός
2417 880 2566 930 ἐστιν
2596 877 2655 942 ἐξ
2688 877 2878 940 οὐσίας
2926 875 3024 930 xui.
3076 874 3384 944 ποιότητος.
3419 871 3578 922 Πᾶσα
3627 867 3684 920 δὲ

424 992 570 1037 esset
603 983 850 1035 relictum
904 978 1127 1032 omnino
1165 976 1320 1028 nihil.
1369 971 1515 1026 Nihil
1563 980 1746 1023 autem
1799 984 1894 1037 per
1941 982 1999 1021 se

2129 969 2336 1036 τοξότης
2388 967 2756 1036 ὑποκειμένης
2793 966 3010 1029 πάντως
3055 965 3244 1028 οὐσίας
3278 963 3418 1026 ἐστὶ,
3453 963 3581 1030 περὶ
3617 959 3687 1030 ην

426 1073 703 1143 quomodo
752 1068 1019 1126 exsistat?
1047 1067 1201 1134 Quod
1234 1066 1289 1119 in
1343 1062 1620 1118 similibus
1658 1060 1863 1128 ubique
1911 1073 2002 1112 es-

2129 1062 2205 1112 ιαὶ
2249 1059 2537 1128 θεωρεῖται
2594 1061 2692 1114 καὶ
2747 1059 2988 1128 λέγεται,
3028 1058 3091 1110 τὸ
3142 1057 3264 1111 καθ’
3319 1056 3488 1125 αὐτὴν
3544 1046 3685 1105 εἶναι

426 1165 618 1218 επηιὶἱε
651 1165 791 1218 idem
822 1163 1094 1217 invenies.

2129 1151 2357 1220 ιύδαμῶς
2389 1152 2606 1221 ἔχουσα.
2636 1152 2728 1205 Διὸ
2765 1153 2861 1206 καὶ
2890 1150 3015 1220 δίχα
3047 1151 3352 1218 ποιοτήτων
3405 1147 3688 1213 ἀναλόγων

427 1263 682 1321 ἑκάστοις
757 1261 856 1310 οὐκ
891 1257 1043 1309 ἐστιν
1100 1255 1286 1326 εὑρεῖν
1347 1249 1608 1320 οὐδεμίαν
1670 1247 1863 1300 οὐσίαν
1901 1245 2238 1313 ὑφίστασθαι
2275 1249 2586 1318 δυναμένην
2613 1250 2673 1301 ἐν
2711 1249 2927 1320 κόσμῳ.
2961 1245 3086 1303 Οἷον
3123 1249 3197 1311 ὡς
3229 1247 3319 1300 ἐπὶ
3352 1243 3690 1312 ὑποδείγμαο

426 1370 539 1414 τος,
606 1353 659 1403 εί
713 1367 794 1412 τις
839 1348 1050 1417 ἀφέλοι,
1105 1345 1359 1416 ἐνεργείᾳ
1420 1341 1518 1412 μὲν
1571 1340 1672 1393 οὐκ
1720 1340 1785 1392 ἂν
1827 1337 1995 1407 φαίην
2037 1337 2324 1407 (ἀδύνατον
2373 1339 2482 1409 γὰρ
2529 1341 2728 1410 τουτὶ),
2787 1341 3004 1412 ἐπινοίᾳ
3057 1341 3101 1393 δ’
3151 1340 3247 1394 οὐν
3300 1340 3472 1409 ὅμως,
3534 1337 3688 1389 λίθου

428 1444 662 1512 τ;ν>›ς,ἢ
718 1441 920 1510 μᾶλλον
970 1441 1168 1502 εἰπεῖν,
1229 1437 1326 1499 τὰς
1373 1436 1473 1505 τῆς
1539 1431 1716 1503 χιόνος
1781 1429 2058 1499 ἐμφύτους
2112 1429 2556 1512 ποιότητας,τήν
2595 1447 2654 1484 τε
2687 1430 2995 1502 λευκότητα
3020 1431 3223 1502 δηλαδὴ
3250 1431 3343 1485 καὶ
3372 1429 3690 1500 ψυχρότητα

429 1541 525 1594 καὶ
588 1539 650 1610 [ί.
691 1537 794 1591 17⁸5
828 1533 900 1606 r.]
935 1535 1212 1606 ὑγρότητα
1263 1535 1358 1586 καὶ
1387 1531 1440 1584 εί
1469 1549 1518 1584 τι
1554 1529 1818 1592 τοιοῦτον,
1843 1521 1982 1578 εἶναι
2021 1525 2083 1576 τὸ
2120 1511 2442 1595 λειπόμενον
2495 1527 2712 1591 πάντως
2759 1527 2936 1583 οὐδέν.
2974 1530 3039 1582 Ὃ
3067 1527 3114 1581 δ’
3165 1530 3316 1582 οὐδὲν
3372 1528 3495 1582 καθ’
3534 1529 3688 1596 αὐτὸ,

431 1637 551 1700 πῶς
598 1634 1022 1702 αὐθύπαρκτον;
1062 1633 1174 1686 Καὶ
1219 1631 1314 1684 ἐπὶ
1361 1629 1468 1682 τῶν
1523 1628 1694 1681 όντων
1741 1625 1997 1695 εὑρήσεις
2039 1621 2300 1677 ἁπάντων
2331 1625 2537 1694 ὁμοίως
2570 1626 2658 1678 ἀεὶ
2680 1626 2777 1678 καὶ
2812 1626 3003 1680 πασῶν
3037 1626 3240 1680 οὐσιῶν
3266 1629 3465 1686 τουτοϊ.

503 1732 592 1785 XI.
622 1732 782 1784 Potes
803 1729 988 1796 igitur,
1020 1712 1350 1782 amicissime
1395 1723 1704 1784 Theotimo,
1745 1722 1800 1775 in
1835 1719 2020 1789 pani-is

2198 1719 2494 1790 1Α’.’Έχεις
2513 1722 2710 1785 τοίνυν,
2731 1715 2775 1775 ὣ
2794 1721 2910 1788 φίλε
2927 1721 3179 1788 Θεότιμε,
3195 1721 3278 1774 διὰ
3298 1723 3545 1791 βραχέων
3559 1724 3692 1794 όρᾷν

432 1825 618 1878 videre
667 1824 901 1877 Palamae
957 1819 1290 1889 irregulares
1327 1817 1474 1872 etab
1504 1816 1653 1870 omni
1710 1813 1892 1883 regula
1930 1828 2011 1865 re-

2129 1813 2240 1876 ιούς
2263 1814 2651 1876 ἀκανονίστους
2672 1814 2764 1866 καὶ
2787 1813 2976 1882 πόρρω
2994 1813 3190 1875 παντὸς
3201 1815 3432 1878 ,κανόνος
3461 1815 3693 1879 κανόνι-ς

436 1927 610 1970 motas
641 1915 858 1984 regulas
885 1921 940 1966 et
969 1913 1184 1964 inlirma
1223 1909 1579 1963 fundamenta
1613 1916 1667 1962 et
1690 1905 2016 1984 366_nor-

438 2025 580 2062 niam
621 1981 771 2076 styii,
798 2013 856 2058 ut
889 2005 960 2057 ita
991 2003 1192 2077 dicam,
1221 2001 1467 2055 Lesbiaci
1517 2000 1654 2053 male
1692 1981 2015 2060 normalem,

435 2100 822 2155 conclusiones
847 2096 970 2152 dico
993 2097 1206 2164 ineptas
1233 2109 1368 2163 quas
1397 2102 1620 2163 prOpter
1659 2091 1928 2144 inscitiam
1953 2103 2016 2139 ex

436 2193 650 2256 abiecto
669 2190 875 2242 insanae
901 2187 1100 2241 mentis
1123 2186 1314 2240 aerario
1337 2185 1426 2238 ille
1441 2183 1736 2252 depromit,
1756 2191 1806 2234 ct
1827 2197 2018 2248 quem-

436 2283 731 2336 admodum
760 2278 990 2332 maculis
1025 2276 1213 2330 multis
1256 2285 1306 2329 el
1343 2275 1528 2344 pravis
1553 2275 1794 2342 implevit
1828 2289 2016 2340 puram

441 2385 496 2428 et
525 2389 708 2428 sanam
764 2369 1103 2438 religionem,
1123 2368 1320 2432 eli'usa,
1343 2378 1401 2421 ut
1443 2366 1703 2436 sapientis
1735 2363 2021 2432 Sophoclis

440 2467 610 2518 verbo
653 2473 795 2521 utar,
833 2461 1014 2528 inepta
1071 2461 1123 2511 in
1157 2461 1328 2526 ipsam
1393 2460 1576 2525 lingua
1623 2457 1808 2524 Neque
1869 2455 2017 2508 enim

440 2551 676 2604 liberum
735 2550 884 2602 iliato
942 2547 1238 2614 Oppi-obtio
1295 2561 1352 2600 sc
1403 2545 1709 2599 subducere
1745 2546 1923 2614 p0tuit
1965 2552 2023 2596 et

443 2656 692 2711 magnam
725 2637 1086 2709 ignorantiam
1123 2639 1228 2691 sibt
1263 2639 1467 2691 sociam
1521 2637 1797 2706 propalam
1839 2650 2023 2688 osien-

442 2733 524 2788 dit
548 2743 604 2787 et
627 2733 890 2802 majorem
922 2731 1196 2784 haereseos
1222 2729 1538 2783 stultitiam.
1562 2728 1857 2795 Propterea
1878 2736 2025 2780 recte

443 2824 598 2880 audit
622 2839 742 2893 quae
770 2839 876 2878 non
905 2824 1043 2888 vult,
1071 2839 1179 2876 non
1210 2833 1356 2876 recte
1385 2823 1677 2876 enuntians
1716 2836 1837 2890 qua:
1884 2822 2022 2887 vnit,

443 2933 553 2972 non
608 2915 768 2969 modo
819 2915 966 2984 quod
1020 2914 1286 2982 profanus
1315 2924 1368 2965 et
1422 2912 1784 2981 irreligiosus,
1832 2927 2021 2965 verum

441 3009 610 3062 etiam
655 3005 800 3074 quod
844 3017 1050 3058 temere
1076 3003 1336 3071 profanus
1360 3014 1416 3055 et
1459 3004 1798 3070 irreligiosus
1843 3011 1926 3055 est
1969 3009 2024 3054 et

443 3109 635 3153 omnes
663 3096 997 3162 irreligiosos
1018 3094 1181 3147 nimia
1216 3095 1491 3163 impietate
1526 3104 1820 3160 exsuperat
1846 3103 1900 3147 ct
1931 3108 2024 3147 ne-

445 3189 670 3244 fandum
715 3188 979 3241 honorem
1007 3187 1363 3241 accumulatis
1393 3187 1459 3240 ad
1487 3187 1810 3239 im-nensuui
1839 3186 2022 3255 pravis

449 3280 786 3334 facinoribus
815 3280 919 3332 sibi
956 3281 1230 3332 conciliat.
1265 3282 1437 3348 Atque
1469 3279 1534 3331 de
1560 3281 1732 3347 prima
1765 3267 1860 3333 tibi
1896 3295 2023 3348 pro-

450 3379 558 3422 tata
614 3368 916 3437 quaestione
978 3367 1111 3421 satis
1177 3368 1382 3419 dictum
1435 3375 1540 3419 est.
1592 3367 1664 3418 lic
1725 3367 1918 3429 altera,
1957 3365 2019 3418 Ι).

456 3463 730 3518 Athanasii
765 3461 935 3525 dicto,
961 3462 1032 3513 ita
1068 3461 1351 3527 respondit
1375 3457 1670 3526 Grcgoras,
1697 3467 1753 3510 ut
1779 3459 2027 3511 testimo-

455 3556 559 3610 niis
582 3570 612 3608 c
639 3553 917 3621 Scriptura
939 3552 1278 3620 depromptis
1297 3567 1404 3603 rem
1434 3554 1685 3619 probaret
1716 3558 1790 3611 et,
1820 3564 1940 3617 qua:
1959 3561 2025 3600 ex

453 3646 634 3715 priore
659 3646 962 3713 quaestione
989 3644 1178 3697 relicta
1213 3652 1390 3703 erant,
1417 3643 1657 3695 adderet.
1691 3641 1809 3694 Seis
1855 3639 2028 3701 enim;

451 3737 788 3791 amicissime
815 3736 1122 3794 Theotime,
1152 3735 1201 3786 in
1226 3735 1496 3802 colloquio
1514 3733 1580 3785 ad
1598 3732 1786 3784 Arium
1823 3730 2027 3783 dixisse

452 3828 808 3882 Athanasium
837 3848 849 3880 :
877 3827 996 3880 Non
1023 3837 1326 3878 ereatarutn
1365 3840 1543 3878 rerum
1568 3839 1730 3878 causa
1749 3823 1884 3876 dixit
1907 3821 2028 3876 Sal—

450 3932 634 3973 vatur:
666 3938 681 3968 ι
710 3917 902 3973 Omnia
921 3933 1040 3986 qua:
1056 3916 1392 3971 Pater-habet
1417 3931 1532 3970 mea
1559 3925 1740 3979 sunt,»
1765 3915 1859 3969 sed
1881 3930 2032 3984 qure-

451 4027 669 4080 cunque
693 4010 879 4064 deitati
914 4009 1088 4063 Patris
1113 4009 1386 4071 attribuit,
1413 4025 1476 4063 ea
1503 4011 1726 4077 prepria
1761 4007 1897 4060 dixit
1927 4007 2032 4060 Do-

455 4105 684 4165 minus;
733 4101 885 4155 verbi
929 4101 1124 4169 gratia,
1159 4099 1319 4170 367
1352 4100 1789 4168 incorruptibile,
1832 4099 2030 4152 immu-

458 4192 644 4254 tabilc,
675 4191 1249 4258 incomprehensibile,
1294 4192 1661 4259 omnipotens,
1703 4189 2030 4258 providens;

458 4295 799 4350 quaecunque
817 4290 946 4334 sunt
965 4281 1145 4345 Pater,
1174 4297 1237 4334 ea
1260 4282 1479 4348 propria
1507 4280 1623 4334 Filii
1652 4290 1802 4334 sunt.
1828 4280 2032 4334 Ibidem

457 4373 732 4440 Gregoras
791 4387 1046 4442 magnum
1081 4373 1159 4428 ait
1188 4373 1544 4426 Athanasium
1574 4372 1771 4440 plurali
1797 4372 2033 4427 dictioni

2117 1905 2210 1956 τοῦ
2244 1906 2498 1974 Παλαμᾶ,
2531 1907 2623 1957 καὶ
2648 1907 2747 1968 τάς
2779 1905 3119 1967 ἀκαθέκτους
3149 1904 3434 1969 καθέτους,
3459 1908 3556 1958 καὶ
3590 1908 3690 1975 τὴν

2118 1997 2494 2066 ἀστάθμητον,
2524 1997 2588 2051 ἶν’
2622 1997 2796 2060 οὑτως
2829 1997 2992 2062 εἴπω,
3022 1997 3270 2066 στάθμην
3310 1997 3411 2064 τῆς
3451 1998 3692 2059 Δεσϐίας

2119 2091 2428 2159 οἰκοδομῆς,
2472 2091 2599 2150 τούς
2635 2089 3064 2157 ἀσυλλογίστους
3092 2088 3234 2156 λέγω
3267 2088 3686 2157 συ).λογισμού-,

2119 2183 2340 2245 ὁποίους
2381 2183 2447 2234 δι’
2479 2183 2723 2252 ἀμαθίαν
2755 2181 3011 2250 πονηρῶν
3043 2182 3231 2250 ἐξεμεῖ
3269 2181 3560 2252 θησαυρῶν
3591 2183 3694 2248 τῆς

2122 2276 2324 2326 ἀτόπου
2348 2276 2588 2345 γαστρὸς
2621 2277 2855 2340 ἐκεῖνος,
2883 2275 2977 2327 καλ⁵
3009 2276 3158 2338 ὅπως
3203 2275 3436 2344 κηλίδων
3465 2273 3697 2344 μακρῶν

2123 2367 2215 2418 καὶ
2267 2366 2515 2436 ἀκαίρων
2560 2366 2946 2435 ἐμπέπληκεν,
2998 2382 3164 2419 ουσαν
3221 2365 3448 2418 ἀνενδεᾶ
3491 2382 3550 2418 τε
3597 2367 3696 2418 καὶ

2125 2459 2496 2524 ὑγιαίνουσαν,
2529 2460 2628 2526 τὴν
2675 2457 2961 2511 εὐσέϐειαν
3013 2458 3041 2511 ό
3090 2458 3459 2528 ταλαίπωρος,
3516 2457 3696 2527 μάτην

2123 2553 2322 2619 ἐκχέας
2362 2553 2502 2604 κατά
2530 2551 2624 2604 τὸν
2665 2551 2830 2619 σοφὸν
2859 2550 3139 2619 Σοφοκλέα
3171 2548 3269 2620 τὴν
3297 2551 3496 2604 ἄτοπον
3522 2550 3700 2618 γλῶτ-

2125 2660 2223 2694 ταν
2253 2642 2421 2695 αὐτοῦ
2471 2643 2592 2696 κατ’
2628 2643 2820 2713 αὐτῆς.
2857 2641 2995 2695 Οὔτε
3035 2643 3142 2713 γὰρ
3181 2640 3472 2710 ἐλεύθερον
3501 2642 3699 2695 ἐαυτὶν

2125 2733 2223 2797 τῆς
2259 2730 2699 2801 ἐπενηνεγμένης
2730 2732 2879 2801 αὑτῷ
2913 2733 3254 2800 κατηγορίας
3288 2732 3520 2802 φυλάξαι
3547 2731 3698 2785 δεδύ-

2127 2838 2308 2889 νηται,
2341 2822 2433 2874 καὶ
2485 2821 2603 2891 ἅμα
2643 2822 2877 2892 φανερὸν
2926 2822 3232 2892 ἐπεπράχει
3265 2822 3434 2892 πολλῇ
3471 2823 3571 2892 μὲν
3603 2840 3699 2874 συ-

2128 2912 2308 2976 ζῶντα
2367 2915 2434 2983 τῇ
2489 2914 2724 2982 ἀμαθία,
2776 2912 2986 2965 πλείονι
3037 2913 3093 2966 δὲ
3152 2917 3218 2984 τῇ
3272 2915 3370 2985 τῆς
3433 2915 3694 2983 αἱρέσεως

2126 3005 2439 3076 κακοδοξίᾳ.
2471 3008 2669 3074 Διόπερ
2700 3005 2891 3058 ἀκούει
2919 3001 3142 3070 δικαίως
3169 3007 3204 3060 ὃ.
3243 3008 3317 3077 μὴ
3352 3007 3698 3077 βεϐούληται,

2128 3097 2343 3166 φράσας
2393 3097 2595 3160 ἀδίκως
2622 3099 2724 3152 ὅσα
2757 3097 3113 3168 βεϐούληται,
3146 3099 3206 3151 οὑ
3239 3100 3401 3167 μόνον
3428 3102 3510 3152 ὅτι
3543 3099 3703 3170 βέϐη-

2125 3189 2216 3252 λος
2261 3191 2353 3243 κα).
2381 3191 2670 3260 δυσσεϐὴς,
2717 3192 2834 3243 ἀλλ’
2880 3192 3049 3259 ὅτιγε
3085 3193 3182 3244 καὶ
3215 3194 3416 3262 προῖκα
3475 3192 3703 3261 βέϐηλος

2123 3283 2218 3336 καὶ
2272 3283 2561 3359 δυσσεϐῂς,
2597 3284 2688 3336 καὶ
2718 3286 2926 3347 πάντας
2952 3285 3234 3347 δυσσεϐεῖς
3283 3287 3397 3346 τοῖς
3440 3285 3577 3351 ἄγαν
3603 3285 3698 3354 βε-

2125 3376 2310 3447 ϐήλοις
2389 3375 2596 3440 νικῶν,
2676 3376 2770 3430 καὶ
2853 3377 3146 3448 πρεσϐεῖον
3218 3377 3554 3444 κακόδαιμον
3621 3378 3702 3442 είς

2131 3465 2425 3536 μοχθηρῶν
2481 3466 2824 3534 πραγμάτων
2883 3465 3190 3535 ὑπερϐολὴν
3223 3465 3464 3526 ἐκτιννὺς
3501 3465 3700 3533 ἐαυτῷ.

2128 3559 2237 3610 Καὶ
2282 3562 2410 3623 περὶ
2458 3558 2557 3626 μὲν
2609 3557 2704 3610 τοῦ
2760 3559 2979 3627 πρώτου
3028 3573 3110 3609 σοι
3175 3556 3536 3625 προτεθέντος
3606 3557 3703 3624 ζη-

2126 3652 2373 3717 τήματος
2420 3650 2636 3717 ἀπόχρη
2688 3649 2758 3702 τά
2819 3649 3128 3718 είρημένα·
3179 3648 3310 3717 περί
3365 3665 3427 3715 γε
3476 3647 3581 3716 μὴν
3609 3646 3702 3698 τοὺ

2127 3740 2402 3810 δευτέρου,
2430 3742 2526 3809 τῆς
2567 3739 2890 3792 Ἀθανασίου
2919 3739 3063 3808 λέγω
3083 3738 3177 3791 τοῦ
3213 3738 3358 3792 θείου
3392 3737 3456 3810 [ί.
3496 3739 3592 3792 157
3622 3734 3701 3807 υ.]

2131 3832 2362 3901 ῥήσεως,
2398 3831 2598 3884 οὑτωσί
2638 3847 2755 3893 πως
2782 3833 3102 3900 ἀπήντησεν
3139 3826 3296 3890 αὖθις
3326 3832 3353 3882 6
3391 3831 3701 3900 Γρηγορᾶς,

2131 3923 2637 3991 ἐπεξεργαζόμενος
2670 3921 2770 3990 μὲν
2817 3921 2968 3990 αὐτῷ
2998 3921 3088 3974 διά
3139 3921 3464 3990 μαρτυριῶν
3498 3936 3706 3988 γραφι-

2131 4016 2260 4079 κῶν,
2292 4014 2406 4083 ἅμα
2431 4013 2475 4066 δ’
2506 4011 2836 4082 ἀναπληρῶν
2857 4012 2952 4063 καὶ
2974 4013 3042 4063 τά
3063 4010 3310 4064 ἐνδέοντα
3339 4011 3415 4080 τῷ
3445 4011 3701 4080 προτέρῳ

2133 4106 2430 4175 ζητήματι.
2470 4099 2642 4156 Οἶσθα
2679 4104 2809 4171 γὰρ,
2839 4095 2882 4155 ῶ
2911 4102 3030 4170 φίλε
3066 4103 3323 4171 Θεότιμε,
3367 4105 3425 4154 ἐν
3458 4104 3526 4171 τῇ
3568 4106 3704 4171 πρὸς

2138 4200 2354 4266 Ἀρειον
2379 4195 2612 4259 διαλέξει
2651 4194 2932 4263 φάσκοντα
2978 4193 3299 4246 ’Δθανάσιον
3342 4191 3416 4253 ὡς
3455 4193 3555 4258 οὐχ
3595 4192 3709 4242 Eve-

2135 4306 2228 4342 κεν
2263 4286 2495 4340 κτιστῶν
2528 4285 2871 4356 πραγμάτων
2895 4284 3000 4354 ἔφη
3021 4285 3049 4336 ό
3076 4285 3288 4353 Σωτὴρ,
3322 4301 3340 4334 ι
3385 4283 3569 4334 Πάντα
3603 4282 3709 4334 ὅσα.

2138 4380 2252 4452 έιει
2281 4396 2303 4430 ι
2341 4379 2548 4446 Πατὴρ,
2580 4377 2688 4446 ἐμά
2712 4379 2886 4440 ἐστιν,
2922 4395 2938 4426 ι
2973 4374 3089 4427 ἀλλ’
3123 4376 3227 4426 ὅσα
3273 4374 3447 4442 ἀνῆκε
3491 4375 3559 4440 τῇ
3591 4373 3713 4422 θεό-

450 4465 576 4527 illa,
603 4481 711 4518 non
742 4471 1052 4518 creatarum
1087 4480 1267 4517 rerum
1291 4479 1481 4528 causa,
1505 4479 1704 4534 negare
1729 4481 1836 4518 non
1861 4464 2025 4519 solum

2140 4489 2259 4540 τητι
2289 4471 2382 4523 τοῦ
2425 4471 2662 4540 Πατρδς,
2691 4467 2866 4520 ταῦτα
2898 4468 3004 4519 ῐδια
3047 4467 3152 4535 ἔφη
3181 4467 3208 4518 ό
3249 4465 3472 4535 Κύριος,
3500 4458 3612 4516 οἷον
3647 4465 3711 4516 τὸ

457 4567 640 4612 creata
666 4571 810 4620 esse,
849 4558 944 4612 sed
981 4559 1144 4611 etiam
1187 4573 1275 4611 res
1304 4572 1442 4610 esse.
1481 4556 1536 4610 Si
1574 4571 1704 4611 vero
1751 4557 2027 4627 negationi

458 4649 786 4718 positionem
818 4666 925 4703 non
962 4648 1192 4711 addidit,
1228 4648 1332 4701 hoc
1359 4646 1584 4702 minime
1623 4649 1850 4702 mirum.
1890 4649 2030 4701 Dicit

458 4743 605 4795 cnitn
635 4753 691 4796 et
739 4759 967 4812 magnus
997 4744 1284 4812 theologus
1311 4741 1630 4812 Gregorius,
1683 4758 1804 4796 esse
1855 4741 2026 4794 multa

455 4849 580 4902 quae
613 4835 690 4888 sic
721 4835 966 4904 negative
994 4835 1273 4897 dicuntur,
1301 4849 1404 4887 non
1431 4835 1680 4903 positive,
1708 4834 1884 4885 velut:
1909 4831 2028 4885 Non

443 4945 522 4981 .cx
563 4944 812 4980 mensura
848 4929 987 4980 lictis
1027 4926 1287 4994 Spiritum
1333 4926 1560 4983 tribuit;
1607 4939 1714 4976 non
1754 4923 1897 4974 eniut
1932 4921 2030 4974 tri-

461 5019 579 5072 linit
613 5019 994 5087 ponderatum.
1015 5033 1122 5068 non
1149 5026 1492 5069 mensuratur
1507 5013 1650 5083 apud
1680 5016 1845 5066 Deum
1869 5015 2030 5067 licus.

457 5113 638 5178 Atque
670 5112 742 5162 ita
781 5108 980 5162 refellit
1011 5119 1198 5174 aperte
1229 5123 1326 5160 eos
1349 5107 1442 5175 qui
1498 5107 1696 5160 multas
1747 5122 1833 5159 res
1871 5116 1926 5161 et
1953 5105 2032 5158 si-

466 5201 576 5252 mul
622 5200 864 5252 iuercata
892 5207 1087 5266 putant
1131 5198 1242 5250 Deo
1287 5197 1448 5263 digna
1473 5207 1529 5251 ct
1573 5197 1743 5249 multa
1787 5199 2028 5251 nomina.

465 5291 584 5345 Non
616 5291 785 5353 enim,
848 5290 1048 5357 inquit,
1109 5291 1400 5342 multarum
1438 5304 1620 5342 rerum
1672 5303 1835 5342 causa
1892 5289 2033 5342 dixit

464 5383 712 5437 Salvator
746 5381 834 5435 illa
861 5382 1066 5436 omnia.
1104 5381 1448 5450 [inpossibile
1480 5382 1625 5435 enim
1658 5390 1743 5434 est
1775 5397 1882 5434 non
1911 5394 2032 5435 esse

463 5483 805 5541 creata,qna:
828 5473 998 5526 multa
1027 5481 1157 5526 sunt
1183 5483 1236 5526 ct
1268 5473 1462 5541 plurali
1486 5487 1713 5526 numero
1743 5473 2027 5527 dicuntur.

452 5563 580 5620 .Uua
597 5571 788 5618 autem
816 5574 900 5618 est
930 5563 1116 5618 divina
1169 5573 1384 5625 natura,
1415 5564 1623 5616 scilicet
1668 5573 1873 5617 saneta:
1907 5561 2026 5616 Tri-

457 5657 673 5712 nitatis.
710 5654 780 5710 Et
806 5670 996 5719 unum,
1031 5671 1137 5707 non
1197 5656 1367 5708 iiinlta
1419 5656 1562 5724 quod
1606 5672 1744 5722 sn‘pc
1799 5671 1963 5723 supra
2002 5671 2030 5706 ιι

452 5751 625 5806 .uobis
677 5747 1014 5822 argumentis
1045 5763 1074 5802 ο
1125 5748 1406 5819 5ος·ὶιιιυι“;ι
1462 5758 1693 5816 snmpts
1744 5749 2030 5816 probatum

2135 4563 2432 4631 ἄφθαρτον,
2462 4561 2523 4614 τὸ
2563 4562 2856 4631 ἄτρεπτον,
2889 4559 2949 4611 τὺ
2997 4559 3407 4628 ἀκατάληπτον,
3440 4558 3501 4608 τὸ
3549 4559 3715 4608 δυνα-

2133 4653 2245 4718 τδν,
2281 4653 2342 4704 τὸ
2363 4651 2776 4720 προγνωστικὸν
2808 4651 2902 4702 καὶ
2927 4649 3029 4702 ὅσα
3061 4651 3209 4701 ἐστὶν
3233 4649 3262 4699 6
3295 4648 3505 4716 Πατὴρ,
3532 4645 3712 4698 ταῦτα

2137 4741 2242 4793 ῐδια
2279 4741 2371 4792 τοὺ
2431 4739 2556 4792 Υὶοῦ
2605 4740 2889 4808 τυγχάνει.
2943 4737 3211 4791 Ἐνταῦοα
3271 4739 3454 4790 τοίνυν
3487 4741 3515 4788 ό
3564 4739 3714 4806 Γρη-

2135 4829 2302 4898 γορᾶς
2326 4829 2417 4880 τὸν
2459 4831 2632 4897 μέγαν
2659 4828 2900 4896 ἔφασκεν
2948 4827 3273 4880 Ἀθανάσιον
3306 4827 3396 4881 διὰ
3439 4826 3539 4894 τῆς
3574 4827 3686 4894 πλη

2136 4919 2388 4988 θυντικῆς
2449 4919 2899 4989 ἀπαγορεύσεως,
2944 4920 3044 4987 τῆς
3091 4919 3190 4986 οὐχ
3236 4918 3425 4969 ἐνεκεν
3474 4917 3715 4969 κτιστῶν

2136 5012 2497 5078 πραγμάτων,
2539 5011 2785 5077 ἀναιρεῖν
2846 5009 2921 5078 μή
2977 5009 3059 5061 ὅτι
3107 5009 3166 5059 οὐ
3223 5010 3442 5072 κτιστα,
3473 5008 3592 5060 ἀλλ’
3625 5009 3712 5061 δτι

2135 5103 2257 5153 οὐδὲ
2290 5104 2612 5170 πράγματα.
2645 5100 2706 5152 Εἰ
2749 5100 2806 5153 δέ
2857 5100 2934 5169 μὴ
2973 5101 3068 5151 xui.
3101 5098 3199 5166 τὴν
3231 5100 3382 5149 θέσιν
3418 5102 3481 5168 τῇ
3538 5099 3714 5168 ἀρνήο

2138 5207 2220 5241 σει
2263 5191 2586 5260 ἐπήνεγκεν,
2631 5190 2832 5258 ἣκιστα
2860 5190 3018 5241 τοῦτο
3069 5188 3276 5240 καινόν.
3307 5189 3446 5257 Φησὶ
3467 5190 3576 5257 γαρ
3619 5193 3714 5240 καὶ

2136 5283 2164 5333 ό
2217 5283 2387 5350 μέγας
2442 5284 2499 5333 ὲν
2553 5281 2803 5351 θεολογίᾳ
2839 5280 3140 5349 Γρηγόριος
3198 5275 3551 5332 εἶναιπολλὰ
3601 5281 3716 5331 τῶν

2137 5375 2281 5428 οὑτω
2326 5371 2663 5439 λεγομένων,
2709 5369 3020 5439 ἀρνητικῶς
3071 5369 3192 5437 μὲν,
3229 5368 3288 5420 οὐ
3351 5366 3583 5428 θετικῶς
3614 5367 3712 5418 δέ’

2137 5465 2212 5528 ὼς
2238 5464 2320 5526 τδο
2362 5481 2380 5514 ί
2418 5463 2492 5514 0ὑ
2523 5462 2630 5529 γὰρ
2663 5463 2724 5513 ὲκ
2755 5462 2955 5531 μέτρου
2982 5461 3200 5513 δίδωσιν
3231 5461 3257 5511 6
3283 5459 3416 5520 Θεὸς
3447 5457 3506 5510 τὸ
3541 5458 3712 5509 Πνεῦ-

2141 5575 2246 5627 μα.
2280 5575 2297 5607 ι
2335 5552 2472 5607 Οὐτε
2524 5555 2632 5622 γὰρ
2687 5553 2907 5605 δίδωσιν
2964 5551 3088 5604 οὐτε
3147 5553 3602 5621 μεμετρημένον·
3649 5549 3714 5600 οὐ

2140 5651 2249 5718 γὰρ
2288 5649 2571 5718 μετρεῖται
2621 5649 2772 5716 παρά
2815 5648 2952 5698 Θεοῦ
2991 5645 3144 5706 θεός.
3191 5646 3296 5696 Καὶ
3328 5643 3499 5705 οὓτως
3541 5640 3714 5702 εὐθὺς

3407 5738 3712 5806 πράγματα

2143 5744 2354 5813 ἀναιρεῖ
2389 5742 2676 5812 προφανῶς
2721 5741 2958 5802 ἐκείνους
3002 5739 3048 5790 οἳ
3083 5738 3254 5791 πολλά
3305 5754 3354 5788 τε
