  <div class='ocr_page' id='page_1' title='image "/cluster/home/n/w/nwhite01/storage/ocr_20150623/149/hvd.32044073498818/166.png"; bbox 0 0 3994 6204; ppageno 0'>
   <div class='ocr_carea' id='block_1_1' title="bbox 293 273 402 336">
    <p class='ocr_par' dir='ltr' id='par_1_1' title="bbox 293 273 402 336">
     <span class='ocr_line' id='line_1_1' title="bbox 293 273 402 336; baseline 0.028 -4"><span class='ocrx_word' id='word_1_1' title='bbox 293 273 402 336; x_wconf 74' lang='grc' dir='ltr'><strong>3Ξ5</strong></span> 
     </span>
    </p>
   </div>
   <div class='ocr_carea' id='block_1_2' title="bbox 1265 285 2612 350">
    <p class='ocr_par' dir='ltr' id='par_1_2' title="bbox 1265 285 2612 350">
     <span class='ocr_line' id='line_1_2' title="bbox 1265 285 2612 350; baseline 0.004 -6"><span class='ocrx_word' id='word_1_2' title='bbox 1265 285 1716 346; x_wconf 68' lang='grc' dir='ltr'><strong>ΒΥΖΑΝΤῙΝᾹΞ</strong></span> <span class='ocrx_word' id='word_1_3' title='bbox 1756 285 2152 346; x_wconf 66' lang='grc' dir='ltr'><strong>ΗΙΞΤΟΒΙᾹΞ</strong></span> <span class='ocrx_word' id='word_1_4' title='bbox 2193 289 2344 346; x_wconf 72' lang='lat' dir='ltr'><strong>Lill.</strong></span> <span class='ocrx_word' id='word_1_5' title='bbox 2395 291 2612 350; x_wconf 74' lang='lat' dir='ltr'>XXXI.</span> 
     </span>
    </p>
   </div>
   <div class='ocr_carea' id='block_1_3' title="bbox 3454 297 3557 359">
    <p class='ocr_par' dir='ltr' id='par_1_3' title="bbox 3454 297 3557 359">
     <span class='ocr_line' id='line_1_3' title="bbox 3454 297 3557 359; baseline -0.01 0"><span class='ocrx_word' id='word_1_6' title='bbox 3454 297 3557 359; x_wconf 70' lang='lat'><strong>3‘36</strong></span> 
     </span>
    </p>
   </div>
   <div class='ocr_carea' id='block_1_4' title="bbox 294 386 1853 466">
    <p class='ocr_par' dir='ltr' id='par_1_4' title="bbox 294 386 1853 464">
     <span class='ocr_line' id='line_1_4' title="bbox 294 386 1853 464; baseline 0.007 -27"><span class='ocrx_word' id='word_1_7' title='bbox 294 387 386 438; x_wconf 78' lang='grc' dir='ltr'><strong>καὶ</strong></span> <span class='ocrx_word' id='word_1_8' title='bbox 411 386 529 454; x_wconf 69' lang='grc' dir='ltr'><strong>ἅμα</strong></span> <span class='ocrx_word' id='word_1_9' title='bbox 559 387 796 442; x_wconf 81' lang='grc' dir='ltr'><strong>ἇκτιστα</strong></span> <span class='ocrx_word' id='word_1_10' title='bbox 844 389 1048 444; x_wconf 73' lang='grc' dir='ltr'><strong>οἴονται</strong></span> <span class='ocrx_word' id='word_1_11' title='bbox 1088 393 1158 446; x_wconf 81' lang='grc' dir='ltr'><strong>τὰ</strong></span> <span class='ocrx_word' id='word_1_12' title='bbox 1187 393 1471 464; x_wconf 84' lang='grc' dir='ltr'><strong>θεοπρεπῆ</strong></span> <span class='ocrx_word' id='word_1_13' title='bbox 1503 413 1562 447; x_wconf 88' lang='grc' dir='ltr'><strong>τε</strong></span> <span class='ocrx_word' id='word_1_14' title='bbox 1591 397 1685 450; x_wconf 82' lang='grc' dir='ltr'><strong>καὶ</strong></span> <span class='ocrx_word' id='word_1_15' title='bbox 1723 395 1853 449; x_wconf 80' lang='grc' dir='ltr'><strong>κατὸ</strong></span> 
     </span>
    </p>
   </div>
   <div class='ocr_carea' id='block_1_5' title="bbox 1960 386 3556 466">
    <p class='ocr_par' dir='ltr' id='par_1_5' title="bbox 1968 396 3556 466">
     <span class='ocr_line' id='line_1_5' title="bbox 1968 396 3556 466; baseline 0.011 -18"><span class='ocrx_word' id='word_1_16' title='bbox 1968 407 2072 449; x_wconf 85' lang='lat' dir='ltr'><strong>est.</strong></span> <span class='ocrx_word' id='word_1_17' title='bbox 2109 396 2246 451; x_wconf 86' lang='lat' dir='ltr'><strong>Dicit</strong></span> <span class='ocrx_word' id='word_1_18' title='bbox 2271 397 2436 450; x_wconf 80' lang='lat' dir='ltr'><strong>etiam</strong></span> <span class='ocrx_word' id='word_1_19' title='bbox 2474 399 2533 450; x_wconf 75' lang='grc' dir='ltr'><strong>Ι).</strong></span> <span class='ocrx_word' id='word_1_20' title='bbox 2555 398 2794 453; x_wconf 78' lang='lat' dir='ltr'><strong>Joannes</strong></span> <span class='ocrx_word' id='word_1_21' title='bbox 2828 399 3222 458; x_wconf 87' lang='lat' dir='ltr'><strong>Damascenus:</strong></span> <span class='ocrx_word' id='word_1_22' title='bbox 3259 403 3314 458; x_wconf 89' lang='lat' dir='ltr'><strong>Si</strong></span> <span class='ocrx_word' id='word_1_23' title='bbox 3351 409 3556 466; x_wconf 87' lang='lat' dir='ltr'><strong>multos</strong></span> 
     </span>
    </p>
   </div>
   <div class='ocr_carea' id='block_1_6' title="bbox 291 475 1876 554">
    <p class='ocr_par' dir='ltr' id='par_1_6' title="bbox 291 475 1876 554">
     <span class='ocr_line' id='line_1_6' title="bbox 291 475 1876 554; baseline 0.005 -25"><span class='ocrx_word' id='word_1_24' title='bbox 291 475 390 546; x_wconf 80' lang='grc' dir='ltr'><strong>τὴν</strong></span> <span class='ocrx_word' id='word_1_25' title='bbox 447 480 738 548; x_wconf 80' lang='grc' dir='ltr'><strong>προφορὰν</strong></span> <span class='ocrx_word' id='word_1_26' title='bbox 801 479 972 532; x_wconf 78' lang='grc' dir='ltr'><strong>πολλὰ</strong></span> <span class='ocrx_word' id='word_1_27' title='bbox 1024 481 1134 534; x_wconf 87' lang='grc' dir='ltr'><strong>τῶν</strong></span> <span class='ocrx_word' id='word_1_28' title='bbox 1181 481 1504 552; x_wconf 75' lang='grc' dir='ltr'><strong>ὀνομάτων·</strong></span> <span class='ocrx_word' id='word_1_29' title='bbox 1545 485 1657 554; x_wconf 84' lang='grc' dir='ltr'><strong>Οὐχ</strong></span> <span class='ocrx_word' id='word_1_30' title='bbox 1687 485 1876 538; x_wconf 75' lang='grc' dir='ltr'><strong>ἕνεκεν</strong></span> 
     </span>
    </p>
   </div>
   <div class='ocr_carea' id='block_1_7' title="bbox 291 569 1875 648">
    <p class='ocr_par' dir='ltr' id='par_1_7' title="bbox 291 569 1875 648">
     <span class='ocr_line' id='line_1_7' title="bbox 291 569 1875 648; baseline 0.006 -28"><span class='ocrx_word' id='word_1_31' title='bbox 291 569 418 637; x_wconf 71' lang='grc' dir='ltr'><strong>γὰρ,</strong></span> <span class='ocrx_word' id='word_1_32' title='bbox 453 570 615 636; x_wconf 65' lang='grc' dir='ltr'><strong>φησι,</strong></span> <span class='ocrx_word' id='word_1_33' title='bbox 649 573 994 640; x_wconf 81' lang='grc' dir='ltr'><strong>πραγμάτων</strong></span> <span class='ocrx_word' id='word_1_34' title='bbox 1025 575 1240 626; x_wconf 84' lang='grc' dir='ltr'><strong>πολλῶν</strong></span> <span class='ocrx_word' id='word_1_35' title='bbox 1263 576 1370 646; x_wconf 75' lang='grc' dir='ltr'><strong>ἔφη</strong></span> <span class='ocrx_word' id='word_1_36' title='bbox 1403 579 1430 628; x_wconf 87' lang='grc' dir='ltr'><strong>ό</strong></span> <span class='ocrx_word' id='word_1_37' title='bbox 1464 577 1659 648; x_wconf 87' lang='grc' dir='ltr'><strong>Σωτὴρ</strong></span> <span class='ocrx_word' id='word_1_38' title='bbox 1693 579 1875 630; x_wconf 79' lang='grc' dir='ltr'><strong>ἐκεῖνα</strong></span> 
     </span>
    </p>
   </div>
   <div class='ocr_carea' id='block_1_8' title="bbox 291 661 1873 737">
    <p class='ocr_par' dir='ltr' id='par_1_8' title="bbox 291 661 1873 737">
     <span class='ocr_line' id='line_1_8' title="bbox 291 661 1873 737; baseline 0.008 -25"><span class='ocrx_word' id='word_1_39' title='bbox 291 661 360 712; x_wconf 70' lang='grc' dir='ltr'><strong>τὰ</strong></span> <span class='ocrx_word' id='word_1_40' title='bbox 395 662 596 715; x_wconf 79' lang='grc' dir='ltr'><strong>πάντα.</strong></span> <span class='ocrx_word' id='word_1_41' title='bbox 641 663 932 716; x_wconf 83' lang='grc' dir='ltr'><strong>Ἀδύνατον</strong></span> <span class='ocrx_word' id='word_1_42' title='bbox 959 668 1068 737; x_wconf 84' lang='grc' dir='ltr'><strong>γὰρ</strong></span> <span class='ocrx_word' id='word_1_43' title='bbox 1102 667 1176 736; x_wconf 80' lang='grc' dir='ltr'><strong>μὴ</strong></span> <span class='ocrx_word' id='word_1_44' title='bbox 1204 669 1402 722; x_wconf 81' lang='grc' dir='ltr'><strong>κτιστὰ</strong></span> <span class='ocrx_word' id='word_1_45' title='bbox 1440 665 1604 734; x_wconf 73' lang='grc' dir='ltr'><strong>εῖναι,</strong></span> <span class='ocrx_word' id='word_1_46' title='bbox 1631 669 1667 724; x_wconf 80' lang='grc' dir='ltr'><strong>ἃ.</strong></span> <span class='ocrx_word' id='word_1_47' title='bbox 1698 671 1873 724; x_wconf 83' lang='grc' dir='ltr'><strong>πολλά</strong></span> 
     </span>
    </p>
   </div>
   <div class='ocr_carea' id='block_1_9' title="bbox 291 753 1863 832">
    <p class='ocr_par' dir='ltr' id='par_1_9' title="bbox 291 753 1863 832">
     <span class='ocr_line' id='line_1_9' title="bbox 291 753 1863 832; baseline 0.009 -27"><span class='ocrx_word' id='word_1_48' title='bbox 291 753 348 806; x_wconf 80' lang='grc' dir='ltr'><strong>τέ</strong></span> <span class='ocrx_word' id='word_1_49' title='bbox 415 755 534 808; x_wconf 76' lang='grc' dir='ltr'><strong>ἐστι</strong></span> <span class='ocrx_word' id='word_1_50' title='bbox 591 755 684 808; x_wconf 81' lang='grc' dir='ltr'><strong>καὶ</strong></span> <span class='ocrx_word' id='word_1_51' title='bbox 741 758 1126 826; x_wconf 74' lang='grc' dir='ltr'><strong>πληθυντικῶς</strong></span> <span class='ocrx_word' id='word_1_52' title='bbox 1165 760 1404 828; x_wconf 80' lang='grc' dir='ltr'><strong>λέγεται.</strong></span> <span class='ocrx_word' id='word_1_53' title='bbox 1435 762 1624 826; x_wconf 69' lang='grc' dir='ltr'>Μονὰς</span> <span class='ocrx_word' id='word_1_54' title='bbox 1675 764 1784 832; x_wconf 78' lang='grc' dir='ltr'><strong>γᾴρ</strong></span> <span class='ocrx_word' id='word_1_55' title='bbox 1830 764 1863 832; x_wconf 84' lang='grc' dir='ltr'><strong>ὴ</strong></span> 
     </span>
    </p>
   </div>
   <div class='ocr_carea' id='block_1_10' title="bbox 294 841 1865 919">
    <p class='ocr_par' dir='ltr' id='par_1_10' title="bbox 294 841 1865 919">
     <span class='ocr_line' id='line_1_10' title="bbox 294 841 1865 919; baseline 0.008 -27"><span class='ocrx_word' id='word_1_56' title='bbox 294 841 411 893; x_wconf 83' lang='grc' dir='ltr'><strong>θεία</strong></span> <span class='ocrx_word' id='word_1_57' title='bbox 475 844 640 911; x_wconf 79' lang='grc' dir='ltr'>φύσις</span> <span class='ocrx_word' id='word_1_58' title='bbox 693 846 872 898; x_wconf 81' lang='grc' dir='ltr'><strong>εῐτυυν</strong></span> <span class='ocrx_word' id='word_1_59' title='bbox 919 847 950 917; x_wconf 81' lang='grc' dir='ltr'><strong>ή</strong></span> <span class='ocrx_word' id='word_1_60' title='bbox 1010 849 1138 915; x_wconf 79' lang='grc' dir='ltr'><strong>ἁγία</strong></span> <span class='ocrx_word' id='word_1_61' title='bbox 1177 848 1369 919; x_wconf 78' lang='grc' dir='ltr'><strong>Τριὰς,</strong></span> <span class='ocrx_word' id='word_1_62' title='bbox 1413 853 1506 904; x_wconf 76' lang='grc' dir='ltr'><strong>καὶ</strong></span> <span class='ocrx_word' id='word_1_63' title='bbox 1558 850 1616 904; x_wconf 77' lang='grc' dir='ltr'><strong>ἓν</strong></span> <span class='ocrx_word' id='word_1_64' title='bbox 1661 852 1755 904; x_wconf 78' lang='grc' dir='ltr'><strong>καὶ</strong></span> <span class='ocrx_word' id='word_1_65' title='bbox 1805 853 1865 904; x_wconf 73' lang='grc' dir='ltr'><strong>οὐ</strong></span> 
     </span>
    </p>
   </div>
   <div class='ocr_carea' id='block_1_11' title="bbox 295 934 1869 1012">
    <p class='ocr_par' dir='ltr' id='par_1_11' title="bbox 295 934 1869 1012">
     <span class='ocr_line' id='line_1_11' title="bbox 295 934 1869 1012; baseline 0.008 -29"><span class='ocrx_word' id='word_1_66' title='bbox 295 934 484 996; x_wconf 71' lang='grc' dir='ltr'><strong>πολλὰ,</strong></span> <span class='ocrx_word' id='word_1_67' title='bbox 517 936 593 998; x_wconf 84' lang='grc' dir='ltr'><strong>ὡς</strong></span> <span class='ocrx_word' id='word_1_68' title='bbox 651 937 914 1000; x_wconf 77' lang='grc' dir='ltr'><strong>πολλάκις</strong></span> <span class='ocrx_word' id='word_1_69' title='bbox 953 941 1087 1008; x_wconf 83' lang='grc' dir='ltr'><strong>ἡμῖν</strong></span> <span class='ocrx_word' id='word_1_70' title='bbox 1125 941 1384 1012; x_wconf 82' lang='grc' dir='ltr'><strong>ἀνωτέρω</strong></span> <span class='ocrx_word' id='word_1_71' title='bbox 1433 941 1521 996; x_wconf 79' lang='grc' dir='ltr'>διὰ</span> <span class='ocrx_word' id='word_1_72' title='bbox 1571 943 1869 1011; x_wconf 78' lang='grc' dir='ltr'><strong>γραφικῶν</strong></span> 
     </span>
    </p>
   </div>
   <div class='ocr_carea' id='block_1_12' title="bbox 296 1027 1871 1102">
    <p class='ocr_par' dir='ltr' id='par_1_12' title="bbox 296 1027 1871 1102">
     <span class='ocr_line' id='line_1_12' title="bbox 296 1027 1871 1102; baseline 0.01 -27"><span class='ocrx_word' id='word_1_73' title='bbox 296 1027 674 1098; x_wconf 79' lang='grc' dir='ltr'><strong>συνεπεράνθη</strong></span> <span class='ocrx_word' id='word_1_74' title='bbox 742 1029 984 1096; x_wconf 76' lang='grc' dir='ltr'><strong>δείξεων.</strong></span> <span class='ocrx_word' id='word_1_75' title='bbox 1032 1031 1172 1101; x_wconf 78' lang='grc' dir='ltr'><strong>Φησὶ</strong></span> <span class='ocrx_word' id='word_1_76' title='bbox 1234 1033 1342 1102; x_wconf 81' lang='grc' dir='ltr'><strong>γὰρ</strong></span> <span class='ocrx_word' id='word_1_77' title='bbox 1399 1034 1493 1088; x_wconf 65' lang='grc' dir='ltr'><strong>καί⁸</strong></span> <span class='ocrx_word' id='word_1_78' title='bbox 1537 1037 1564 1088; x_wconf 86' lang='grc' dir='ltr'><strong>ὁ</strong></span> <span class='ocrx_word' id='word_1_79' title='bbox 1617 1035 1761 1100; x_wconf 85' lang='grc' dir='ltr'>θεῖος</span> <span class='ocrx_word' id='word_1_80' title='bbox 1808 1037 1871 1091; x_wconf 77' lang='grc' dir='ltr'><strong>ἐκ</strong></span> 
     </span>
    </p>
   </div>
   <div class='ocr_carea' id='block_1_13' title="bbox 1975 485 3552 556">
    <p class='ocr_par' dir='ltr' id='par_1_13' title="bbox 1975 485 3552 556">
     <span class='ocr_line' id='line_1_13' title="bbox 1975 485 3552 556; baseline 0.009 -16"><span class='ocrx_word' id='word_1_81' title='bbox 1975 485 2111 540; x_wconf 84' lang='lat' dir='ltr'><strong>deos</strong></span> <span class='ocrx_word' id='word_1_82' title='bbox 2161 489 2577 556; x_wconf 79' lang='lat' dir='ltr'><strong>appellaremus,</strong></span> <span class='ocrx_word' id='word_1_83' title='bbox 2609 505 2832 546; x_wconf 84' lang='lat' dir='ltr'><strong>necesse</strong></span> <span class='ocrx_word' id='word_1_84' title='bbox 2871 503 3018 547; x_wconf 84' lang='lat' dir='ltr'><strong>esset</strong></span> <span class='ocrx_word' id='word_1_85' title='bbox 3049 503 3106 550; x_wconf 87' lang='lat' dir='ltr'><strong>ut</strong></span> <span class='ocrx_word' id='word_1_86' title='bbox 3140 499 3374 551; x_wconf 87' lang='lat' dir='ltr'><strong>varietas</strong></span> <span class='ocrx_word' id='word_1_87' title='bbox 3409 501 3552 554; x_wconf 73' lang='lat' dir='ltr'><strong>inter</strong></span> 
     </span>
    </p>
   </div>
   <div class='ocr_carea' id='block_1_14' title="bbox 1978 579 3552 650">
    <p class='ocr_par' dir='ltr' id='par_1_14' title="bbox 1978 579 3552 650">
     <span class='ocr_line' id='line_1_14' title="bbox 1978 579 3552 650; baseline 0.009 -19"><span class='ocrx_word' id='word_1_88' title='bbox 1978 579 2182 633; x_wconf 87' lang='lat' dir='ltr'><strong>multos</strong></span> <span class='ocrx_word' id='word_1_89' title='bbox 2206 589 2546 634; x_wconf 89' lang='lat' dir='ltr'><strong>cerneretur.</strong></span> <span class='ocrx_word' id='word_1_90' title='bbox 2572 579 2625 635; x_wconf 91' lang='lat' dir='ltr'><strong>Si</strong></span> <span class='ocrx_word' id='word_1_91' title='bbox 2659 581 2802 636; x_wconf 89' lang='lat' dir='ltr'><strong>nulla</strong></span> <span class='ocrx_word' id='word_1_92' title='bbox 2833 582 2978 638; x_wconf 87' lang='lat' dir='ltr'><strong>inter</strong></span> <span class='ocrx_word' id='word_1_93' title='bbox 3001 600 3096 638; x_wconf 90' lang='lat' dir='ltr'><strong>eos</strong></span> <span class='ocrx_word' id='word_1_94' title='bbox 3120 585 3428 644; x_wconf 79' lang='lat' dir='ltr'><strong>dill‘erentia</strong></span> <span class='ocrx_word' id='word_1_95' title='bbox 3449 600 3552 650; x_wconf 84' lang='lat' dir='ltr'><strong>est.</strong></span> 
     </span>
    </p>
   </div>
   <div class='ocr_carea' id='block_1_15' title="bbox 1975 673 3555 735">
    <p class='ocr_par' dir='ltr' id='par_1_15' title="bbox 1975 673 3555 735">
     <span class='ocr_line' id='line_1_15' title="bbox 1975 673 3555 735; baseline 0.008 -13"><span class='ocrx_word' id='word_1_96' title='bbox 1975 685 2119 726; x_wconf 90' lang='lat' dir='ltr'><strong>unus</strong></span> <span class='ocrx_word' id='word_1_97' title='bbox 2151 681 2256 732; x_wconf 88' lang='lat' dir='ltr'><strong>est,</strong></span> <span class='ocrx_word' id='word_1_98' title='bbox 2285 687 2394 725; x_wconf 90' lang='lat' dir='ltr'><strong>non</strong></span> <span class='ocrx_word' id='word_1_99' title='bbox 2428 673 2608 726; x_wconf 88' lang='lat' dir='ltr'><strong>multi.</strong></span> <span class='ocrx_word' id='word_1_100' title='bbox 2654 673 2770 728; x_wconf 87' lang='lat' dir='ltr'><strong>Non</strong></span> <span class='ocrx_word' id='word_1_101' title='bbox 2813 675 2958 728; x_wconf 90' lang='lat' dir='ltr'><strong>enim</strong></span> <span class='ocrx_word' id='word_1_102' title='bbox 2984 675 3267 733; x_wconf 76' lang='lat' dir='ltr'><strong>(liﬂerrent</strong></span> <span class='ocrx_word' id='word_1_103' title='bbox 3320 680 3460 734; x_wconf 85' lang='lat' dir='ltr'><strong>inter</strong></span> <span class='ocrx_word' id='word_1_104' title='bbox 3495 697 3555 735; x_wconf 89' lang='lat' dir='ltr'><strong>se</strong></span> 
     </span>
    </p>
   </div>
   <div class='ocr_carea' id='block_1_16' title="bbox 1977 761 3557 840">
    <p class='ocr_par' dir='ltr' id='par_1_16' title="bbox 1977 761 3557 840">
     <span class='ocr_line' id='line_1_16' title="bbox 1977 761 3557 840; baseline 0.006 -26"><span class='ocrx_word' id='word_1_105' title='bbox 1977 777 2098 832; x_wconf 71' lang='lat' dir='ltr'><strong>qua:</strong></span> <span class='ocrx_word' id='word_1_106' title='bbox 2131 761 2397 816; x_wconf 77' lang='lat' dir='ltr'><strong>differunt</strong></span> <span class='ocrx_word' id='word_1_107' title='bbox 2428 763 2570 832; x_wconf 88' lang='lat' dir='ltr'><strong>apud</strong></span> <span class='ocrx_word' id='word_1_108' title='bbox 2621 763 2681 816; x_wconf 79' lang='grc' dir='ltr'><strong>Ι).</strong></span> <span class='ocrx_word' id='word_1_109' title='bbox 2735 765 3053 832; x_wconf 79' lang='lat' dir='ltr'><strong>Maximum,</strong></span> <span class='ocrx_word' id='word_1_110' title='bbox 3089 769 3192 822; x_wconf 90' lang='lat' dir='ltr'><strong>nisi</strong></span> <span class='ocrx_word' id='word_1_111' title='bbox 3232 785 3409 825; x_wconf 59' lang='lat' dir='ltr'><strong>causa;</strong></span> <span class='ocrx_word' id='word_1_112' title='bbox 3433 773 3557 840; x_wconf 85' lang='lat' dir='ltr'><strong>qui-</strong></span> 
     </span>
    </p>
   </div>
   <div class='ocr_carea' id='block_1_17' title="bbox 1977 845 3554 927">
    <p class='ocr_par' dir='ltr' id='par_1_17' title="bbox 1977 845 3554 927">
     <span class='ocr_line' id='line_1_17' title="bbox 1977 845 3554 927; baseline 0.008 -22"><span class='ocrx_word' id='word_1_113' title='bbox 1977 853 2082 906; x_wconf 89' lang='lat' dir='ltr'><strong>bus</strong></span> <span class='ocrx_word' id='word_1_114' title='bbox 2111 845 2220 906; x_wconf 69' lang='lat' dir='ltr'><strong>nat‘i</strong></span> <span class='ocrx_word' id='word_1_115' title='bbox 2248 862 2395 916; x_wconf 92' lang='lat' dir='ltr'><strong>sunt,</strong></span> <span class='ocrx_word' id='word_1_116' title='bbox 2431 855 2882 927; x_wconf 80' lang='lat' dir='ltr'><strong>haberent368</strong></span> <span class='ocrx_word' id='word_1_117' title='bbox 2907 860 3246 914; x_wconf 77' lang='lat' dir='ltr'><strong>varietatem.</strong></span> <span class='ocrx_word' id='word_1_118' title='bbox 3277 861 3388 916; x_wconf 85' lang='lat' dir='ltr'><strong>Nec</strong></span> <span class='ocrx_word' id='word_1_119' title='bbox 3405 865 3554 917; x_wconf 89' lang='lat' dir='ltr'><strong>enim</strong></span> 
     </span>
    </p>
   </div>
   <div class='ocr_carea' id='block_1_18' title="bbox 1979 944 3556 1014">
    <p class='ocr_par' dir='ltr' id='par_1_18' title="bbox 1979 944 3556 1014">
     <span class='ocr_line' id='line_1_18' title="bbox 1979 944 3556 1014; baseline 0.01 -18"><span class='ocrx_word' id='word_1_120' title='bbox 1979 944 2280 1014; x_wconf 81' lang='lat' dir='ltr'><strong>perfectum</strong></span> <span class='ocrx_word' id='word_1_121' title='bbox 2311 961 2414 1002; x_wconf 91' lang='lat' dir='ltr'><strong>nec</strong></span> <span class='ocrx_word' id='word_1_122' title='bbox 2445 945 2771 1003; x_wconf 90' lang='lat' dir='ltr'><strong>immensum</strong></span> <span class='ocrx_word' id='word_1_123' title='bbox 2794 966 2895 1004; x_wconf 90' lang='lat' dir='ltr'><strong>nec</strong></span> <span class='ocrx_word' id='word_1_124' title='bbox 2919 951 3260 1006; x_wconf 83' lang='lat' dir='ltr'><strong>indeﬁnitum</strong></span> <span class='ocrx_word' id='word_1_125' title='bbox 3290 953 3345 1008; x_wconf 89' lang='lat' dir='ltr'><strong>in</strong></span> <span class='ocrx_word' id='word_1_126' title='bbox 3368 956 3556 1012; x_wconf 87' lang='lat' dir='ltr'><strong>multis</strong></span> 
     </span>
    </p>
   </div>
   <div class='ocr_carea' id='block_1_19' title="bbox 1983 1037 2442 1107">
    <p class='ocr_par' dir='ltr' id='par_1_19' title="bbox 1983 1037 2442 1107">
     <span class='ocr_line' id='line_1_19' title="bbox 1983 1037 2442 1107; baseline 0 -15"><span class='ocrx_word' id='word_1_127' title='bbox 1983 1037 2194 1092; x_wconf 86' lang='lat' dir='ltr'><strong>servari</strong></span> <span class='ocrx_word' id='word_1_128' title='bbox 2235 1047 2442 1107; x_wconf 81' lang='lat' dir='ltr'><strong>potest.</strong></span> 
     </span>
    </p>
   </div>
   <div class='ocr_carea' id='block_1_20' title="bbox 290 1121 3553 1216">
    <p class='ocr_par' dir='ltr' id='par_1_20' title="bbox 290 1121 3553 1216">
     <span class='ocr_line' id='line_1_20' title="bbox 290 1121 3553 1216; baseline 0.005 -40"><span class='ocrx_word' id='word_1_129' title='bbox 290 1121 624 1190; x_wconf 78' lang='grc' dir='ltr'><strong>Δαμασκοῦ·</strong></span> <span class='ocrx_word' id='word_1_130' title='bbox 649 1124 928 1196; x_wconf 82' lang='grc' dir='ltr'><strong>Ἰωάννης,</strong></span> <span class='ocrx_word' id='word_1_131' title='bbox 995 1125 1058 1198; x_wconf 76' lang='grc' dir='ltr'><strong>[Γ.</strong></span> <span class='ocrx_word' id='word_1_132' title='bbox 1100 1128 1204 1184; x_wconf 68' lang='grc'><strong>174</strong></span> <span class='ocrx_word' id='word_1_133' title='bbox 1226 1127 1277 1202; x_wconf 78' lang='grc' dir='ltr'><strong>τ]</strong></span> <span class='ocrx_word' id='word_1_134' title='bbox 1307 1131 1384 1194; x_wconf 86' lang='grc' dir='ltr'>ὼς</span> <span class='ocrx_word' id='word_1_135' title='bbox 1451 1133 1500 1184; x_wconf 79' lang='grc' dir='ltr'><strong>εί</strong></span> <span class='ocrx_word' id='word_1_136' title='bbox 1531 1131 1760 1194; x_wconf 84' lang='grc' dir='ltr'>πολλοὺς</span> <span class='ocrx_word' id='word_1_137' title='bbox 1823 1131 2057 1204; x_wconf 77' lang='grc' dir='ltr'><strong>ἐροῦμεν</strong></span> <span class='ocrx_word' id='word_1_138' title='bbox 2098 1131 2280 1199; x_wconf 80' lang='grc' dir='ltr'><strong>θεοὺς,</strong></span> <span class='ocrx_word' id='word_1_139' title='bbox 2337 1135 2554 1204; x_wconf 84' lang='grc' dir='ltr'><strong>ἀνάγκη</strong></span> <span class='ocrx_word' id='word_1_140' title='bbox 2587 1136 2867 1216; x_wconf 51' lang='grc' dir='ltr'><strong>,διαφορὰν</strong></span> <span class='ocrx_word' id='word_1_141' title='bbox 2914 1137 2971 1189; x_wconf 87' lang='grc' dir='ltr'><strong>ὲν</strong></span> <span class='ocrx_word' id='word_1_142' title='bbox 3015 1141 3126 1202; x_wconf 83' lang='grc' dir='ltr'><strong>τοῖς</strong></span> <span class='ocrx_word' id='word_1_143' title='bbox 3169 1138 3384 1204; x_wconf 82' lang='grc' dir='ltr'>πολλιῖς</span> <span class='ocrx_word' id='word_1_144' title='bbox 3421 1140 3553 1193; x_wconf 88' lang='grc' dir='ltr'><strong>θεω-</strong></span> 
     </span>
    </p>
   </div>
   <div class='ocr_carea' id='block_1_21' title="bbox 290 1216 3553 1298">
    <p class='ocr_par' dir='ltr' id='par_1_21' title="bbox 290 1216 3553 1298">
     <span class='ocr_line' id='line_1_21' title="bbox 290 1216 3553 1298; baseline 0.005 -33"><span class='ocrx_word' id='word_1_145' title='bbox 290 1216 526 1284; x_wconf 79' lang='grc' dir='ltr'><strong>ρεῖσθαι.</strong></span> <span class='ocrx_word' id='word_1_146' title='bbox 563 1216 626 1268; x_wconf 80' lang='lat' dir='ltr'><strong>Ei</strong></span> <span class='ocrx_word' id='word_1_147' title='bbox 666 1216 712 1270; x_wconf 91' lang='grc' dir='ltr'>δ’</span> <span class='ocrx_word' id='word_1_148' title='bbox 741 1217 970 1288; x_wconf 80' lang='grc' dir='ltr'>οὐδεμία</span> <span class='ocrx_word' id='word_1_149' title='bbox 999 1219 1236 1290; x_wconf 84' lang='grc' dir='ltr'><strong>διαφορὰ</strong></span> <span class='ocrx_word' id='word_1_150' title='bbox 1270 1223 1328 1274; x_wconf 79' lang='grc' dir='ltr'><strong>ὲν</strong></span> <span class='ocrx_word' id='word_1_151' title='bbox 1361 1221 1567 1286; x_wconf 80' lang='grc' dir='ltr'><strong>αὐτοῖς,</strong></span> <span class='ocrx_word' id='word_1_152' title='bbox 1641 1218 1722 1286; x_wconf 71' lang='grc' dir='ltr'><strong>εἷς</strong></span> <span class='ocrx_word' id='word_1_153' title='bbox 1765 1222 1968 1294; x_wconf 80' lang='grc' dir='ltr'><strong>μᾶλλον</strong></span> <span class='ocrx_word' id='word_1_154' title='bbox 2035 1223 2129 1276; x_wconf 76' lang='grc' dir='ltr'><strong>καὶ</strong></span> <span class='ocrx_word' id='word_1_155' title='bbox 2167 1223 2227 1276; x_wconf 84' lang='grc' dir='ltr'><strong>οὐ</strong></span> <span class='ocrx_word' id='word_1_156' title='bbox 2261 1223 2471 1279; x_wconf 88' lang='grc' dir='ltr'><strong>πολλοί.</strong></span> <span class='ocrx_word' id='word_1_157' title='bbox 2538 1226 2614 1278; x_wconf 86' lang='grc' dir='ltr'><strong>Οὐ</strong></span> <span class='ocrx_word' id='word_1_158' title='bbox 2677 1227 2786 1294; x_wconf 71' lang='grc' dir='ltr'><strong>γὰρ</strong></span> <span class='ocrx_word' id='word_1_159' title='bbox 2839 1226 2904 1278; x_wconf 87' lang='grc' dir='ltr'><strong>ἂν</strong></span> <span class='ocrx_word' id='word_1_160' title='bbox 2931 1227 3178 1296; x_wconf 82' lang='grc' dir='ltr'><strong>διέφερον</strong></span> <span class='ocrx_word' id='word_1_161' title='bbox 3209 1227 3457 1298; x_wconf 76' lang='grc' dir='ltr'><strong>ἀλλήλων</strong></span> <span class='ocrx_word' id='word_1_162' title='bbox 3486 1231 3553 1282; x_wconf 73' lang='grc' dir='ltr'><strong>τὰ</strong></span> 
     </span>
    </p>
   </div>
   <div class='ocr_carea' id='block_1_22' title="bbox 285 1311 3552 1396">
    <p class='ocr_par' dir='ltr' id='par_1_22' title="bbox 285 1311 3552 1396">
     <span class='ocr_line' id='line_1_22' title="bbox 285 1311 3552 1396; baseline 0.005 -34"><span class='ocrx_word' id='word_1_163' title='bbox 285 1311 616 1380; x_wconf 76' lang='grc' dir='ltr'><strong>διαφέροντα</strong></span> <span class='ocrx_word' id='word_1_164' title='bbox 671 1314 814 1366; x_wconf 75' lang='grc' dir='ltr'><strong>κατὰ</strong></span> <span class='ocrx_word' id='word_1_165' title='bbox 876 1315 968 1367; x_wconf 75' lang='grc' dir='ltr'><strong>τὸν</strong></span> <span class='ocrx_word' id='word_1_166' title='bbox 1023 1314 1168 1368; x_wconf 81' lang='grc' dir='ltr'><strong>θεῖον</strong></span> <span class='ocrx_word' id='word_1_167' title='bbox 1227 1317 1506 1386; x_wconf 77' lang='grc' dir='ltr'><strong>Μάξιμον,</strong></span> <span class='ocrx_word' id='word_1_168' title='bbox 1567 1319 1615 1371; x_wconf 87' lang='grc' dir='ltr'>εί</span> <span class='ocrx_word' id='word_1_169' title='bbox 1651 1317 1746 1394; x_wconf 21' lang='grc' dir='ltr'><strong>’μὴ</strong></span> <span class='ocrx_word' id='word_1_170' title='bbox 1794 1317 1903 1371; x_wconf 87' lang='grc' dir='ltr'><strong>τῶν</strong></span> <span class='ocrx_word' id='word_1_171' title='bbox 1941 1318 2118 1386; x_wconf 81' lang='grc' dir='ltr'><strong>λόγων</strong></span> <span class='ocrx_word' id='word_1_172' title='bbox 2169 1313 2254 1382; x_wconf 74' lang='grc' dir='ltr'>οἷς</span> <span class='ocrx_word' id='word_1_173' title='bbox 2326 1319 2619 1389; x_wconf 84' lang='grc' dir='ltr'><strong>γεγόνασιν</strong></span> <span class='ocrx_word' id='word_1_174' title='bbox 2655 1321 2889 1390; x_wconf 80' lang='grc' dir='ltr'><strong>ἑχόντων</strong></span> <span class='ocrx_word' id='word_1_175' title='bbox 2950 1322 3254 1394; x_wconf 73' lang='grc' dir='ltr'><strong>διαφοράν·</strong></span> <span class='ocrx_word' id='word_1_176' title='bbox 3288 1325 3412 1378; x_wconf 74' lang='grc' dir='ltr'><strong>οὔτε</strong></span> <span class='ocrx_word' id='word_1_177' title='bbox 3443 1328 3552 1396; x_wconf 74' lang='grc' dir='ltr'><strong>γὰρ</strong></span> 
     </span>
    </p>
   </div>
   <div class='ocr_carea' id='block_1_23' title="bbox 284 1405 3027 1486">
    <p class='ocr_par' dir='ltr' id='par_1_23' title="bbox 284 1405 3027 1486">
     <span class='ocr_line' id='line_1_23' title="bbox 284 1405 3027 1486; baseline 0.006 -30"><span class='ocrx_word' id='word_1_178' title='bbox 284 1405 344 1457; x_wconf 73' lang='grc' dir='ltr'><strong>τὸ</strong></span> <span class='ocrx_word' id='word_1_179' title='bbox 371 1405 582 1458; x_wconf 84' lang='grc' dir='ltr'><strong>τέλειον</strong></span> <span class='ocrx_word' id='word_1_180' title='bbox 636 1405 760 1461; x_wconf 73' lang='grc' dir='ltr'><strong>οὔτε</strong></span> <span class='ocrx_word' id='word_1_181' title='bbox 793 1409 855 1462; x_wconf 85' lang='grc' dir='ltr'>τδ</span> <span class='ocrx_word' id='word_1_182' title='bbox 907 1411 1140 1481; x_wconf 79' lang='grc' dir='ltr'><strong>ἄπειρον</strong></span> <span class='ocrx_word' id='word_1_183' title='bbox 1171 1411 1296 1465; x_wconf 79' lang='grc' dir='ltr'><strong>οὔτε</strong></span> <span class='ocrx_word' id='word_1_184' title='bbox 1337 1415 1396 1468; x_wconf 82' lang='grc' dir='ltr'><strong>τὸ</strong></span> <span class='ocrx_word' id='word_1_185' title='bbox 1428 1417 1843 1486; x_wconf 84' lang='grc' dir='ltr'><strong>ἀπερίγραπτον</strong></span> <span class='ocrx_word' id='word_1_186' title='bbox 1879 1417 1936 1468; x_wconf 82' lang='grc' dir='ltr'><strong>ὲν</strong></span> <span class='ocrx_word' id='word_1_187' title='bbox 1969 1417 2084 1476; x_wconf 85' lang='grc' dir='ltr'>τοῖς</span> <span class='ocrx_word' id='word_1_188' title='bbox 2116 1416 2335 1478; x_wconf 83' lang='grc' dir='ltr'>πολλοῖς</span> <span class='ocrx_word' id='word_1_189' title='bbox 2380 1417 2751 1485; x_wconf 78' lang='grc' dir='ltr'><strong>φυλάττεσθαι</strong></span> <span class='ocrx_word' id='word_1_190' title='bbox 2777 1417 3027 1473; x_wconf 80' lang='grc' dir='ltr'><strong>δύναται.</strong></span> 
     </span>
    </p>
   </div>
   <div class='ocr_carea' id='block_1_24' title="bbox 355 1501 1868 1578">
    <p class='ocr_par' dir='ltr' id='par_1_24' title="bbox 355 1501 1868 1578">
     <span class='ocr_line' id='line_1_24' title="bbox 355 1501 1868 1578; baseline 0.008 -26"><span class='ocrx_word' id='word_1_191' title='bbox 355 1501 458 1554; x_wconf 85' lang='lat' dir='ltr'><strong>IB’.</strong></span> <span class='ocrx_word' id='word_1_192' title='bbox 505 1501 670 1573; x_wconf 79' lang='grc' dir='ltr'>Ὁρᾷς</span> <span class='ocrx_word' id='word_1_193' title='bbox 709 1503 848 1567; x_wconf 85' lang='grc' dir='ltr'><strong>πῶς,</strong></span> <span class='ocrx_word' id='word_1_194' title='bbox 897 1505 1032 1560; x_wconf 72' lang='grc' dir='ltr'><strong>ἕπου</strong></span> <span class='ocrx_word' id='word_1_195' title='bbox 1083 1508 1351 1577; x_wconf 79' lang='grc' dir='ltr'>διαφορᾶς</span> <span class='ocrx_word' id='word_1_196' title='bbox 1395 1512 1422 1562; x_wconf 87' lang='grc' dir='ltr'>ὀ</span> <span class='ocrx_word' id='word_1_197' title='bbox 1463 1511 1622 1578; x_wconf 81' lang='grc' dir='ltr'>λόγος</span> <span class='ocrx_word' id='word_1_198' title='bbox 1658 1513 1868 1566; x_wconf 77' lang='grc' dir='ltr'><strong>ἔννοιαν</strong></span> 
     </span>
    </p>
   </div>
   <div class='ocr_carea' id='block_1_25' title="bbox 285 1595 1866 1670">
    <p class='ocr_par' dir='ltr' id='par_1_25' title="bbox 285 1595 1866 1670">
     <span class='ocr_line' id='line_1_25' title="bbox 285 1595 1866 1670; baseline 0.011 -28"><span class='ocrx_word' id='word_1_199' title='bbox 285 1595 638 1662; x_wconf 71' lang='grc' dir='ltr'><strong>παρεισάγει,</strong></span> <span class='ocrx_word' id='word_1_200' title='bbox 671 1595 864 1650; x_wconf 77' lang='grc' dir='ltr'><strong>ἕπεται</strong></span> <span class='ocrx_word' id='word_1_201' title='bbox 893 1601 994 1668; x_wconf 83' lang='grc' dir='ltr'><strong>μὲν</strong></span> <span class='ocrx_word' id='word_1_202' title='bbox 1023 1601 1188 1664; x_wconf 78' lang='grc' dir='ltr'>εὐθὺς</span> <span class='ocrx_word' id='word_1_203' title='bbox 1218 1603 1277 1656; x_wconf 79' lang='grc' dir='ltr'><strong>τὸ</strong></span> <span class='ocrx_word' id='word_1_204' title='bbox 1311 1602 1538 1670; x_wconf 76' lang='grc' dir='ltr'><strong>πλῆθος,</strong></span> <span class='ocrx_word' id='word_1_205' title='bbox 1577 1607 1866 1660; x_wconf 76' lang='grc' dir='ltr'><strong>ἐλαύνεται</strong></span> 
     </span>
    </p>
   </div>
   <div class='ocr_carea' id='block_1_26' title="bbox 2045 1509 3550 1581">
    <p class='ocr_par' dir='ltr' id='par_1_26' title="bbox 2045 1509 3550 1581">
     <span class='ocr_line' id='line_1_26' title="bbox 2045 1509 3550 1581; baseline 0.003 -17"><span class='ocrx_word' id='word_1_206' title='bbox 2045 1509 2164 1564; x_wconf 82' lang='grc' dir='ltr'><strong>ΧΠ.</strong></span> <span class='ocrx_word' id='word_1_207' title='bbox 2199 1511 2462 1574; x_wconf 81' lang='lat' dir='ltr'><strong>Videsne,</strong></span> <span class='ocrx_word' id='word_1_208' title='bbox 2491 1513 2792 1581; x_wconf 90' lang='lat' dir='ltr'><strong>quomodo,</strong></span> <span class='ocrx_word' id='word_1_209' title='bbox 2824 1513 2916 1568; x_wconf 89' lang='lat' dir='ltr'><strong>ubi</strong></span> <span class='ocrx_word' id='word_1_210' title='bbox 2951 1530 3114 1570; x_wconf 86' lang='lat' dir='ltr'><strong>causa</strong></span> <span class='ocrx_word' id='word_1_211' title='bbox 3145 1516 3426 1570; x_wconf 88' lang='lat' dir='ltr'><strong>varietatis</strong></span> <span class='ocrx_word' id='word_1_212' title='bbox 3455 1533 3550 1570; x_wconf 82' lang='lat' dir='ltr'><strong>nn-</strong></span> 
     </span>
    </p>
   </div>
   <div class='ocr_carea' id='block_1_27' title="bbox 1975 1602 3548 1678">
    <p class='ocr_par' dir='ltr' id='par_1_27' title="bbox 1975 1602 3548 1678">
     <span class='ocr_line' id='line_1_27' title="bbox 1975 1602 3548 1678; baseline 0.007 -24"><span class='ocrx_word' id='word_1_213' title='bbox 1975 1602 2180 1656; x_wconf 88' lang='lat' dir='ltr'><strong>tionem</strong></span> <span class='ocrx_word' id='word_1_214' title='bbox 2215 1602 2401 1662; x_wconf 84' lang='lat' dir='ltr'><strong>infert.</strong></span> <span class='ocrx_word' id='word_1_215' title='bbox 2430 1614 2695 1673; x_wconf 79' lang='lat' dir='ltr'><strong>sequatur</strong></span> <span class='ocrx_word' id='word_1_216' title='bbox 2723 1607 2906 1660; x_wconf 85' lang='lat' dir='ltr'><strong>statim</strong></span> <span class='ocrx_word' id='word_1_217' title='bbox 2933 1607 3251 1675; x_wconf 86' lang='lat' dir='ltr'><strong>multitudo,</strong></span> <span class='ocrx_word' id='word_1_218' title='bbox 3285 1617 3340 1662; x_wconf 87' lang='lat' dir='ltr'><strong>et</strong></span> <span class='ocrx_word' id='word_1_219' title='bbox 3363 1609 3548 1678; x_wconf 85' lang='lat' dir='ltr'><strong>depel-</strong></span> 
     </span>
    </p>
   </div>
   <div class='ocr_carea' id='block_1_28' title="bbox 285 1683 1853 1784">
    <p class='ocr_par' dir='ltr' id='par_1_28' title="bbox 285 1683 1853 1768">
     <span class='ocr_line' id='line_1_28' title="bbox 285 1683 1853 1768; baseline 0.01 -34"><span class='ocrx_word' id='word_1_220' title='bbox 285 1683 338 1735; x_wconf 61' lang='lat' dir='ltr'><strong>es</strong></span> <span class='ocrx_word' id='word_1_221' title='bbox 371 1683 432 1735; x_wconf 71' lang='grc' dir='ltr'><strong>τὸ</strong></span> <span class='ocrx_word' id='word_1_222' title='bbox 468 1684 528 1736; x_wconf 84' lang='grc' dir='ltr'><strong>ἒν</strong></span> <span class='ocrx_word' id='word_1_223' title='bbox 569 1686 710 1756; x_wconf 82' lang='grc' dir='ltr'><strong>μετὰ</strong></span> <span class='ocrx_word' id='word_1_224' title='bbox 741 1687 836 1740; x_wconf 82' lang='grc' dir='ltr'><strong>τοῦ</strong></span> <span class='ocrx_word' id='word_1_225' title='bbox 870 1690 1084 1746; x_wconf 79' lang='grc' dir='ltr'>τελείου</span> <span class='ocrx_word' id='word_1_226' title='bbox 1131 1695 1224 1747; x_wconf 68' lang='grc' dir='ltr'><strong>καὶ</strong></span> <span class='ocrx_word' id='word_1_227' title='bbox 1274 1695 1508 1766; x_wconf 81' lang='grc' dir='ltr'>ἀπείρου</span> <span class='ocrx_word' id='word_1_228' title='bbox 1545 1697 1640 1752; x_wconf 78' lang='grc' dir='ltr'><strong>καὶ</strong></span> <span class='ocrx_word' id='word_1_229' title='bbox 1667 1699 1853 1768; x_wconf 82' lang='grc' dir='ltr'><strong>ἀπερι·</strong></span> 
     </span>
    </p>
   </div>
   <div class='ocr_carea' id='block_1_29' title="bbox 1960 1683 3546 1784">
    <p class='ocr_par' dir='ltr' id='par_1_29' title="bbox 1969 1690 3546 1756">
     <span class='ocr_line' id='line_1_29' title="bbox 1969 1690 3546 1756; baseline 0.006 -11"><span class='ocrx_word' id='word_1_230' title='bbox 1969 1690 2116 1746; x_wconf 86' lang='lat' dir='ltr'><strong>latur</strong></span> <span class='ocrx_word' id='word_1_231' title='bbox 2154 1709 2323 1747; x_wconf 91' lang='lat' dir='ltr'><strong>unum</strong></span> <span class='ocrx_word' id='word_1_232' title='bbox 2348 1710 2473 1749; x_wconf 90' lang='lat' dir='ltr'><strong>cum</strong></span> <span class='ocrx_word' id='word_1_233' title='bbox 2509 1697 2762 1750; x_wconf 87' lang='lat' dir='ltr'><strong>absoluto</strong></span> <span class='ocrx_word' id='word_1_234' title='bbox 2787 1706 2840 1752; x_wconf 88' lang='lat' dir='ltr'><strong>ct</strong></span> <span class='ocrx_word' id='word_1_235' title='bbox 2871 1698 3142 1752; x_wconf 85' lang='lat' dir='ltr'><strong>immenso</strong></span> <span class='ocrx_word' id='word_1_236' title='bbox 3171 1711 3227 1756; x_wconf 87' lang='lat' dir='ltr'><strong>et</strong></span> <span class='ocrx_word' id='word_1_237' title='bbox 3257 1699 3468 1756; x_wconf 79' lang='lat' dir='ltr'><strong>inlinito</strong></span> <span class='ocrx_word' id='word_1_238' title='bbox 3495 1709 3546 1754; x_wconf 69' lang='lat' dir='ltr'><strong>it</strong></span> 
     </span>
    </p>
   </div>
   <div class='ocr_carea' id='block_1_30' title="bbox 285 1775 1866 1856">
    <p class='ocr_par' dir='ltr' id='par_1_30' title="bbox 285 1775 1866 1856">
     <span class='ocr_line' id='line_1_30' title="bbox 285 1775 1866 1856; baseline 0.012 -31"><span class='ocrx_word' id='word_1_239' title='bbox 285 1775 536 1842; x_wconf 71' lang='lat' dir='ltr'><strong>&#39;{pimou</strong></span> <span class='ocrx_word' id='word_1_240' title='bbox 583 1779 678 1831; x_wconf 82' lang='grc' dir='ltr'><strong>καὶ</strong></span> <span class='ocrx_word' id='word_1_241' title='bbox 719 1779 819 1832; x_wconf 80' lang='grc' dir='ltr'><strong>ὅσα</strong></span> <span class='ocrx_word' id='word_1_242' title='bbox 867 1783 970 1850; x_wconf 73' lang='grc' dir='ltr'><strong>τῆς</strong></span> <span class='ocrx_word' id='word_1_243' title='bbox 1017 1784 1170 1848; x_wconf 85' lang='grc' dir='ltr'><strong>θείας</strong></span> <span class='ocrx_word' id='word_1_244' title='bbox 1198 1786 1386 1850; x_wconf 83' lang='grc' dir='ltr'>οὐσίας</span> <span class='ocrx_word' id='word_1_245' title='bbox 1418 1788 1548 1856; x_wconf 76' lang='grc' dir='ltr'><strong>ἴδια,</strong></span> <span class='ocrx_word' id='word_1_246' title='bbox 1587 1790 1792 1856; x_wconf 78' lang='grc' dir='ltr'><strong>μᾶλλον</strong></span> <span class='ocrx_word' id='word_1_247' title='bbox 1820 1791 1866 1844; x_wconf 88' lang='grc' dir='ltr'>δ’</span> 
     </span>
    </p>
   </div>
   <div class='ocr_carea' id='block_1_31' title="bbox 287 1864 1865 1946">
    <p class='ocr_par' dir='ltr' id='par_1_31' title="bbox 287 1864 1865 1946">
     <span class='ocr_line' id='line_1_31' title="bbox 287 1864 1865 1946; baseline 0.014 -31"><span class='ocrx_word' id='word_1_248' title='bbox 287 1864 388 1918; x_wconf 75' lang='grc' dir='ltr'><strong>ὅσα</strong></span> <span class='ocrx_word' id='word_1_249' title='bbox 423 1868 637 1936; x_wconf 79' lang='grc' dir='ltr'><strong>πέφυκέ</strong></span> <span class='ocrx_word' id='word_1_250' title='bbox 683 1887 742 1924; x_wconf 85' lang='grc' dir='ltr'><strong>τε</strong></span> <span class='ocrx_word' id='word_1_251' title='bbox 788 1873 882 1924; x_wconf 74' lang='grc' dir='ltr'><strong>καὶ</strong></span> <span class='ocrx_word' id='word_1_252' title='bbox 912 1874 1062 1928; x_wconf 74' lang='grc' dir='ltr'><strong>ἔστιν</strong></span> <span class='ocrx_word' id='word_1_253' title='bbox 1096 1877 1128 1944; x_wconf 82' lang='grc' dir='ltr'><strong>ἡ</strong></span> <span class='ocrx_word' id='word_1_254' title='bbox 1161 1878 1282 1931; x_wconf 83' lang='grc' dir='ltr'><strong>Θεία</strong></span> <span class='ocrx_word' id='word_1_255' title='bbox 1310 1880 1468 1932; x_wconf 81' lang='grc' dir='ltr'><strong>οὐσία</strong></span> <span class='ocrx_word' id='word_1_256' title='bbox 1495 1899 1510 1946; x_wconf 87' lang='grc'>;</span> <span class='ocrx_word' id='word_1_257' title='bbox 1542 1882 1699 1936; x_wconf 84' lang='grc' dir='ltr'><strong>Ὠσθ’</strong></span> <span class='ocrx_word' id='word_1_258' title='bbox 1731 1884 1865 1937; x_wconf 82' lang='grc' dir='ltr'>ὅπου</span> 
     </span>
    </p>
   </div>
   <div class='ocr_carea' id='block_1_32' title="bbox 291 1953 1866 2034">
    <p class='ocr_par' dir='ltr' id='par_1_32' title="bbox 291 1953 1866 2034">
     <span class='ocr_line' id='line_1_32' title="bbox 291 1953 1866 2034; baseline 0.013 -30"><span class='ocrx_word' id='word_1_259' title='bbox 291 1953 348 2005; x_wconf 74' lang='grc' dir='ltr'><strong>τὸ</strong></span> <span class='ocrx_word' id='word_1_260' title='bbox 379 1956 587 2024; x_wconf 75' lang='grc' dir='ltr'>κυρίως</span> <span class='ocrx_word' id='word_1_261' title='bbox 617 1957 738 2022; x_wconf 82' lang='grc' dir='ltr'><strong>ἓν,ὸ</strong></span> <span class='ocrx_word' id='word_1_262' title='bbox 765 1959 900 2024; x_wconf 81' lang='grc' dir='ltr'><strong>Θεὸς</strong></span> <span class='ocrx_word' id='word_1_263' title='bbox 920 1961 1146 2032; x_wconf 82' lang='grc' dir='ltr'><strong>δηλαδὴ,</strong></span> <span class='ocrx_word' id='word_1_264' title='bbox 1183 1965 1339 2034; x_wconf 87' lang='grc' dir='ltr'><strong>χώρα</strong></span> <span class='ocrx_word' id='word_1_265' title='bbox 1377 1969 1488 2030; x_wconf 67' lang='grc' dir='ltr'>τοῖς</span> <span class='ocrx_word' id='word_1_266' title='bbox 1517 1971 1736 2034; x_wconf 80' lang='grc' dir='ltr'>πολλοῖς</span> <span class='ocrx_word' id='word_1_267' title='bbox 1769 1972 1866 2034; x_wconf 58' lang='grc' dir='ltr'><strong>καὶ</strong></span> 
     </span>
    </p>
   </div>
   <div class='ocr_carea' id='block_1_33' title="bbox 293 2044 1860 2132">
    <p class='ocr_par' dir='ltr' id='par_1_33' title="bbox 293 2044 1860 2132">
     <span class='ocr_line' id='line_1_33' title="bbox 293 2044 1860 2132; baseline 0.017 -37"><span class='ocrx_word' id='word_1_268' title='bbox 293 2044 564 2114; x_wconf 76' lang='grc' dir='ltr'><strong>διαφόροις</strong></span> <span class='ocrx_word' id='word_1_269' title='bbox 588 2049 689 2102; x_wconf 86' lang='grc' dir='ltr'><strong>οὐκ</strong></span> <span class='ocrx_word' id='word_1_270' title='bbox 721 2049 867 2106; x_wconf 77' lang='grc' dir='ltr'><strong>ἐστιν</strong></span> <span class='ocrx_word' id='word_1_271' title='bbox 907 2055 1017 2107; x_wconf 79' lang='grc' dir='ltr'><strong>οὐδ’</strong></span> <span class='ocrx_word' id='word_1_272' title='bbox 1049 2057 1385 2128; x_wconf 78' lang='grc' dir='ltr'><strong>ἡτισοῦν.οὑ</strong></span> <span class='ocrx_word' id='word_1_273' title='bbox 1411 2061 1522 2132; x_wconf 83' lang='grc' dir='ltr'>γὰρ</span> <span class='ocrx_word' id='word_1_274' title='bbox 1555 2061 1704 2116; x_wconf 82' lang='grc' dir='ltr'><strong>θέσιν</strong></span> <span class='ocrx_word' id='word_1_275' title='bbox 1737 2067 1860 2122; x_wconf 77' lang='grc' dir='ltr'><strong>τινὰ</strong></span> 
     </span>
    </p>
   </div>
   <div class='ocr_carea' id='block_1_34' title="bbox 297 2136 1862 2222">
    <p class='ocr_par' dir='ltr' id='par_1_34' title="bbox 297 2136 1862 2222">
     <span class='ocr_line' id='line_1_34' title="bbox 297 2136 1862 2222; baseline 0.013 -34"><span class='ocrx_word' id='word_1_276' title='bbox 297 2136 353 2190; x_wconf 65' lang='lat' dir='ltr'><strong>to</strong></span> <span class='ocrx_word' id='word_1_277' title='bbox 387 2139 524 2192; x_wconf 84' lang='grc' dir='ltr'><strong>θεῖον</strong></span> <span class='ocrx_word' id='word_1_278' title='bbox 557 2141 736 2194; x_wconf 77' lang='grc' dir='ltr'><strong>ἐκεῖνο</strong></span> <span class='ocrx_word' id='word_1_279' title='bbox 768 2143 828 2197; x_wconf 80' lang='grc' dir='ltr'><strong>ἓν</strong></span> <span class='ocrx_word' id='word_1_280' title='bbox 870 2145 1042 2216; x_wconf 81' lang='grc' dir='ltr'><strong>δηλοῖ,</strong></span> <span class='ocrx_word' id='word_1_281' title='bbox 1077 2150 1330 2222; x_wconf 84' lang='grc' dir='ltr'><strong>καθάπερ</strong></span> <span class='ocrx_word' id='word_1_282' title='bbox 1383 2152 1444 2207; x_wconf 86' lang='grc' dir='ltr'><strong>τὺ</strong></span> <span class='ocrx_word' id='word_1_283' title='bbox 1499 2155 1553 2206; x_wconf 81' lang='grc' dir='ltr'><strong>ἐν</strong></span> <span class='ocrx_word' id='word_1_284' title='bbox 1593 2159 1709 2220; x_wconf 85' lang='grc' dir='ltr'>τοῖς</span> <span class='ocrx_word' id='word_1_285' title='bbox 1740 2159 1862 2212; x_wconf 84' lang='grc' dir='ltr'><strong>κτί-</strong></span> 
     </span>
    </p>
   </div>
   <div class='ocr_carea' id='block_1_35' title="bbox 306 2235 1866 2312">
    <p class='ocr_par' dir='ltr' id='par_1_35' title="bbox 306 2235 1866 2312">
     <span class='ocr_line' id='line_1_35' title="bbox 306 2235 1866 2312; baseline 0.015 -34"><span class='ocrx_word' id='word_1_286' title='bbox 306 2244 456 2294; x_wconf 78' lang='grc' dir='ltr'><strong>σμασι</strong></span> <span class='ocrx_word' id='word_1_287' title='bbox 479 2235 930 2302; x_wconf 78' lang='grc' dir='ltr'><strong>καταχρηστικῶς</strong></span> <span class='ocrx_word' id='word_1_288' title='bbox 959 2237 1254 2308; x_wconf 77' lang='grc' dir='ltr'><strong>λεγόμενον</strong></span> <span class='ocrx_word' id='word_1_289' title='bbox 1289 2243 1384 2294; x_wconf 80' lang='grc' dir='ltr'><strong>καὶ</strong></span> <span class='ocrx_word' id='word_1_290' title='bbox 1419 2244 1474 2296; x_wconf 81' lang='grc' dir='ltr'><strong>ὲν</strong></span> <span class='ocrx_word' id='word_1_291' title='bbox 1506 2247 1620 2308; x_wconf 84' lang='grc' dir='ltr'><strong>τοῖς</strong></span> <span class='ocrx_word' id='word_1_292' title='bbox 1649 2247 1866 2312; x_wconf 82' lang='grc' dir='ltr'>πολλοῖς</span> 
     </span>
    </p>
   </div>
   <div class='ocr_carea' id='block_1_36' title="bbox 311 2321 1862 2406">
    <p class='ocr_par' dir='ltr' id='par_1_36' title="bbox 311 2321 1862 2406">
     <span class='ocr_line' id='line_1_36' title="bbox 311 2321 1862 2406; baseline 0.014 -34"><span class='ocrx_word' id='word_1_293' title='bbox 311 2321 664 2393; x_wconf 81' lang='grc' dir='ltr'><strong>θεωρούμενον</strong></span> <span class='ocrx_word' id='word_1_294' title='bbox 697 2325 774 2383; x_wconf 76' lang='grc' dir='ltr'><strong>ἐν.</strong></span> <span class='ocrx_word' id='word_1_295' title='bbox 807 2331 872 2382; x_wconf 89' lang='grc' dir='ltr'><strong>Ὃ</strong></span> <span class='ocrx_word' id='word_1_296' title='bbox 909 2332 1002 2384; x_wconf 72' lang='grc' dir='ltr'><strong>καὶ</strong></span> <span class='ocrx_word' id='word_1_297' title='bbox 1043 2333 1220 2404; x_wconf 85' lang='grc' dir='ltr'><strong>ἀρχὴν</strong></span> <span class='ocrx_word' id='word_1_298' title='bbox 1270 2329 1415 2389; x_wconf 75' lang='grc' dir='ltr'><strong>εἶναί</strong></span> <span class='ocrx_word' id='word_1_299' title='bbox 1470 2355 1604 2406; x_wconf 76' lang='grc' dir='ltr'><strong>φασι</strong></span> <span class='ocrx_word' id='word_1_300' title='bbox 1658 2341 1862 2405; x_wconf 84' lang='grc' dir='ltr'><strong>παντὸς</strong></span> 
     </span>
    </p>
   </div>
   <div class='ocr_carea' id='block_1_37' title="bbox 315 2413 1858 2498">
    <p class='ocr_par' dir='ltr' id='par_1_37' title="bbox 315 2413 1858 2498">
     <span class='ocr_line' id='line_1_37' title="bbox 315 2413 1858 2498; baseline 0.016 -34"><span class='ocrx_word' id='word_1_301' title='bbox 315 2413 480 2478; x_wconf 48' lang='grc' dir='ltr'><strong>πισοῦ,</strong></span> <span class='ocrx_word' id='word_1_302' title='bbox 516 2417 610 2472; x_wconf 78' lang='grc' dir='ltr'><strong>καὶ</strong></span> <span class='ocrx_word' id='word_1_303' title='bbox 643 2418 786 2490; x_wconf 79' lang='grc' dir='ltr'>πλὴν</span> <span class='ocrx_word' id='word_1_304' title='bbox 824 2422 1020 2475; x_wconf 78' lang='grc' dir='ltr'><strong>οὐσίαν</strong></span> <span class='ocrx_word' id='word_1_305' title='bbox 1046 2425 1144 2494; x_wconf 73' lang='grc' dir='ltr'><strong>οὐχ</strong></span> <span class='ocrx_word' id='word_1_306' title='bbox 1177 2425 1514 2494; x_wconf 82' lang='grc' dir='ltr'><strong>ὑφίστασθαι</strong></span> <span class='ocrx_word' id='word_1_307' title='bbox 1548 2431 1668 2486; x_wconf 85' lang='grc' dir='ltr'><strong>καθ’</strong></span> <span class='ocrx_word' id='word_1_308' title='bbox 1703 2436 1858 2498; x_wconf 75' lang='grc' dir='ltr'><strong>αὐτὸ,</strong></span> 
     </span>
    </p>
   </div>
   <div class='ocr_carea' id='block_1_38' title="bbox 315 2503 1862 2595">
    <p class='ocr_par' dir='ltr' id='par_1_38' title="bbox 315 2503 1862 2595">
     <span class='ocr_line' id='line_1_38' title="bbox 315 2503 1862 2595; baseline 0.015 -41"><span class='ocrx_word' id='word_1_309' title='bbox 315 2507 387 2556; x_wconf 74' lang='grc' dir='ltr'><strong>καί</strong></span> <span class='ocrx_word' id='word_1_310' title='bbox 423 2503 546 2557; x_wconf 78' lang='grc' dir='ltr'>ἄνευ</span> <span class='ocrx_word' id='word_1_311' title='bbox 580 2507 674 2560; x_wconf 74' lang='grc' dir='ltr'>τοῦ</span> <span class='ocrx_word' id='word_1_312' title='bbox 706 2509 824 2572; x_wconf 75' lang='grc' dir='ltr'><strong>ἐνὸς</strong></span> <span class='ocrx_word' id='word_1_313' title='bbox 848 2511 1039 2564; x_wconf 85' lang='grc' dir='ltr'><strong>τούτου</strong></span> <span class='ocrx_word' id='word_1_314' title='bbox 1075 2515 1164 2595; x_wconf 55' lang='grc' dir='ltr'><strong>μη</strong></span> <span class='ocrx_word' id='word_1_315' title='bbox 1200 2511 1342 2570; x_wconf 76' lang='grc' dir='ltr'><strong>εἶναι</strong></span> <span class='ocrx_word' id='word_1_316' title='bbox 1379 2520 1606 2589; x_wconf 83' lang='grc' dir='ltr'>πλῆθος.</span> <span class='ocrx_word' id='word_1_317' title='bbox 1647 2523 1714 2576; x_wconf 85' lang='grc' dir='ltr'><strong>Ἠ</strong></span> <span class='ocrx_word' id='word_1_318' title='bbox 1754 2525 1862 2595; x_wconf 80' lang='grc' dir='ltr'><strong>γὰρ</strong></span> 
     </span>
    </p>
   </div>
   <div class='ocr_carea' id='block_1_39' title="bbox 320 2593 1862 2668">
    <p class='ocr_par' dir='ltr' id='par_1_39' title="bbox 320 2593 1862 2668">
     <span class='ocr_line' id='line_1_39' title="bbox 320 2593 1862 2668; baseline 0.016 -26"><span class='ocrx_word' id='word_1_319' title='bbox 320 2593 590 2662; x_wconf 71' lang='grc' dir='ltr'><strong>μετάληψις</strong></span> <span class='ocrx_word' id='word_1_320' title='bbox 614 2597 711 2649; x_wconf 77' lang='grc' dir='ltr'><strong>τοῦ</strong></span> <span class='ocrx_word' id='word_1_321' title='bbox 742 2599 861 2660; x_wconf 81' lang='grc' dir='ltr'><strong>ἐνὸς</strong></span> <span class='ocrx_word' id='word_1_322' title='bbox 892 2600 985 2652; x_wconf 80' lang='grc' dir='ltr'><strong>καὶ</strong></span> <span class='ocrx_word' id='word_1_323' title='bbox 1021 2602 1082 2654; x_wconf 73' lang='grc' dir='ltr'><strong>τι</strong></span> <span class='ocrx_word' id='word_1_324' title='bbox 1119 2593 1261 2668; x_wconf 71' lang='grc' dir='ltr'>εἶδος</span> <span class='ocrx_word' id='word_1_325' title='bbox 1289 2607 1458 2662; x_wconf 84' lang='grc' dir='ltr'><strong>αὑτοῦ</strong></span> <span class='ocrx_word' id='word_1_326' title='bbox 1481 2609 1540 2662; x_wconf 70' lang='grc' dir='ltr'><strong>τι</strong></span> <span class='ocrx_word' id='word_1_327' title='bbox 1570 2611 1680 2664; x_wconf 89' lang='grc' dir='ltr'><strong>τῶν</strong></span> <span class='ocrx_word' id='word_1_328' title='bbox 1731 2593 1862 2667; x_wconf 59' lang='grc' dir='ltr'><strong>πολζ</strong></span> 
     </span>
    </p>
   </div>
   <div class='ocr_carea' id='block_1_40' title="bbox 321 2683 1855 2770">
    <p class='ocr_par' dir='ltr' id='par_1_40' title="bbox 321 2683 1855 2770">
     <span class='ocr_line' id='line_1_40' title="bbox 321 2683 1855 2770; baseline 0.016 -38"><span class='ocrx_word' id='word_1_329' title='bbox 321 2683 401 2736; x_wconf 73' lang='grc' dir='ltr'><strong>ὶῶν</strong></span> <span class='ocrx_word' id='word_1_330' title='bbox 429 2686 684 2756; x_wconf 75' lang='grc' dir='ltr'><strong>ὑφίστησι</strong></span> <span class='ocrx_word' id='word_1_331' title='bbox 714 2691 901 2744; x_wconf 86' lang='grc' dir='ltr'><strong>ποσόν.</strong></span> <span class='ocrx_word' id='word_1_332' title='bbox 937 2691 1104 2746; x_wconf 89' lang='grc' dir='ltr'><strong>Ὅθεν</strong></span> <span class='ocrx_word' id='word_1_333' title='bbox 1136 2695 1234 2748; x_wconf 83' lang='grc' dir='ltr'><strong>καὶ</strong></span> <span class='ocrx_word' id='word_1_334' title='bbox 1260 2696 1429 2762; x_wconf 79' lang='grc' dir='ltr'>δεκὰς</span> <span class='ocrx_word' id='word_1_335' title='bbox 1479 2700 1578 2770; x_wconf 82' lang='grc' dir='ltr'><strong>μία</strong></span> <span class='ocrx_word' id='word_1_336' title='bbox 1610 2701 1855 2770; x_wconf 74' lang='grc' dir='ltr'><strong>λέγεται,</strong></span> 
     </span>
    </p>
   </div>
   <div class='ocr_carea' id='block_1_41' title="bbox 322 2777 1859 2866">
    <p class='ocr_par' dir='ltr' id='par_1_41' title="bbox 322 2777 1859 2866">
     <span class='ocr_line' id='line_1_41' title="bbox 322 2777 1859 2866; baseline 0.016 -42"><span class='ocrx_word' id='word_1_337' title='bbox 322 2779 390 2830; x_wconf 73' lang='grc' dir='ltr'><strong>καὶ</strong></span> <span class='ocrx_word' id='word_1_338' title='bbox 409 2777 577 2845; x_wconf 75' lang='grc' dir='ltr'>χιλιὰς</span> <span class='ocrx_word' id='word_1_339' title='bbox 609 2781 702 2832; x_wconf 79' lang='grc' dir='ltr'><strong>καὶ</strong></span> <span class='ocrx_word' id='word_1_340' title='bbox 727 2781 929 2850; x_wconf 72' lang='grc' dir='ltr'>μυριὰς</span> <span class='ocrx_word' id='word_1_341' title='bbox 955 2786 1048 2838; x_wconf 81' lang='grc' dir='ltr'><strong>καὶ</strong></span> <span class='ocrx_word' id='word_1_342' title='bbox 1078 2785 1148 2838; x_wconf 79' lang='grc' dir='ltr'><strong>τὰ</strong></span> <span class='ocrx_word' id='word_1_343' title='bbox 1179 2785 1262 2840; x_wconf 75' lang='grc' dir='ltr'><strong>ἔτι</strong></span> <span class='ocrx_word' id='word_1_344' title='bbox 1295 2789 1502 2844; x_wconf 87' lang='grc' dir='ltr'><strong>τούτων</strong></span> <span class='ocrx_word' id='word_1_345' title='bbox 1531 2793 1859 2866; x_wconf 84' lang='grc' dir='ltr'><strong>λεπτότερα,</strong></span> 
     </span>
    </p>
   </div>
   <div class='ocr_carea' id='block_1_42' title="bbox 315 2869 1857 2946">
    <p class='ocr_par' dir='ltr' id='par_1_42' title="bbox 315 2869 1857 2946">
     <span class='ocr_line' id='line_1_42' title="bbox 315 2869 1857 2946; baseline 0.016 -30"><span class='ocrx_word' id='word_1_346' title='bbox 315 2869 482 2933; x_wconf 75' lang='grc' dir='ltr'><strong>τετράς</strong></span> <span class='ocrx_word' id='word_1_347' title='bbox 512 2886 570 2921; x_wconf 87' lang='grc' dir='ltr'><strong>τε</strong></span> <span class='ocrx_word' id='word_1_348' title='bbox 617 2871 712 2936; x_wconf 79' lang='grc' dir='ltr'><strong>μία</strong></span> <span class='ocrx_word' id='word_1_349' title='bbox 755 2875 868 2926; x_wconf 53' lang='grc' dir='ltr'>καῖ</span> <span class='ocrx_word' id='word_1_350' title='bbox 893 2875 1095 2940; x_wconf 80' lang='grc' dir='ltr'>πεντὰς</span> <span class='ocrx_word' id='word_1_351' title='bbox 1125 2880 1222 2931; x_wconf 76' lang='grc' dir='ltr'><strong>καὶ</strong></span> <span class='ocrx_word' id='word_1_352' title='bbox 1259 2881 1328 2933; x_wconf 78' lang='grc' dir='ltr'><strong>τὰ</strong></span> <span class='ocrx_word' id='word_1_353' title='bbox 1352 2883 1595 2946; x_wconf 81' lang='grc' dir='ltr'><strong>τοιαῦτα,</strong></span> <span class='ocrx_word' id='word_1_354' title='bbox 1632 2890 1726 2938; x_wconf 75' lang='grc' dir='ltr'><strong>καὶ</strong></span> <span class='ocrx_word' id='word_1_355' title='bbox 1756 2887 1857 2940; x_wconf 85' lang='grc' dir='ltr'><strong>ὅσα</strong></span> 
     </span>
    </p>
   </div>
   <div class='ocr_carea' id='block_1_43' title="bbox 317 2957 1854 3046">
    <p class='ocr_par' dir='ltr' id='par_1_43' title="bbox 317 2957 1854 3046">
     <span class='ocr_line' id='line_1_43' title="bbox 317 2957 1854 3046; baseline 0.016 -39"><span class='ocrx_word' id='word_1_356' title='bbox 317 2959 367 3026; x_wconf 76' lang='grc' dir='ltr'><strong>τῇ</strong></span> <span class='ocrx_word' id='word_1_357' title='bbox 391 2957 473 3012; x_wconf 79' lang='grc' dir='ltr'><strong>τοῦ</strong></span> <span class='ocrx_word' id='word_1_358' title='bbox 497 2961 670 3026; x_wconf 75' lang='grc' dir='ltr'>εἴδους</span> <span class='ocrx_word' id='word_1_359' title='bbox 703 2967 908 3035; x_wconf 83' lang='grc' dir='ltr'><strong>μετοχῇ</strong></span> <span class='ocrx_word' id='word_1_360' title='bbox 940 2967 1288 3031; x_wconf 78' lang='grc' dir='ltr'><strong>ταυτίζονταί</strong></span> <span class='ocrx_word' id='word_1_361' title='bbox 1320 2990 1378 3024; x_wconf 88' lang='grc' dir='ltr'><strong>τε</strong></span> <span class='ocrx_word' id='word_1_362' title='bbox 1401 2975 1508 3028; x_wconf 78' lang='grc' dir='ltr'><strong>,καὶ</strong></span> <span class='ocrx_word' id='word_1_363' title='bbox 1537 2977 1674 3046; x_wconf 77' lang='grc' dir='ltr'>πρὸς</span> <span class='ocrx_word' id='word_1_364' title='bbox 1707 2979 1766 3030; x_wconf 80' lang='grc' dir='ltr'><strong>τὸ</strong></span> <span class='ocrx_word' id='word_1_365' title='bbox 1795 2979 1854 3032; x_wconf 85' lang='grc' dir='ltr'><strong>ἓν</strong></span> 
     </span>
    </p>
   </div>
   <div class='ocr_carea' id='block_1_44' title="bbox 1970 1783 3548 1860">
    <p class='ocr_par' dir='ltr' id='par_1_44' title="bbox 1970 1783 3548 1860">
     <span class='ocr_line' id='line_1_44' title="bbox 1970 1783 3548 1860; baseline 0.006 -24"><span class='ocrx_word' id='word_1_366' title='bbox 1970 1799 2093 1852; x_wconf 65' lang='lat' dir='ltr'><strong>qua:</strong></span> <span class='ocrx_word' id='word_1_367' title='bbox 2115 1783 2316 1838; x_wconf 79' lang='lat' dir='ltr'><strong>divina:</strong></span> <span class='ocrx_word' id='word_1_368' title='bbox 2336 1788 2592 1839; x_wconf 70' lang='lat' dir='ltr'><strong>essentia:</strong></span> <span class='ocrx_word' id='word_1_369' title='bbox 2615 1788 2836 1856; x_wconf 89' lang='lat' dir='ltr'><strong>propria</strong></span> <span class='ocrx_word' id='word_1_370' title='bbox 2861 1797 2990 1842; x_wconf 88' lang='lat' dir='ltr'><strong>sunt</strong></span> <span class='ocrx_word' id='word_1_371' title='bbox 3017 1797 3114 1842; x_wconf 88' lang='lat' dir='ltr'><strong>aut</strong></span> <span class='ocrx_word' id='word_1_372' title='bbox 3135 1792 3318 1858; x_wconf 83' lang='lat' dir='ltr'><strong>potius</strong></span> <span class='ocrx_word' id='word_1_373' title='bbox 3347 1793 3548 1860; x_wconf 85' lang='lat' dir='ltr'><strong>quibus</strong></span> 
     </span>
    </p>
   </div>
   <div class='ocr_carea' id='block_1_45' title="bbox 1969 1877 3545 1953">
    <p class='ocr_par' dir='ltr' id='par_1_45' title="bbox 1969 1877 3545 1953">
     <span class='ocr_line' id='line_1_45' title="bbox 1969 1877 3545 1953; baseline 0.003 -25"><span class='ocrx_word' id='word_1_374' title='bbox 1969 1885 2096 1928; x_wconf 86' lang='lat' dir='ltr'><strong>nata</strong></span> <span class='ocrx_word' id='word_1_375' title='bbox 2121 1882 2206 1929; x_wconf 87' lang='lat' dir='ltr'><strong>est</strong></span> <span class='ocrx_word' id='word_1_376' title='bbox 2237 1885 2294 1930; x_wconf 91' lang='lat' dir='ltr'><strong>et</strong></span> <span class='ocrx_word' id='word_1_377' title='bbox 2324 1885 2406 1930; x_wconf 91' lang='lat' dir='ltr'><strong>est</strong></span> <span class='ocrx_word' id='word_1_378' title='bbox 2442 1877 2624 1930; x_wconf 83' lang='lat' dir='ltr'><strong>divina</strong></span> <span class='ocrx_word' id='word_1_379' title='bbox 2659 1881 2900 1932; x_wconf 88' lang='lat' dir='ltr'><strong>essentia</strong></span> <span class='ocrx_word' id='word_1_380' title='bbox 2923 1881 2944 1931; x_wconf 87' lang='lat'><strong>?</strong></span> <span class='ocrx_word' id='word_1_381' title='bbox 2967 1880 3155 1950; x_wconf 84' lang='lat' dir='ltr'><strong>Itaque</strong></span> <span class='ocrx_word' id='word_1_382' title='bbox 3187 1883 3278 1936; x_wconf 89' lang='lat' dir='ltr'><strong>ubi</strong></span> <span class='ocrx_word' id='word_1_383' title='bbox 3308 1893 3389 1937; x_wconf 88' lang='lat' dir='ltr'><strong>est</strong></span> <span class='ocrx_word' id='word_1_384' title='bbox 3419 1901 3545 1953; x_wconf 79' lang='lat' dir='ltr'><strong>pro-</strong></span> 
     </span>
    </p>
   </div>
   <div class='ocr_carea' id='block_1_46' title="bbox 1967 1967 3550 2036">
    <p class='ocr_par' dir='ltr' id='par_1_46' title="bbox 1967 1967 3550 2036">
     <span class='ocr_line' id='line_1_46' title="bbox 1967 1967 3550 2036; baseline 0.007 -17"><span class='ocrx_word' id='word_1_385' title='bbox 1967 1967 2084 2035; x_wconf 88' lang='lat' dir='ltr'><strong>prie</strong></span> <span class='ocrx_word' id='word_1_386' title='bbox 2115 1982 2308 2034; x_wconf 84' lang='lat' dir='ltr'><strong>unum,</strong></span> <span class='ocrx_word' id='word_1_387' title='bbox 2347 1967 2562 2021; x_wconf 84' lang='lat' dir='ltr'><strong>scilicet</strong></span> <span class='ocrx_word' id='word_1_388' title='bbox 2608 1969 2772 2036; x_wconf 88' lang='lat' dir='ltr'><strong>Deus,</strong></span> <span class='ocrx_word' id='word_1_389' title='bbox 2802 1971 2991 2024; x_wconf 90' lang='lat' dir='ltr'><strong>multis</strong></span> <span class='ocrx_word' id='word_1_390' title='bbox 3040 1981 3097 2025; x_wconf 90' lang='lat' dir='ltr'><strong>et</strong></span> <span class='ocrx_word' id='word_1_391' title='bbox 3128 1974 3358 2029; x_wconf 85' lang='lat' dir='ltr'><strong>diversis</strong></span> <span class='ocrx_word' id='word_1_392' title='bbox 3391 1977 3550 2030; x_wconf 83' lang='lat' dir='ltr'><strong>locus</strong></span> 
     </span>
    </p>
   </div>
   <div class='ocr_carea' id='block_1_47' title="bbox 1967 2058 3542 2140">
    <p class='ocr_par' dir='ltr' id='par_1_47' title="bbox 1967 2058 3542 2140">
     <span class='ocr_line' id='line_1_47' title="bbox 1967 2058 3542 2140; baseline 0.008 -29"><span class='ocrx_word' id='word_1_393' title='bbox 1967 2058 2153 2112; x_wconf 88' lang='lat' dir='ltr'><strong>nullus</strong></span> <span class='ocrx_word' id='word_1_394' title='bbox 2184 2070 2286 2114; x_wconf 90' lang='lat' dir='ltr'><strong>est.</strong></span> <span class='ocrx_word' id='word_1_395' title='bbox 2323 2062 2444 2116; x_wconf 88' lang='lat' dir='ltr'><strong>Non</strong></span> <span class='ocrx_word' id='word_1_396' title='bbox 2494 2063 2644 2116; x_wconf 90' lang='lat' dir='ltr'><strong>enim</strong></span> <span class='ocrx_word' id='word_1_397' title='bbox 2689 2063 3018 2132; x_wconf 86' lang='lat' dir='ltr'><strong>positionem</strong></span> <span class='ocrx_word' id='word_1_398' title='bbox 3061 2068 3349 2140; x_wconf 84' lang='lat' dir='ltr'><strong>quamdam</strong></span> <span class='ocrx_word' id='word_1_399' title='bbox 3407 2069 3542 2124; x_wconf 81' lang='lat' dir='ltr'><strong>divi-</strong></span> 
     </span>
    </p>
   </div>
   <div class='ocr_carea' id='block_1_48' title="bbox 1966 2151 3543 2224">
    <p class='ocr_par' dir='ltr' id='par_1_48' title="bbox 1966 2151 3543 2224">
     <span class='ocr_line' id='line_1_48' title="bbox 1966 2151 3543 2224; baseline 0.008 -22"><span class='ocrx_word' id='word_1_400' title='bbox 1966 2164 2096 2204; x_wconf 88' lang='lat' dir='ltr'><strong>num</strong></span> <span class='ocrx_word' id='word_1_401' title='bbox 2126 2151 2260 2206; x_wconf 89' lang='lat' dir='ltr'><strong>illud</strong></span> <span class='ocrx_word' id='word_1_402' title='bbox 2293 2169 2460 2208; x_wconf 89' lang='lat' dir='ltr'><strong>unum</strong></span> <span class='ocrx_word' id='word_1_403' title='bbox 2497 2155 2750 2218; x_wconf 85' lang='lat' dir='ltr'><strong>involvit,</strong></span> <span class='ocrx_word' id='word_1_404' title='bbox 2785 2159 3250 2224; x_wconf 82' lang='lat' dir='ltr'><strong>quemadmodum</strong></span> <span class='ocrx_word' id='word_1_405' title='bbox 3283 2161 3335 2214; x_wconf 92' lang='lat' dir='ltr'><strong>in</strong></span> <span class='ocrx_word' id='word_1_406' title='bbox 3387 2175 3543 2216; x_wconf 81' lang='lat' dir='ltr'><strong>crea-</strong></span> 
     </span>
    </p>
   </div>
   <div class='ocr_carea' id='block_1_49' title="bbox 1968 2241 3540 2312">
    <p class='ocr_par' dir='ltr' id='par_1_49' title="bbox 1968 2241 3540 2312">
     <span class='ocr_line' id='line_1_49' title="bbox 1968 2241 3540 2312; baseline 0.008 -20"><span class='ocrx_word' id='word_1_407' title='bbox 1968 2241 2036 2296; x_wconf 90' lang='lat' dir='ltr'><strong>tis</strong></span> <span class='ocrx_word' id='word_1_408' title='bbox 2071 2257 2177 2295; x_wconf 93' lang='lat' dir='ltr'><strong>non</strong></span> <span class='ocrx_word' id='word_1_409' title='bbox 2205 2243 2425 2312; x_wconf 81' lang='lat' dir='ltr'><strong>proprie</strong></span> <span class='ocrx_word' id='word_1_410' title='bbox 2455 2245 2659 2299; x_wconf 69' lang='lat' dir='ltr'><strong>dicitur</strong></span> <span class='ocrx_word' id='word_1_411' title='bbox 2691 2255 2748 2300; x_wconf 89' lang='lat' dir='ltr'><strong>et</strong></span> <span class='ocrx_word' id='word_1_412' title='bbox 2775 2246 2830 2301; x_wconf 88' lang='lat' dir='ltr'><strong>in</strong></span> <span class='ocrx_word' id='word_1_413' title='bbox 2863 2249 3050 2302; x_wconf 90' lang='lat' dir='ltr'><strong>multis</strong></span> <span class='ocrx_word' id='word_1_414' title='bbox 3077 2251 3323 2305; x_wconf 90' lang='lat' dir='ltr'><strong>cernitur</strong></span> <span class='ocrx_word' id='word_1_415' title='bbox 3345 2267 3540 2312; x_wconf 87' lang='lat' dir='ltr'><strong>unum,</strong></span> 
     </span>
    </p>
   </div>
   <div class='ocr_carea' id='block_1_50' title="bbox 1967 2333 3542 2412">
    <p class='ocr_par' dir='ltr' id='par_1_50' title="bbox 1967 2333 3542 2412">
     <span class='ocr_line' id='line_1_50' title="bbox 1967 2333 3542 2412; baseline 0.006 -26"><span class='ocrx_word' id='word_1_416' title='bbox 1967 2333 2114 2402; x_wconf 90' lang='lat' dir='ltr'><strong>quod</strong></span> <span class='ocrx_word' id='word_1_417' title='bbox 2149 2336 2484 2405; x_wconf 89' lang='lat' dir='ltr'><strong>principium</strong></span> <span class='ocrx_word' id='word_1_418' title='bbox 2523 2351 2645 2391; x_wconf 89' lang='lat' dir='ltr'><strong>esse</strong></span> <span class='ocrx_word' id='word_1_419' title='bbox 2701 2337 2893 2392; x_wconf 88' lang='lat' dir='ltr'><strong>dicunt</strong></span> <span class='ocrx_word' id='word_1_420' title='bbox 2942 2342 3122 2396; x_wconf 91' lang='lat' dir='ltr'><strong>omnis</strong></span> <span class='ocrx_word' id='word_1_421' title='bbox 3175 2343 3494 2412; x_wconf 83' lang='lat' dir='ltr'><strong>quantitatis</strong></span> <span class='ocrx_word' id='word_1_422' title='bbox 3525 2381 3542 2406; x_wconf 92' lang='lat'><strong>,</strong></span> 
     </span>
    </p>
   </div>
   <div class='ocr_carea' id='block_1_51' title="bbox 1963 2426 3542 2500">
    <p class='ocr_par' dir='ltr' id='par_1_51' title="bbox 1963 2426 3542 2500">
     <span class='ocr_line' id='line_1_51' title="bbox 1963 2426 3542 2500; baseline 0.008 -22"><span class='ocrx_word' id='word_1_423' title='bbox 1963 2439 2067 2480; x_wconf 90' lang='lat' dir='ltr'><strong>nec</strong></span> <span class='ocrx_word' id='word_1_424' title='bbox 2089 2426 2210 2481; x_wconf 87' lang='lat' dir='ltr'><strong>sine</strong></span> <span class='ocrx_word' id='word_1_425' title='bbox 2242 2429 2482 2482; x_wconf 85' lang='lat' dir='ltr'><strong>essentia</strong></span> <span class='ocrx_word' id='word_1_426' title='bbox 2519 2430 2789 2485; x_wconf 80' lang='lat' dir='ltr'><strong>exsistere</strong></span> <span class='ocrx_word' id='word_1_427' title='bbox 2813 2446 2911 2500; x_wconf 85' lang='lat' dir='ltr'><strong>per</strong></span> <span class='ocrx_word' id='word_1_428' title='bbox 2941 2447 3020 2498; x_wconf 92' lang='lat' dir='ltr'><strong>se,</strong></span> <span class='ocrx_word' id='word_1_429' title='bbox 3043 2448 3145 2487; x_wconf 90' lang='lat' dir='ltr'><strong>nec</strong></span> <span class='ocrx_word' id='word_1_430' title='bbox 3167 2435 3284 2489; x_wconf 86' lang='lat' dir='ltr'><strong>sine</strong></span> <span class='ocrx_word' id='word_1_431' title='bbox 3307 2433 3410 2490; x_wconf 91' lang='lat' dir='ltr'><strong>hoc</strong></span> <span class='ocrx_word' id='word_1_432' title='bbox 3433 2451 3542 2490; x_wconf 89' lang='lat' dir='ltr'><strong>uno</strong></span> 
     </span>
    </p>
   </div>
   <div class='ocr_carea' id='block_1_52' title="bbox 1962 2519 3544 2596">
    <p class='ocr_par' dir='ltr' id='par_1_52' title="bbox 1962 2519 3544 2596">
     <span class='ocr_line' id='line_1_52' title="bbox 1962 2519 3544 2596; baseline 0.009 -26"><span class='ocrx_word' id='word_1_433' title='bbox 1962 2530 2084 2570; x_wconf 89' lang='lat' dir='ltr'><strong>esse</strong></span> <span class='ocrx_word' id='word_1_434' title='bbox 2117 2519 2554 2576; x_wconf 86' lang='lat' dir='ltr'><strong>multitudinem.</strong></span> <span class='ocrx_word' id='word_1_435' title='bbox 2620 2521 2794 2578; x_wconf 88' lang='lat' dir='ltr'><strong>Unius</strong></span> <span class='ocrx_word' id='word_1_436' title='bbox 2845 2523 2994 2578; x_wconf 87' lang='lat' dir='ltr'><strong>enim</strong></span> <span class='ocrx_word' id='word_1_437' title='bbox 3052 2527 3444 2596; x_wconf 87' lang='lat' dir='ltr'><strong>consequentia</strong></span> <span class='ocrx_word' id='word_1_438' title='bbox 3487 2543 3544 2586; x_wconf 88' lang='lat' dir='ltr'><strong>et</strong></span> 
     </span>
    </p>
   </div>
   <div class='ocr_carea' id='block_1_53' title="bbox 1960 2607 3539 2686">
    <p class='ocr_par' dir='ltr' id='par_1_53' title="bbox 1960 2607 3539 2686">
     <span class='ocr_line' id='line_1_53' title="bbox 1960 2607 3539 2686; baseline 0.009 -25"><span class='ocrx_word' id='word_1_439' title='bbox 1960 2607 2134 2664; x_wconf 82' lang='lat' dir='ltr'><strong>forma</strong></span> <span class='ocrx_word' id='word_1_440' title='bbox 2170 2609 2394 2678; x_wconf 74' lang='lat' dir='ltr'><strong>subiicit</strong></span> <span class='ocrx_word' id='word_1_441' title='bbox 2427 2613 2724 2667; x_wconf 89' lang='lat' dir='ltr'><strong>multarum</strong></span> <span class='ocrx_word' id='word_1_442' title='bbox 2769 2631 2953 2668; x_wconf 87' lang='lat' dir='ltr'><strong>rerqu</strong></span> <span class='ocrx_word' id='word_1_443' title='bbox 2984 2617 3370 2686; x_wconf 84' lang='lat' dir='ltr'><strong>quantitatem,</strong></span> <span class='ocrx_word' id='word_1_444' title='bbox 3397 2623 3539 2676; x_wconf 76' lang='lat' dir='ltr'><strong>unde</strong></span> 
     </span>
    </p>
   </div>
   <div class='ocr_carea' id='block_1_54' title="bbox 1963 2699 3540 2768">
    <p class='ocr_par' dir='ltr' id='par_1_54' title="bbox 1963 2699 3540 2768">
     <span class='ocr_line' id='line_1_54' title="bbox 1963 2699 3540 2768; baseline 0.01 -18"><span class='ocrx_word' id='word_1_445' title='bbox 1963 2712 2072 2751; x_wconf 87' lang='lat' dir='ltr'><strong>una</strong></span> <span class='ocrx_word' id='word_1_446' title='bbox 2104 2699 2266 2753; x_wconf 88' lang='lat' dir='ltr'><strong>decas</strong></span> <span class='ocrx_word' id='word_1_447' title='bbox 2301 2701 2506 2756; x_wconf 88' lang='lat' dir='ltr'><strong>dicitur</strong></span> <span class='ocrx_word' id='word_1_448' title='bbox 2553 2712 2612 2758; x_wconf 87' lang='lat' dir='ltr'><strong>et</strong></span> <span class='ocrx_word' id='word_1_449' title='bbox 2665 2705 2864 2758; x_wconf 89' lang='lat' dir='ltr'><strong>millias</strong></span> <span class='ocrx_word' id='word_1_450' title='bbox 2898 2716 2956 2758; x_wconf 89' lang='lat' dir='ltr'><strong>et</strong></span> <span class='ocrx_word' id='word_1_451' title='bbox 2991 2708 3170 2761; x_wconf 85' lang='lat' dir='ltr'><strong>decies</strong></span> <span class='ocrx_word' id='word_1_452' title='bbox 3225 2709 3426 2764; x_wconf 87' lang='lat' dir='ltr'><strong>millias</strong></span> <span class='ocrx_word' id='word_1_453' title='bbox 3483 2722 3540 2768; x_wconf 89' lang='lat' dir='ltr'><strong>et</strong></span> 
     </span>
    </p>
   </div>
   <div class='ocr_carea' id='block_1_55' title="bbox 1960 2789 3538 2866">
    <p class='ocr_par' dir='ltr' id='par_1_55' title="bbox 1960 2789 3538 2866">
     <span class='ocr_line' id='line_1_55' title="bbox 1960 2789 3538 2866; baseline 0.008 -24"><span class='ocrx_word' id='word_1_454' title='bbox 1960 2805 2082 2858; x_wconf 83' lang='lat' dir='ltr'><strong>quae</strong></span> <span class='ocrx_word' id='word_1_455' title='bbox 2107 2789 2194 2844; x_wconf 88' lang='lat' dir='ltr'><strong>his</strong></span> <span class='ocrx_word' id='word_1_456' title='bbox 2215 2801 2346 2846; x_wconf 88' lang='lat' dir='ltr'><strong>sunt</strong></span> <span class='ocrx_word' id='word_1_457' title='bbox 2367 2791 2594 2858; x_wconf 85' lang='lat' dir='ltr'><strong>leviora,</strong></span> <span class='ocrx_word' id='word_1_458' title='bbox 2618 2810 2724 2848; x_wconf 89' lang='lat' dir='ltr'><strong>una</strong></span> <span class='ocrx_word' id='word_1_459' title='bbox 2753 2795 3066 2864; x_wconf 86' lang='lat' dir='ltr'><strong>quaternio,</strong></span> <span class='ocrx_word' id='word_1_460' title='bbox 3089 2799 3282 2866; x_wconf 88' lang='lat' dir='ltr'><strong>quinio</strong></span> <span class='ocrx_word' id='word_1_461' title='bbox 3303 2810 3357 2854; x_wconf 89' lang='lat' dir='ltr'><strong>et</strong></span> <span class='ocrx_word' id='word_1_462' title='bbox 3379 2801 3538 2854; x_wconf 89' lang='lat' dir='ltr'><strong>simi-</strong></span> 
     </span>
    </p>
   </div>
   <div class='ocr_carea' id='block_1_56' title="bbox 1962 2880 3538 2954">
    <p class='ocr_par' dir='ltr' id='par_1_56' title="bbox 1962 2880 3538 2954">
     <span class='ocr_line' id='line_1_56' title="bbox 1962 2880 3538 2954; baseline 0.008 -20"><span class='ocrx_word' id='word_1_463' title='bbox 1962 2880 2032 2934; x_wconf 88' lang='lat' dir='ltr'><strong>lia</strong></span> <span class='ocrx_word' id='word_1_464' title='bbox 2057 2897 2177 2950; x_wconf 76' lang='lat' dir='ltr'><strong>quae</strong></span> <span class='ocrx_word' id='word_1_465' title='bbox 2199 2883 2266 2936; x_wconf 88' lang='lat' dir='ltr'><strong>ad</strong></span> <span class='ocrx_word' id='word_1_466' title='bbox 2298 2883 2488 2936; x_wconf 65' lang='lat' dir='ltr'><strong>formae</strong></span> <span class='ocrx_word' id='word_1_467' title='bbox 2519 2886 3000 2954; x_wconf 82' lang='lat' dir='ltr'><strong>participationem</strong></span> <span class='ocrx_word' id='word_1_468' title='bbox 3047 2887 3238 2942; x_wconf 87' lang='lat' dir='ltr'><strong>eadem</strong></span> <span class='ocrx_word' id='word_1_469' title='bbox 3267 2889 3538 2946; x_wconf 81' lang='lat' dir='ltr'><strong>habentur</strong></span> 
     </span>
    </p>
   </div>
   <div class='ocr_carea' id='block_1_57' title="bbox 1963 2973 3533 3050">
    <p class='ocr_par' dir='ltr' id='par_1_57' title="bbox 1963 2973 3533 3050">
     <span class='ocr_line' id='line_1_57' title="bbox 1963 2973 3533 3050; baseline 0.006 -22"><span class='ocrx_word' id='word_1_470' title='bbox 1963 2983 2018 3028; x_wconf 88' lang='lat' dir='ltr'><strong>et</strong></span> <span class='ocrx_word' id='word_1_471' title='bbox 2051 2973 2116 3028; x_wconf 88' lang='lat' dir='ltr'><strong>ad</strong></span> <span class='ocrx_word' id='word_1_472' title='bbox 2140 2990 2306 3028; x_wconf 86' lang='lat' dir='ltr'><strong>unum</strong></span> <span class='ocrx_word' id='word_1_473' title='bbox 2338 2975 2676 3030; x_wconf 82' lang='lat' dir='ltr'><strong>referuntur.</strong></span> <span class='ocrx_word' id='word_1_474' title='bbox 2705 2979 2870 3032; x_wconf 85' lang='lat' dir='ltr'><strong>Multa</strong></span> <span class='ocrx_word' id='word_1_475' title='bbox 2894 2982 3040 3034; x_wconf 91' lang='lat' dir='ltr'><strong>enim</strong></span> <span class='ocrx_word' id='word_1_476' title='bbox 3069 2983 3338 3050; x_wconf 76' lang='lat' dir='ltr'><strong>partibus,</strong></span> <span class='ocrx_word' id='word_1_477' title='bbox 3366 3001 3533 3040; x_wconf 88' lang='lat' dir='ltr'><strong>unum</strong></span> 
     </span>
    </p>
   </div>
   <div class='ocr_carea' id='block_1_58' title="bbox 313 3047 1853 3144">
    <p class='ocr_par' dir='ltr' id='par_1_58' title="bbox 313 3047 1852 3142">
     <span class='ocr_line' id='line_1_58' title="bbox 313 3047 1852 3142; baseline 0.016 -43"><span class='ocrx_word' id='word_1_478' title='bbox 313 3047 667 3119; x_wconf 67' lang='grc' dir='ltr'><strong>ἀναφέρονται.</strong></span> <span class='ocrx_word' id='word_1_479' title='bbox 707 3056 818 3107; x_wconf 65' lang='grc' dir='ltr'><strong>Καὶ</strong></span> <span class='ocrx_word' id='word_1_480' title='bbox 851 3057 959 3127; x_wconf 77' lang='grc' dir='ltr'><strong>γὰρ</strong></span> <span class='ocrx_word' id='word_1_481' title='bbox 991 3061 1052 3111; x_wconf 83' lang='grc' dir='ltr'><strong>τὸ</strong></span> <span class='ocrx_word' id='word_1_482' title='bbox 1079 3061 1248 3114; x_wconf 75' lang='grc' dir='ltr'>πολλὰ</span> <span class='ocrx_word' id='word_1_483' title='bbox 1280 3065 1391 3126; x_wconf 79' lang='grc' dir='ltr'>τοῖς</span> <span class='ocrx_word' id='word_1_484' title='bbox 1421 3067 1650 3136; x_wconf 79' lang='grc' dir='ltr'><strong>μέρεσιν</strong></span> <span class='ocrx_word' id='word_1_485' title='bbox 1683 3068 1742 3122; x_wconf 77' lang='grc' dir='ltr'><strong>ἓν</strong></span> <span class='ocrx_word' id='word_1_486' title='bbox 1775 3071 1852 3142; x_wconf 81' lang='grc' dir='ltr'><strong>τῷ</strong></span> 
     </span>
    </p>
   </div>
   <div class='ocr_carea' id='block_1_59' title="bbox 1960 3047 3534 3144">
    <p class='ocr_par' dir='ltr' id='par_1_59' title="bbox 1960 3047 3534 3144">
     <span class='ocr_line' id='line_1_59' title="bbox 1960 3047 3534 3144; baseline 0.005 -28"><span class='ocrx_word' id='word_1_487' title='bbox 1960 3063 2296 3133; x_wconf 72' lang='lat' dir='ltr'><strong>integritate,</strong></span> <span class='ocrx_word' id='word_1_488' title='bbox 2342 3067 2512 3120; x_wconf 88' lang='lat' dir='ltr'><strong>multa</strong></span> <span class='ocrx_word' id='word_1_489' title='bbox 2557 3069 3008 3132; x_wconf 87' lang='lat' dir='ltr'><strong>circumstantiis,</strong></span> <span class='ocrx_word' id='word_1_490' title='bbox 3041 3047 3208 3126; x_wconf 72' lang='lat' dir='ltr'><strong>unum</strong></span> <span class='ocrx_word' id='word_1_491' title='bbox 3263 3074 3534 3144; x_wconf 77' lang='lat' dir='ltr'><strong>subjecto,</strong></span> 
     </span>
    </p>
   </div>
   <div class='ocr_carea' id='block_1_60' title="bbox 313 3138 1855 3230">
    <p class='ocr_par' dir='ltr' id='par_1_60' title="bbox 313 3138 1855 3230">
     <span class='ocr_line' id='line_1_60' title="bbox 313 3138 1855 3230; baseline 0.018 -42"><span class='ocrx_word' id='word_1_492' title='bbox 313 3138 414 3209; x_wconf 83' lang='grc' dir='ltr'><strong>ὅλῳ,</strong></span> <span class='ocrx_word' id='word_1_493' title='bbox 443 3144 530 3196; x_wconf 71' lang='grc' dir='ltr'><strong>καὶ</strong></span> <span class='ocrx_word' id='word_1_494' title='bbox 577 3147 641 3196; x_wconf 84' lang='grc' dir='ltr'><strong>τὸ</strong></span> <span class='ocrx_word' id='word_1_495' title='bbox 676 3146 848 3200; x_wconf 79' lang='grc' dir='ltr'>πολλὰ</span> <span class='ocrx_word' id='word_1_496' title='bbox 881 3150 996 3211; x_wconf 86' lang='grc' dir='ltr'><strong>τοῖς</strong></span> <span class='ocrx_word' id='word_1_497' title='bbox 1049 3152 1458 3225; x_wconf 71' lang='grc' dir='ltr'><strong>συμϐεϐηκόσιν</strong></span> <span class='ocrx_word' id='word_1_498' title='bbox 1494 3155 1554 3210; x_wconf 76' lang='grc' dir='ltr'><strong>ἓν</strong></span> <span class='ocrx_word' id='word_1_499' title='bbox 1607 3161 1686 3230; x_wconf 81' lang='grc' dir='ltr'><strong>τῷ</strong></span> <span class='ocrx_word' id='word_1_500' title='bbox 1723 3138 1855 3214; x_wconf 45' lang='lat' dir='ltr'><strong>uno;</strong></span> 
     </span>
    </p>
   </div>
   <div class='ocr_carea' id='block_1_61' title="bbox 311 3234 1853 3317">
    <p class='ocr_par' dir='ltr' id='par_1_61' title="bbox 311 3234 1853 3317">
     <span class='ocr_line' id='line_1_61' title="bbox 311 3234 1853 3317; baseline 0.015 -35"><span class='ocrx_word' id='word_1_501' title='bbox 311 3234 536 3303; x_wconf 78' lang='grc' dir='ltr'><strong>κειμένῳ,</strong></span> <span class='ocrx_word' id='word_1_502' title='bbox 573 3237 667 3288; x_wconf 80' lang='grc' dir='ltr'><strong>καὶ</strong></span> <span class='ocrx_word' id='word_1_503' title='bbox 697 3238 758 3290; x_wconf 75' lang='grc' dir='ltr'><strong>τδ</strong></span> <span class='ocrx_word' id='word_1_504' title='bbox 787 3238 958 3292; x_wconf 85' lang='grc' dir='ltr'>πολλὰ</span> <span class='ocrx_word' id='word_1_505' title='bbox 987 3244 1100 3303; x_wconf 82' lang='grc' dir='ltr'>τοῖς</span> <span class='ocrx_word' id='word_1_506' title='bbox 1131 3243 1329 3296; x_wconf 81' lang='grc' dir='ltr'>εἴδεσιν</span> <span class='ocrx_word' id='word_1_507' title='bbox 1358 3244 1418 3298; x_wconf 78' lang='grc' dir='ltr'><strong>ἓν</strong></span> <span class='ocrx_word' id='word_1_508' title='bbox 1447 3247 1524 3317; x_wconf 84' lang='grc' dir='ltr'><strong>τῷ</strong></span> <span class='ocrx_word' id='word_1_509' title='bbox 1549 3250 1720 3316; x_wconf 79' lang='grc' dir='ltr'><strong>γένει,</strong></span> <span class='ocrx_word' id='word_1_510' title='bbox 1759 3254 1853 3306; x_wconf 75' lang='grc' dir='ltr'><strong>καὶ</strong></span> 
     </span>
    </p>
   </div>
   <div class='ocr_carea' id='block_1_62' title="bbox 309 3317 1853 3404">
    <p class='ocr_par' dir='ltr' id='par_1_62' title="bbox 309 3317 1853 3404">
     <span class='ocr_line' id='line_1_62' title="bbox 309 3317 1853 3404; baseline 0.014 -35"><span class='ocrx_word' id='word_1_511' title='bbox 309 3317 359 3368; x_wconf 71' lang='grc' dir='ltr'><strong>τὸ</strong></span> <span class='ocrx_word' id='word_1_512' title='bbox 383 3321 536 3372; x_wconf 74' lang='grc' dir='ltr'>πολλὰ</span> <span class='ocrx_word' id='word_1_513' title='bbox 564 3325 684 3385; x_wconf 87' lang='grc' dir='ltr'><strong>ταῖς</strong></span> <span class='ocrx_word' id='word_1_514' title='bbox 732 3321 794 3395; x_wconf 73' lang='grc' dir='ltr'><strong>[Γ.</strong></span> <span class='ocrx_word' id='word_1_515' title='bbox 847 3327 1051 3398; x_wconf 65' lang='lat'><strong>1741).]</strong></span> <span class='ocrx_word' id='word_1_516' title='bbox 1090 3330 1340 3400; x_wconf 78' lang='grc' dir='ltr'>προόδοις</span> <span class='ocrx_word' id='word_1_517' title='bbox 1362 3331 1421 3384; x_wconf 81' lang='grc' dir='ltr'><strong>ἓν</strong></span> <span class='ocrx_word' id='word_1_518' title='bbox 1450 3337 1515 3402; x_wconf 82' lang='grc' dir='ltr'><strong>τῇ</strong></span> <span class='ocrx_word' id='word_1_519' title='bbox 1551 3335 1712 3404; x_wconf 83' lang='grc' dir='ltr'><strong>ἀρχῇ.</strong></span> <span class='ocrx_word' id='word_1_520' title='bbox 1747 3339 1853 3391; x_wconf 72' lang='grc' dir='ltr'><strong>Καὶ</strong></span> 
     </span>
    </p>
   </div>
   <div class='ocr_carea' id='block_1_63' title="bbox 309 3405 1853 3498">
    <p class='ocr_par' dir='ltr' id='par_1_63' title="bbox 309 3405 1853 3498">
     <span class='ocr_line' id='line_1_63' title="bbox 309 3405 1853 3498; baseline 0.015 -40"><span class='ocrx_word' id='word_1_521' title='bbox 309 3409 359 3460; x_wconf 77' lang='grc' dir='ltr'><strong>οὐ</strong></span> <span class='ocrx_word' id='word_1_522' title='bbox 385 3413 530 3480; x_wconf 73' lang='grc' dir='ltr'><strong>μόνον</strong></span> <span class='ocrx_word' id='word_1_523' title='bbox 551 3405 654 3467; x_wconf 50' lang='grc' dir='ltr'><strong>’ἐπὶ</strong></span> <span class='ocrx_word' id='word_1_524' title='bbox 681 3417 790 3470; x_wconf 83' lang='grc' dir='ltr'><strong>τῶν</strong></span> <span class='ocrx_word' id='word_1_525' title='bbox 817 3417 1208 3488; x_wconf 81' lang='grc' dir='ltr'><strong>διωρισμένων,</strong></span> <span class='ocrx_word' id='word_1_526' title='bbox 1241 3423 1376 3476; x_wconf 66' lang='grc' dir='ltr'><strong>ἀλλὰ</strong></span> <span class='ocrx_word' id='word_1_527' title='bbox 1405 3427 1500 3477; x_wconf 74' lang='grc' dir='ltr'><strong>καὶ</strong></span> <span class='ocrx_word' id='word_1_528' title='bbox 1532 3427 1601 3478; x_wconf 81' lang='grc' dir='ltr'><strong>τὰ</strong></span> <span class='ocrx_word' id='word_1_529' title='bbox 1652 3430 1853 3498; x_wconf 83' lang='grc' dir='ltr'><strong>συνεχῆ</strong></span> 
     </span>
    </p>
   </div>
   <div class='ocr_carea' id='block_1_64' title="bbox 309 3501 1853 3584">
    <p class='ocr_par' dir='ltr' id='par_1_64' title="bbox 309 3501 1853 3584">
     <span class='ocr_line' id='line_1_64' title="bbox 309 3501 1853 3584; baseline 0.015 -35"><span class='ocrx_word' id='word_1_530' title='bbox 309 3501 460 3554; x_wconf 70' lang='grc' dir='ltr'><strong>πάντα</strong></span> <span class='ocrx_word' id='word_1_531' title='bbox 516 3505 747 3576; x_wconf 77' lang='grc' dir='ltr'><strong>μεγέθη,</strong></span> <span class='ocrx_word' id='word_1_532' title='bbox 798 3509 846 3560; x_wconf 80' lang='grc' dir='ltr'><strong>εἰ</strong></span> <span class='ocrx_word' id='word_1_533' title='bbox 899 3509 1092 3577; x_wconf 84' lang='grc' dir='ltr'>φεύγει</span> <span class='ocrx_word' id='word_1_534' title='bbox 1135 3511 1196 3564; x_wconf 81' lang='grc' dir='ltr'><strong>τὸ</strong></span> <span class='ocrx_word' id='word_1_535' title='bbox 1231 3511 1308 3576; x_wconf 83' lang='grc' dir='ltr'><strong>ἓν,</strong></span> <span class='ocrx_word' id='word_1_536' title='bbox 1350 3515 1430 3574; x_wconf 84' lang='grc' dir='ltr'>εἰς</span> <span class='ocrx_word' id='word_1_537' title='bbox 1467 3513 1672 3584; x_wconf 79' lang='grc' dir='ltr'>πλῆθος</span> <span class='ocrx_word' id='word_1_538' title='bbox 1711 3517 1853 3572; x_wconf 84' lang='grc' dir='ltr'><strong>κατά</strong></span> 
     </span>
    </p>
   </div>
   <div class='ocr_carea' id='block_1_65' title="bbox 305 3590 1852 3678">
    <p class='ocr_par' dir='ltr' id='par_1_65' title="bbox 305 3590 1852 3678">
     <span class='ocr_line' id='line_1_65' title="bbox 305 3590 1852 3678; baseline 0.013 -37"><span class='ocrx_word' id='word_1_539' title='bbox 305 3590 738 3665; x_wconf 77' lang='grc' dir='ltr'><strong>ἁντιπεπόνθησιν</strong></span> <span class='ocrx_word' id='word_1_540' title='bbox 806 3597 1182 3668; x_wconf 77' lang='grc' dir='ltr'><strong>θρυπτόμενα,</strong></span> <span class='ocrx_word' id='word_1_541' title='bbox 1235 3604 1329 3654; x_wconf 78' lang='grc' dir='ltr'><strong>καὶ</strong></span> <span class='ocrx_word' id='word_1_542' title='bbox 1383 3606 1484 3670; x_wconf 83' lang='grc' dir='ltr'><strong>τὴν</strong></span> <span class='ocrx_word' id='word_1_543' title='bbox 1533 3605 1736 3660; x_wconf 80' lang='grc' dir='ltr'><strong>οὐσίαν</strong></span> <span class='ocrx_word' id='word_1_544' title='bbox 1789 3610 1852 3678; x_wconf 76' lang='grc' dir='ltr'><strong>ἢν</strong></span> 
     </span>
    </p>
   </div>
   <div class='ocr_carea' id='block_1_66' title="bbox 304 3677 1847 3770">
    <p class='ocr_par' dir='ltr' id='par_1_66' title="bbox 304 3677 1847 3770">
     <span class='ocr_line' id='line_1_66' title="bbox 304 3677 1847 3770; baseline 0.026 -40"><span class='ocrx_word' id='word_1_545' title='bbox 304 3677 428 3751; x_wconf 78' lang='grc' dir='ltr'><strong>εἶχεν</strong></span> <span class='ocrx_word' id='word_1_546' title='bbox 465 3687 786 3752; x_wconf 73' lang='grc' dir='ltr'><strong>ἀπόλλυσιν,</strong></span> <span class='ocrx_word' id='word_1_547' title='bbox 813 3690 994 3743; x_wconf 80' lang='grc' dir='ltr'><strong>οὐκέτι</strong></span> <span class='ocrx_word' id='word_1_548' title='bbox 1033 3689 1163 3743; x_wconf 71' lang='grc' dir='ltr'><strong>ὄντα</strong></span> <span class='ocrx_word' id='word_1_549' title='bbox 1215 3691 1242 3744; x_wconf 82' lang='grc' dir='ltr'><strong>ὃ</strong></span> <span class='ocrx_word' id='word_1_550' title='bbox 1285 3687 1375 3764; x_wconf 81' lang='grc' dir='ltr'><strong>ἦν.</strong></span> <span class='ocrx_word' id='word_1_551' title='bbox 1411 3696 1550 3748; x_wconf 78' lang='grc' dir='ltr'><strong>Καθ’</strong></span> <span class='ocrx_word' id='word_1_552' title='bbox 1581 3697 1706 3749; x_wconf 79' lang='grc' dir='ltr'>ὅσον</span> <span class='ocrx_word' id='word_1_553' title='bbox 1739 3677 1847 3770; x_wconf 13' lang='grc' dir='ltr'><strong>Υάγρ</strong></span> 
     </span>
    </p>
   </div>
   <div class='ocr_carea' id='block_1_67' title="bbox 301 3773 1848 3854">
    <p class='ocr_par' dir='ltr' id='par_1_67' title="bbox 301 3773 1848 3854">
     <span class='ocr_line' id='line_1_67' title="bbox 301 3773 1848 3854; baseline 0.012 -32"><span class='ocrx_word' id='word_1_554' title='bbox 301 3773 354 3822; x_wconf 73' lang='grc' dir='ltr'><strong>τὸ</strong></span> <span class='ocrx_word' id='word_1_555' title='bbox 377 3773 428 3824; x_wconf 78' lang='grc' dir='ltr'><strong>ἓν</strong></span> <span class='ocrx_word' id='word_1_556' title='bbox 459 3775 774 3841; x_wconf 76' lang='grc' dir='ltr'><strong>ἀπόλλυσιν,</strong></span> <span class='ocrx_word' id='word_1_557' title='bbox 805 3777 1064 3832; x_wconf 82' lang='grc' dir='ltr'><strong>ἀλλάσσει</strong></span> <span class='ocrx_word' id='word_1_558' title='bbox 1113 3783 1210 3833; x_wconf 74' lang='grc' dir='ltr'><strong>καὶ</strong></span> <span class='ocrx_word' id='word_1_559' title='bbox 1244 3782 1304 3834; x_wconf 84' lang='grc' dir='ltr'><strong>τὸ</strong></span> <span class='ocrx_word' id='word_1_560' title='bbox 1350 3778 1490 3835; x_wconf 77' lang='grc' dir='ltr'><strong>εἶναι</strong></span> <span class='ocrx_word' id='word_1_561' title='bbox 1547 3785 1848 3854; x_wconf 83' lang='grc' dir='ltr'><strong>τμηθέντα,</strong></span> 
     </span>
    </p>
   </div>
   <div class='ocr_carea' id='block_1_68' title="bbox 301 3861 1850 3939">
    <p class='ocr_par' dir='ltr' id='par_1_68' title="bbox 301 3861 1850 3939">
     <span class='ocr_line' id='line_1_68' title="bbox 301 3861 1850 3939; baseline 0.011 -25"><span class='ocrx_word' id='word_1_562' title='bbox 301 3861 380 3916; x_wconf 81' lang='grc' dir='ltr'><strong>διὰ</strong></span> <span class='ocrx_word' id='word_1_563' title='bbox 405 3867 460 3920; x_wconf 86' lang='grc' dir='ltr'><strong>τὸ</strong></span> <span class='ocrx_word' id='word_1_564' title='bbox 489 3861 630 3921; x_wconf 78' lang='grc' dir='ltr'><strong>εῖναι</strong></span> <span class='ocrx_word' id='word_1_565' title='bbox 661 3869 724 3922; x_wconf 83' lang='grc' dir='ltr'><strong>τὸ</strong></span> <span class='ocrx_word' id='word_1_566' title='bbox 758 3869 816 3922; x_wconf 82' lang='grc' dir='ltr'><strong>ἓν</strong></span> <span class='ocrx_word' id='word_1_567' title='bbox 873 3871 1129 3926; x_wconf 80' lang='grc' dir='ltr'><strong>ἁπάντων</strong></span> <span class='ocrx_word' id='word_1_568' title='bbox 1184 3875 1470 3939; x_wconf 74' lang='grc' dir='ltr'>στοιχείων</span> <span class='ocrx_word' id='word_1_569' title='bbox 1500 3877 1754 3932; x_wconf 79' lang='grc' dir='ltr'><strong>ἑνωτικόν</strong></span> <span class='ocrx_word' id='word_1_570' title='bbox 1789 3895 1850 3931; x_wconf 87' lang='grc' dir='ltr'>τε</span> 
     </span>
    </p>
   </div>
   <div class='ocr_carea' id='block_1_69' title="bbox 301 3955 1850 4034">
    <p class='ocr_par' dir='ltr' id='par_1_69' title="bbox 301 3955 1850 4034">
     <span class='ocr_line' id='line_1_69' title="bbox 301 3955 1850 4034; baseline 0.01 -30"><span class='ocrx_word' id='word_1_571' title='bbox 301 3955 386 4005; x_wconf 77' lang='grc' dir='ltr'><strong>καὶ</strong></span> <span class='ocrx_word' id='word_1_572' title='bbox 441 3957 825 4028; x_wconf 74' lang='grc' dir='ltr'><strong>συλληπτικὸν,</strong></span> <span class='ocrx_word' id='word_1_573' title='bbox 881 3961 1056 4014; x_wconf 79' lang='grc' dir='ltr'><strong>όπότα</strong></span> <span class='ocrx_word' id='word_1_574' title='bbox 1121 3963 1331 4028; x_wconf 83' lang='grc' dir='ltr'>γένεσίς</span> <span class='ocrx_word' id='word_1_575' title='bbox 1386 3981 1448 4016; x_wconf 88' lang='grc' dir='ltr'><strong>τε</strong></span> <span class='ocrx_word' id='word_1_576' title='bbox 1513 3965 1696 4034; x_wconf 83' lang='grc' dir='ltr'><strong>βόσκει</strong></span> <span class='ocrx_word' id='word_1_577' title='bbox 1757 3969 1850 4019; x_wconf 74' lang='grc' dir='ltr'><strong>καὶ</strong></span> 
     </span>
    </p>
   </div>
   <div class='ocr_carea' id='block_1_70' title="bbox 301 4045 1848 4124">
    <p class='ocr_par' dir='ltr' id='par_1_70' title="bbox 301 4045 1848 4124">
     <span class='ocr_line' id='line_1_70' title="bbox 301 4045 1848 4124; baseline 0.01 -28"><span class='ocrx_word' id='word_1_578' title='bbox 301 4045 484 4114; x_wconf 74' lang='grc' dir='ltr'><strong>φθορά.</strong></span> <span class='ocrx_word' id='word_1_579' title='bbox 523 4050 588 4101; x_wconf 80' lang='grc' dir='ltr'><strong>Ἦ</strong></span> <span class='ocrx_word' id='word_1_580' title='bbox 616 4051 728 4118; x_wconf 75' lang='grc' dir='ltr'><strong>γὰρ</strong></span> <span class='ocrx_word' id='word_1_581' title='bbox 771 4051 1026 4122; x_wconf 73' lang='grc' dir='ltr'><strong>ἑτερότης</strong></span> <span class='ocrx_word' id='word_1_582' title='bbox 1049 4054 1313 4124; x_wconf 73' lang='grc' dir='ltr'>διαφορὰν</span> <span class='ocrx_word' id='word_1_583' title='bbox 1351 4055 1446 4107; x_wconf 76' lang='grc' dir='ltr'><strong>τοῦ</strong></span> <span class='ocrx_word' id='word_1_584' title='bbox 1491 4055 1644 4119; x_wconf 74' lang='grc' dir='ltr'><strong>ὄντος</strong></span> <span class='ocrx_word' id='word_1_585' title='bbox 1697 4059 1848 4110; x_wconf 64' lang='grc' dir='ltr'><strong>εἰσέ-</strong></span> 
     </span>
    </p>
   </div>
   <div class='ocr_carea' id='block_1_71' title="bbox 301 4142 1846 4220">
    <p class='ocr_par' dir='ltr' id='par_1_71' title="bbox 301 4142 1846 4220">
     <span class='ocr_line' id='line_1_71' title="bbox 301 4142 1846 4220; baseline 0.01 -32"><span class='ocrx_word' id='word_1_586' title='bbox 301 4153 480 4204; x_wconf 71' lang='grc' dir='ltr'><strong>γουσα,</strong></span> <span class='ocrx_word' id='word_1_587' title='bbox 505 4142 641 4211; x_wconf 80' lang='grc' dir='ltr'>πρὸς</span> <span class='ocrx_word' id='word_1_588' title='bbox 677 4142 884 4195; x_wconf 74' lang='grc' dir='ltr'><strong>ἔννοιαν</strong></span> <span class='ocrx_word' id='word_1_589' title='bbox 908 4143 998 4196; x_wconf 82' lang='grc' dir='ltr'><strong>τοῦ</strong></span> <span class='ocrx_word' id='word_1_590' title='bbox 1034 4149 1110 4216; x_wconf 78' lang='grc' dir='ltr'><strong>μὴ</strong></span> <span class='ocrx_word' id='word_1_591' title='bbox 1141 4145 1292 4208; x_wconf 60' lang='lat' dir='ltr'><strong>(ivro;</strong></span> <span class='ocrx_word' id='word_1_592' title='bbox 1328 4146 1526 4218; x_wconf 74' lang='grc' dir='ltr'>ρᾳδὶως</span> <span class='ocrx_word' id='word_1_593' title='bbox 1554 4148 1846 4220; x_wconf 82' lang='grc' dir='ltr'><strong>ἐξίστησιν.</strong></span> 
     </span>
    </p>
   </div>
   <div class='ocr_carea' id='block_1_72' title="bbox 299 4231 1849 4312">
    <p class='ocr_par' dir='ltr' id='par_1_72' title="bbox 299 4231 1849 4312">
     <span class='ocr_line' id='line_1_72' title="bbox 299 4231 1849 4312; baseline 0.006 -30"><span class='ocrx_word' id='word_1_594' title='bbox 299 4231 366 4282; x_wconf 76' lang='grc' dir='ltr'><strong>Οὐ</strong></span> <span class='ocrx_word' id='word_1_595' title='bbox 405 4233 511 4299; x_wconf 83' lang='grc' dir='ltr'><strong>μὴν</strong></span> <span class='ocrx_word' id='word_1_596' title='bbox 545 4233 606 4284; x_wconf 83' lang='grc' dir='ltr'><strong>τὸ</strong></span> <span class='ocrx_word' id='word_1_597' title='bbox 643 4233 800 4285; x_wconf 83' lang='grc' dir='ltr'>Θείον</span> <span class='ocrx_word' id='word_1_598' title='bbox 829 4233 886 4287; x_wconf 81' lang='grc' dir='ltr'><strong>ἓν</strong></span> <span class='ocrx_word' id='word_1_599' title='bbox 911 4235 1086 4288; x_wconf 80' lang='grc' dir='ltr'><strong>ἐκεῖνο</strong></span> <span class='ocrx_word' id='word_1_600' title='bbox 1115 4237 1358 4290; x_wconf 80' lang='grc' dir='ltr'><strong>τοιοῦτον</strong></span> <span class='ocrx_word' id='word_1_601' title='bbox 1380 4253 1396 4270; x_wconf 86' lang='grc'><strong>·</strong></span> <span class='ocrx_word' id='word_1_602' title='bbox 1426 4241 1711 4308; x_wconf 80' lang='grc' dir='ltr'><strong>ποιητικὸν</strong></span> <span class='ocrx_word' id='word_1_603' title='bbox 1741 4241 1849 4312; x_wconf 78' lang='grc' dir='ltr'><strong>γὰρ</strong></span> 
     </span>
    </p>
   </div>
   <div class='ocr_carea' id='block_1_73' title="bbox 295 4319 1848 4391">
    <p class='ocr_par' dir='ltr' id='par_1_73' title="bbox 295 4319 1848 4391">
     <span class='ocr_line' id='line_1_73' title="bbox 295 4319 1848 4391; baseline 0.009 -22"><span class='ocrx_word' id='word_1_604' title='bbox 295 4319 486 4373; x_wconf 78' lang='grc' dir='ltr'><strong>τούτων</strong></span> <span class='ocrx_word' id='word_1_605' title='bbox 542 4323 816 4376; x_wconf 85' lang='grc' dir='ltr'><strong>συνθέτων</strong></span> <span class='ocrx_word' id='word_1_606' title='bbox 866 4324 1060 4391; x_wconf 73' lang='grc' dir='ltr'><strong>ὄντων,</strong></span> <span class='ocrx_word' id='word_1_607' title='bbox 1121 4327 1332 4379; x_wconf 81' lang='grc' dir='ltr'><strong>ἁπλοῦν</strong></span> <span class='ocrx_word' id='word_1_608' title='bbox 1389 4330 1744 4382; x_wconf 87' lang='grc' dir='ltr'><strong>παντάπασιν</strong></span> <span class='ocrx_word' id='word_1_609' title='bbox 1789 4329 1848 4384; x_wconf 78' lang='grc' dir='ltr'><strong>ὃν</strong></span> 
     </span>
    </p>
   </div>
   <div class='ocr_carea' id='block_1_74' title="bbox 1961 3157 3532 3232">
    <p class='ocr_par' dir='ltr' id='par_1_74' title="bbox 1961 3157 3532 3232">
     <span class='ocr_line' id='line_1_74' title="bbox 1961 3157 3532 3232; baseline 0.006 -22"><span class='ocrx_word' id='word_1_610' title='bbox 1961 3157 2128 3212; x_wconf 79' lang='lat' dir='ltr'><strong>niulta</strong></span> <span class='ocrx_word' id='word_1_611' title='bbox 2164 3157 2376 3224; x_wconf 81' lang='lat' dir='ltr'><strong>formis,</strong></span> <span class='ocrx_word' id='word_1_612' title='bbox 2415 3176 2585 3214; x_wconf 88' lang='lat' dir='ltr'><strong>unum</strong></span> <span class='ocrx_word' id='word_1_613' title='bbox 2623 3175 2842 3230; x_wconf 74' lang='lat' dir='ltr'><strong>genere,</strong></span> <span class='ocrx_word' id='word_1_614' title='bbox 2877 3165 3046 3219; x_wconf 89' lang='lat' dir='ltr'><strong>multa</strong></span> <span class='ocrx_word' id='word_1_615' title='bbox 3096 3177 3318 3232; x_wconf 86' lang='lat' dir='ltr'><strong>eventu,</strong></span> <span class='ocrx_word' id='word_1_616' title='bbox 3363 3185 3532 3222; x_wconf 86' lang='lat' dir='ltr'><strong>unum</strong></span> 
     </span>
    </p>
   </div>
   <div class='ocr_carea' id='block_1_75' title="bbox 1957 3248 3534 3321">
    <p class='ocr_par' dir='ltr' id='par_1_75' title="bbox 1957 3248 3534 3321">
     <span class='ocr_line' id='line_1_75' title="bbox 1957 3248 3534 3321; baseline 0.008 -21"><span class='ocrx_word' id='word_1_617' title='bbox 1957 3248 2252 3318; x_wconf 88' lang='lat' dir='ltr'><strong>principio,</strong></span> <span class='ocrx_word' id='word_1_618' title='bbox 2283 3258 2337 3302; x_wconf 90' lang='lat' dir='ltr'><strong>et</strong></span> <span class='ocrx_word' id='word_1_619' title='bbox 2363 3264 2468 3303; x_wconf 90' lang='lat' dir='ltr'><strong>non</strong></span> <span class='ocrx_word' id='word_1_620' title='bbox 2503 3251 2664 3306; x_wconf 86' lang='lat' dir='ltr'><strong>modo</strong></span> <span class='ocrx_word' id='word_1_621' title='bbox 2694 3250 2749 3306; x_wconf 89' lang='lat' dir='ltr'><strong>in</strong></span> <span class='ocrx_word' id='word_1_622' title='bbox 2786 3255 3070 3321; x_wconf 84' lang='lat' dir='ltr'><strong>separatis,</strong></span> <span class='ocrx_word' id='word_1_623' title='bbox 3097 3257 3188 3308; x_wconf 83' lang='lat' dir='ltr'><strong>sed</strong></span> <span class='ocrx_word' id='word_1_624' title='bbox 3217 3259 3378 3310; x_wconf 84' lang='lat' dir='ltr'><strong>etiam</strong></span> <span class='ocrx_word' id='word_1_625' title='bbox 3403 3273 3534 3312; x_wconf 77' lang='lat' dir='ltr'><strong>cun-</strong></span> 
     </span>
    </p>
   </div>
   <div class='ocr_carea' id='block_1_76' title="bbox 1958 3340 3530 3412">
    <p class='ocr_par' dir='ltr' id='par_1_76' title="bbox 1958 3340 3530 3412">
     <span class='ocr_line' id='line_1_76' title="bbox 1958 3340 3530 3412; baseline 0.005 -18"><span class='ocrx_word' id='word_1_626' title='bbox 1958 3350 2056 3394; x_wconf 65' lang='lat' dir='ltr'><strong>ctae</strong></span> <span class='ocrx_word' id='word_1_627' title='bbox 2085 3340 2509 3410; x_wconf 81' lang='lat' dir='ltr'><strong>magnitudines,</strong></span> <span class='ocrx_word' id='word_1_628' title='bbox 2545 3343 2588 3396; x_wconf 88' lang='lat' dir='ltr'><strong>si</strong></span> <span class='ocrx_word' id='word_1_629' title='bbox 2621 3342 2842 3412; x_wconf 80' lang='lat' dir='ltr'><strong>fugiunt</strong></span> <span class='ocrx_word' id='word_1_630' title='bbox 2873 3359 3066 3408; x_wconf 84' lang='lat' dir='ltr'><strong>unum,</strong></span> <span class='ocrx_word' id='word_1_631' title='bbox 3104 3345 3171 3397; x_wconf 89' lang='lat' dir='ltr'><strong>ad</strong></span> <span class='ocrx_word' id='word_1_632' title='bbox 3221 3347 3530 3402; x_wconf 82' lang='lat' dir='ltr'><strong>multitudi-</strong></span> 
     </span>
    </p>
   </div>
   <div class='ocr_carea' id='block_1_77' title="bbox 1957 3431 3524 3502">
    <p class='ocr_par' dir='ltr' id='par_1_77' title="bbox 1957 3431 3524 3502">
     <span class='ocr_line' id='line_1_77' title="bbox 1957 3431 3524 3502; baseline 0.008 -21"><span class='ocrx_word' id='word_1_633' title='bbox 1957 3445 2079 3482; x_wconf 85' lang='lat' dir='ltr'><strong>nem</strong></span> <span class='ocrx_word' id='word_1_634' title='bbox 2139 3431 2596 3499; x_wconf 84' lang='lat' dir='ltr'><strong>compcnsatioue</strong></span> <span class='ocrx_word' id='word_1_635' title='bbox 2656 3431 2820 3502; x_wconf 77' lang='grc'><strong>369</strong></span> <span class='ocrx_word' id='word_1_636' title='bbox 2843 3434 3066 3488; x_wconf 80' lang='lat' dir='ltr'><strong>minuta</strong></span> <span class='ocrx_word' id='word_1_637' title='bbox 3119 3445 3172 3490; x_wconf 88' lang='lat' dir='ltr'><strong>et</strong></span> <span class='ocrx_word' id='word_1_638' title='bbox 3225 3439 3524 3492; x_wconf 84' lang='lat' dir='ltr'><strong>essentiam</strong></span> 
     </span>
    </p>
   </div>
   <div class='ocr_carea' id='block_1_78' title="bbox 1955 3521 3532 3596">
    <p class='ocr_par' dir='ltr' id='par_1_78' title="bbox 1955 3521 3532 3596">
     <span class='ocr_line' id='line_1_78' title="bbox 1955 3521 3532 3596; baseline 0.006 -24"><span class='ocrx_word' id='word_1_639' title='bbox 1955 3536 2116 3589; x_wconf 83' lang='lat' dir='ltr'><strong>quam</strong></span> <span class='ocrx_word' id='word_1_640' title='bbox 2166 3521 2440 3574; x_wconf 80' lang='lat' dir='ltr'><strong>habebant</strong></span> <span class='ocrx_word' id='word_1_641' title='bbox 2481 3523 2760 3586; x_wconf 84' lang='lat' dir='ltr'><strong>amittunt,</strong></span> <span class='ocrx_word' id='word_1_642' title='bbox 2785 3538 2886 3578; x_wconf 89' lang='lat' dir='ltr'><strong>nec</strong></span> <span class='ocrx_word' id='word_1_643' title='bbox 2918 3524 3063 3594; x_wconf 84' lang='lat' dir='ltr'><strong>quod</strong></span> <span class='ocrx_word' id='word_1_644' title='bbox 3090 3535 3249 3582; x_wconf 88' lang='lat' dir='ltr'><strong>erant</strong></span> <span class='ocrx_word' id='word_1_645' title='bbox 3297 3530 3532 3596; x_wconf 62' lang='lat' dir='ltr'><strong>amplius</strong></span> 
     </span>
    </p>
   </div>
   <div class='ocr_carea' id='block_1_79' title="bbox 1955 3611 3532 3688">
    <p class='ocr_par' dir='ltr' id='par_1_79' title="bbox 1955 3611 3532 3688">
     <span class='ocr_line' id='line_1_79' title="bbox 1955 3611 3532 3688; baseline 0.006 -23"><span class='ocrx_word' id='word_1_646' title='bbox 1955 3611 2222 3667; x_wconf 89' lang='lat' dir='ltr'><strong>sunt.Ubi</strong></span> <span class='ocrx_word' id='word_1_647' title='bbox 2255 3614 2402 3667; x_wconf 89' lang='lat' dir='ltr'><strong>enim</strong></span> <span class='ocrx_word' id='word_1_648' title='bbox 2427 3630 2594 3668; x_wconf 89' lang='lat' dir='ltr'><strong>unum</strong></span> <span class='ocrx_word' id='word_1_649' title='bbox 2617 3617 2900 3682; x_wconf 85' lang='lat' dir='ltr'><strong>amittunt,</strong></span> <span class='ocrx_word' id='word_1_650' title='bbox 2927 3617 3002 3672; x_wconf 89' lang='lat' dir='ltr'><strong>ita</strong></span> <span class='ocrx_word' id='word_1_651' title='bbox 3032 3621 3387 3688; x_wconf 88' lang='lat' dir='ltr'><strong>consequitur</strong></span> <span class='ocrx_word' id='word_1_652' title='bbox 3408 3635 3532 3675; x_wconf 58' lang='lat' dir='ltr'><strong>esse</strong></span> 
     </span>
    </p>
   </div>
   <div class='ocr_carea' id='block_1_80' title="bbox 1955 3705 3522 3780">
    <p class='ocr_par' dir='ltr' id='par_1_80' title="bbox 1955 3705 3522 3780">
     <span class='ocr_line' id='line_1_80' title="bbox 1955 3705 3522 3780; baseline 0.007 -24"><span class='ocrx_word' id='word_1_653' title='bbox 1955 3705 2175 3772; x_wconf 88' lang='lat' dir='ltr'><strong>partita,</strong></span> <span class='ocrx_word' id='word_1_654' title='bbox 2213 3717 2437 3776; x_wconf 84' lang='lat' dir='ltr'><strong>propter</strong></span> <span class='ocrx_word' id='word_1_655' title='bbox 2466 3721 2587 3761; x_wconf 89' lang='lat' dir='ltr'><strong>esse</strong></span> <span class='ocrx_word' id='word_1_656' title='bbox 2617 3723 2808 3772; x_wconf 88' lang='lat' dir='ltr'><strong>unum,</strong></span> <span class='ocrx_word' id='word_1_657' title='bbox 2841 3709 3149 3764; x_wconf 86' lang='lat' dir='ltr'><strong>concilians</strong></span> <span class='ocrx_word' id='word_1_658' title='bbox 3199 3722 3256 3766; x_wconf 92' lang='lat' dir='ltr'><strong>et</strong></span> <span class='ocrx_word' id='word_1_659' title='bbox 3282 3713 3522 3780; x_wconf 83' lang='lat' dir='ltr'><strong>comple-</strong></span> 
     </span>
    </p>
   </div>
   <div class='ocr_carea' id='block_1_81' title="bbox 1966 3797 3535 3868">
    <p class='ocr_par' dir='ltr' id='par_1_81' title="bbox 1966 3797 3535 3868">
     <span class='ocr_line' id='line_1_81' title="bbox 1966 3797 3535 3868; baseline 0.007 -22"><span class='ocrx_word' id='word_1_660' title='bbox 1966 3803 2124 3847; x_wconf 89' lang='lat' dir='ltr'><strong>ctens</strong></span> <span class='ocrx_word' id='word_1_661' title='bbox 2149 3797 2332 3849; x_wconf 84' lang='lat' dir='ltr'><strong>omnia</strong></span> <span class='ocrx_word' id='word_1_662' title='bbox 2360 3797 2628 3852; x_wconf 86' lang='lat' dir='ltr'><strong>elementa</strong></span> <span class='ocrx_word' id='word_1_663' title='bbox 2652 3814 2992 3868; x_wconf 65' lang='lat' dir='ltr'><strong>quaecunque</strong></span> <span class='ocrx_word' id='word_1_664' title='bbox 3022 3811 3178 3855; x_wconf 90' lang='lat' dir='ltr'><strong>ortus</strong></span> <span class='ocrx_word' id='word_1_665' title='bbox 3218 3814 3271 3855; x_wconf 80' lang='lat' dir='ltr'><strong>et</strong></span> <span class='ocrx_word' id='word_1_666' title='bbox 3301 3819 3535 3857; x_wconf 81' lang='lat' dir='ltr'><strong>occasus</strong></span> 
     </span>
    </p>
   </div>
   <div class='ocr_carea' id='block_1_82' title="bbox 1955 3885 3526 3951">
    <p class='ocr_par' dir='ltr' id='par_1_82' title="bbox 1955 3885 3526 3951">
     <span class='ocr_line' id='line_1_82' title="bbox 1955 3885 3526 3951; baseline 0.009 -14"><span class='ocrx_word' id='word_1_667' title='bbox 1955 3885 2084 3940; x_wconf 88' lang='lat' dir='ltr'><strong>lert.</strong></span> <span class='ocrx_word' id='word_1_668' title='bbox 2123 3887 2437 3944; x_wconf 81' lang='lat' dir='ltr'><strong>Ditl‘ercntia</strong></span> <span class='ocrx_word' id='word_1_669' title='bbox 2492 3891 2638 3945; x_wconf 89' lang='lat' dir='ltr'><strong>enim</strong></span> <span class='ocrx_word' id='word_1_670' title='bbox 2692 3895 3012 3948; x_wconf 71' lang='lat' dir='ltr'><strong>varietatem</strong></span> <span class='ocrx_word' id='word_1_671' title='bbox 3057 3893 3150 3948; x_wconf 81' lang='grc' dir='ltr'><strong>τοῦ</strong></span> <span class='ocrx_word' id='word_1_672' title='bbox 3189 3910 3312 3950; x_wconf 88' lang='lat' dir='ltr'><strong>esse</strong></span> <span class='ocrx_word' id='word_1_673' title='bbox 3351 3897 3526 3951; x_wconf 80' lang='lat' dir='ltr'><strong>invol-</strong></span> 
     </span>
    </p>
   </div>
   <div class='ocr_carea' id='block_1_83' title="bbox 1951 3978 3526 4053">
    <p class='ocr_par' dir='ltr' id='par_1_83' title="bbox 1951 3978 3526 4053">
     <span class='ocr_line' id='line_1_83' title="bbox 1951 3978 3526 4053; baseline 0.011 -27"><span class='ocrx_word' id='word_1_674' title='bbox 1951 3990 2110 4038; x_wconf 86' lang='lat' dir='ltr'><strong>vcns,</strong></span> <span class='ocrx_word' id='word_1_675' title='bbox 2144 3978 2210 4031; x_wconf 85' lang='lat' dir='ltr'><strong>ad</strong></span> <span class='ocrx_word' id='word_1_676' title='bbox 2249 3979 2341 4032; x_wconf 80' lang='grc' dir='ltr'><strong>τοῦ</strong></span> <span class='ocrx_word' id='word_1_677' title='bbox 2375 3996 2486 4034; x_wconf 90' lang='lat' dir='ltr'><strong>non</strong></span> <span class='ocrx_word' id='word_1_678' title='bbox 2522 3997 2644 4036; x_wconf 90' lang='lat' dir='ltr'><strong>esse</strong></span> <span class='ocrx_word' id='word_1_679' title='bbox 2681 3983 2840 4036; x_wconf 80' lang='lat' dir='ltr'><strong>facile</strong></span> <span class='ocrx_word' id='word_1_680' title='bbox 2867 3985 3134 4053; x_wconf 78' lang='lat' dir='ltr'><strong>pervenit.</strong></span> <span class='ocrx_word' id='word_1_681' title='bbox 3173 3985 3394 4042; x_wconf 84' lang='lat' dir='ltr'><strong>Minime</strong></span> <span class='ocrx_word' id='word_1_682' title='bbox 3439 3987 3526 4042; x_wconf 85' lang='lat' dir='ltr'><strong>di-</strong></span> 
     </span>
    </p>
   </div>
   <div class='ocr_carea' id='block_1_84' title="bbox 1952 4064 3530 4148">
    <p class='ocr_par' dir='ltr' id='par_1_84' title="bbox 1952 4064 3530 4148">
     <span class='ocr_line' id='line_1_84' title="bbox 1952 4064 3530 4148; baseline 0.01 -31"><span class='ocrx_word' id='word_1_683' title='bbox 1952 4064 2138 4118; x_wconf 90' lang='lat' dir='ltr'><strong>vinum</strong></span> <span class='ocrx_word' id='word_1_684' title='bbox 2175 4067 2306 4121; x_wconf 90' lang='lat' dir='ltr'><strong>illud</strong></span> <span class='ocrx_word' id='word_1_685' title='bbox 2333 4085 2523 4128; x_wconf 89' lang='lat' dir='ltr'><strong>unum.</strong></span> <span class='ocrx_word' id='word_1_686' title='bbox 2555 4085 2749 4126; x_wconf 88' lang='lat' dir='ltr'><strong>creans</strong></span> <span class='ocrx_word' id='word_1_687' title='bbox 2787 4077 3092 4143; x_wconf 88' lang='lat' dir='ltr'><strong>composita</strong></span> <span class='ocrx_word' id='word_1_688' title='bbox 3143 4075 3254 4142; x_wconf 90' lang='lat' dir='ltr'><strong>illa,</strong></span> <span class='ocrx_word' id='word_1_689' title='bbox 3293 4077 3530 4148; x_wconf 71' lang='lat' dir='ltr'><strong>simplex</strong></span> 
     </span>
    </p>
   </div>
   <div class='ocr_carea' id='block_1_85' title="bbox 1950 4157 3522 4237">
    <p class='ocr_par' dir='ltr' id='par_1_85' title="bbox 1950 4157 3522 4237">
     <span class='ocr_line' id='line_1_85' title="bbox 1950 4157 3522 4237; baseline 0.008 -27"><span class='ocrx_word' id='word_1_690' title='bbox 1950 4157 2174 4210; x_wconf 84' lang='lat' dir='ltr'><strong>omnino</strong></span> <span class='ocrx_word' id='word_1_691' title='bbox 2204 4167 2262 4212; x_wconf 90' lang='lat' dir='ltr'><strong>et</strong></span> <span class='ocrx_word' id='word_1_692' title='bbox 2315 4164 2732 4228; x_wconf 86' lang='lat' dir='ltr'><strong>supernaturale</strong></span> <span class='ocrx_word' id='word_1_693' title='bbox 2761 4203 2776 4230; x_wconf 82' lang='lat'><strong>,</strong></span> <span class='ocrx_word' id='word_1_694' title='bbox 2811 4180 2922 4220; x_wconf 89' lang='lat' dir='ltr'><strong>non</strong></span> <span class='ocrx_word' id='word_1_695' title='bbox 2966 4167 3126 4222; x_wconf 83' lang='lat' dir='ltr'><strong>talem</strong></span> <span class='ocrx_word' id='word_1_696' title='bbox 3191 4169 3522 4237; x_wconf 89' lang='lat' dir='ltr'><strong>positionem</strong></span> 
     </span>
    </p>
   </div>
   <div class='ocr_carea' id='block_1_86' title="bbox 1951 4250 3534 4326">
    <p class='ocr_par' dir='ltr' id='par_1_86' title="bbox 1951 4250 3534 4326">
     <span class='ocr_line' id='line_1_86' title="bbox 1951 4250 3534 4326; baseline 0.008 -24"><span class='ocrx_word' id='word_1_697' title='bbox 1951 4250 2348 4318; x_wconf 79' lang='lat' dir='ltr'><strong>expositionem</strong></span> <span class='ocrx_word' id='word_1_698' title='bbox 2380 4251 2636 4320; x_wconf 83' lang='lat' dir='ltr'><strong>explicat,</strong></span> <span class='ocrx_word' id='word_1_699' title='bbox 2669 4255 2766 4309; x_wconf 83' lang='lat' dir='ltr'><strong>sed</strong></span> <span class='ocrx_word' id='word_1_700' title='bbox 2795 4257 3201 4326; x_wconf 79' lang='lat' dir='ltr'><strong>exemptionem</strong></span> <span class='ocrx_word' id='word_1_701' title='bbox 3259 4275 3290 4314; x_wconf 88' lang='lat' dir='ltr'><strong>e</strong></span> <span class='ocrx_word' id='word_1_702' title='bbox 3335 4262 3534 4315; x_wconf 82' lang='lat' dir='ltr'><strong>multis</strong></span> 
     </span>
    </p>
   </div>
   <div class='ocr_carea' id='block_1_87' title="bbox 1953 4343 3530 4421">
    <p class='ocr_par' dir='ltr' id='par_1_87' title="bbox 1953 4343 3530 4421">
     <span class='ocr_line' id='line_1_87' title="bbox 1953 4343 3530 4421; baseline 0.007 -30"><span class='ocrx_word' id='word_1_703' title='bbox 1953 4353 2072 4408; x_wconf 71' lang='lat' dir='ltr'><strong>qua:</strong></span> <span class='ocrx_word' id='word_1_704' title='bbox 2105 4350 2236 4396; x_wconf 89' lang='lat' dir='ltr'><strong>sunt</strong></span> <span class='ocrx_word' id='word_1_705' title='bbox 2257 4343 2542 4400; x_wconf 85' lang='lat' dir='ltr'><strong>sensibilia</strong></span> <span class='ocrx_word' id='word_1_706' title='bbox 2577 4355 2634 4400; x_wconf 87' lang='lat' dir='ltr'><strong>et</strong></span> <span class='ocrx_word' id='word_1_707' title='bbox 2665 4347 3054 4418; x_wconf 75' lang='lat' dir='ltr'><strong>intelligibilia.</strong></span> <span class='ocrx_word' id='word_1_708' title='bbox 3085 4350 3140 4404; x_wconf 87' lang='lat' dir='ltr'><strong>Si</strong></span> <span class='ocrx_word' id='word_1_709' title='bbox 3163 4353 3334 4415; x_wconf 88' lang='lat' dir='ltr'><strong>enim,</strong></span> <span class='ocrx_word' id='word_1_710' title='bbox 3377 4355 3530 4421; x_wconf 82' lang='lat' dir='ltr'><strong>quod.</strong></span> 
     </span>
    </p>
   </div>
   <div class='ocr_carea' id='block_1_88' title="bbox 290 4401 1853 4526">
    <p class='ocr_par' dir='ltr' id='par_1_88' title="bbox 290 4413 1844 4493">
     <span class='ocr_line' id='line_1_88' title="bbox 290 4413 1844 4493; baseline 0.009 -31"><span class='ocrx_word' id='word_1_711' title='bbox 290 4413 454 4467; x_wconf 73' lang='grc' dir='ltr'><strong>ἐκεῖνο</strong></span> <span class='ocrx_word' id='word_1_712' title='bbox 497 4415 591 4468; x_wconf 78' lang='grc' dir='ltr'><strong>καὶ</strong></span> <span class='ocrx_word' id='word_1_713' title='bbox 639 4417 1033 4486; x_wconf 85' lang='grc' dir='ltr'><strong>ὑπερκόσμιον.</strong></span> <span class='ocrx_word' id='word_1_714' title='bbox 1078 4419 1214 4472; x_wconf 79' lang='grc' dir='ltr'>Οὐδὲ</span> <span class='ocrx_word' id='word_1_715' title='bbox 1251 4420 1401 4473; x_wconf 88' lang='grc' dir='ltr'><strong>θέσιν</strong></span> <span class='ocrx_word' id='word_1_716' title='bbox 1429 4423 1642 4475; x_wconf 82' lang='grc' dir='ltr'>τοιάνδε</span> <span class='ocrx_word' id='word_1_717' title='bbox 1671 4423 1844 4493; x_wconf 75' lang='grc' dir='ltr'>δηλοῖ,</span> 
     </span>
    </p>
   </div>
   <div class='ocr_carea' id='block_1_89' title="bbox 1960 4401 3520 4526">
    <p class='ocr_par' dir='ltr' id='par_1_89' title="bbox 1960 4401 3520 4526">
     <span class='ocr_line' id='line_1_89' title="bbox 1969 4401 3520 4421; baseline 0.003 -13"><span class='ocrx_word' id='word_1_718' title='bbox 1969 4401 1986 4408; x_wconf 95' lang='grc'><strong>-</strong></span> <span class='ocrx_word' id='word_1_719' title='bbox 2846 4401 3051 4418; x_wconf 41' lang='grc' dir='ltr'>υνηηη</span> <span class='ocrx_word' id='word_1_720' title='bbox 3098 4401 3139 4404; x_wconf 58' lang='grc' dir='ltr'>ρ</span> <span class='ocrx_word' id='word_1_721' title='bbox 3380 4401 3520 4421; x_wconf 50' lang='grc' dir='ltr'><strong>..ρ-</strong></span> 
     </span>
     <span class='ocr_line' id='line_1_90' title="bbox 1960 4429 3520 4526; baseline 0.008 -42"><span class='ocrx_word' id='word_1_722' title='bbox 1960 4433 2178 4501; x_wconf 90' lang='lat' dir='ltr'><strong>proprie</strong></span> <span class='ocrx_word' id='word_1_723' title='bbox 2199 4441 2301 4498; x_wconf 90' lang='lat' dir='ltr'><strong>est,</strong></span> <span class='ocrx_word' id='word_1_724' title='bbox 2337 4451 2506 4488; x_wconf 90' lang='lat' dir='ltr'><strong>unum</strong></span> <span class='ocrx_word' id='word_1_725' title='bbox 2534 4429 2648 4502; x_wconf 87' lang='lat' dir='ltr'><strong>est,</strong></span> <span class='ocrx_word' id='word_1_726' title='bbox 2691 4453 2859 4493; x_wconf 90' lang='lat' dir='ltr'><strong>unum</strong></span> <span class='ocrx_word' id='word_1_727' title='bbox 2885 4455 3016 4526; x_wconf 45' lang='lat' dir='ltr'><strong>ego</strong></span> <span class='ocrx_word' id='word_1_728' title='bbox 3039 4441 3144 4496; x_wconf 88' lang='lat' dir='ltr'><strong>erit</strong></span> <span class='ocrx_word' id='word_1_729' title='bbox 3175 4443 3398 4510; x_wconf 87' lang='lat' dir='ltr'><strong>proprie</strong></span> <span class='ocrx_word' id='word_1_730' title='bbox 3423 4457 3520 4496; x_wconf 75' lang='lat' dir='ltr'><strong>ex-</strong></span> 
     </span>
    </p>
   </div>
   <div class='ocr_carea' id='block_1_90' title="bbox 289 4504 1846 4581">
    <p class='ocr_par' dir='ltr' id='par_1_90' title="bbox 289 4504 1846 4581">
     <span class='ocr_line' id='line_1_91' title="bbox 289 4504 1846 4581; baseline 0.008 -27"><span class='ocrx_word' id='word_1_731' title='bbox 289 4504 394 4555; x_wconf 64' lang='grc' dir='ltr'><strong>ἁλλ⁹</strong></span> <span class='ocrx_word' id='word_1_732' title='bbox 421 4507 580 4576; x_wconf 75' lang='grc' dir='ltr'><strong>ἄρσιν</strong></span> <span class='ocrx_word' id='word_1_733' title='bbox 613 4509 676 4560; x_wconf 85' lang='grc' dir='ltr'><strong>ὲκ</strong></span> <span class='ocrx_word' id='word_1_734' title='bbox 719 4507 828 4560; x_wconf 88' lang='grc' dir='ltr'><strong>τῶν</strong></span> <span class='ocrx_word' id='word_1_735' title='bbox 860 4509 1092 4574; x_wconf 84' lang='grc' dir='ltr'><strong>πολλῶν,</strong></span> <span class='ocrx_word' id='word_1_736' title='bbox 1117 4511 1217 4562; x_wconf 80' lang='grc' dir='ltr'><strong>ὅσα</strong></span> <span class='ocrx_word' id='word_1_737' title='bbox 1247 4529 1307 4564; x_wconf 88' lang='grc' dir='ltr'><strong>τε</strong></span> <span class='ocrx_word' id='word_1_738' title='bbox 1340 4511 1578 4581; x_wconf 80' lang='grc' dir='ltr'><strong>αἰσθητὰ</strong></span> <span class='ocrx_word' id='word_1_739' title='bbox 1614 4515 1706 4566; x_wconf 77' lang='grc' dir='ltr'><strong>καὶ</strong></span> <span class='ocrx_word' id='word_1_740' title='bbox 1741 4515 1846 4568; x_wconf 83' lang='grc' dir='ltr'><strong>ὅσα</strong></span> 
     </span>
    </p>
   </div>
   <div class='ocr_carea' id='block_1_91' title="bbox 287 4597 1844 4670">
    <p class='ocr_par' dir='ltr' id='par_1_91' title="bbox 287 4597 1844 4670">
     <span class='ocr_line' id='line_1_92' title="bbox 287 4597 1844 4670; baseline 0.008 -25"><span class='ocrx_word' id='word_1_741' title='bbox 287 4597 464 4665; x_wconf 75' lang='grc' dir='ltr'><strong>νοητά.</strong></span> <span class='ocrx_word' id='word_1_742' title='bbox 499 4599 564 4650; x_wconf 80' lang='lat' dir='ltr'><strong>Ei</strong></span> <span class='ocrx_word' id='word_1_743' title='bbox 597 4600 705 4669; x_wconf 80' lang='grc' dir='ltr'><strong>γὰρ</strong></span> <span class='ocrx_word' id='word_1_744' title='bbox 733 4600 791 4650; x_wconf 84' lang='grc' dir='ltr'><strong>τὸ</strong></span> <span class='ocrx_word' id='word_1_745' title='bbox 819 4602 1022 4669; x_wconf 86' lang='grc' dir='ltr'>κυρίως</span> <span class='ocrx_word' id='word_1_746' title='bbox 1053 4599 1112 4652; x_wconf 77' lang='grc' dir='ltr'><strong>ὃν</strong></span> <span class='ocrx_word' id='word_1_747' title='bbox 1144 4601 1224 4665; x_wconf 80' lang='grc' dir='ltr'><strong>ἓν,</strong></span> <span class='ocrx_word' id='word_1_748' title='bbox 1249 4601 1401 4655; x_wconf 75' lang='grc' dir='ltr'><strong>ἔσται</strong></span> <span class='ocrx_word' id='word_1_749' title='bbox 1437 4603 1546 4670; x_wconf 78' lang='grc' dir='ltr'><strong>ἄρα</strong></span> <span class='ocrx_word' id='word_1_750' title='bbox 1577 4605 1667 4656; x_wconf 72' lang='grc' dir='ltr'><strong>καὶ</strong></span> <span class='ocrx_word' id='word_1_751' title='bbox 1693 4605 1752 4656; x_wconf 86' lang='grc' dir='ltr'><strong>τὸ</strong></span> <span class='ocrx_word' id='word_1_752' title='bbox 1786 4604 1844 4659; x_wconf 82' lang='grc' dir='ltr'><strong>ἓν</strong></span> 
     </span>
    </p>
   </div>
   <div class='ocr_carea' id='block_1_92' title="bbox 285 4688 1844 4760">
    <p class='ocr_par' dir='ltr' id='par_1_92' title="bbox 285 4688 1844 4760">
     <span class='ocr_line' id='line_1_93' title="bbox 285 4688 1844 4760; baseline 0.009 -25"><span class='ocrx_word' id='word_1_753' title='bbox 285 4690 481 4756; x_wconf 73' lang='grc' dir='ltr'>κυρίως</span> <span class='ocrx_word' id='word_1_754' title='bbox 510 4688 570 4742; x_wconf 81' lang='grc' dir='ltr'><strong>ὃν</strong></span> <span class='ocrx_word' id='word_1_755' title='bbox 599 4692 694 4742; x_wconf 74' lang='grc' dir='ltr'><strong>καὶ</strong></span> <span class='ocrx_word' id='word_1_756' title='bbox 751 4690 846 4744; x_wconf 76' lang='grc' dir='ltr'><strong>νοῦ</strong></span> <span class='ocrx_word' id='word_1_757' title='bbox 901 4693 1102 4756; x_wconf 72' lang='grc' dir='ltr'><strong>παντὸς</strong></span> <span class='ocrx_word' id='word_1_758' title='bbox 1153 4695 1434 4748; x_wconf 82' lang='grc' dir='ltr'><strong>ἐπέκεινα.</strong></span> <span class='ocrx_word' id='word_1_759' title='bbox 1466 4695 1573 4748; x_wconf 83' lang='grc' dir='ltr'><strong>Τοῦ</strong></span> <span class='ocrx_word' id='word_1_760' title='bbox 1625 4695 1670 4749; x_wconf 80' lang='grc' dir='ltr'>δ’</span> <span class='ocrx_word' id='word_1_761' title='bbox 1725 4697 1844 4760; x_wconf 71' lang='grc' dir='ltr'>ἑνὸς</span> 
     </span>
    </p>
   </div>
   <div class='ocr_carea' id='block_1_93' title="bbox 279 4781 1845 4853">
    <p class='ocr_par' dir='ltr' id='par_1_93' title="bbox 279 4781 1845 4853">
     <span class='ocr_line' id='line_1_94' title="bbox 279 4781 1845 4853; baseline 0.008 -23"><span class='ocrx_word' id='word_1_762' title='bbox 279 4781 528 4836; x_wconf 76' lang='grc' dir='ltr'><strong>ἐπέκεινα</strong></span> <span class='ocrx_word' id='word_1_763' title='bbox 562 4783 670 4837; x_wconf 86' lang='grc' dir='ltr'><strong>τῶν</strong></span> <span class='ocrx_word' id='word_1_764' title='bbox 701 4785 918 4838; x_wconf 86' lang='grc' dir='ltr'><strong>πάντων</strong></span> <span class='ocrx_word' id='word_1_765' title='bbox 951 4787 1120 4840; x_wconf 74' lang='grc' dir='ltr'><strong>οὐδέν.</strong></span> <span class='ocrx_word' id='word_1_766' title='bbox 1153 4787 1316 4840; x_wconf 88' lang='grc' dir='ltr'><strong>Ὅθεν</strong></span> <span class='ocrx_word' id='word_1_767' title='bbox 1351 4793 1440 4842; x_wconf 74' lang='grc' dir='ltr'><strong>καὶ</strong></span> <span class='ocrx_word' id='word_1_768' title='bbox 1470 4788 1636 4842; x_wconf 82' lang='grc' dir='ltr'><strong>εἰκὼν</strong></span> <span class='ocrx_word' id='word_1_769' title='bbox 1666 4790 1694 4842; x_wconf 83' lang='grc' dir='ltr'>ὁ</span> <span class='ocrx_word' id='word_1_770' title='bbox 1722 4790 1845 4853; x_wconf 85' lang='grc' dir='ltr'>νοῦς</span> 
     </span>
    </p>
   </div>
   <div class='ocr_carea' id='block_1_94' title="bbox 277 4873 1842 4949">
    <p class='ocr_par' dir='ltr' id='par_1_94' title="bbox 277 4873 1842 4949">
     <span class='ocr_line' id='line_1_95' title="bbox 277 4873 1842 4949; baseline 0.006 -27"><span class='ocrx_word' id='word_1_771' title='bbox 277 4873 370 4923; x_wconf 77' lang='grc' dir='ltr'><strong>τοῦ</strong></span> <span class='ocrx_word' id='word_1_772' title='bbox 423 4875 542 4938; x_wconf 71' lang='grc' dir='ltr'>ἐνὸς</span> <span class='ocrx_word' id='word_1_773' title='bbox 599 4877 808 4928; x_wconf 78' lang='grc' dir='ltr'><strong>ἐκείνου</strong></span> <span class='ocrx_word' id='word_1_774' title='bbox 845 4877 1086 4944; x_wconf 79' lang='grc' dir='ltr'><strong>λέγεται.</strong></span> <span class='ocrx_word' id='word_1_775' title='bbox 1123 4873 1275 4931; x_wconf 78' lang='grc' dir='ltr'><strong>Εῐναι</strong></span> <span class='ocrx_word' id='word_1_776' title='bbox 1321 4885 1429 4949; x_wconf 75' lang='grc' dir='ltr'><strong>γὰρ</strong></span> <span class='ocrx_word' id='word_1_777' title='bbox 1482 4884 1574 4932; x_wconf 75' lang='grc' dir='ltr'><strong>καὶ</strong></span> <span class='ocrx_word' id='word_1_778' title='bbox 1604 4881 1694 4933; x_wconf 83' lang='grc' dir='ltr'><strong>τὸν</strong></span> <span class='ocrx_word' id='word_1_779' title='bbox 1717 4881 1842 4934; x_wconf 82' lang='grc' dir='ltr'><strong>νοῦν</strong></span> 
     </span>
    </p>
   </div>
   <div class='ocr_carea' id='block_1_95' title="bbox 275 4963 1842 5038">
    <p class='ocr_par' dir='ltr' id='par_1_95' title="bbox 275 4963 1842 5038">
     <span class='ocr_line' id='line_1_96' title="bbox 275 4963 1842 5038; baseline 0.008 -25"><span class='ocrx_word' id='word_1_780' title='bbox 275 4963 388 5030; x_wconf 83' lang='grc' dir='ltr'>φῶς</span> <span class='ocrx_word' id='word_1_781' title='bbox 447 4965 655 5018; x_wconf 81' lang='grc' dir='ltr'><strong>ἄυπνον</strong></span> <span class='ocrx_word' id='word_1_782' title='bbox 705 4969 798 5019; x_wconf 77' lang='grc' dir='ltr'><strong>καὶ</strong></span> <span class='ocrx_word' id='word_1_783' title='bbox 861 4967 1006 5038; x_wconf 78' lang='grc' dir='ltr'><strong>ζωὴν</strong></span> <span class='ocrx_word' id='word_1_784' title='bbox 1065 4965 1336 5036; x_wconf 78' lang='grc' dir='ltr'><strong>μένουσαν</strong></span> <span class='ocrx_word' id='word_1_785' title='bbox 1369 4971 1460 5023; x_wconf 84' lang='grc' dir='ltr'><strong>καὶ</strong></span> <span class='ocrx_word' id='word_1_786' title='bbox 1517 4972 1704 5034; x_wconf 76' lang='grc' dir='ltr'><strong>νόησιν</strong></span> <span class='ocrx_word' id='word_1_787' title='bbox 1742 4973 1842 5026; x_wconf 80' lang='grc' dir='ltr'><strong>οὐκ</strong></span> 
     </span>
    </p>
   </div>
   <div class='ocr_carea' id='block_1_96' title="bbox 272 5055 1841 5132">
    <p class='ocr_par' dir='ltr' id='par_1_96' title="bbox 272 5055 1841 5132">
     <span class='ocr_line' id='line_1_97' title="bbox 272 5055 1841 5132; baseline 0.006 -27"><span class='ocrx_word' id='word_1_788' title='bbox 272 5055 601 5125; x_wconf 74' lang='grc' dir='ltr'><strong>ἐνεργοῦσαν</strong></span> <span class='ocrx_word' id='word_1_789' title='bbox 631 5059 710 5120; x_wconf 89' lang='grc' dir='ltr'><strong>είς</strong></span> <span class='ocrx_word' id='word_1_790' title='bbox 751 5061 810 5110; x_wconf 84' lang='grc' dir='ltr'><strong>τὸ</strong></span> <span class='ocrx_word' id='word_1_791' title='bbox 845 5059 1060 5127; x_wconf 84' lang='grc' dir='ltr'><strong>μέλλον,</strong></span> <span class='ocrx_word' id='word_1_792' title='bbox 1095 5060 1210 5112; x_wconf 82' lang='grc' dir='ltr'><strong>ἀλλ’</strong></span> <span class='ocrx_word' id='word_1_793' title='bbox 1249 5065 1328 5122; x_wconf 83' lang='grc' dir='ltr'>εἰς</span> <span class='ocrx_word' id='word_1_794' title='bbox 1372 5065 1438 5114; x_wconf 73' lang='grc' dir='ltr'><strong>τὰ</strong></span> <span class='ocrx_word' id='word_1_795' title='bbox 1473 5064 1719 5132; x_wconf 78' lang='grc' dir='ltr'><strong>παρόντα</strong></span> <span class='ocrx_word' id='word_1_796' title='bbox 1754 5065 1841 5116; x_wconf 69' lang='grc' dir='ltr'><strong>ἀεὶ</strong></span> 
     </span>
    </p>
   </div>
   <div class='ocr_carea' id='block_1_97' title="bbox 270 5149 1840 5222">
    <p class='ocr_par' dir='ltr' id='par_1_97' title="bbox 270 5149 1840 5222">
     <span class='ocr_line' id='line_1_98' title="bbox 270 5149 1840 5222; baseline 0.007 -23"><span class='ocrx_word' id='word_1_797' title='bbox 270 5149 364 5200; x_wconf 76' lang='grc' dir='ltr'><strong>καὶ</strong></span> <span class='ocrx_word' id='word_1_798' title='bbox 389 5149 654 5212; x_wconf 80' lang='grc' dir='ltr'><strong>ὡσαύτως</strong></span> <span class='ocrx_word' id='word_1_799' title='bbox 689 5149 916 5219; x_wconf 62' lang='grc' dir='ltr'><strong>ἔχοντα.</strong></span> <span class='ocrx_word' id='word_1_800' title='bbox 946 5151 1214 5222; x_wconf 68' lang='grc' dir='ltr'><strong>σύμφωνά</strong></span> <span class='ocrx_word' id='word_1_801' title='bbox 1238 5170 1297 5205; x_wconf 85' lang='grc' dir='ltr'><strong>τε</strong></span> <span class='ocrx_word' id='word_1_802' title='bbox 1335 5153 1464 5208; x_wconf 73' lang='grc' dir='ltr'><strong>ὅντα</strong></span> <span class='ocrx_word' id='word_1_803' title='bbox 1499 5155 1714 5218; x_wconf 68' lang='grc' dir='ltr'><strong>ἑαυτοῖς</strong></span> <span class='ocrx_word' id='word_1_804' title='bbox 1745 5159 1840 5210; x_wconf 77' lang='grc' dir='ltr'><strong>καὶ</strong></span> 
     </span>
    </p>
   </div>
   <div class='ocr_carea' id='block_1_98' title="bbox 264 5239 1837 5313">
    <p class='ocr_par' dir='ltr' id='par_1_98' title="bbox 264 5239 1837 5313">
     <span class='ocr_line' id='line_1_99' title="bbox 264 5239 1837 5313; baseline 0.005 -23"><span class='ocrx_word' id='word_1_805' title='bbox 264 5239 478 5309; x_wconf 75' lang='grc' dir='ltr'>οὐδαμῆ</span> <span class='ocrx_word' id='word_1_806' title='bbox 539 5257 670 5293; x_wconf 85' lang='grc' dir='ltr'>ποτε</span> <span class='ocrx_word' id='word_1_807' title='bbox 710 5241 1011 5310; x_wconf 86' lang='grc' dir='ltr'><strong>μαχόμενα.</strong></span> <span class='ocrx_word' id='word_1_808' title='bbox 1045 5243 1189 5313; x_wconf 76' lang='grc' dir='ltr'>Πρὸς</span> <span class='ocrx_word' id='word_1_809' title='bbox 1239 5245 1303 5313; x_wconf 79' lang='grc' dir='ltr'>δὴ</span> <span class='ocrx_word' id='word_1_810' title='bbox 1355 5245 1416 5297; x_wconf 81' lang='grc' dir='ltr'><strong>τὸ</strong></span> <span class='ocrx_word' id='word_1_811' title='bbox 1461 5247 1701 5297; x_wconf 85' lang='grc' dir='ltr'><strong>τοιοῦτον</strong></span> <span class='ocrx_word' id='word_1_812' title='bbox 1755 5245 1837 5310; x_wconf 80' lang='grc' dir='ltr'><strong>ἓν,</strong></span> 
     </span>
    </p>
   </div>
   <div class='ocr_carea' id='block_1_99' title="bbox 263 5333 1835 5406">
    <p class='ocr_par' dir='ltr' id='par_1_99' title="bbox 263 5333 1835 5406">
     <span class='ocr_line' id='line_1_100' title="bbox 263 5333 1835 5406; baseline 0.003 -21"><span class='ocrx_word' id='word_1_813' title='bbox 263 5333 355 5386; x_wconf 69' lang='grc' dir='ltr'><strong>τὸν</strong></span> <span class='ocrx_word' id='word_1_814' title='bbox 383 5336 520 5386; x_wconf 68' lang='grc' dir='ltr'><strong>θεον</strong></span> <span class='ocrx_word' id='word_1_815' title='bbox 562 5335 782 5406; x_wconf 76' lang='grc' dir='ltr'><strong>δηλαδὴ,</strong></span> <span class='ocrx_word' id='word_1_816' title='bbox 821 5337 976 5390; x_wconf 75' lang='grc' dir='ltr'><strong>πάντ’</strong></span> <span class='ocrx_word' id='word_1_817' title='bbox 1010 5339 1192 5390; x_wconf 83' lang='grc' dir='ltr'><strong>ἐκεῖνα</strong></span> <span class='ocrx_word' id='word_1_818' title='bbox 1241 5339 1309 5391; x_wconf 83' lang='grc' dir='ltr'><strong>τὰ</strong></span> <span class='ocrx_word' id='word_1_819' title='bbox 1361 5339 1532 5391; x_wconf 79' lang='grc' dir='ltr'><strong>πολλὰ</strong></span> <span class='ocrx_word' id='word_1_820' title='bbox 1579 5339 1689 5390; x_wconf 83' lang='grc' dir='ltr'><strong>τῶν</strong></span> <span class='ocrx_word' id='word_1_821' title='bbox 1718 5339 1835 5390; x_wconf 87' lang='grc' dir='ltr'><strong>όνο-</strong></span> 
     </span>
    </p>
   </div>
   <div class='ocr_carea' id='block_1_100' title="bbox 267 5425 1836 5495">
    <p class='ocr_par' dir='ltr' id='par_1_100' title="bbox 267 5425 1836 5495">
     <span class='ocr_line' id='line_1_101' title="bbox 267 5425 1836 5495; baseline 0.003 -21"><span class='ocrx_word' id='word_1_822' title='bbox 267 5425 456 5492; x_wconf 75' lang='grc' dir='ltr'><strong>μάτων</strong></span> <span class='ocrx_word' id='word_1_823' title='bbox 486 5427 632 5478; x_wconf 74' lang='grc' dir='ltr'><strong>κατὰ</strong></span> <span class='ocrx_word' id='word_1_824' title='bbox 687 5429 778 5477; x_wconf 62' lang='grc' dir='ltr'><strong>τὴν</strong></span> <span class='ocrx_word' id='word_1_825' title='bbox 830 5427 968 5479; x_wconf 73' lang='grc' dir='ltr'><strong>θεῖον</strong></span> <span class='ocrx_word' id='word_1_826' title='bbox 1021 5429 1276 5495; x_wconf 56' lang='grc' dir='ltr'><strong>φέρονται</strong></span> <span class='ocrx_word' id='word_1_827' title='bbox 1333 5429 1670 5492; x_wconf 68' lang='grc' dir='ltr'><strong>’Λθινάσιο-δ,</strong></span> <span class='ocrx_word' id='word_1_828' title='bbox 1706 5429 1740 5481; x_wconf 82' lang='grc' dir='ltr'><strong>ἆ</strong></span> <span class='ocrx_word' id='word_1_829' title='bbox 1778 5443 1836 5478; x_wconf 83' lang='grc' dir='ltr'>τε</span> 
     </span>
    </p>
   </div>
   <div class='ocr_carea' id='block_1_101' title="bbox 265 5517 1832 5588">
    <p class='ocr_par' dir='ltr' id='par_1_101' title="bbox 265 5517 1832 5588">
     <span class='ocr_line' id='line_1_102' title="bbox 265 5517 1832 5588; baseline 0.002 -22"><span class='ocrx_word' id='word_1_830' title='bbox 265 5519 538 5586; x_wconf 70' lang='grc' dir='ltr'><strong>πρότερον</strong></span> <span class='ocrx_word' id='word_1_831' title='bbox 589 5519 644 5568; x_wconf 74' lang='grc' dir='ltr'><strong>ἐν</strong></span> <span class='ocrx_word' id='word_1_832' title='bbox 677 5517 855 5580; x_wconf 77' lang='grc' dir='ltr'><strong>ἄλλοις</strong></span> <span class='ocrx_word' id='word_1_833' title='bbox 903 5521 1092 5588; x_wconf 79' lang='grc' dir='ltr'><strong>εἴρηκε</strong></span> <span class='ocrx_word' id='word_1_834' title='bbox 1152 5520 1350 5587; x_wconf 79' lang='grc' dir='ltr'><strong>λόγοις,</strong></span> <span class='ocrx_word' id='word_1_835' title='bbox 1386 5522 1480 5570; x_wconf 73' lang='grc' dir='ltr'><strong>καὶ</strong></span> <span class='ocrx_word' id='word_1_836' title='bbox 1532 5519 1568 5571; x_wconf 77' lang='grc' dir='ltr'><strong>ἃ.</strong></span> <span class='ocrx_word' id='word_1_837' title='bbox 1621 5519 1732 5582; x_wconf 73' lang='grc' dir='ltr'><strong>νῦν,</strong></span> <span class='ocrx_word' id='word_1_838' title='bbox 1771 5519 1832 5570; x_wconf 78' lang='grc' dir='ltr'><strong>τὸ</strong></span> 
     </span>
    </p>
   </div>
   <div class='ocr_carea' id='block_1_102' title="bbox 263 5607 1829 5680">
    <p class='ocr_par' dir='ltr' id='par_1_102' title="bbox 263 5607 1829 5680">
     <span class='ocr_line' id='line_1_103' title="bbox 263 5607 1829 5680; baseline 0.002 -24"><span class='ocrx_word' id='word_1_839' title='bbox 263 5607 546 5676; x_wconf 76' lang='grc' dir='ltr'><strong>ἄφθαρτον</strong></span> <span class='ocrx_word' id='word_1_840' title='bbox 613 5608 830 5678; x_wconf 76' lang='grc' dir='ltr'><strong>δηλαδὴ,</strong></span> <span class='ocrx_word' id='word_1_841' title='bbox 863 5609 921 5660; x_wconf 67' lang='grc' dir='ltr'><strong>τὸ</strong></span> <span class='ocrx_word' id='word_1_842' title='bbox 993 5613 1284 5680; x_wconf 83' lang='grc' dir='ltr'><strong>ἄτρεπτον,</strong></span> <span class='ocrx_word' id='word_1_843' title='bbox 1316 5611 1375 5662; x_wconf 77' lang='grc' dir='ltr'><strong>τὸ</strong></span> <span class='ocrx_word' id='word_1_844' title='bbox 1425 5611 1829 5674; x_wconf 69' lang='grc' dir='ltr'><strong>ἀκατάληπτον,</strong></span> 
     </span>
    </p>
   </div>
   <div class='ocr_carea' id='block_1_103' title="bbox 263 5697 1831 5768">
    <p class='ocr_par' dir='ltr' id='par_1_103' title="bbox 263 5697 1831 5768">
     <span class='ocr_line' id='line_1_104' title="bbox 263 5697 1831 5768; baseline 0.001 -20"><span class='ocrx_word' id='word_1_845' title='bbox 263 5701 324 5748; x_wconf 69' lang='grc' dir='ltr'><strong>τὸ</strong></span> <span class='ocrx_word' id='word_1_846' title='bbox 357 5697 610 5762; x_wconf 69' lang='grc' dir='ltr'><strong>δυνατὸν,</strong></span> <span class='ocrx_word' id='word_1_847' title='bbox 641 5698 698 5750; x_wconf 85' lang='grc' dir='ltr'>τδ</span> <span class='ocrx_word' id='word_1_848' title='bbox 752 5699 1176 5768; x_wconf 58' lang='grc' dir='ltr'><strong>προγνωστικὸν,</strong></span> <span class='ocrx_word' id='word_1_849' title='bbox 1214 5701 1307 5753; x_wconf 69' lang='grc' dir='ltr'><strong>καὶ</strong></span> <span class='ocrx_word' id='word_1_850' title='bbox 1350 5701 1440 5752; x_wconf 71' lang='grc' dir='ltr'><strong>ὅσα</strong></span> <span class='ocrx_word' id='word_1_851' title='bbox 1483 5701 1626 5752; x_wconf 72' lang='grc' dir='ltr'><strong>ἐστὶν</strong></span> <span class='ocrx_word' id='word_1_852' title='bbox 1662 5703 1688 5752; x_wconf 81' lang='grc' dir='ltr'>ὁ</span> <span class='ocrx_word' id='word_1_853' title='bbox 1725 5701 1831 5750; x_wconf 74' lang='lat' dir='ltr'><strong>lia-</strong></span> 
     </span>
    </p>
   </div>
   <div class='ocr_carea' id='block_1_104' title="bbox 1955 4521 3522 4584">
    <p class='ocr_par' dir='ltr' id='par_1_104' title="bbox 1955 4521 3522 4584">
     <span class='ocr_line' id='line_1_105' title="bbox 1955 4521 3522 4584; baseline 0.006 -10"><span class='ocrx_word' id='word_1_854' title='bbox 1955 4521 2152 4574; x_wconf 73' lang='lat' dir='ltr'><strong>sistens</strong></span> <span class='ocrx_word' id='word_1_855' title='bbox 2201 4531 2258 4575; x_wconf 89' lang='lat' dir='ltr'><strong>et</strong></span> <span class='ocrx_word' id='word_1_856' title='bbox 2319 4525 2456 4578; x_wconf 86' lang='lat' dir='ltr'><strong>ultra</strong></span> <span class='ocrx_word' id='word_1_857' title='bbox 2517 4541 2737 4581; x_wconf 90' lang='lat' dir='ltr'><strong>omnem</strong></span> <span class='ocrx_word' id='word_1_858' title='bbox 2780 4521 3068 4582; x_wconf 73' lang='lat' dir='ltr'><strong>rationem.</strong></span> <span class='ocrx_word' id='word_1_859' title='bbox 3111 4529 3282 4584; x_wconf 89' lang='lat' dir='ltr'><strong>Unius</strong></span> <span class='ocrx_word' id='word_1_860' title='bbox 3339 4541 3522 4584; x_wconf 79' lang='lat' dir='ltr'><strong>autem</strong></span> 
     </span>
    </p>
   </div>
   <div class='ocr_carea' id='block_1_105' title="bbox 1953 4609 3519 4690">
    <p class='ocr_par' dir='ltr' id='par_1_105' title="bbox 1953 4609 3519 4690">
     <span class='ocr_line' id='line_1_106' title="bbox 1953 4609 3519 4690; baseline 0.008 -28"><span class='ocrx_word' id='word_1_861' title='bbox 1953 4609 2090 4663; x_wconf 89' lang='lat' dir='ltr'><strong>nihil</strong></span> <span class='ocrx_word' id='word_1_862' title='bbox 2121 4611 2256 4664; x_wconf 89' lang='lat' dir='ltr'><strong>ultra</strong></span> <span class='ocrx_word' id='word_1_863' title='bbox 2288 4629 2626 4680; x_wconf 77' lang='lat' dir='ltr'><strong>universum,</strong></span> <span class='ocrx_word' id='word_1_864' title='bbox 2665 4617 2811 4670; x_wconf 87' lang='lat' dir='ltr'><strong>unde</strong></span> <span class='ocrx_word' id='word_1_865' title='bbox 2839 4617 2979 4690; x_wconf 88' lang='lat' dir='ltr'><strong>ratio</strong></span> <span class='ocrx_word' id='word_1_866' title='bbox 3029 4619 3206 4687; x_wconf 72' lang='lat' dir='ltr'><strong>imago</strong></span> <span class='ocrx_word' id='word_1_867' title='bbox 3243 4619 3404 4674; x_wconf 89' lang='lat' dir='ltr'><strong>unius</strong></span> <span class='ocrx_word' id='word_1_868' title='bbox 3453 4622 3519 4674; x_wconf 88' lang='lat' dir='ltr'><strong>il-</strong></span> 
     </span>
    </p>
   </div>
   <div class='ocr_carea' id='block_1_106' title="bbox 1953 4699 3522 4776">
    <p class='ocr_par' dir='ltr' id='par_1_106' title="bbox 1953 4699 3522 4776">
     <span class='ocr_line' id='line_1_107' title="bbox 1953 4699 3522 4776; baseline 0.01 -24"><span class='ocrx_word' id='word_1_869' title='bbox 1953 4699 2061 4754; x_wconf 86' lang='lat' dir='ltr'><strong>lius</strong></span> <span class='ocrx_word' id='word_1_870' title='bbox 2088 4701 2308 4756; x_wconf 90' lang='lat' dir='ltr'><strong>dicitur.</strong></span> <span class='ocrx_word' id='word_1_871' title='bbox 2343 4703 2474 4758; x_wconf 84' lang='lat' dir='ltr'><strong>Esse</strong></span> <span class='ocrx_word' id='word_1_872' title='bbox 2529 4704 2676 4758; x_wconf 90' lang='lat' dir='ltr'><strong>enim</strong></span> <span class='ocrx_word' id='word_1_873' title='bbox 2733 4708 2998 4761; x_wconf 87' lang='lat' dir='ltr'><strong>rationem</strong></span> <span class='ocrx_word' id='word_1_874' title='bbox 3047 4707 3232 4761; x_wconf 89' lang='lat' dir='ltr'><strong>lumen</strong></span> <span class='ocrx_word' id='word_1_875' title='bbox 3289 4711 3414 4776; x_wconf 82' lang='lat' dir='ltr'><strong>vigil</strong></span> <span class='ocrx_word' id='word_1_876' title='bbox 3464 4721 3522 4766; x_wconf 89' lang='lat' dir='ltr'><strong>et</strong></span> 
     </span>
    </p>
   </div>
   <div class='ocr_carea' id='block_1_107' title="bbox 1953 4794 3522 4857">
    <p class='ocr_par' dir='ltr' id='par_1_107' title="bbox 1953 4794 3522 4857">
     <span class='ocr_line' id='line_1_108' title="bbox 1953 4794 3522 4857; baseline 0.008 -13"><span class='ocrx_word' id='word_1_877' title='bbox 1953 4794 2095 4846; x_wconf 88' lang='lat' dir='ltr'><strong>viam</strong></span> <span class='ocrx_word' id='word_1_878' title='bbox 2131 4805 2440 4850; x_wconf 86' lang='lat' dir='ltr'><strong>manentem</strong></span> <span class='ocrx_word' id='word_1_879' title='bbox 2469 4803 2526 4849; x_wconf 87' lang='lat' dir='ltr'><strong>et</strong></span> <span class='ocrx_word' id='word_1_880' title='bbox 2583 4805 2822 4849; x_wconf 89' lang='lat' dir='ltr'><strong>mentem</strong></span> <span class='ocrx_word' id='word_1_881' title='bbox 2851 4812 2958 4852; x_wconf 90' lang='lat' dir='ltr'><strong>non</strong></span> <span class='ocrx_word' id='word_1_882' title='bbox 2998 4797 3063 4852; x_wconf 88' lang='lat' dir='ltr'><strong>ad</strong></span> <span class='ocrx_word' id='word_1_883' title='bbox 3115 4797 3358 4854; x_wconf 82' lang='lat' dir='ltr'><strong>futurum</strong></span> <span class='ocrx_word' id='word_1_884' title='bbox 3388 4804 3522 4857; x_wconf 73' lang='lat' dir='ltr'><strong>acti-</strong></span> 
     </span>
    </p>
   </div>
   <div class='ocr_carea' id='block_1_108' title="bbox 1951 4886 3524 4957">
    <p class='ocr_par' dir='ltr' id='par_1_108' title="bbox 1951 4886 3524 4957">
     <span class='ocr_line' id='line_1_109' title="bbox 1951 4886 3524 4957; baseline 0.008 -21"><span class='ocrx_word' id='word_1_885' title='bbox 1951 4899 2094 4949; x_wconf 79' lang='lat' dir='ltr'><strong>vam,</strong></span> <span class='ocrx_word' id='word_1_886' title='bbox 2130 4887 2222 4940; x_wconf 86' lang='lat' dir='ltr'><strong>sed</strong></span> <span class='ocrx_word' id='word_1_887' title='bbox 2249 4886 2314 4940; x_wconf 90' lang='lat' dir='ltr'><strong>ad</strong></span> <span class='ocrx_word' id='word_1_888' title='bbox 2349 4887 2634 4956; x_wconf 64' lang='lat' dir='ltr'><strong>praesentia</strong></span> <span class='ocrx_word' id='word_1_889' title='bbox 2667 4899 2721 4942; x_wconf 88' lang='lat' dir='ltr'><strong>et</strong></span> <span class='ocrx_word' id='word_1_890' title='bbox 2759 4903 2880 4957; x_wconf 71' lang='lat' dir='ltr'><strong>qua:</strong></span> <span class='ocrx_word' id='word_1_891' title='bbox 2915 4889 3114 4944; x_wconf 86' lang='lat' dir='ltr'><strong>similia</strong></span> <span class='ocrx_word' id='word_1_892' title='bbox 3149 4904 3278 4945; x_wconf 87' lang='lat' dir='ltr'><strong>sunt</strong></span> <span class='ocrx_word' id='word_1_893' title='bbox 3307 4902 3360 4945; x_wconf 87' lang='lat' dir='ltr'><strong>et</strong></span> <span class='ocrx_word' id='word_1_894' title='bbox 3409 4895 3524 4948; x_wconf 81' lang='lat' dir='ltr'><strong>sibi</strong></span> 
     </span>
    </p>
   </div>
   <div class='ocr_carea' id='block_1_109' title="bbox 1949 4975 3522 5054">
    <p class='ocr_par' dir='ltr' id='par_1_109' title="bbox 1949 4975 3522 5054">
     <span class='ocr_line' id='line_1_110' title="bbox 1949 4975 3522 5054; baseline 0.007 -29"><span class='ocrx_word' id='word_1_895' title='bbox 1949 4975 2261 5038; x_wconf 89' lang='lat' dir='ltr'><strong>concordia,</strong></span> <span class='ocrx_word' id='word_1_896' title='bbox 2309 4977 2529 5030; x_wconf 90' lang='lat' dir='ltr'><strong>minime</strong></span> <span class='ocrx_word' id='word_1_897' title='bbox 2565 4991 2817 5054; x_wconf 71' lang='lat' dir='ltr'><strong>unquam</strong></span> <span class='ocrx_word' id='word_1_898' title='bbox 2866 4983 3245 5048; x_wconf 80' lang='lat' dir='ltr'><strong>repugnantia.</strong></span> <span class='ocrx_word' id='word_1_899' title='bbox 3298 4980 3375 5034; x_wconf 84' lang='lat' dir='ltr'><strong>Ad</strong></span> <span class='ocrx_word' id='word_1_900' title='bbox 3412 4983 3522 5037; x_wconf 80' lang='lat' dir='ltr'><strong>tale</strong></span> 
     </span>
    </p>
   </div>
   <div class='ocr_carea' id='block_1_110' title="bbox 1950 5065 3526 5132">
    <p class='ocr_par' dir='ltr' id='par_1_110' title="bbox 1950 5065 3526 5132">
     <span class='ocr_line' id='line_1_111' title="bbox 1950 5065 3526 5132; baseline 0.008 -17"><span class='ocrx_word' id='word_1_901' title='bbox 1950 5079 2140 5125; x_wconf 90' lang='lat' dir='ltr'><strong>unum,</strong></span> <span class='ocrx_word' id='word_1_902' title='bbox 2172 5067 2380 5120; x_wconf 84' lang='lat' dir='ltr'><strong>scilicet</strong></span> <span class='ocrx_word' id='word_1_903' title='bbox 2412 5065 2602 5132; x_wconf 85' lang='lat' dir='ltr'><strong>Deum,</strong></span> <span class='ocrx_word' id='word_1_904' title='bbox 2632 5068 2814 5120; x_wconf 85' lang='lat' dir='ltr'><strong>omnia</strong></span> <span class='ocrx_word' id='word_1_905' title='bbox 2851 5068 2940 5122; x_wconf 85' lang='lat' dir='ltr'><strong>illa</strong></span> <span class='ocrx_word' id='word_1_906' title='bbox 2963 5071 3184 5124; x_wconf 85' lang='lat' dir='ltr'><strong>nomina</strong></span> <span class='ocrx_word' id='word_1_907' title='bbox 3213 5075 3526 5127; x_wconf 77' lang='lat' dir='ltr'><strong>secundum</strong></span> 
     </span>
    </p>
   </div>
   <div class='ocr_carea' id='block_1_111' title="bbox 1948 5153 3524 5229">
    <p class='ocr_par' dir='ltr' id='par_1_111' title="bbox 1948 5153 3524 5229">
     <span class='ocr_line' id='line_1_112' title="bbox 1948 5153 3524 5229; baseline 0.008 -24"><span class='ocrx_word' id='word_1_908' title='bbox 1948 5153 2009 5207; x_wconf 86' lang='grc' dir='ltr'><strong>Ι).</strong></span> <span class='ocrx_word' id='word_1_909' title='bbox 2052 5156 2410 5210; x_wconf 83' lang='lat' dir='ltr'><strong>Athanasium</strong></span> <span class='ocrx_word' id='word_1_910' title='bbox 2449 5157 2720 5224; x_wconf 58' lang='lat' dir='ltr'><strong>feruntur,</strong></span> <span class='ocrx_word' id='word_1_911' title='bbox 2755 5175 2876 5229; x_wconf 71' lang='lat' dir='ltr'><strong>qua:</strong></span> <span class='ocrx_word' id='word_1_912' title='bbox 2910 5171 3068 5214; x_wconf 83' lang='lat' dir='ltr'><strong>antea</strong></span> <span class='ocrx_word' id='word_1_913' title='bbox 3111 5164 3162 5213; x_wconf 88' lang='lat' dir='ltr'><strong>in</strong></span> <span class='ocrx_word' id='word_1_914' title='bbox 3195 5162 3318 5214; x_wconf 85' lang='lat' dir='ltr'><strong>aliis</strong></span> <span class='ocrx_word' id='word_1_915' title='bbox 3363 5163 3524 5218; x_wconf 85' lang='lat' dir='ltr'><strong>libris</strong></span> 
     </span>
    </p>
   </div>
   <div class='ocr_carea' id='block_1_112' title="bbox 1947 5246 3523 5320">
    <p class='ocr_par' dir='ltr' id='par_1_112' title="bbox 1947 5246 3523 5320">
     <span class='ocr_line' id='line_1_113' title="bbox 1947 5246 3523 5320; baseline 0.007 -24"><span class='ocrx_word' id='word_1_916' title='bbox 1947 5246 2176 5314; x_wconf 88' lang='lat' dir='ltr'><strong>protulit</strong></span> <span class='ocrx_word' id='word_1_917' title='bbox 2196 5255 2248 5300; x_wconf 83' lang='lat' dir='ltr'><strong>et</strong></span> <span class='ocrx_word' id='word_1_918' title='bbox 2271 5261 2392 5314; x_wconf 68' lang='lat' dir='ltr'><strong>quae</strong></span> <span class='ocrx_word' id='word_1_919' title='bbox 2422 5263 2588 5310; x_wconf 90' lang='lat' dir='ltr'><strong>nunc,</strong></span> <span class='ocrx_word' id='word_1_920' title='bbox 2621 5265 2814 5319; x_wconf 86' lang='lat' dir='ltr'><strong>nempe</strong></span> <span class='ocrx_word' id='word_1_921' title='bbox 2864 5251 3300 5320; x_wconf 82' lang='lat' dir='ltr'><strong>incorruptibile,</strong></span> <span class='ocrx_word' id='word_1_922' title='bbox 3331 5253 3523 5308; x_wconf 86' lang='lat' dir='ltr'><strong>immu-</strong></span> 
     </span>
    </p>
   </div>
   <div class='ocr_carea' id='block_1_113' title="bbox 1948 5335 3523 5415">
    <p class='ocr_par' dir='ltr' id='par_1_113' title="bbox 1948 5335 3523 5415">
     <span class='ocr_line' id='line_1_114' title="bbox 1948 5335 3523 5415; baseline 0.01 -29"><span class='ocrx_word' id='word_1_923' title='bbox 1948 5337 2127 5401; x_wconf 71' lang='lat' dir='ltr'><strong>lallilC,</strong></span> <span class='ocrx_word' id='word_1_924' title='bbox 2179 5335 2759 5408; x_wconf 82' lang='lat' dir='ltr'><strong>incomprehensibile,</strong></span> <span class='ocrx_word' id='word_1_925' title='bbox 2803 5344 3523 5415; x_wconf 81' lang='lat' dir='ltr'><strong>omnipotens,providens.</strong></span> 
     </span>
    </p>
   </div>
   <div class='ocr_carea' id='block_1_114' title="bbox 1945 5427 3524 5504">
    <p class='ocr_par' dir='ltr' id='par_1_114' title="bbox 1945 5427 3524 5504">
     <span class='ocr_line' id='line_1_115' title="bbox 1945 5427 3524 5504; baseline 0.008 -26"><span class='ocrx_word' id='word_1_926' title='bbox 1945 5441 2280 5494; x_wconf 68' lang='lat' dir='ltr'><strong>quaecunque</strong></span> <span class='ocrx_word' id='word_1_927' title='bbox 2301 5427 2462 5482; x_wconf 84' lang='lat' dir='ltr'><strong>Pater</strong></span> <span class='ocrx_word' id='word_1_928' title='bbox 2485 5441 2612 5484; x_wconf 89' lang='lat' dir='ltr'><strong>sunt</strong></span> <span class='ocrx_word' id='word_1_929' title='bbox 2661 5441 2714 5485; x_wconf 89' lang='lat' dir='ltr'><strong>et</strong></span> <span class='ocrx_word' id='word_1_930' title='bbox 2755 5447 2873 5501; x_wconf 69' lang='lat' dir='ltr'><strong>quae</strong></span> <span class='ocrx_word' id='word_1_931' title='bbox 2925 5435 3143 5504; x_wconf 79' lang='lat' dir='ltr'><strong>propria</strong></span> <span class='ocrx_word' id='word_1_932' title='bbox 3183 5439 3343 5490; x_wconf 84' lang='lat' dir='ltr'><strong>etiam</strong></span> <span class='ocrx_word' id='word_1_933' title='bbox 3397 5438 3524 5491; x_wconf 43' lang='lat' dir='ltr'><strong>Fidi</strong></span> 
     </span>
    </p>
   </div>
   <div class='ocr_carea' id='block_1_115' title="bbox 1941 5518 3522 5590">
    <p class='ocr_par' dir='ltr' id='par_1_115' title="bbox 1941 5518 3522 5590">
     <span class='ocr_line' id='line_1_116' title="bbox 1941 5518 3522 5590; baseline 0.007 -21"><span class='ocrx_word' id='word_1_934' title='bbox 1941 5533 2060 5571; x_wconf 86' lang='lat' dir='ltr'><strong>esse</strong></span> <span class='ocrx_word' id='word_1_935' title='bbox 2113 5518 2266 5582; x_wconf 81' lang='lat' dir='ltr'><strong>dicit,</strong></span> <span class='ocrx_word' id='word_1_936' title='bbox 2306 5520 2348 5573; x_wconf 90' lang='lat' dir='ltr'><strong>si</strong></span> <span class='ocrx_word' id='word_1_937' title='bbox 2399 5522 2618 5590; x_wconf 86' lang='lat' dir='ltr'><strong>quidem</strong></span> <span class='ocrx_word' id='word_1_938' title='bbox 2674 5527 2940 5580; x_wconf 85' lang='lat' dir='ltr'><strong>naturalia</strong></span> <span class='ocrx_word' id='word_1_939' title='bbox 2981 5538 3035 5580; x_wconf 88' lang='lat' dir='ltr'><strong>et</strong></span> <span class='ocrx_word' id='word_1_940' title='bbox 3081 5529 3408 5590; x_wconf 76' lang='lat' dir='ltr'><strong>essentialia,</strong></span> <span class='ocrx_word' id='word_1_941' title='bbox 3451 5544 3522 5580; x_wconf 75' lang='lat' dir='ltr'><strong>ne</strong></span> 
     </span>
    </p>
   </div>
   <div class='ocr_carea' id='block_1_116' title="bbox 1943 5611 3520 5689">
    <p class='ocr_par' dir='ltr' id='par_1_116' title="bbox 1943 5611 3520 5689">
     <span class='ocr_line' id='line_1_117' title="bbox 1943 5611 3520 5689; baseline 0.006 -26"><span class='ocrx_word' id='word_1_942' title='bbox 1943 5611 2115 5663; x_wconf 75' lang='lat' dir='ltr'><strong>dit-am</strong></span> <span class='ocrx_word' id='word_1_943' title='bbox 2157 5611 2332 5680; x_wconf 88' lang='lat' dir='ltr'><strong>ipsum</strong></span> <span class='ocrx_word' id='word_1_944' title='bbox 2367 5629 2485 5668; x_wconf 67' lang='lat' dir='ltr'><strong>esse</strong></span> <span class='ocrx_word' id='word_1_945' title='bbox 2517 5614 2732 5670; x_wconf 88' lang='lat' dir='ltr'><strong>Filium.</strong></span> <span class='ocrx_word' id='word_1_946' title='bbox 2763 5619 3110 5689; x_wconf 72' lang='lat' dir='ltr'><strong>Qua-cunque</strong></span> <span class='ocrx_word' id='word_1_947' title='bbox 3146 5620 3520 5673; x_wconf 76' lang='lat' dir='ltr'><strong>attribuuntur</strong></span> 
     </span>
    </p>
   </div>
   <div class='ocr_carea' id='block_1_117' title="bbox 1942 5701 3518 5780">
    <p class='ocr_par' dir='ltr' id='par_1_117' title="bbox 1942 5701 3518 5780">
     <span class='ocr_line' id='line_1_118' title="bbox 1942 5701 3518 5780; baseline 0.004 -26"><span class='ocrx_word' id='word_1_948' title='bbox 1942 5701 2084 5754; x_wconf 82' lang='lat' dir='ltr'><strong>Patri</strong></span> <span class='ocrx_word' id='word_1_949' title='bbox 2111 5701 2433 5758; x_wconf 78' lang='lat' dir='ltr'><strong>naturaliter</strong></span> <span class='ocrx_word' id='word_1_950' title='bbox 2451 5713 2503 5760; x_wconf 85' lang='lat' dir='ltr'><strong>et</strong></span> <span class='ocrx_word' id='word_1_951' title='bbox 2524 5709 2908 5774; x_wconf 82' lang='lat' dir='ltr'><strong>cssentialilcr,</strong></span> <span class='ocrx_word' id='word_1_952' title='bbox 2928 5711 3148 5780; x_wconf 74' lang='lat' dir='ltr'><strong>370m</strong></span> <span class='ocrx_word' id='word_1_953' title='bbox 3181 5710 3310 5762; x_wconf 77' lang='lat' dir='ltr'><strong>dicit</strong></span> <span class='ocrx_word' id='word_1_954' title='bbox 3327 5708 3386 5764; x_wconf 73' lang='grc' dir='ltr'><strong>ί).</strong></span> <span class='ocrx_word' id='word_1_955' title='bbox 3409 5711 3518 5780; x_wconf 46' lang='lat' dir='ltr'><strong>(ly.</strong></span> 
     </span>
    </p>
   </div>
  </div>
