3994 6204
432 326 539 393 ἓΞἾ

1595 322 2014 383 NlCEPIlOlil
2062 319 2447 379 GliEGOR;E

3559 311 3658 373 39.8

432 443 739 507 rillus,lt:ec
783 442 965 496 omnia
1008 449 1129 495 sunt
1157 439 1208 493 in
1230 440 1390 494 Filio.
1421 438 1563 509 Ergo
1597 439 1996 506 incorruptum.

2102 437 2228 503 τήρ.
2266 436 2329 487 Ἃ
2379 434 2469 485 καί
2520 433 2626 484 ἴδια
2664 431 2757 483 καὶ
2783 429 2878 483 τοῦ
2914 428 3040 481 Υἱοῦ
3082 446 3246 497 φησιν
3286 421 3450 489 εἶναι,
3487 428 3660 480 εῐτουν

433 536 795 600 immutabile,
824 532 1393 601 incumprchcnsibile,
1429 546 1644 597 pctens,
1679 528 1992 597 providens,

348 672 355 677 κ
430 643 770 697 ψιιιξωηαιιο
795 627 953 679 Pater
982 624 1259 682 sunt.lnrc
1285 623 1466 674 omnia
1497 627 1623 671 sunt
1654 619 1800 680 Filii,
1821 621 1902 672 vel
1928 617 1993 671 ad

432 729 671 772 nostram
701 715 1186 771 circumscribcudi
1223 711 1695 773 consuetudinem,
1728 725 1836 762 non
1866 708 1995 761 l‘alsa

431 820 486 863 et
518 807 748 861 ascititia
793 806 908 859 Filii
944 806 1179 874 propria.
1211 802 1388 858 Unum
1445 801 1590 853 enim
1632 799 1884 866 idemque
1910 797 1998 849 di-

432 904 571 955 vina:
590 912 641 954 ct
664 899 896 968 SilllpllCi
926 898 1149 951 otnnino
1167 908 1371 948 natum
1400 892 1772 960 intelliguntur
1794 899 1849 943 et
1871 897 1999 942 sunt

432 1001 487 1045 et
515 993 772 1044 dic-untur
808 989 1015 1043 omnia.
1040 987 1385 1055 Quzccunquc
1412 985 1556 1038 enim
1599 982 1786 1036 deitati
1843 980 1998 1035 attri-

433 1085 700 1148 buuntur,
736 1084 938 1151 inquit,
989 1083 1147 1134 unice
1186 1089 1240 1133 et
1274 1081 1492 1147 proprie
1536 1077 1627 1129 uni
1666 1088 1720 1130 et
1760 1073 1996 1142 simplici

432 1186 486 1229 ct
517 1176 641 1237 soli,
669 1175 783 1230 haec
812 1172 1124 1229 connuunia
1159 1172 1429 1224 naturalia
1460 1169 1641 1224 Patris
1674 1175 1728 1222 et
1780 1164 1901 1219 Filii
1943 1171 1999 1217 et

433 1284 602 1321 unum
654 1268 930 1336 idemque,
981 1264 1126 1333 quod
1178 1263 1352 1317 deitas
1393 1278 1497 1315 una
1529 1267 1631 1320 est.
1690 1268 1748 1312 ut
1782 1267 1997 1311 natura.

431 1359 675 1414 Assentit
722 1356 1019 1411 Athanasio
1050 1355 1285 1425 Cyrillus
1322 1359 1373 1405 iu
1414 1352 1695 1405 Thesauri;
1731 1349 1997 1417 Spiritum

433 1450 558 1505 Filii
589 1449 869 1517 pmprinm
906 1447 1220 1501 nouninaus.
1264 1444 1414 1508 Vide,
1458 1442 1733 1512 quomodo
1783 1444 1834 1493 in
1870 1453 2000 1509 pro-

434 1540 707 1610 positione
735 1554 858 1590 cum
888 1537 1071 1590 multis
1089 1535 1353 1588 dixisset:
1404 1554 1421 1583 ι
1455 1532 1648 1587 Omnia
1691 1548 1813 1601 qua:
1841 1531 1999 1585 habet

434 1634 620 1690 Pater,
677 1649 695 1680 ι
752 1639 806 1683 et
852 1644 973 1696 quae
1024 1625 1282 1680 attribuit
1312 1624 1495 1678 deitati
1535 1623 1726 1686 Patris,
1762 1621 1887 1675 dein
1943 1622 1999 1674 in

437 1739 604 1775 unum
630 1719 1101 1788 comprehenderis
1125 1732 1232 1770 non
1265 1716 1420 1779 dicit,
1454 1736 1470 1766 ι
1514 1716 1863 1781 Quaecunque
1906 1713 1999 1765 ba-

2100 528 2303 593 φυσικὰ
2325 526 2417 577 καὶ
2437 524 2692 593 οὐσιώδη,
2710 523 2909 592 μᾶλλον
2928 522 2972 574 δ’
2999 523 3173 574 εἰπεῖν
3194 520 3353 573 αὐτδιν
3379 518 3440 591 [ί.
3465 518 3565 574 175
3586 517 3659 590 r.]

2098 616 2234 671 εἶναι
2301 618 2395 670 τὸν
2457 617 2602 670 λ’ἱόν.
2637 617 2778 667 Ὅσα
2829 618 2936 683 γὰρ
2994 615 3278 683 προσεῖναι
3335 612 3555 681 λέγεται
3584 611 3661 681 τῷ

2099 711 2273 779 Πατρὶ
2328 708 2574 777 φυσικῶς
2632 723 2691 758 τε
2729 707 2824 780 καὶ
2878 704 3179 771 οὖσιωδῶς,
3229 701 3368 755 κατὰ
3399 700 3494 756 τὸν
3522 701 3664 755 θεῖον

2099 800 2389 869 Κύριλλον,
2452 799 2625 852 ταῦτα
2686 798 2864 852 πάντα
2928 797 3074 849 ἐστὶν
3122 798 3150 849 6
3212 794 3361 857 Υἱός.
3421 791 3496 847 Τὸ
3553 793 3662 863 ἄρα

2098 892 2377 962 ἄφθαρτον
2406 890 2499 944 καὶ
2525 891 2794 959 ἄτρεπτον
2827 889 2921 941 καὶ
2959 886 3345 956 ἀκατάληπτον
3384 885 3478 938 καὶ
3511 884 3671 937 δυνα-

2097 987 2187 1038 τὸν
2217 983 2311 1036 καὶ
2349 981 2756 1051 προγνωστικὸν
2786 980 2880 1033 καὶ
2909 981 3010 1032 ὅσα
3038 980 3183 1031 ἐστὶν
3215 981 3242 1032 6
3263 976 3668 1048 Πατὴρ,ταῦτα

2099 1075 2257 1131 πάντ’
2289 1075 2434 1129 ἐστὶν
2471 1078 2497 1128 6
2529 1074 2684 1137 Υἱός.
2715 1075 2775 1126 El
2822 1072 2931 1140 γὰρ
2960 1073 3051 1125 καὶ
3084 1070 3537 1142 περιφραστικῶς
3571 1068 3669 1120 καὶ

2100 1169 2241 1223 κατὰ
2269 1169 2369 1238 τήν
2411 1185 2476 1236 γε
2526 1167 2800 1236 ἡμετέραν
2852 1166 3063 1233 λέγοιτο
3111 1144 3419 1233 συνήθειαν,
3451 1163 3565 1214 ἀλλ’
3605 1162 3668 1214 οὐ

2099 1260 2227 1315 νόθα
2266 1260 2361 1313 καὶ
2415 1260 2685 1329 ἐπίκτητα
2713 1261 2783 1311 τά
2835 1256 2932 1311 τοῦ
2975 1257 3105 1310 Υἱοῦ
3145 1257 3286 1309 ἴδια·
3318 1255 3377 1308 ἒν
3418 1257 3527 1324 γὰρ
3574 1257 3671 1307 καὶ

2097 1350 2292 1402 ταυτὸν
2338 1351 2404 1419 τῇ
2448 1350 2570 1421 θείᾳ
2603 1350 2698 1401 καὶ
2748 1348 3103 1418 ἁπλουστάτη
3145 1347 3305 1414 φύσει
3337 1347 3540 1399 νοεῖται
3571 1345 3672 1397 καὶ

2099 1441 2214 1494 ἐστι
2247 1442 2341 1495 καὶ
2372 1441 2594 1509 λέγεται
2627 1441 2841 1497 πάντα..
2857 1440 2997 1492 Ὀσα
3049 1440 3158 1507 γὰρ
3210 1438 3403 1505 ἀνήκει
3438 1438 3505 1504 τῇ
3551 1435 3673 1487 θεό-

2098 1554 2245 1606 τητι,
2285 1538 2470 1606 φησὶν,
2509 1535 2707 1598 ἑνικῶς
2757 1535 2852 1588 καὶ
2884 1534 3195 1605 μονοειδῶς,
3229 1534 3295 1603 τῇ
3335 1532 3433 1602 μιᾷ
3465 1530 3672 1601 δηλαδὴ

2101 1628 2196 1681 καὶ
2227 1628 2369 1697 ἁπλῇ
2395 1626 2490 1680 καὶ
2519 1628 2676 1696 μόνῃ,
2708 1624 2883 1678 ταῦτα
2913 1622 3069 1676 κοινὰ
3097 1623 3194 1675 καὶ
3225 1622 3429 1690 φυσικὰ
3459 1620 3674 1688 Πατρδς

2102 1723 2195 1774 καὶ
2236 1719 2367 1772 Υίοῦ
2403 1721 2493 1772 καὶ
2534 1717 2592 1771 ἓν
2618 1718 2712 1772 καὶ
2760 1716 2979 1777 ταυτὸν,
3009 1715 3134 1768 ἐπεὶ
3175 1715 3268 1766 καὶ
3321 1713 3511 1780 θεότης
3547 1712 3672 1780 μία,

435 1811 570 1876 bet,
626 1829 643 1861 ι
684 1810 803 1869 sed,
838 1828 856 1859 ‹
911 1808 1260 1876 Ουιυουίιιιυρ
1297 1816 1425 1860 sunt
1480 1806 1662 1859 Pater.
1718 1823 1736 1855 ι
1775 1804 1997 1857 Sublata

2102 1812 2357 1881 καθάπερ
2392 1812 2490 1865 καὶ
2530 1808 2719 1879 φύσις.
2753 1808 3060 1878 Συνηγορεῖ
3088 1807 3144 1859 δὲ
3178 1805 3270 1856 καὶ
3323 1804 3585 1872 Κύριλλος
3614 1805 3678 1856 ἐν

433 1905 581 1957 enim
607 1900 1144 1969 circumscriptione,
1187 1918 1205 1950 ι
1248 1899 1417 1953 habet
1454 1917 1472 1949 ι
1518 1909 1573 1950 et
1627 1917 1645 1949 ι
1705 1898 1999 1950 multarum
2038 1886 2051 1906 ³

433 2002 848 2061 creatarumque
872 2006 1054 2044 rerum
1096 2007 1114 2040 ι
1143 1990 1368 2043 notione
1407 1988 1542 2043 dicit
1579 2003 1708 2054 non,
1734 1986 2002 2053 Quaecun-

433 2099 540 2153 que
568 2092 716 2147 sunt,
748 2096 847 2136 nec
883 2080 1230 2149 Quaecunque
1287 2078 1454 2133 habet
1521 2080 1697 2141 Pater,
1727 2078 1822 2133 sed
1881 2076 2001 2146 qui-

436 2175 540 2229 bus
591 2184 675 2228 est
716 2191 744 2227 a
778 2174 936 2228 nobis
992 2172 1301 2227 nominatus
1354 2179 1414 2225 ut
1457 2170 1634 2240 dignis
1664 2169 1998 2250 nominibus,

434 2282 558 2319 cum
593 2265 777 2318 divina
830 2264 916 2318 illa
958 2263 1277 2332 simplicitas
1324 2262 1587 2330 pluralem
1638 2260 1861 2315 omnino
1904 2276 2003 2313 no-

435 2356 640 2409 tionem
674 2370 781 2406 non
811 2354 1068 2420 postulet.
1097 2351 1354 2412 Videsne,
1399 2359 1460 2404 ut
1509 2366 1736 2420 magnus
1762 2351 1999 2403 Athana-

374 2491 391 2497 -
434 2444 549 2497 sius
579 2443 957 2498 doctrinaliter
1013 2443 1067 2495 in
1108 2456 1275 2494 unum
1313 2440 1522 2509 redegit
1549 2440 1682 2493 illud
1720 2439 2001 2506 pluraliter

434 2536 677 2589 dictum:
713 2533 1071 2601 Qua-cunque
1098 2531 1267 2585 habet
1298 2530 1478 2593 Pater,
1508 2545 1624 2582 mea
1662 2538 1822 2590 sunt.
1873 2544 2001 2584 cum

364 2624 369 2629 ’
436 2635 595 2679 antea
639 2622 897 2688 negasset
935 2623 1003 2675 de
1054 2622 1241 2674 multis
1290 2626 1344 2671 et
1378 2619 1579 2672 creatis
1609 2617 1774 2672 rebus
1820 2616 2002 2673 dicere

432 2716 590 2787 371
654 2715 898 2781 divinam
950 2714 1097 2766 illam
1153 2712 1457 2766 orationem
1512 2724 1632 2764 esse
1683 2710 1999 2778 potandam.

431 2810 567 2864 Nam
590 2808 656 2861 de
683 2823 768 2869 eo,
803 2805 946 2874 quod
976 2803 1286 2874 possidetur
1323 2811 1378 2856 ct
1438 2803 1584 2872 quod
1635 2800 1897 2870 possidet,
1933 2800 2002 2855 de

432 2901 622 2955 eodem
660 2910 714 2952 et
737 2898 932 2957 altero.
963 2897 1031 2950 de
1058 2895 1334 2950 similibus
1360 2896 1477 2963 ipse
1524 2892 1850 2953 meministi,
1880 2907 2003 2960 qua:

432 3006 598 3059 supra
631 2988 870 3042 breviter
911 2986 977 3039 ad
1004 2987 1155 3039 locos
1184 2985 1487 3053 unicuique
1541 2981 1770 3037 idoneos
1816 2982 2003 3053 dispu-

438 3092 547 3136 tata
580 3090 730 3135 sunt.

2108 1898 2805 1969 Θησαυροῐς.⁹Δθανασίῳ,
2840 1897 2968 1949 ίδιον
2986 1895 3117 1948 Υίοῦ
3147 1893 3206 1947 τὸ
3228 1892 3450 1963 Πνεῦμα
3473 1893 3671 1961 λέγων,

2101 1994 2245 2061 ’θρα
2285 1992 2342 2045 δὲ
2403 1990 2501 2044 καὶ
2567 1990 2686 2051 πῶς
2749 1990 2805 2042 ὲν
2865 1991 2930 2058 τῇ
2983 1988 3246 2057 προτάσει
3284 1984 3677 2055 πληθυντικῶς

2099 2081 2268 2169 εἰτξὼν
2326 2081 2503 2134 πάντα
2547 2080 2646 2132 ὅσα
2693 2079 2808 2148 ἔχει
2838 2080 2864 2130 6
2917 2079 3103 2146 Πατὴρ
3128 2078 3237 2129 καὶ
3262 2077 3363 2129 ὅσα
3394 2075 3563 2145 ἀνῆκε
3593 2077 3665 2144 τῇ

2100 2166 2314 2241 θεότητι
2370 2170 2466 2223 τοῦ
2523 2170 2757 2239 Πατρός,
2798 2169 2971 2222 ἔπειτ’
3025 2171 3107 2232 είς
3152 2167 3211 2225 ἐν
3263 2166 3488 2236 ἀγαγὼν
3519 2184 3680 2219 συνε-

2100 2264 2355 2332 πέρανεν,
2390 2264 2489 2331 οὐχ
2540 2261 2639 2314 ὅσα
2692 2260 2806 2329 ἔχει
2854 2261 2882 2313 ὁ
2923 2260 3133 2330 Πατὴρ,
3166 2258 3280 2313 ἀλλ’
3334 2260 3434 2312 ὅσα
3466 2259 3614 2311 ἐστὶν
3645 2259 3681 2310 6

2102 2355 2309 2424 Πατήρ.
2347 2354 2458 2407 Καὶ
2484 2352 2591 2422 γὰρ
2626 2350 2844 2418 ἀφελὼν
2877 2353 2978 2421 τήν
3010 2368 3069 2404 τε
3100 2352 3193 2403 τοῦ
3225 2350 3374 2420 ἔχειν
3403 2351 3681 2419 περίφρα-

2103 2463 2187 2499 σιν
2216 2449 2312 2498 καὶ
2341 2445 2439 2514 τῆν
2481 2444 2592 2497 τῶν
2638 2443 2851 2496 πολλῶν
2901 2445 2992 2497 καὶ
3042 2443 3280 2497 κτιστῶν
3327 2445 3678 2511 πραγμάτων

2104 2537 2381 2595 ὑπόνοιαν.
2414 2536 2511 2606 οὐχ
2539 2536 2639 2589 ὅσα
2670 2538 2833 2601 εἰσιν,
2871 2531 3047 2599 εἶπεν,
3080 2536 3193 2590 οὐδ’
3222 2537 3325 2589 ὅσα
3352 2535 3467 2603 ἔχει
3495 2537 3522 2587 6
3556 2535 3676 2587 [lx-

2099 2625 2225 2695 τὴρ,
2258 2625 2370 2678 ἀλλ’
2398 2625 2499 2677 ὅσα
2529 2625 2678 2676 ἐστὶν
2728 2623 3138 2693 ὀνομαζόμενος
3165 2624 3445 2694 θεοπρεπῆ
3467 2622 3676 2693 δηλαδὴ

2103 2717 2232 2786 παρ’
2260 2717 2417 2786 ήμῶν
2446 2716 2707 2786 ὀνόματα,
2743 2715 2837 2770 ἆτε
2890 2717 2985 2769 καὶ
3023 2717 3121 2785 τῆς
3153 2716 3304 2779 θείας
3343 2716 3403 2768 οὐ
3446 2731 3676 2785 προσιεο

2104 2812 2272 2881 μένης
2312 2808 2532 2878 ἐκείνης
2585 2809 2890 2878 ἁπλότητος
2939 2808 3312 2878 nmmum
3360 2826 3483 2862 τινα
3535 2808 3675 2869 ὅλως

2101 2897 2334 2950 ἔννοιαν.
2384 2896 2555 2969 Ὁρᾷς
2601 2897 2722 2961 πῶς
2754 2899 2781 2951 6
2814 2898 2991 2965 μέγας
3035 2896 3358 2957 Ἀθανάσιος
3393 2895 3515 2949 κατ’
3547 2897 3673 2947 ἐπι-

2105 2989 2316 3057 στήμην
2355 2990 2435 3052 είς
2465 2988 2525 3041 τὸ
2547 2989 2604 3041 ἓν
2636 2972 2967 3056 συνεπέρανε
2998 2987 3062 3042 τὸ
3096 2986 3474 3058 πληθυντικῶς
3514 2987 3671 3055 εἰρη-

2032 3060 2075 3118 C
2111 3075 2294 3149 μένον,
2326 3098 2344 3131 ι
2387 3081 2570 3135 Πάντα
2599 3081 2700 3134 ὅσα
2730 3081 2843 3149 ἔχει
2868 3081 2897 3134 6
2920 3081 3111 3152 Πατήρ
3150 3082 3261 3150 ἐμά
3284 3084 3423 3144 ἐστι,
3469 3098 3490 3131 ι
3528 3080 3677 3148 ἀπη-

424 3173 716 3244 γορευκὼς
756 3172 1023 3242 πρότερον
1108 3168 1183 3241 μή
1234 3169 1363 3240 περὶ
1415 3171 1761 3241 πραγμάτων
1853 3169 2064 3224 πολλῶν
2101 3173 2196 3225 καὶ
2234 3174 2470 3228 κτιστῶν
2504 3173 2714 3228 οἴεσθαι
2761 3174 2942 3244 λέγειν
2973 3173 3188 3246 ἐκείνην
3236 3176 3335 3243 τὴν
3366 3173 3519 3229 θείαν
3559 3191 3677 3242 φω,

436 3269 551 3336 πλήν.
583 3266 717 3335 Περὶ
752 3265 860 3333 γὰρ
894 3262 1051 3315 ἑκτοῦ
1099 3263 1194 3316 καὶ
1230 3261 1442 3333 ἔχοντος
1497 3264 1592 3327 καὶ
1646 3263 1844 3316 ταυτοῦ
1906 3265 1999 3317 καὶ
2037 3265 2225 3336 ἑτέρου
2269 3266 2364 3320 καὶ
2403 3266 2514 3320 τῶν
2560 3267 2821 3322 τοιούτων
2869 3267 3147 3338 μέμνησαι
3216 3268 3309 3321 καὶ
3383 3268 3545 3333 αὐτὸς
3595 3268 3675 3331 ὡς

434 3357 687 3426 ἀνωτέρω
714 3355 886 3425 βραχὺ
920 3354 979 3426 ιι.
1014 3355 1117 3409 175
1140 3351 1217 3427 υ.]
1246 3354 1390 3409 κατὰ
1417 3356 1604 3426 χώραν
1627 3357 1839 3424 ἑκάστῳ
1865 3358 2250 3428 προσήκουσαν
2281 3361 2537 3431 τεχνικὴν
2566 3360 2971 3416 ἀποδέδεικται.

509 3451 641 3505 ΧΙΙΙ.
670 3452 787 3505 Jam
818 3465 970 3515 vero,
1002 3450 1046 3505 si
1080 3450 1273 3519 placet,
1301 3467 1534 3507 concors
1565 3452 1655 3507 ille
1687 3452 1995 3507 advocctur

438 3547 498 3595 ι).
548 3540 821 3608 Basilius,
864 3539 958 3608 qui
1005 3539 1230 3593 nomina
1270 3550 1327 3595 et
1368 3542 1623 3596 notiones
1657 3543 1764 3596 Deo
1802 3542 1994 3611 dignas

434 3632 576 3685 idem
613 3632 789 3685 valere
820 3632 964 3686 inter
989 3646 1048 3685 se
1073 3646 1265 3686 omnes
1292 3631 1465 3699 dicit,
1493 3632 1638 3701 quod
1666 3632 1734 3687 ab
1761 3632 1989 3703 subjecti

434 3721 827 3793 significatione
862 3738 968 3776 non
991 3722 1327 3791 discrepent.
1350 3721 1699 3794 Quaecunque
1722 3726 1889 3788 enim,
1911 3724 1994 3778 iu-

434 3817 590 3885 quit,
620 3814 688 3869 de
722 3814 831 3870 Deo
860 3815 1067 3869 dixeris
1096 3816 1315 3868 nomina
1344 3814 1716 3885 adjudicantia
1744 3824 1799 3871 et
1834 3816 1992 3886 abju-

444 3907 684 3961 dicantia
708 3946 722 3970 ,
774 3906 1008 3975 positiva
1051 3916 1107 3960 et
1152 3906 1437 3975 negativa,
1488 3922 1609 3975 quas
1641 3917 1763 3977 apta
1795 3918 1851 3962 et
1885 3923 1995 3962 non

430 4009 554 4064 apta
604 3998 879 4051 interdum
924 4012 953 4050 a
998 3997 1203 4052 sanctis
1249 3997 1530 4062 dicuntur,
1581 4015 1750 4053 unum
1779 4010 1861 4054 cst
1893 4015 1993 4069 per

431 4088 612 4143 omnia
643 4087 1030 4156 signiﬁcatum,
1060 4090 1175 4143 sive
1209 4089 1437 4153 bonum,
1466 4090 1580 4144 sive
1604 4091 1834 4161 justum,
1872 4106 1993 4159 quae

432 4179 836 4248 adjudicantia,
873 4180 987 4232 sive
1032 4181 1341 4234 immortale
1387 4181 1502 4235 sive
1539 4182 1985 4251 im.:orruptibile,

433 4284 553 4337 qua:
582 4268 949 4338 abjudicantia
977 4269 1261 4323 dicuntur.
1300 4270 1414 4324 Illis
1460 4269 1609 4324 enim
1631 4311 1646 4335 ,
1678 4287 1799 4339 quae
1835 4271 1992 4324 attri-

433 4360 701 4422 buuntur,
736 4361 1131 4429 exprimimus,
1159 4362 1246 4415 bis
1292 4376 1413 4430 qua:
1458 4376 1569 4414 non
1615 4362 1996 4417 attribuuntur

2172 3457 2270 3511 ll".
2329 3456 2468 3509 Ἀλλ’
2500 3456 2549 3509 εί
2578 3455 2779 3527 βούλει,
2812 3459 3113 3529 συνήγορος
3144 3459 3278 3529 ήμίν
3324 3459 3419 3513 καὶ
3452 3461 3482 3514 6
3528 3461 3671 3524 θεῖος

2101 3548 2387 3617 κεκλήσθω
2439 3548 2748 3613 Βασίλειος,
2792 3551 3000 3618 Πάντα,
3037 3551 3235 3619 λέγων,
3269 3552 3337 3606 τὰ
3385 3553 3669 3623 θεοπρεπῆ

2099 3640 2341 3710 ὀνόματά
2364 3657 2424 3693 τε
2453 3643 2548 3695 καί⁸
2572 3643 2823 3712 νοήματα
2844 3644 3122 3715 ὀμοτίμως
3152 3644 3265 3715 ἔχει
3297 3645 3434 3711 πρὸς
3458 3645 3668 3716 ἄλληλα

2098 3732 2176 3800 τῷ
2200 3731 2367 3800 μηδὲν
2398 3732 2550 3802 παρὰ
2576 3735 2675 3804 τήν
2711 3735 2804 3788 τοῦ
2849 3738 3213 3807 ὑποκειμένου
3248 3738 3539 3808 διαφωνεῖν
3569 3758 3671 3811 ση-

2018 3881 2039 3888 η
2098 3822 2322 3891 μασίαν.
2362 3824 2502 3878 Ὀσα
2543 3825 2651 3896 γάρ
2700 3825 2790 3891 ἂν,
2829 3832 3018 3896 φησιν,
3054 3829 3219 3901 εἴπης
3250 3831 3343 3883 ἐπὶ
3374 3831 3512 3885 Θεοῦ
3543 3833 3665 3886 ὀνό-

2098 3931 2265 3982 ματα,
2294 3918 2642 3984 καταφατικὰ
2666 3934 2724 3970 τε
2756 3918 2957 3989 δηλαδὴ
2982 3922 3076 3975 καί⁵
3099 3922 3441 3993 ἀποφατικὰ,
3481 3927 3660 3979 εῐτουν

2095 4006 2508 4078 ἀπαγορευτικὰ
2546 4011 2641 4063 καὶ
2671 4011 2964 4081 άρνητικὰ,
2992 4013 3029 4068 ἃ
3072 4014 3137 4086 δή
3168 4018 3445 4086 προσόντα
3473 4036 3534 4073 τε
3567 4022 3664 4073 καὶ⁵

2100 4094 2174 4164 μὴ
2218 4097 2489 4165 προσόντα
2541 4098 2761 4166 λέγεται
2816 4102 2952 4172 πρὸς
2988 4105 3099 4159 τῶν
3145 4106 3317 4175 ἁγίων
3345 4108 3518 4162 ἐνίοτε
3564 4112 3667 4164 καὶ

2098 4186 2355 4258 ἀλλαχοῦ,
2387 4187 2446 4242 ἓν
2482 4190 2571 4243 διά
2601 4193 2821 4245 πάντων
2850 4195 2969 4247 ἐστὶ
2996 4195 3057 4249 τὸ
3089 4200 3523 4270 σημαινόμενον,
3562 4204 3664 4257 εἴτ’

2097 4279 2299 4347 ἀγαθὸν
2328 4282 2424 4332 καὶ
2452 4281 2664 4336 δίκαιον
2698 4287 2791 4338 καὶ
2824 4287 2892 4341 τά
2936 4287 3083 4343 οὕτω
3108 4291 3376 4361 λεγόμενα
3408 4313 3666 4366 καταφα-

2101 4369 2245 4434 τικὰ,
2283 4369 2383 4422 εἶτ’
2420 4371 2689 4426 ἀθάνατον
2728 4377 2822 4428 καὶ
2864 4376 3144 4449 ἄφθαρτον
3172 4383 3269 4435 καὶ⁸
3297 4384 3364 4435 τὰ
3392 4384 3535 4439 οὕτω
3574 4388 3667 4439 λε-

429 4451 831 4523 abjudicamus.
855 4452 1076 4521 Itaque,
1110 4462 1167 4506 ut
1199 4451 1502 4507 Eunomius
1529 4451 1696 4520 dicit,
1730 4453 1784 4507 in
1817 4455 1994 4507 nomi-

2097 4459 2305 4528 γόμενα
2360 4462 2652 4532 ἀρνητικὰ.
2700 4466 2801 4519 Διὰ
2850 4469 2959 4538 γάρ
3011 4472 3260 4537 ἐκείνων,
3299 4472 3335 4526 ἆ
3375 4481 3668 4544 προσεῖναι

430 4545 593 4598 nibus
618 4544 683 4598 de
706 4545 816 4598 Deo
839 4543 1003 4598 dictis
1030 4543 1147 4613 ipse
1172 4547 1370 4600 fertur.
1394 4543 1659 4610 Quocirca
1687 4545 1996 4601 innomina-

433 4644 520 4688 tus
556 4635 645 4690 iHe
682 4636 873 4689 multis
906 4650 936 4689 a
973 4636 1132 4690 nobis
1166 4636 1486 4691 nominibus
1518 4647 1766 4703 vocatur,
1794 4639 1998 4708 quippe

431 4726 521 4793 qui
562 4727 782 4781 nomine
814 4727 1032 4797 proprie
1075 4729 1380 4797 quadrante
1428 4729 1774 4797 indigeamus
1815 4741 1904 4795 et,
1939 4740 1998 4784 ut

432 4820 681 4888 plurimis
706 4820 987 4873 nominum
1018 4821 1379 4874 varietatibus
1407 4820 1687 4875 notionem
1714 4822 1809 4876 Dei
1837 4822 1997 4876 nobis

433 4909 652 4961 insitam
680 4908 1018 4974 aperiamus,
1049 4922 1331 4978 cogamur.
1359 4909 1567 4965 Nomen
1605 4909 1750 4964 enim
1794 4910 1996 4966 divinae

432 5010 643 5053 natura:
673 5011 1003 5067 ctmgruens,
1022 4997 1318 5068 Gregorius
1344 4998 1621 5069 Nyssenus
1647 5002 1743 5068 ait,
1770 5017 1877 5056 non
1901 5018 1995 5057 au-

431 5089 689 5143 divimus.
726 5089 1166 5158 Explicationem
1211 5091 1374 5164 hujus
1417 5095 1839 5164 appellationis,
1886 5113 1994 5167 qua

431 5181 921 5256 comprehenditur
950 5182 1316 5252 inti-lligibilis
1349 5194 1403 5239 ct
1436 5185 1599 5256 372
1630 5187 1881 5243 invisibis
1901 5205 1996 5243 na-

431 5280 575 5337 tura,
597 5286 704 5324 uon
728 5287 949 5340 prorsus
972 5275 1309 5340 incognitum
1335 5278 1496 5331 nobis
1521 5278 1994 5348 putamus.:Atque

429 5360 739 5414 divinorum
771 5363 1057 5417 nominum
1093 5365 1391 5421 multitudo
1426 5367 1623 5421 similis
1654 5378 1738 5423 est
1768 5369 1927 5422 lineis
1961 5385 1991 5423 a

427 5451 630 5508 ﬁnibus
646 5453 833 5508 circuli
860 5455 914 5509 in
936 5465 1184 5511 centrum
1208 5467 1354 5512 recta
1377 5461 1851 5529 convergcntibus,
1873 5476 1993 5530 qua:

430 5544 614 5600 divisa:
643 5548 771 5615 ipsa:
804 5558 954 5602 cxtra
976 5590 991 5615 ,
1023 5560 1272 5603 centrum
1310 5551 1557 5606 dividere
1589 5569 1699 5606 non
1738 5563 1986 5621 possunt.

431 5634 645 5688 Etenim
692 5637 744 5689 in
791 5637 1143 5708 disquirenda
1188 5642 1519 5710 intelligibili
1563 5652 1798 5705 natura,
1843 5659 1984 5712 quu~

428 5724 574 5779 niam
595 5741 755 5797 supra
781 5743 1036 5783 sensuum
1062 5732 1465 5801 perceptionem
1490 5735 1661 5803 posita
1686 5744 1789 5799 est,
1810 5745 1987 5787 mcntc

2102 4549 2375 4617 λέγονται,
2404 4556 2854 4626 καταφάσκομεν,
2888 4558 2975 4613 διὰ
3013 4559 3069 4614 δὲ
3099 4562 3303 4619 τούτων
3330 4567 3670 4638 ἀπαγορεύο-

2103 4660 2202 4713 μεν
2234 4644 2270 4698 ἃ
2307 4646 2383 4714 μὴ
2414 4646 2732 4716 πρόσεστιν,
2764 4651 2839 4714 ὡς
2880 4652 3041 4716 αὐτὸς
3082 4655 3139 4708 ὲν
3194 4660 3306 4722 τοῖς
3349 4662 3479 4732 περὶ
3525 4664 3665 4717 Θεοῦ

2100 4736 2414 4806 λεγομένοις
2446 4741 2610 4809 φησὶν
2638 4741 2862 4811 ὀνόμασι
2885 4744 3006 4797 κατ’
3042 4746 3307 4819 Εὑνομίου
3340 4753 3664 4822 φερόμενος.

2101 4827 2265 4881 Ὅθεν
2290 4829 2318 4882 6
2346 4828 2629 4901 ἀνώνυμος
2671 4832 3022 4904 πολυώνυμος
3048 4838 3181 4907 ἡμῖν
3216 4843 3513 4912 ἀποροῦσιν
3541 4848 3666 4901 ὀνό-

2101 4930 2271 4983 ματος
2321 4916 2413 4969 τοῦ
2446 4919 2646 4988 κυρίως
2686 4920 3064 4990 ἁρμόττοντος
3114 4928 3348 4994 γίνεται,
3381 4933 3666 4999 πλείσταις

2096 5004 2378 5097 διαφοραίς
2421 5009 2700 5076 ὀνομάτων
2760 5013 3106 5087 ἀνακαλύψαι
3155 5017 3504 5092 βιαζομένοις
3558 5026 3661 5097 τὴν

2098 5096 2226 5166 περὶ
2255 5096 2349 5150 τοῦ
2395 5100 2537 5152 θείου
2585 5103 2716 5171 ἡμῖν
2752 5107 3113 5179 ὲγγινομένην
3136 5110 3415 5166 ὑπόνοιαν.
3450 5096 3665 5185 ὀνομα

2096 5189 2202 5259 γὰρ
2256 5194 2615 5260 σημαντικὸν,
2648 5197 2676 5247 6
2726 5196 3025 5253 Νυσσαέων
3073 5202 3277 5271 φάσκει
3331 5206 3660 5277 Γρηγόριος,

2094 5280 2191 5349 τῆς
2219 5281 2367 5373 θείας
2400 5283 2612 5349 φύσεως
2639 5288 2738 5339 οὐκ
2779 5290 3057 5362 ἐμάθομεν
3076 5310 3091 5326 ο
3116 5294 3352 5366 δήλωσιν
3389 5299 3445 5351 δὲ.
3484 5318 3658 5373 προσ-

2093 5371 2323 5440 ηγορίας
2356 5373 2609 5442 τοιαύτης
2639 5376 2704 5428 δι’
2736 5374 2803 5448 ἧς
2832 5383 3383 5454 ἑμπεριλαμὸάνεται
3417 5391 3452 5459 ή
3479 5371 3663 5461 ἇςρρα-

2095 5464 2219 5525 στός
2246 5479 2306 5515 τε
2335 5463 2426 5516 καὶ
2455 5467 2684 5535 ἀόρατος
2723 5471 2884 5537 φύσις
2917 5473 2947 5543 ἢ
2987 5476 3087 5528 οὐκ
3117 5473 3253 5530 εἶναι
3294 5481 3521 5537 καθόλου
3556 5500 3663 5552 ερα-

2095 5555 2213 5620 μὲν,
2247 5553 2279 5623 ἢ
2313 5558 2530 5617 πάντως
2574 5558 2706 5627 ήμῖν
2736 5560 3016 5645 άχνωστον
3068 5563 3227 5622 εἶναι.
3260 5570 3375 5624 Καὶ
3410 5572 3557 5633 ἔοικε
3595 5575 3661 5628 τὸ

2090 5647 2198 5697 τὼν
2225 5648 2541 5715 θεοπρεπιῖη
2569 5651 2849 5720 ὀιομὰτων
2879 5658 3076 5727 πλῆθος
3112 5662 3231 5724 ταῖς
3260 5664 3324 5715 ὲκ
3346 5664 3454 5717 τῶν
3487 5666 3661 5736 περά-

2092 5752 2197 5786 των
2230 5734 2324 5787 τοῦ
2355 5739 2550 5792 κύκλου
2588 5746 2720 5812 πρὸς
2768 5749 2827 5799 τὸ
2858 5742 3110 5819 κέντρον⁴
3136 5756 3536 5825 συναγομέναις
3565 5734 3661 5811 εὐ-
