3994 6204
295 253 396 316 32)

1246 247 1700 318 BYZANTlN/E
1743 249 2124 321 lliSTORIrE
2161 253 2307 322 ΠΒ.
2353 256 2560 326 XXXI.

3415 267 3521 332 330

291 369 484 430 θείαις,
516 367 800 438 μερισταῖς
831 370 930 439 μὲν
973 369 1162 434 οὔσαις
1207 371 1431 436 ἔξωθεν,
1459 373 1518 425 τὸ
1548 372 1602 426 δὲ
1635 374 1836 444 κέντροη

1963 375 2030 429 ad
2063 391 2124 430 ea
2151 391 2270 445 quae
2301 392 2526 432 sensum
2557 379 2772 448 fugiunt
2805 395 2838 450 p
2874 397 2899 434 r
2931 375 3308 452 conjecturam
3343 387 3519 449 perci-

293 459 514 529 μερίσαι
545 460 620 528 μὴ
654 459 998 530 δυναμέναις,
1032 462 1170 516 ἀλλά
1201 462 1426 532 μᾶλλον,
1463 464 1586 518 ὅσον
1612 465 1854 533 ἐφικτὸν,

291 549 645 616 ὲνιζομέναις.
694 551 782 605 Ἑν
823 551 931 620 γὰρ
969 555 1033 623 τῇ
1072 552 1294 625 θεωρίᾳ,
1329 552 1395 626 [ί.
1431 555 1532 609 176
1581 554 1656 626 r.]
1699 557 1853 626 φησὶ,

289 640 380 707 τῆς
405 641 602 708 νοερᾶς
634 640 872 708 φύσεως,
906 643 995 694 διὰ
1023 643 1084 694 τὸ
1125 643 1490 712 ὑπερκεῖσθαι
1530 645 1630 712 τῆς
1663 645 1852 715 αίσθη-

287 731 381 800 τῆς
410 733 581 802 αὐτὴν
626 733 1005 804 καταλήψεως,
1049 721 1426 804 στοχαστικῶς
1463 734 1565 804 τῆς
1611 735 1854 799 διανοίας

287 825 617 895 ὀρεγομένης
667 827 776 879 τῶν
821 827 1203 896 ὲκφευγόντων
1254 827 1354 896 τὴν
1384 828 1661 897 αἴσθησιν,
1699 831 1850 884 ἄλλοι

288 914 456 977 άλλως
503 914 802 983 κινούμεθά
839 933 898 968 τε
935 917 1066 986 περὶ
1097 918 1154 970 τὸ
1186 911 1543 987 ζητούμενον,
1577 919 1672 973 καὶ
1705 922 1849 975 κατὰ

287 1006 377 1074 τὴν
415 1007 776 1075 ὲγγινομένην
807 1007 1022 1078 ἑκάστῳ
1053 1009 1183 1078 περὶ
1233 1007 1294 1060 τὸ
1330 1010 1692 1079 ὑποκείμενον
1735 1009 1849 1067 διά-

285 1112 451 1160 νοιαν,
497 1099 646 1158 ὅπως
677 1095 744 1149 ἂν
767 1095 876 1150 οἷόν
905 1115 962 1150 τε
997 1114 1052 1170 ῃ,
1079 1098 1136 1150 τὸ
1183 1099 1373 1170 νοηθὲν
1418 1099 1842 1171 ἐξαγγέλλομεν.

293 1185 350 1238 '0
383 1185 430 1238 δ’
453 1187 670 1258 ἀμαθὴς
699 1189 965 1258 Παλαμᾶς
998 1191 1086 1242 διὰ
1124 1189 1353 1260 γνώμης
1392 1193 1596 1244 ἀτόπου
1639 1195 1844 1263 μοχθη-

282 1277 508 1348 ροτέραν
545 1280 659 1345 ἕξιν
704 1281 854 1351 παρὰ
905 1283 1110 1350 φαῦλον
1167 1283 1263 1346 τὰς
1297 1283 1406 1338 τῶν
1446 1285 1617 1354 ἁγίων
1656 1286 1842 1357 ῥήσεις

1959 465 2157 534 pienda
2175 475 2403 533 attenta,
2428 469 2519 522 alii
2544 470 2701 523 aliter
2727 471 3110 540 persequimur
3131 471 3182 526 id
3207 472 3354 541 quod
3377 487 3518 542 qua!-

1959 558 2230 623 rimus,ct
2256 559 2322 612 ad
2344 561 2613 614 rationem
2641 561 2710 616 de
2737 563 2986 634 subjecto
3013 565 3212 634 cuique
3240 565 3482 620 innatam
3504 606 3520 630 ,

1955 648 2086 716 quid
2116 657 2170 702 et
2203 649 2362 718 quale
2388 649 2460 702 sit
2492 651 2544 703 id
2576 652 2722 722 quod
2753 654 3136 723 cogitavimus,
3167 654 3518 725 proferimus.

1954 736 2179 800 Ignarus
2218 747 2400 793 autem
2443 741 2692 796 Palamas
2717 755 2945 813 propter
2969 745 3222 800 absurdae
3244 746 3522 816 opinionis

1951 831 2280 898 pravitatem
2313 833 2594 901 corruptis
2629 843 2945 890 sanctorum
2985 837 3167 893 verbis
3201 839 3298 893 Dei
3332 837 3520 894 Eccle-

1950 917 2084 970 siam
2131 921 2509 988 perturbavit,
2545 923 2732 976 nescio
2769 937 2900 978 num
2957 925 3180 990 invitus,
3242 927 3518 998 incognita

1948 1000 2168 1066 illorum
2221 1015 2534 1077 sententia,
2597 1031 2666 1069 an
2711 1019 2906 1085 sponte
2949 1017 3338 1088 btaspliemans
3371 1027 3428 1073 et
3462 1018 3517 1071 in

1947 1101 2212 1171 subjectis
2257 1113 2312 1157 et
2365 1106 2534 1160 variis
2601 1105 2768 1161 rebus
2819 1108 2966 1162 varia
3025 1110 3123 1164 illa
3185 1112 3368 1164 omnia
3434 1109 3520 1164 di-

1948 1193 2068 1248 vina
2143 1197 2361 1250 nomina
2436 1197 2600 1266 impie
2668 1199 3008 1266 sublaturus,
3035 1211 3088 1256 et
3141 1204 3341 1258 mullos
3391 1203 3518 1256 inde

1945 1285 2230 1354 variosque
2277 1288 2548 1343 increatos
2589 1291 2943 1346 nuntiaturus
2985 1293 3116 1348 deos
3161 1303 3216 1346 et
3261 1295 3511 1348 deitates.

281 1370 666 1437 ποιησάμενος,
701 1371 799 1440 τὴν
852 1372 948 1425 τοῦ
995 1373 1130 1426 Θεοῦ
1185 1376 1557 1445 συνεκύκησεν
1603 1377 1836 1446 Ἐκκλη-

1943 1375 2059 1430 Νοη
2095 1371 2240 1432 enim
2269 1378 2484 1434 audisse
2506 1380 2722 1436 videtur
2746 1375 3066 1454 Gregorium
3100 1385 3400 1457 Nyssenum
3426 1385 3508 1440 di-

279 1460 416 1524 σίαν,
478 1462 580 1513 οὑκ
627 1457 727 1514 οἷδ’
775 1463 1056 1532 ὁπότερον,
1113 1465 1212 1518 εἴτ’
1266 1467 1414 1518 ἄκων
1467 1468 1680 1534 ἀγνοῶν
1737 1471 1836 1538 τὴν

1941 1479 2191 1525 contem:
2228 1470 2282 1526 Si
2316 1489 2419 1528 non
2467 1490 2626 1529 unam
2689 1493 2811 1532 esse
2853 1480 3221 1536 venerabilem
3257 1495 3504 1537 naturam

274 1549 502 1605 ἐκείνων
547 1555 806 1619 διάνοιαν,
861 1555 963 1608 εἴθ’
1029 1557 1171 1611 ἑκὼν
1235 1557 1576 1629 βλασφημῶν
1629 1564 1721 1614 καὶ
1779 1563 1836 1614 ἐν

1941 1565 2227 1617 crederent
2279 1566 2566 1632 homines,
2609 1569 2703 1623 sed
2748 1570 2804 1625 in
2861 1573 3042 1626 varias
3087 1574 3321 1630 deitates
3365 1575 3510 1645 cogi-

277 1642 658 1713 ὑποκειμὲνοις
691 1647 784 1698 καὶ
814 1646 1092 1716 διαφόροις
1131 1647 1447 1718 πράγμασι,
1485 1650 1553 1702 τά
1600 1651 1836 1724 διάφορα

1941 1655 2146 1710 latione
2185 1656 2610 1724 distribuerent,
2665 1677 2772 1716 non
2823 1673 2973 1719 esset
3031 1665 3180 1734 quod
3233 1642 3512 1720 notionem

275 1734 380 1788 τῶν
415 1736 630 1788 πολλῶν
667 1737 887 1790 ἐκείνων
924 1738 1246 1806 θεοπρεπῶν
1284 1740 1570 1810 ὀνομάτων
1624 1744 1836 1808 ἀσεϐῶς

1942 1741 2038 1796 Dei
2083 1757 2180 1812 per
2212 1759 2519 1800 creaturam
2553 1749 2914 1818 prodeuntem
2973 1758 3354 1824 constitueret,
3413 1759 3510 1811 sed

277 1827 654 1894 ἑκλαμϐάνων,
702 1829 794 1880 καὶ
833 1827 1036 1890 πολλὰς
1091 1829 1184 1882 καὶ
1239 1829 1530 1899 διαφόρους
1586 1833 1836 1886 ἐντεῦθεν

1942 1834 2213 1890 creditum
2269 1837 2322 1891 in
2383 1849 2634 1895 creatura
2686 1843 2934 1898 divinum
2997 1846 3130 1900 illud
3181 1849 3510 1917 principium

275 1920 564 1980 ἀκτίστους
595 1919 884 1988 κηρύττων
939 1919 1096 1983 θεοὺς
1127 1920 1222 1974 καὶ
1246 1920 1531 1992 θεότητας.
1566 1924 1700 1976 Οὐδὲ
1729 1926 1836 1996 γάρ

1941 1924 2022 1987 εἰ,
2057 1925 2152 1994 qui
2197 1925 2264 1980 ad
2307 1929 2556 1986 eamdem
2607 1933 3076 1993 existimationem
3121 1939 3252 1994 illud
3303 1941 3513 2010 disqui-

277 2013 392 2064 οὑεὲ
445 2013 748 2081 Γρηγορὶου
797 2011 890 2066 τοῦ
951 2013 1194 2082 Νύσςης,
1245 2013 1322 2076 ὡς
1381 2013 1546 2078 ἔοικε,
1603 2014 1838 2085 βοῶντος

283 2103 532 2172 ἀκήκοεν,
557 2105 632 2165 ὡς
660 2104 792 2156 ὅταν
853 2104 926 2174 μὴ
973 2105 1100 2174 μίαν
1153 2101 1298 2158 εἶναι
1347 2105 1446 2175 τὴν
1497 2122 1839 2176 προσκυνου-

293 2191 448 2258 μένην
494 2189 659 2258 φύσιν
715 2193 1079 2243 πιστεύσωσιν
1133 2193 1184 2244 οῖ
1239 2193 1540 2262 ἄνθρωποι,
1582 2195 1698 2247 ἀλλ’
1751 2198 1832 2259 είς

295 2279 562 2346 διαφόρους
601 2279 860 2350 θεότητας
887 2283 1005 2343 ταῖς
1035 2281 1268 2344 ἐννοίαις
1307 2283 1710 2352 ἀπενεχθῶσιν,
1733 2287 1834 2340 οὑκ

299 2371 419 2423 ἐστιν
446 2369 474 2422 ὃ
494 2372 684 2439 στήσει
712 2371 810 2440 τὴν
835 2374 962 2440 περὶ
987 2373 1044 2424 τὸ
1071 2371 1224 2424 Θεῖον
1245 2373 1513 2442 ὑπόληψιν
1539 2376 1836 2443 προϊοῦσαν

297 2463 370 2516 διὰ
406 2463 500 2530 τῆς
549 2463 806 2524 κτίσεω;,
837 2463 970 2514 ἀλλά
1018 2462 1080 2514 τὸ
1121 2464 1377 2532 νομισθὲν
1429 2468 1485 2516 ἐν
1539 2469 1604 2536 τῇ
1661 2467 1836 2520 κτίσει

302 2551 416 2604 θεῖον
469 2554 694 2622 ἀφορμὴ
745 2555 878 2618 πρὸς
933 2554 1030 2622 τὴν
1087 2553 1210 2624 ἴσην
1263 2555 1530 2626 ὑπόληψιν
1578 2557 1655 2626 τῷ
1717 2559 1835 2626 μετ’

303 2646 446 2698 ἐκεῖνο
479 2646 840 2715 θεωρουμένῳ
871 2648 1188 2714 γενήσεται,
1225 2648 1448 2700 κάκεῖνο
1493 2649 1572 2714 τῷ
1609 2649 1832 2718 ἐφεξῆς,

307 2737 374 2788 καὶ
411 2737 496 2790 διὰ
550 2738 766 2790 πάντων
815 2737 848 2805 ἡ
905 2738 1004 2805 τῆς
1033 2737 1356 2799 ἀκολουθίας
1401 2737 1604 2806 ταύτης
1655 2738 1832 2808 πλάνη

1941 2012 2150 2068 siturus
2181 2024 2300 2081 est,
2333 2015 2434 2070 fuit
2465 2021 2728 2076 continuo
2757 2034 2810 2078 et
2843 2025 2896 2078 in
2931 2028 3122 2082 omnia
3171 2029 3334 2100 hujus
3383 2046 3514 2086 con-'-

1941 2105 2242 2173 sequcntia:
2290 2107 2450 2178 373
2507 2127 2665 2166 error
2715 2117 3096 2182 permanabit,
3158 2135 3280 2174 cum
3339 2126 3512 2190 prima

1941 2193 2089 2249 fraus
2135 2196 2264 2252 inde
2309 2215 2406 2268 per
2453 2202 2754 2273 propinqua
2789 2223 2960 2276 usque
2999 2209 3066 2263 ad
3107 2220 3354 2267 extrema
3383 2229 3511 2282 pcr-

1943 2288 2238 2343 meaverit.
2295 2289 2499 2346 Deinde
2531 2294 2731 2362 inquit,
2757 2311 2827 2352 ne
2870 2299 3003 2360 hoc,
3031 2300 3304 2370 patiamur
3324 2318 3426 2358 nos
3447 2305 3514 2360 ad

1943 2391 2129 2431 veram
2185 2379 2446 2435 deitatem
2501 2384 2694 2439 oculos
2722 2397 3043 2444 convertere
3077 2391 3261 2446 edocti
3295 2408 3324 2446 a
3365 2393 3514 2448 Scri-

1937 2475 2128 2536 ptura,
2161 2485 2323 2526 omne
2357 2483 2598 2528 creatum
2630 2486 2781 2530 extra
2813 2477 3054 2534 divinam
3085 2491 3336 2538 naturam
3365 2486 3514 2554 cogi-

1941 2571 2054 2612 tare
2077 2561 2388 2628 didicimus,
2413 2575 2578 2636 atque
2604 2583 2765 2622 unam
2791 2569 3090 2628 incrcatam
3115 2586 3364 2632 naturam
3383 2577 3514 2634 ado-

1941 2665 2063 2704 rare
2092 2663 2145 2705 et
2175 2654 2443 2707 venerari
2469 2694 2484 2720 ,
2518 2659 2674 2727 cujus
2701 2659 2918 2730 signum
2948 2673 3030 2717 est
3057 2674 3218 2734 atque
3247 2668 3513 2724 indicium

1939 2756 2116 2810 neque
2148 2743 2390 2814 incipere
2417 2748 2789 2804 exsistemiam
2823 2768 2923 2808 nec
2954 2755 3228 2812 desinere.

299 2833 698 2901 διενεχθήσεται,
759 2832 860 2899 τῆς
910 2833 1134 2901 πρώτης
1171 2831 1382 2899 ἀπάτης
1448 2833 1538 2884 διὰ
1600 2831 1709 2884 τῶν
1775 2835 2201 2903 παρακειμένων
2248 2838 2412 2908 μέχρι
2461 2837 2568 2894 τῶν
2619 2843 2865 2911 ἐσχάτων
2911 2847 3256 2920 διεξιούσης·
3289 2850 3410 2908 εἶτα
3435 2857 3510 2920 ὥς

297 2925 352 2976 ἂν
381 2926 444 2995 μὴ
477 2925 658 2986 τοῦτο,
687 2923 840 2990 φησὶ,
873 2921 1140 2992 πάθοιμεν
1167 2922 1262 2974 καὶ
1291 2922 1450 2989 ἡμεῖς
1480 2923 1528 2974 oi
1555 2921 1616 2993 [Γ.
1649 2923 1748 2978 1'76
1778 2923 1856 2996 tu]
1899 2925 2037 2994 πρὸς
2062 2927 2160 2996 τὴν
2202 2927 2466 2998 ἀληθινὴν
2533 2933 2777 3004 Θεότητα
2817 2938 3034 3008 βλέπειν
3065 2947 3216 3014 παρὰ
3246 2947 3344 3016 τῆς
3371 2949 3510 3020 Γρα-

297 3021 386 3092 φῆς
435 3021 836 3087 διδασκόμενοι,
901 3019 1010 3070 πᾶν
1062 3017 1124 3070 τὸ
1174 3017 1394 3071 κτιστὺν
1433 3017 1540 3081 ἔξω
1581 3017 1681 3087 τῆς
1741 3019 1891 3082 θείας
1933 3021 2150 3089 φύσεως
2211 3027 2349 3076 νοεῖν
2379 3027 2804 3100 ἐπαιδεύθημεν,
2843 3035 3010 3102 μόνην
3035 3037 3218 3109 δὲτὴν
3255 3017 3510 3098 ἄκτιστον

299 3116 436 3182 φύσιν
462 3115 751 3186 λατρεύειν
797 3130 854 3166 τε
885 3113 984 3167 καὶ
1033 3112 1384 3180 σεϐάζεσθαι,
1424 3107 1492 3186 ἦς
1536 3118 1828 3186 χαρακτήρ
1867 3117 1985 3170 ἐστι
2013 3119 2107 3172 καὶ
2137 3120 2430 3193 γ·.ὡρισμα
2453 3124 2516 3178 τὸ
2543 3125 2682 3196 μήτε
2752 3129 3025 3198 ἄρχεσθαι
3085 3107 3185 3187 τού
3209 3133 3350 3191 εἷναί
3378 3158 3508 3196 ποτε

301 3215 420 3283 μήτε
447 3213 737 3268 παύεσθαι.

355 3303 438 3357 ld’.
484 3305 647 3375 Ὁρᾷς
681 3303 741 3355 τὸ
775 3301 882 3356 τῶν
931 3302 1182 3372 πατρίων
1223 3303 1444 3374 θεσμῶν
1487 3306 1584 3359 καὶ
1617 3305 1833 3376 ῥήσεων

2009 3301 2148 3364 XIV.
2193 3303 2436 3370 Videsne
2465 3325 2716 3372 veterum
2745 3319 3090 3380 decretorum
3119 3326 3507 3400 dictorumque

293 3395 756 3466 ἀναμφισϐήτητόν
779 3411 836 3447 τε
872 3394 967 3447 καὶ
992 3393 1448 3449 δυσαντίϐλεπτον
1479 3397 1618 3467 μετά
1647 3397 1830 3464 πάσης

291 3486 576 3556 εὑκρινείας
631 3485 749 3556 ἃμα
799 3485 894 3537 καὶ
957 3486 1332 3555 καθαρότητος
1382 3488 1606 3556 προῖόν;
1643 3489 1832 3559 Μόνην

289 3579 385 3646 γάρ
412 3577 505 3646 τὴν
539 3579 692 3631 θείαν
736 3577 924 3630 οὐσίαν
972 3577 1069 3628 καὶ
1123 3577 1286 3645 φύσιν
1319 3577 1604 3648 λατρεύειν
1646 3595 1706 3631 τε
1737 3579 1834 3630 καὶ

286 3669 518 3722 σέϐεσθαι
551 3673 827 3739 παραινεῖ
859 3669 895 3723 ἀ
946 3669 990 3721 δ’
1039 3670 1267 3724 ἀνούσιά
1310 3687 1366 3724 τε
1415 3673 1507 3724 καὶ
1540 3671 1710 3724 πολλά
1738 3672 1833 3725 καὶ

281 3757 374 3824 τῆς
402 3757 546 3820 θείας
573 3759 790 3824 φύσεως
819 3759 998 3821 ἐκτὸς,
1022 3759 1226 3812 τούτων
1269 3760 1421 3814 οὐδὲν
1447 3761 1656 3832 οὐδαμῆ
1692 3764 1831 3831 μήτε

283 3852 592 3915 προσκυνεῖν
644 3851 784 3918 μήτε
837 3849 1111 3904 σέϐεσθαι.
1143 3851 1386 3921 Πολέμια
1439 3853 1548 3919 γὰρ
1581 3853 1832 3919 ἀλλήλοις

281 3941 368 3992 καὶ
393 3943 524 3994 πάνυ
555 3943 840 4010 μαχόμενα
862 3941 936 4010 τῷ
975 3960 1034 3996 τε
1087 3948 1234 4013 μόνῳ
1291 3945 1356 3997 τὰ
1414 3943 1584 3996 πολλὰ
1635 3945 1728 3998 καὶ
1763 3948 1828 4016 τῇ

279 4034 428 4106 οὐσίᾳ
465 4037 532 4088 τά
575 4036 821 4087 ἀνούσια.
873 4037 1028 4087 Δυοῖν
1064 4037 1170 4106 γὰρ
1203 4038 1416 4104 ἀνάγκη
1473 4038 1832 4107 περιπίπτειν

277 4125 490 4200 θιτὲρᾳ,
529 4129 560 4197 ἢ
589 4129 654 4198 τῇ
688 4128 798 4180 τῶν
819 4129 1033 4180 ἀςεϐῶν
1050 4127 1208 4197 dest;
1238 4129 1270 4198 ἦ
1303 4128 1396 4180 καὶ
1416 4131 1480 4198 τῇ
1509 4130 1606 4194 τῆς
1647 4127 1834 4199 Ἐλλή-

277 4239 378 4274 νων
419 4221 710 4282 πολυθεῖας
751 4221 1087 4289 ἀσεϐεστέρᾳ
1107 4222 1299 4288 κακίᾳ,
1333 4219 1538 4288 μεταξὺ
1567 4221 1833 4289 κειμένην

273 4317 710 4388 παρατρέχοντας
734 4315 832 4384 τὴν
858 4313 1162 4366 εὐσέϐειαν.
1203 4314 1286 4374 Ὠς
1313 4314 1405 4366 καὶ
1437 4315 1594 4367 τοῦτο
1632 4311 1833 4366 πολλά·

277 4422 358 4467 κις
391 4409 516 4476 ἡμῖν
547 4407 808 4474 ἀνωτέρω
857 4405 950 4456 καὶ
1001 4403 1238 4474 διαρκῶς
1284 4406 1684 4468 ἀποδέδεικται,
1732 4405 1832 4474 τὴν

281 4499 374 4564 μὲν
397 4479 498 4551 τῶν
526 4499 799 4568 Ἑλλήνων
832 4497 1030 4568 δηλαδὴ
1071 4498 1362 4552 πολυθεῖαν
1395 4497 1602 4568 βραχύν
1651 4517 1709 4551 τε
1738 4501 1832 4552 καὶ

276 4591 370 4641 οὐκ
405 4591 630 4660 ἄπειρον
679 4591 770 4642 τὸν
803 4589 1038 4658 ἀριθμὸν
1086 4589 1492 4657 κεκληρῶσθαι,
1528 4589 1626 4658 τὴν
1655 4588 1713 4641 δὲ
1735 4588 1829 4640 τοῦ

1935 3401 2378 3468 probabilitatem
2405 3408 2473 3460 ad
2509 3409 2869 3466 refutandum
2898 3414 3172 3471 ditlicilem
3205 3435 3328 3474 cum
3357 3427 3503 3478 omni

1933 3494 2320 3561 perspicuitate
2350 3507 2402 3552 et
2426 3499 2756 3556 claritudine
2782 3505 3089 3571 prolatam?
3135 3509 3306 3565 Unam
3355 3517 3504 3568 enim

1933 3582 2174 3638 divinam
2205 3589 2502 3643 essentiam
2533 3600 2590 3646 et
2632 3603 2882 3648 naturam
2914 3597 3144 3654 adorare
3172 3612 3228 3656 et
3254 3608 3504 3661 venerari

1931 3675 2367 3746 commonemur,
2407 3683 2774 3738 inessentialia
2841 3697 2897 3742 et
2957 3692 3129 3746 multa
3173 3704 3328 3750 extra
3369 3699 3507 3753 divi-

1935 3785 2058 3822 nam
2092 3779 2348 3824 naturam
2394 3775 2575 3842 posita
2617 3777 2850 3833 minime
2880 3781 3110 3838 adorare
3138 3795 3196 3838 et
3231 3793 3502 3847 venerari.

1935 3859 2052 3913 Sibi
2079 3861 2226 3914 enim
2254 3863 2478 3918 inimica
2509 3877 2561 3918 et
2587 3868 2746 3922 valde
2773 3874 3154 3941 repugnantia,
3188 3880 3280 3932 uni
3313 3882 3504 3950 multa,
3589 3871 3600 3879 ’

1931 3953 2182 4004 essentia
2205 3953 2452 4008 inessent
2489 3956 2616 4011 alia.
2649 3959 2886 4016 Necesse
2911 3975 2994 4018 est
3021 3968 3167 4020 enim
3213 3979 3274 4022 ut
3298 3971 3506 4028 incida-

1937 4057 2056 4094 mus
2074 4053 2170 4096 aut
2195 4044 2568 4114 in.impiorum
2599 4042 2952 4115 atbeismum.
2982 4066 3076 4110 aut
3105 4058 3158 4112 in
3191 4058 3502 4118 Graccorum

1933 4135 2280 4206 polytlieismi
2315 4138 2607 4193 nefandam
2667 4142 3039 4214 calamitatem
3063 4189 3077 4214 ,
3111 4161 3507 4220 praetereuntes

1939 4228 2260 4296 religionem
2294 4230 2436 4282 intra
2467 4231 2724 4300 positam,
2748 4237 2894 4304 quod
2927 4253 3092 4308 supra
3121 4249 3178 4294 et
3205 4258 3348 4313 saepe
3369 4246 3504 4302 alias

1941 4319 2466 4378 demonstravimus.
2493 4325 2701 4396 Nempe
2751 4329 3066 4386 Graecorum
3111 4335 3506 4405 polytheismus

1934 4412 2192 4480 exiguum
2219 4454 2232 4476 ,
2277 4429 2388 4469 non
2433 4417 2761 4474 immensum
2805 4437 3099 4478 numerum
3139 4427 3246 4480 sibi
3285 4445 3504 4498 compa-

1935 4503 2112 4568 ravit,
2171 4506 2420 4562 Palamas
2469 4525 2602 4564 vero
2662 4511 2798 4566 lines
2844 4513 3090 4569 invenire
3124 4517 3274 4572 nullo
3305 4521 3502 4586 modo,

1935 4595 2124 4650 nescio
2167 4605 2352 4650 utrum
2397 4601 2536 4654 nolit
2589 4619 2658 4655 an
2707 4615 2967 4672 nequeat.
3005 4607 3312 4678 Utrumque
3354 4615 3502 4666 enim

277 4683 501 4754 Παλαμᾶ
527 4657 705 4754 πέρας
735 4657 916 4752 εὑρεῖν
945 4657 1168 4752 οὐδαμῆ
1195 4699 1347 4747 ποτε,
1378 4683 1477 4734 οὐκ
1501 4657 1599 4736 οἶδἰ
1633 4683 1827 4735 ὁπότε-

1941 4683 2056 4737 tieri
2085 4693 2142 4738 et
2173 4695 2352 4756 potest
2389 4699 2446 4742 ει
2484 4705 2590 4744 non
2619 4657 3012 4762 374-potest.
3045 4697 3176 4763 Qua.-
3208 4657 3391 4756 autem
3433 4719 3504 4760 ex

279 4791 363 4842 ρον
404 4777 617 4844 εἴποιμι
666 4775 734 4827 ἂν
795 4772 1205 4844 προσηκόντως,
1257 4773 1357 4824 εἴτ’
1410 4773 1472 4825 οὐ
1540 4771 1830 4842 βούλεσθαι

275 4869 366 4918 εἰτ’
390 4869 450 4920 οὑ
479 4867 766 4921 δύνασθαιο
799 4866 968 4936 ἄμφω
1001 4865 1106 4936 γὰρ
1136 4865 1272 4935 αὐτῇ
1308 4865 1549 4933 μεγάλην
1568 4865 1678 4934 ἔχει
1719 4862 1828 4933 χώ-

279 4977 370 5027 ραν
405 4962 520 5031 ἅμα
580 4962 676 5012 καὶ
725 4960 823 5028 οὐχ
859 4958 998 5026 ἅμα.
1040 4957 1106 5008 Ἃ
1141 4956 1248 5025 γὰρ
1279 4955 1522 5021 ἀμαθοῦς
1561 4955 1696 5024 ὁμοῦ
1739 4957 1830 5009 καὶ

275 5053 606 5121 κακοτρόπου
635 5051 873 5112 διανοίας
909 5051 1163 5120 ἀπορρεῖ,
1197 5049 1400 5100 τούτων
1429 5044 1569 5100 εἶναι
1603 5047 1770 5117 μηδὲν
1799 5047 1828 5099 ὃ

279 5145 349 5213 μὴ
373 5147 569 5207 κακίας
601 5145 798 5206 ἀπόζει
826 5145 1042 5213 μακρᾶς
1079 5143 1184 5212 ίδίᾳ
1233 5145 1326 5193 καὶ
1363 5143 1538 5212 κοινῇ.

345 5239 444 5289 καὶ
479 5237 654 5290 ταῦτα
691 5237 788 5304 μὲν
837 5235 964 5306 τῇδέ
1009 5252 1084 5304 πη
1124 5235 1270 5304 ἔσχε,
1323 5234 1416 5288 καὶ
1444 5233 1636 5288 τοῦτον
1669 5234 1826 5305 είρῆ-

275 5325 389 5377 οθαι
439 5329 524 5380 τὸν
575 5329 778 5397 τρόπον
826 5327 1194 5396 συμπέπτωκε
1245 5325 1320 5394 τῷ
1375 5327 1632 5398 Γρηγορᾷ
1693 5329 1822 5396 περὶ

269 5417 372 5470 τῶν
408 5419 550 5470 δυοῖν
587 5419 936 5488 ζητημάτων.

471 5767 740 5820 Parnm.
775 5766 891 5820 tiu.
923 5763 1196 5832 CXLIX.

1936 4775 2127 4846 ignara
2178 4787 2233 4832 et
2279 4781 2514 4851 maligna
2569 4795 2754 4839 mente
2785 4787 3098 4856 proﬂuunt,
3134 4791 3329 4848 horum
3361 4795 3500 4852 nihil

1935 4877 2058 4931 est,
2097 4869 2244 4938 qii'od
2285 4887 2393 4926 non
2433 4874 2654 4942 publice
2691 4887 2746 4930 et
2785 4879 3040 4946 privatim
3087 4882 3232 4938 oleat
3265 4884 3503 4942 immena-

1934 4975 2048 5016 sam
2086 4965 2432 5032 pravitatem.
2833 4983 2840 4988 '

2005 5219 2130 5284 ηερε
2172 5229 2246 5284 ita
2291 5246 2349 5286 se
2396 5231 2704 5300 habebant,
2755 5239 2944 5294 ethoc
2989 5244 3151 5298 modo
3185 5247 3252 5300 de
3283 5247 3500 5306 duabus

1935 5317 2336 5385 quaestionibus
2363 5319 2624 5378 disseruit
2655 5323 2946 5395 Gregoras.

3068 5777 3194 5862 ιι,
