3994 6204
1647 300 2069 364 NICEPHORI
2114 299 2496 362 GREGOR/E
3575 291 3681 359 336

432 423 729 478 utilitatem
761 420 871 476 sint
900 416 1243 488 conscripti?
1275 417 1417 486 Ergo
1448 411 1810 468 omittendum
1841 409 2003 465 nobis

2113 410 2531 480 Χρυσορῤἠμων
2558 402 2760 460 αὐτίκα
2787 402 3032 474 ποιήσει.
3078 421 3097 455 ι
3135 402 3395 473 Ἐτίμησε
3426 401 3535 472 γάρ
3570 419 3630 456 σε
3654 405 3685 457 6

430 519 679 574 divinum
710 517 1065 587 Evangelium
1092 513 1238 585 quod
1264 513 1578 581 Scripturas
1611 518 1664 562 ut
1696 516 2005 578 perscrute-

2115 502 2271 565 Θεὸς,
2313 502 2502 573 φησὶν,
2539 501 2640 570 οὐχ
2670 498 2760 552 ἵνα
2793 498 2961 551 αὑτὸν
3010 494 3277 568 ὑϐρίζῃς·
3329 495 3542 564 ὑϐρίζει
3574 497 3684 569 γὰρ

429 623 557 664 mur
593 625 693 665 uos
720 606 1094 664 adhortatur?

2117 593 2279 646 αὐτὸν
2295 595 2324 646 ὁ
2345 592 2444 662 τὴν
2473 592 2663 645 οὐσίαν
2689 587 2855 642 αὑτοῦ
2887 605 3043 659 περιε
3055 585 3683 657 ργαζόμενος.ιτούτοις

440 704 643 756 ἐκεῖνοι
671 701 732 752 τὸ
767 698 963 760 εἰωθὸς
1003 695 1327 763 ἀντεισῆγον
1360 694 1557 746 ἐκεῖνο·
1590 688 1723 744 Εἶτα
1753 686 2034 759 ἐρρῶσθαι
2067 685 2383 757 φράσομεν,
2413 681 2550 751 φησὶ
2571 719 2586 745 ,
2636 680 2735 743 τὰς
2769 678 3086 747 θεολογικὰς
3114 677 3224 731 τῶν
3252 676 3428 747 ἀγίων
3469 677 3686 747 βίϐλους

432 799 508 862 ὡς
557 800 624 852 ἂν
664 798 713 849 εί
779 795 865 848 ἐπ’
896 793 1071 848 οὐδενὶ
1102 792 1360 863 χρησίμῳ
1397 792 1512 852 τοῖς
1573 785 1911 857 πεπονηκόσι
1950 781 2288 853 γραφείσας;
2351 779 2581 850 Χαίρειν
2617 778 2664 833 δ’
2711 778 2948 848 ἐάσομεν
3003 779 3065 829 τῦ
3104 775 3246 830 θεῖον
3281 773 3614 844 Εὐαγγλιον
3659 781 3691 835 δ

428 892 527 954 τὰς
556 889 804 959 οΓραφάς
855 888 989 957 ἡμῖν
1034 885 1264 955 ὲρευνᾷν
1313 882 1602 953 παραινεῖ;

497 1029 586 1083 Ill.
611 1028 692 1081 Ad
711 1027 823 1081 haec
842 1024 1112 1094 Gregoras
1124 1024 1203 1078 sic
1220 1021 1332 1077 fere
1366 1017 1649 1089 respondit
1669 1036 1680 1070 :
1697 965 1811 1072 :ios
1831 1016 2008 1072 luere-

428 1121 661 1175 ticorum
687 1119 834 1174 dicta
863 1117 998 1171 mihi
1028 1114 1304 1186 profertis.
1339 1112 1404 1166 lli
1431 1126 1561 1167 vero
1588 1110 1812 1180 quinam
1834 1107 2008 1163 sunt?

425 1226 569 1267 anne
599 1210 795 1263 horum
826 1208 1068 1276 ineptam
1100 1203 1493 1259 scrutationem
1534 1210 1589 1256 et
1615 1200 1890 1255 curiosam
1923 1198 2007 1251 in-

425 1302 691 1356 dustriam
716 1300 888 1369 palam
911 1315 939 1352 a
957 1297 1349 1368 Chrysostomo
1367 1292 1701 1361 deprehendi
1720 1303 2003 1359 nunquam

427 1393 760 1449 audivistis?
790 1392 896 1447 Sed
920 1390 1158 1445 audietis
1182 1403 1328 1443 nunc
1373 1388 1538 1441 etiam
1583 1399 1812 1454 prorsus
1846 1381 2006 1436 nobis

429 1485 615 1539 invitis
642 1482 917 1554 quomodo
940 1482 1032 1535 hic
1056 1480 1440 1535 haereticorum
1465 1475 1843 1547 Oppositiones
1869 1487 2006 1526 con-

431 1578 582 1631 tinuo
605 1591 666 1629 ac
700 1585 924 1630 strenue
955 1571 1240 1628 refellerit.
1287 1568 1581 1634 Proﬁtere,
1616 1564 1814 1635 inquit,
1843 1563 2008 1634 380

430 1666 831 1721 confessionem
851 1674 1022 1731 tuam,
1055 1661 1332 1718 hmretice.
1359 1662 1496 1715 Cum
1522 1658 1587 1713 ad
1621 1655 2005 1727 baptisterium

2184 1014 2257 1069 l".
2290 1012 2432 1075 Πρὸς
2460 1011 2633 1065 ταῦτα
2667 1011 2697 1064 δ
2719 1009 3011 1079 Γρηγορᾶς
3039 1004 3243 1061 οὑτωσί
3280 1022 3400 1068 πως
3443 1005 3663 1075 ἀπήντη
3682 1036 3695 1048 -

2115 1118 2229 1158 σεν’
2260 1102 2567 1173 Αίρετικῶν
2599 1117 2691 1171 μοι
2716 1100 3046 1174 προφέρετε,
3098 1096 3401 1166 ἄνθρωποι,
3439 1095 3694 1166 ῥήματα.
3730 1112 3735 1121 '

2113 1197 2288 1250 Τίνων
2319 1196 2383 1266 δὴ
2409 1194 2654 1260 τούτων;
2704 1186 2778 1246 ὧν
2828 1192 2928 1261 τὴν
2979 1189 3183 1244 ἄτοπον
3232 1188 3462 1257 ἐρευνάν
3501 1205 3561 1242 τε
3592 1189 3691 1242 καὶ

2115 1288 2652 1357 πολυπραγμοσύνην
2677 1285 2917 1357 δημοσίᾳ
2948 1284 3041 1337 τοῦ
3072 1284 3538 1354 Χρυσορῥήμονος
3569 1281 3686 1349 ὲξε-
3752 1317 3777 1359 ο

2113 1383 2398 1454 λέγχοντος
2432 1380 2589 1436 οὔπω
2618 1376 2686 1449 γε
2716 1379 3037 1450 ἡκηκόειτε,
3069 1375 3146 1439 ὡς
3175 1374 3373 1428 ἔοικεν.
3430 1372 3689 1428 Ἀκούσι-

2116 1478 2210 1532 σθε
2236 1477 2293 1531 δὲ
2325 1477 2440 1544 νῦν,
2477 1476 2572 1529 καὶ
2600 1476 2650 1528 εί
2686 1475 2763 1544 μὴ
2791 1473 2934 1527 πάνυ
2967 1488 3020 1525 τι
3048 1467 3296 1540 σφοδρῶς
3343 1485 3406 1537 γε
3435 1467 3523 1540 είη
3558 1468 3691 1539 ὑμῖν

2115 1572 2254 1644 πρὸς
2289 1570 2620 1641 βουλήσεως,
2650 1567 2748 1629 τὰς
2780 1565 2890 1617 τῶν
2922 1562 3222 1632 αίρετικῶν
3252 1560 3558 1623 ἀντιθέσεις
3591 1576 3689 1614 συ-

2114 1665 2218 1737 χνά
2247 1682 2307 1717 τε
2334 1664 2445 1717 κάκ
2464 1662 2557 1716 τοῦ
2608 1661 2876 1729 σύνεγγυς
2912 1657 3336 1727 ἀνατρέποντος.
3390 1653 3690 1722 Ἀνάγνωθί

429 1758 728 1825 οεοθεεὶεῑῖ,
759 1758 888 1826 quid
922 1756 1202 1811 confessus
1230 1751 1326 1809 es?
1351 1750 1650 1806 Horrendis
1673 1750 1781 1804 illis
1809 1754 2005 1819 myste-

2114 1780 2237 1826 σου,
2296 1760 2432 1831 φησὶ
2465 1759 2563 1832 (Ι),
2603 1758 2703 1829 τὴν
2732 1755 3048 1829 ὁμολογίαν,
3067 1752 3336 1823 αἱρετικέ.
3361 1751 3493 1804 ’Ότε
3518 1763 3691 1819 προσο

435 1851 531 1905 riis
554 1851 712 1903 fidem
744 1849 984 1902 habuisti
1012 1865 1026 1901 :
1068 1862 1216 1901 nunc
1247 1860 1377 1899 vero
1406 1843 1502 1897 Dei
1529 1841 1824 1897 essentiam
1856 1854 2010 1893 scru-

433 1944 533 1998 tari
568 1940 899 2012 praesumis?
929 1937 1033 1995 Sed
1077 1938 1202 1992 vide
1233 1951 1352 2007 quae
1375 1933 1623 1990 veritatis
1662 1930 2010 1987 adversarius

427 2043 620 2088 contra
675 2034 841 2087 dicat.
880 2030 1065 2096 Quid?
1101 2031 1302 2099 inquit,
1336 2041 1520 2081 nonne
1574 2025 1817 2079 inertem
1849 2022 2009 2077 nobis

430 2137 668 2182 mentem
702 2124 853 2179 dedit
885 2122 1078 2177 Deus?
1108 2120 1300 2175 Nonne
1336 2104 1525 2175 revera
1561 2117 1881 2187 accepimus
1925 2131 2011 2170 ra-

428 2220 595 2271 tionis
620 2215 946 2269 criteriuut?
974 2215 1117 2284 Ergo
1159 2221 1342 2268 mente
1374 2226 1476 2265 nos
1510 2209 1671 2264 ﬁdem
1699 2216 2012 2278 perscrute-

430 2325 554 2364 tuur
579 2318 813 2377 oportet,
844 2321 1021 2375 neque
1053 2305 1227 2374 pietas
1260 2303 1597 2372 inexplorata
1627 2314 1750 2356 esse
1772 2300 1955 2355 debet.
1985 2318 2003 2350 ι

426 2401 629 2455 Contra
688 2399 824 2453 ille:
859 2397 1089 2467 Oportet
1138 2404 1346 2459 autem,
1395 2409 1427 2447 ο
1461 2392 1706 2448 veritatis
1763 2390 2006 2458 inimice,

428 2492 752 2547 scrutationi
807 2499 1010 2544 nostra:
1074 2487 1341 2542 terminos
1400 2483 1763 2556 prtescribant
1824 2482 2008 2537 divina

429 2591 699 2654 praecepta
742 2589 798 2636 et
827 2596 858 2635 a
894 2582 1004 2635 Deo
1041 2579 1187 2633 data:
1227 2578 1385 2632 nobis
1443 2576 1665 2646 pietatis
1720 2575 1885 2644 leges.
1924 2572 2008 2627 Tu

425 2689 558 2731 vero
600 2671 956 2728 transiliendo
1003 2671 1059 2723 in
1123 2667 1406 2723 veritatem
1469 2679 1684 2736 peccas.
1731 2664 1837 2718 Sed
1888 2663 2008 2718 vide

430 2783 553 2838 qua:
577 2766 682 2820 alia
705 2772 928 2834 insuper
951 2763 1161 2833 profert
1190 2760 1516 2815 haereticus:
1539 2759 1658 2812 Non
1674 2756 2007 2823 invenimus,

429 2859 627 2929 inquit,
660 2860 821 2911 tidem
884 2866 1052 2910 tutam
1100 2853 1326 2922 ubique.
1371 2851 1588 2905 Scimus
1636 2849 1782 2904 enim
1832 2848 2008 2903 Adam

428 2954 593 3006 etiam
621 2965 688 3004 ex
711 2951 814 3003 ﬁde
837 2952 1069 3018 lapsum.
1094 2945 1202 2999 Sed
1224 2945 1347 2998 vide
1370 2947 1534 2996 etiam
1554 2940 2009 3012 qumChrysosto—

2112 1854 2275 1926 ἦλθες
2335 1851 2726 1923 βαπτισθῆναι,
2787 1848 2842 1902 τί
2904 1843 3093 1914 εἷπες;
3148 1846 3259 1899 Καὶ
3310 1843 3403 1897 ἐπὶ
3442 1842 3539 1912 μὲν
3572 1839 3685 1893 τῶν

2113 1944 2361 2017 φρικτῶν
2414 1942 2639 1998 ἐκείνων
2679 1940 3001 2014 μυστηρίων
3050 1938 3151 2009 τὴν
3184 1938 3369 1990 πίστιν
3400 1935 3687 2005 προσήγα-

2111 2055 2229 2107 γες,
2265 2036 2359 2091 νῦν
2386 2035 2443 2090 δὲ
2471 2035 2566 2090 τοῦ
2597 2033 2735 2089 Θεοῦ
2794 2030 3282 2103 πολυπραγμονεῖς
3323 2027 3424 2096 τὴν
3454 2023 3686 2086 οὐσίαν;

2123 2128 2268 2182 Ἀλλ’
2287 2129 2391 2196 ὅρα
2420 2126 2473 2179 τί
2501 2126 2665 2181 πάλιν
2692 2126 2719 2177 ὁ
2748 2124 2938 2196 ἐχθρὸς
2968 2122 3246 2190 ἀντιλέγει
3276 2119 3374 2189 τῆς
3401 2116 3685 2187 ἀληθείαςο

2110 2221 2202 2289 Μὴ
2224 2219 2333 2287 γὰρ
2367 2217 2573 2290 ἀργοὺς
2604 2218 2738 2288 ἡμῖν
2772 2218 2801 2270 ό
2829 2215 2960 2278 θεὸς
3002 2214 3200 2268 δέδωκε
3235 2210 3534 2280 λογισμούς
3561 2227 3574 2270 ;
3606 2209 3687 2278 μὴ

2112 2313 2222 2382 γὰρ
2260 2311 2449 2373 ἁπλῶς
2488 2310 2797 2379 εἰλήφαμεν
2846 2307 2942 2362 τοῦ
2998 2307 3091 2361 νοῦ
3143 2310 3205 2358 τὸ
3238 2304 3525 2375 κριτήριον
3552 2301 3692 2370 ςΔει

2113 2402 2206 2455 καὶ
2235 2402 2520 2472 λογισμοῖς
2554 2401 2784 2472 ἐρευνᾷν
2812 2402 2914 2469 τὴν
2941 2399 3149 2461 πίστιν,
3200 2396 3294 2449 καὶ
3323 2394 3402 2466 μὴ
3430 2392 3697 2457 ἀνεξέτα-

2113 2510 2237 2547 στον
2277 2488 2417 2547 εἶναι
2440 2492 2540 2565 τὴν
2566 2492 2869 2547 εὐσέϐειαν.
2906 2489 3067 2545 Ἀλλὰ
3094 2487 3291 2560 χρεὼν,
3318 2487 3504 2556 φησὶν,
3523 2482 3692 2555 ἐχθρὲ

2110 2584 2211 2655 τῆς
2239 2583 2521 2655 ἀληθείας,
2561 2581 2626 2656 [ί.
2658 2582 2756 2636 157
2782 2580 2859 2654 ν.]
2915 2579 3015 2650 τῆς
3044 2579 3346 2646 ὲξετάσεως
3380 2577 3505 2644 ὅρον
3536 2572 3683 2626 εἶναι

2109 2676 2179 2730 τά
2210 2676 2330 2729 θεῖα
2369 2675 2526 2746 λόγια
2558 2675 2652 2731 καὶ
2704 2676 2833 2736 τοὺς
2865 2671 2998 2743 παρ’
3043 2670 3209 2724 αὐτοῦ
3243 2671 3498 2732 δοθέντας
3543 2668 3683 2737 ἡμῖν

2110 2770 2210 2840 τῆς
2246 2770 2531 2833 εὐσεϐείας
2554 2770 2802 2830 κανόνας.
2831 2768 2903 2821 Σὺ
2944 2765 2990 2820 δ’
3017 2764 3368 2836 ὑπερϐαίνων
3398 2762 3557 2832 βιάζῃ
3581 2760 3689 2830 τὴν

2110 2863 2395 2934 ἀλήθειαν.
2431 2862 2542 2916 Καὶ
2576 2863 2676 2934 ὅρα
2706 2862 2867 2915 πάλιν
2889 2860 3041 2923 τίνας
3064 2861 3092 2912 ό
3115 2857 3391 2929 clpe-:th;
3421 2854 3689 2922 ὑποφέρει

2110 2953 2322 3024 λόγους.
2374 2955 2485 3024 Οὐχ
2526 2954 2880 3025 εὑρίσκομεν,
2929 2951 3213 3029 φησὶ,ητὴν
3249 2947 3431 3002 πίστιν
3462 2943 3685 3015 ἀσφαλῆ

431 3059 553 3097 mus
583 3041 651 3095 ad
687 3041 803 3095 haec
830 3038 1160 3108 respondeat
1185 3050 1200 3089 :
1237 3035 1556 3098 Considera,
1587 3033 1788 3103 inquit,
1816 3048 2005 3088 rursus

2113 3047 2387 3117 πανταχῆ.
2438 3047 2784 3118 Εὑρίσκομεν
2835 3046 2942 3116 γὰρ
2980 3046 3070 3099 τὸν
3106 3043 3282 3113 ’Δδάμ
3330 3042 3439 3097 ἀπὸ
3464 3041 3561 3111 τῆς
3582 3044 3685 3093 πί-

430 3135 654 3206 maligni
678 3134 942 3188 dazmonis
969 3130 1113 3185 dicta
1144 3129 1329 3184 omnia
1354 3128 1558 3197 ubique
1583 3126 1863 3182 tentautis.
1887 3128 2005 3182 Non

2116 3109 2581 3202 στεωςηπεσόντα.
2610 3109 2753 3210 Ὅρα
2774 3109 2956 3191 ossea-tl.
2984 3135 3078 3189 τοῦ
3101 3109 3562 3205 Χρυσορρήμονος
3582 3130 3686 3201 τὴν

429 3229 526 3299 qui
553 3230 785 3282 tortunae
816 3223 1043 3278 conﬁdit
1077 3221 1251 3277 ﬁdelis
1282 3228 1390 3285 est,
1423 3220 1520 3275 sed
1549 3221 1643 3290 qui
1690 3219 1799 3274 Deo
1836 3220 2008 3274 conﬁ-

431 3324 513 3376 dit
544 3321 596 3375 in
619 3318 872 3375 veritate.
905 3316 989 3370 An
1019 3312 1415 3371 demonstrasti
1475 3312 1627 3366 illum
1682 3311 1795 3366 Deo
1834 3312 2008 3367 conﬁ-

429 3429 554 3467 sum
616 3409 938 3465 interiisse?
1023 3407 1247 3461 Iliabolo
1304 3403 1531 3459 conﬁdit
1607 3412 1664 3458 et
1733 3403 2003 3469 interiit;

432 3507 542 3560 Deo
566 3519 672 3559 non
705 3503 930 3558 conﬁdit
950 3509 1003 3556 et
1026 3501 1211 3570 lapsus
1238 3506 1340 3553 est.
1373 3496 1469 3551 His
1500 3496 1666 3566 igitur
1682 3495 1867 3551 verbis
1896 3495 2005 3550 ha:—

435 3599 604 3654 retico
646 3608 710 3650 os
753 3594 1052 3649 obturavit.
1089 3590 1195 3646 Sed
1254 3603 1365 3643 non
1419 3587 1594 3641 solum
1642 3588 1750 3652 hic,
1809 3601 2003 3641 verum

430 3690 596 3745 etiam
629 3686 813 3743 ca‘teri
841 3692 1113 3755 quotquot
1144 3682 1208 3736 ad
1249 3682 1395 3735 hunc
1447 3680 1591 3734 diem
1644 3678 1839 3734 eadem
1887 3695 2010 3750 qua:

432 3781 676 3839 haeretici
722 3780 811 3835 isti
868 3778 1098 3841 faciunt,
1140 3788 1333 3830 omnes
1389 3772 1582 3827 iisdem
1628 3772 2005 3844 Chrysostomi

431 3874 601 3928 armis
632 3878 1087 3943 prosternuntur.

500 4165 661 4236 381
690 4166 777 4220 ιν.
808 4164 937 4218 Post
970 4162 1076 4217 hoc
1118 4164 1284 4216 verba
1312 4163 1637 4231 inceperunt
1662 4161 1884 4231 quidam
1908 4176 2006 4231 pa-

432 4275 556 4314 rare
585 4260 834 4314 insidias.
863 4256 1166 4310 Consuerat
1188 4254 1336 4308 enim
1366 4253 1779 4308 Cantacuzenus
1829 4254 1883 4308 in
1907 4254 2009 4309 hu-

428 4352 670 4425 jusutodi
705 4351 866 4405 rebus
894 4348 1242 4403 insidiatores
1280 4346 1552 4402 instruere
1585 4358 1642 4402 et
1667 4363 1733 4402 ex
1790 4349 2005 4404 occulto

2109 3228 2517 3300 ἀνθυποφοράν.
2548 3228 2747 3295 Βλέπε,
2784 3228 2942 3299 φησὶ,
2975 3227 3140 3281 πάλιν
3173 3225 3267 3280 τοῦ
3291 3222 3528 3295 πονηροῦ
3559 3222 3684 3275 δεί-

2112 3337 2274 3390 μονος
2305 3321 2373 3374 τά
2411 3322 2637 3391 ῥήματα
2666 3320 2760 3375 τοῦ
2792 3321 2971 3375 πάντα
2994 3319 3323 3389 τολμῶντος.
3363 3316 3504 3370 Ἀλλ’
3527 3316 3626 3387 οὐχ
3648 3314 3687 3367 ὁ

2112 3411 2385 3466 πιστεύων
2418 3411 2497 3481 τῷ
2526 3411 2747 3482 τυχόντι
2787 3412 3001 3478 πιστὸς,
3058 3410 3174 3465 ἀλλ’
3206 3411 3233 3463 ὀ
3263 3409 3384 3481 Θεῷ
3409 3408 3686 3462 πιστεύων

2110 3503 2350 3573 ἀληθῶς.
2378 3504 2470 3575 Μὴ
2506 3506 2613 3577 γὰρ
2635 3504 2842 3571 ἔδειξας
2873 3506 2955 3559 ὅτι
3009 3505 3130 3575 Θεῷ
3181 3504 3483 3566 πιστεύσας
3528 3500 3693 3558 ἀπώ-

2111 3593 2270 3661 λετο;
2311 3594 2555 3663 Διαϐόλῳ
2595 3596 2787 3649 πιστεύ
2801 3613 2894 3660 ηας
2923 3594 3192 3661 ἀπώλετο,
3219 3593 3338 3664 Θεῷ
3371 3592 3688 3663 ἀπιστήσας

2108 3688 2403 3758 ὠλίσθησε.
2440 3688 2662 3752 Τούτοις
2687 3689 2788 3758 μὲν
2813 3689 2876 3758 δὴ
2906 3682 2999 3741 οὖν
3026 3691 3137 3749 τοῖς
3168 3689 3378 3758 ῥήμασι
3412 3686 3503 3739 τὸν
3526 3687 3682 3754 αἱρε-

2110 3782 2258 3836 τικὸν
2309 3780 2642 3850 ἐπεστόμισε
2689 3781 2840 3834 τότε·
2881 3780 2958 3851 μὴ
2999 3780 3160 3841 μόνον
3199 3779 3244 3832 δ’
3270 3774 3384 3844 οὖν,
3419 3777 3554 3832 ἀλλά
3582 3775 3683 3830 καὶ

2109 3874 2227 3927 ὅσοι
2262 3871 2474 3927 ἐκεῖθεν
2513 3873 2569 3936 ἐς
2598 3872 2715 3926 τόδε
2765 3872 2938 3925 ταυτά
2968 3874 3084 3936 τοῖς
3115 3873 3417 3940 αἱρετικοῐς
3448 3868 3683 3929 ἐκείνοις

2108 3966 2487 4037 προφέρουσιν
2515 3964 2716 4035 ἕτεροι.
2745 3966 2858 4028 τοῖς
2886 3965 3070 4029 αὐτοῖς
3091 3963 3184 4017 τοῦ
3210 3963 3679 4034 Χρυσορρήμονος

2107 4058 2347 4121 ἅπαντες
2377 4057 2559 4127 βέλεσι
2588 4057 2936 4126 πλήττονται.

2177 4172 2253 4223 Δθ.
2284 4167 2505 4221 Τούτων
2531 4166 2576 4219 δ’
2602 4167 2746 4220 οὕτω
2794 4168 3107 4236 λεγομένων
3137 4166 3374 4238 ἤρξαντό
3398 4184 3544 4227 τινες
3576 4166 3684 4234 τῆς

2105 4259 2393 4333 ἐφεδρείας
2423 4260 2750 4314 ἐπεισιέναι.
2780 4258 3015 4328 Σύνηθες
3045 4260 3152 4328 γὰρ
3182 4259 3332 4314 τουτὶ
3357 4260 3686 4315 Καντακου-

2108 4353 2255 4423 ξηνῷ
2282 4350 2630 4422 προλοχίζειν
2669 4350 2955 4420 ἐφεδρείας
2994 4352 3053 4403 ὲν
3109 4352 3225 4413 τοῖς
3280 4350 3547 4414 τοιούτοις
3583 4352 3686 4403 καὶ

430 4445 822 4500 Telchinorum
844 4441 1031 4512 copias
1051 4439 1392 4510 protrahere,
1417 4438 1519 4508 ipsi
1537 4439 1759 4509 quidem
1784 4440 2000 4492 ﬁrmum

2113 4444 2380 4513 Τελχίνων
2442 4442 2699 4497 τοιούτων
2753 4445 3038 4513 ἑπιφερειν
3068 4443 3129 4508 ἐξ
3187 4443 3427 4513 ἀφανοῦς
3455 4444 3689 4514 στρατό-

430 4535 758 4599 subsidium,
791 4531 1119 4588 adversariis
1143 4544 1274 4583 vero
1322 4537 1587 4583 terrorem
1650 4544 1929 4600 magnum.
1962 4528 2003 4583 E

429 4626 628 4695 quibus
652 4626 741 4693 qui
769 4624 978 4693 primus
1010 4621 1248 4676 surrexit
1272 4629 1328 4674 et
1368 4619 1720 4689 hiC‘quidem
1762 4635 1884 4673 cum
1913 4635 2001 4674 re-

430 4719 597 4788 liquis
651 4716 909 4771 omuibus
962 4713 1196 4767 maxime
1248 4712 1584 4780 conspiravit
1635 4722 1692 4766 et
1753 4712 2000 4766 eamdem

430 4819 668 4865 mentem
698 4807 893 4861 habuit
918 4814 973 4859 et
998 4805 1156 4858 valde
1188 4804 1447 4858 omnibus
1473 4801 1706 4858 dilectus
1733 4812 1875 4869 erat,
1909 4819 2002 4858 ar-

430 4904 933 4972 ripuit'scrmonem
963 4895 1031 4949 de
1062 4896 1184 4949 luce
1216 4896 1303 4948 illa
1342 4895 1610 4948 iwmonte
1637 4894 1913 4959 Thabore,
1944 4904 2001 4949 et

429 4991 777 5049 contumeliis
807 4988 998 5044 obruit
1048 4986 1397 5042 Theodorum
1434 4987 1527 5056 qui
1562 5001 1658 5056 pro
1692 4986 1913 5041 Christo
1946 4996 2003 5041 et

429 5083 629 5139 divinis
652 5082 907 5136 Ecclesia:
940 5080 1225 5148 prmccptfs
1259 5078 1537 5133 cruciatus
1584 5087 1827 5133 summos
1882 5093 2003 5147 per-

429 5189 623 5246 pessus
653 5184 800 5236 erat;
834 5171 925 5240 qui
965 5170 1032 5224 ab
1082 5170 1459 5224 lconomachis
1508 5169 1653 5224 inter
1682 5169 1915 5239 plurima
1944 5179 2001 5224 et

427 5264 580 5321 varia
618 5265 843 5317 verbera
880 5262 1027 5315 velut
1076 5275 1249 5331 agnus
1297 5262 1446 5315 humi
1492 5270 1753 5316 extensus
1797 5262 2004 5317 acubus

428 5360 626 5417 ferreis
658 5367 892 5428 punetus
950 5364 1140 5412 eratet
1198 5356 1473 5409 laceratus
1519 5364 1687 5408 totam
1760 5355 1999 5420 faciem;

432 5467 611 5511 tamen
646 5452 883 5506 animum
925 5466 1034 5505 non
1079 5450 1376 5520 abiecerat,
1424 5450 1599 5503 donec
1629 5450 1782 5503 exsul
1824 5448 1999 5518 judici

429 5548 749 5613 incorrupto
780 5544 886 5597 Deo
910 5558 1031 5598 eam
1070 5541 1405 5597 tradidisset.
1431 5541 1797 5596 Contumeliis
1817 5552 1997 5596 autem

2111 4536 2271 4600 πεδα,
2306 4533 2455 4605 αὐτῷ
2504 4534 2603 4605 μὲν
2635 4536 2973 4605 συμμαχίαν,
3021 4536 3136 4597 τοῖς
3161 4534 3206 4586 δ’
3240 4535 3546 4599 ἀντιθέτοις
3584 4536 3682 4589 ἔκ-

2112 4626 2308 4695 πληξιν
2329 4644 2342 4657 ⁸
2367 4621 2442 4679 ὧν
2476 4629 2503 4680 ὁ
2535 4627 2752 4695 πρῶτος
2773 4627 2868 4679 καὶ
2905 4626 3143 4696 μάλιστα
3163 4628 3382 4682 πάντων
3400 4628 3681 4699 όμόψυχός

2107 4735 2166 4770 τε
2201 4719 2296 4771 καὶ
2321 4718 2660 4788 ὁμογνώμων
2694 4721 2787 4772 καὶ
2823 4719 3004 4772 πάντα
3033 4720 3400 4790 στεργόμενος
3436 4723 3680 4792 ἀνελάμ-

2106 4811 2269 4864 ϐανεν
2289 4812 2452 4875 εὐθὺς
2475 4812 2541 4865 τὰ
2556 4811 2648 4864 τοῦ
2672 4813 2729 4864 ὲν
2747 4811 3016 4883 Θαὸωρίῳ
3034 4814 3113 4884 τῷ
3132 4814 3247 4884 ὄρει
3268 4813 3447 4884 φωτὸς
3466 4817 3678 4883 ἐκεῖνα,

2103 4905 2198 4988 καὶ
2226 4903 2487 4975 ἐλοιδόρει
2533 4907 2629 4958 τὸν
2657 4906 2800 4976 ὑπὲρ
2828 4905 3070 4975 Χριστοῦ
3100 4907 3196 4959 καὶ
3250 4908 3359 4963 τῶν
3387 4908 3548 4963 θείων
3575 4913 3680 4982 τῆς

2121 4995 2451 5066 Ἐκχλησίας
2482 4996 2772 5066 δογμάτων
2822 4997 2990 5068 μυρία
3021 4997 3262 5052 παθόντα
3288 5001 3437 5055 δεινὰ
3462 5002 3674 5085 85633-

2111 5103 2224 5157 ρον,
2257 5087 2313 5149 ὃς
2341 5089 2479 5156 πρὸς
2513 5088 2620 5141 τῶν
2653 5089 3038 5167 Είκονομόιχων
3068 5092 3209 5160 μετά
3258 5093 3521 5158 πλείστας
3544 5099 3678 5165 πρό-

2108 5194 2265 5246 τερον
2294 5179 2388 5230 καὶ
2417 5178 2709 5248 διαφόρους
2737 5180 2986 5244 κολάσεις
3042 5184 3296 5254 καθάπερ
3338 5185 3508 5254 ἀμνὸς
3530 5192 3676 5243 κατά

2106 5267 2210 5336 γῆς
2246 5268 2493 5331 ἐκταθεὶς
2513 5271 2719 5341 ἀκμαῖς
2764 5272 2999 5344 σιδήρων
3050 5274 3293 5338 ἑστῖζετο
3320 5280 3672 5348 γραφόμενος

2107 5360 2253 5412 ᾶπαν
2286 5362 2347 5412 τὸ
2375 5362 2688 5427 πρόσωπον,
2748 5363 2908 5434 ἔμενε
2946 5366 3002 5418 δὲ
3048 5365 3148 5438 τὴν
3187 5367 3364 5439 ψυχὴν
3418 5371 3669 5442 ἀκλινὴς,

2106 5452 2209 5514 ἕως
2242 5452 2319 5514 εἰς
2364 5451 2581 5522 ὲξορίαν
2633 5456 2954 5526 ἀπενεχθεὶς
2989 5459 3069 5529 τῷ
3104 5461 3383 5534 ἀδεκάστῳ
3437 5464 3676 5521 δέδωκεν

2108 5544 2276 5614 αὐτὴν
2303 5543 2569 5615 ἀθλοθέτῃ
2595 5545 2731 5617 Θεῷ.
2780 5548 3067 5619 Ἐλοιδόρει
3104 5552 3147 5605 δ’
3181 5554 3387 5609 ἐκεῖνον
3422 5557 3506 5610 ὅτι
3540 5556 3681 5627 βοη..

501 5746 577 5819 (1)
606 5746 710 5799 Τοῦ
744 5746 1133 5818 Χρυσοστόμον
1168 5751 1229 5799 ἐκ
1267 5744 1356 5799 τοῦ
1392 5748 1471 5809 εἰς
1502 5746 1557 5797 τὸ
1594 5748 1754 5817 me»;
1784 5745 1863 5809 τὸ,
1904 5764 1922 5796 ι
1945 5746 2043 5820 Ἑν,
2077 5747 2203 5819 ποίᾳ
2236 5746 2451 5822 ἐξουσίᾳ
2481 5749 2650 5803 ταῦτα
2684 5755 2896 5819 ποιεῖς;
2932 5773 2949 5806 ι
