3994 6204
306 297 410 360 337

1195 301 1632 362 ΒΥΖᾹΝΤΙΝΛΞ
1671 303 2050 362 ΠΙΞΤΟΙΠᾸΞ
2084 305 2224 365 LIB.
2261 305 2502 364 XXX”.

3431 305 3536 368 318

309 417 418 469 θῶν
439 417 746 486 όρθοδόξοις
772 418 951 489 βιϐλία
981 421 1122 473 κατὰ
1151 421 1258 474 τῶν
1286 423 1672 492 Εἰκονομάχων
1696 423 1872 491 ἀφῆκε

1977 437 2099 474 eum
2133 422 2312 477 alfecit
2345 423 2490 491 quod
2529 421 2768 476 lidelium
2825 423 3009 477 socius
3041 423 3242 491 scripta
3291 423 3540 480 ediderat

305 509 384 578 τῷ
415 509 540 580 βίῳ.
581 511 682 580 τὴν
714 513 940 565 ἐκείνων
983 514 1102 565 τότε
1139 514 1491 582 ἐξελέγχοντα
1528 515 1870 578 δυσσέϐειαν,

309 600 404 654 νῦν
431 601 490 654 δὲ
524 600 624 671 τὴν
663 603 1011 672 Παλαμικὴν,
1063 608 1125 658 ὲκ
1153 608 1281 674 μιᾶς
1321 605 1640 676 ἀρξαμένων
1665 609 1872 676 ἀμφοῖν

309 694 662 760 προφάσεως,
717 695 812 748 τοῦ
844 698 901 748 ὲν
933 697 1198 767 Θαϐωρίῳ
1241 699 1384 766 λέγω
1410 699 1486 768 τῷ
1521 700 1638 770 δρει
1675 701 1870 767 φωτὸς,

309 785 384 847 ὡς
427 785 778 855 δειχθήσεται
833 789 1170 860 πλατύτερον
1210 793 1494 858 προϊόντος
1543 791 1636 844 τοῦ
1685 793 1870 860 λόγου.

309 877 416 929 Καὶ
444 879 573 930 ποία
597 877 808 944 τοῦτον,
838 879 1096 948 ἔφασκεν,
1125 877 1266 934 οἶδεν
1305 883 1634 953 Ἐκκλησία;
1679 887 1772 938 καὶ
1793 887 1876 948 τίς

309 969 477 1022 αὐτοῦ
509 987 639 1024 ποτε
697 973 920 1041 μνήμην
984 974 1275 1041 πεποίηται
1313 975 1422 1026 τῶν
1481 979 1730 1044 ὴμερῶν;
1765 979 1874 1030 Καὶ

311 1061 484 1114 πολλά
511 1061 736 1115 τοιαῦτα
774 1063 1038 1132 συνείρων
1076 1067 1174 1132 τὴν
1216 1065 1322 1117 τῶν
1345 1066 1703 1138 βλασφημιῶν
1740 1072 1874 1140 ἐπή-

313 1169 470 1218 νεγκε
503 1153 793 1224 κορωνίδα.
845 1157 926 1208 ὅτι
984 1155 1146 1208 πάνθ’
1189 1159 1306 1208 ὅσα·
1335 1156 1512 1224 βιϐλία
1540 1162 1872 1230 πεποιῆσθαι

311 1245 525 1312 λέγεται
559 1249 701 1300 κατὰ
749 1247 856 1300 τῶν
883 1249 1268 1318 Εἰκονομάχων
1297 1249 1446 1320 αὐτῷ
1485 1251 1754 1322 αἱρέσεων
1785 1257 1876 1324 γέ-

313 1353 402 1407 μει
433 1337 688 1409 μακρῶν.
725 1341 836 1394 Καὶ
881 1340 930 1391 εί
985 1339 1086 1408 μὲν
1116 1339 1298 1410 ἕτεροί
1331 1357 1474 1404 τινες
1505 1343 1874 1414 ὑποϐολιμαῖα

309 1430 843 1498 παρεισενέγκαντες
895 1429 956 1482 τὸ
995 1430 1162 1482 αὐτοῦ
1203 1449 1265 1500 γε
1306 1433 1628 1502 ἐπέγραψαν
1679 1436 1872 1506 ὄνομα,

309 1523 644 1592 ἀνέγκλητος
674 1523 774 1591 μὲν
807 1521 1166 1585 ἔσταιαύτδς,
1209 1523 1272 1575 τὰ
1304 1522 1360 1576 δὲ
1411 1524 1593 1593 βιϐλία
1625 1525 1684 1579 οὐ
1707 1546 1722 1560 ο
1756 1533 1802 1582 εἰ
1829 1531 1876 1583 δ’

309 1613 477 1667 αὐτοῦ
499 1613 576 1683 τῷ
599 1613 714 1666 δντι
751 1613 986 1682 βεϐαίως
1019 1615 1176 1678 εἰσὶν,
1207 1615 1343 1684 ὁμοῦ
1369 1619 1480 1680 τοῖς
1516 1619 1742 1687 βιϐλίοις
1767 1623 1878 1692 ἄρα

311 1704 620 1776 ἀπόϐλητος
669 1707 763 1759 καὶ
818 1706 980 1769 αὐτὸς
1037 1707 1132 1759 καὶ
1175 1710 1288 1770 τοῖς
1345 1709 1528 1774 ἄλλοις
1575 1714 1878 1782 αἱρετικοῖς

313 1799 655 1870 ἐναρίθμιος.

387 1895 460 1947 Ε’.
497 1893 786 1950 Τοσούτων
816 1890 910 1946 οὖν
967 1895 1062 1948 καὶ
1120 1895 1262 1948 οὕτω
1325 1899 1594 1967 μεγέθους
1627 1905 1878 1968 ἀσεϐείας

314 1983 546 2052 ιχόντων
579 1983 752 2052 λόγων
783 1985 1051 2054 αὐτήκοος
1085 1987 1112 2038 ό
1143 1986 1182 2038 Γ
1186 1989 1430 2058 ρηγορᾶς
1475 1991 1714 2058 γεγονὼς
1748 1996 1882 2061 αφά.

317 2075 415 2144 δρα
454 2092 511 2128 τε
555 2074 828 2145 ἐξεπλάγη
883 2079 979 2130 καὶ
1014 2081 1230 2150 ἄφωνος
1281 2081 1500 2150 ἔμεινεν
1546 2085 1674 2156 ἄχρι
1697 2091 1788 2140 καί
1823 2092 1878 2154 ἐς

320 2169 460 2239 ὥρας
485 2169 699 2238 μακρόν
725 2187 774 2220 τι
803 2169 1101 2240 διάστημα.
1130 2173 1360 2229 Ἔπειτα
1392 2177 1564 2250 θυμοῦ
1599 2183 1692 2235 καὶ
1714 2183 1876 2254 ζήλου

325 2261 460 2313 θείου
495 2261 695 2328 μεστὸς
735 2262 972 2331 γεγονὼς
1009 2264 1213 2331 τοιάδε,
1272 2269 1534 2338 στραφεὶς
1593 2273 1730 2343 πρὸς
1787 2277 1878 2328 τὸν

333 2351 794 2423 Καντακουζηνὺν,
858 2355 1020 2425 φησί’
1076 2357 1142 2409 Τί
1205 2375 1308 2427 μου
1341 2361 1402 2412 τὸ
1443 2363 1620 2433 γῆρας
1650 2367 1750 2420 οὒκ
1783 2371 1876 2438 ἐᾷς

331 2447 564 2514 ἠρεμεῖν,
603 2446 720 2500 ἀλλ’
753 2449 1127 2513 ἐπιϐουλεύεις
1156 2451 1280 2517 ἀεί;
1313 2454 1378 2506 Τί
1402 2471 1468 2524 με
1499 2459 1620 2521 ταῖς
1653 2463 1771 2524 σαῖς
1793 2463 1878 2514 ἀεὶ

332 2539 556 2607 μερίζων
589 2541 870 2611 αἱρέσεσιν
899 2544 1000 2596 οὐκ
1029 2545 1338 2616 ὲνάρκησας
1361 2549 1474 2603 οὐδ’
1507 2551 1604 2620 ὀψὲ
1633 2554 1730 2622 τῆς
1761 2556 1878 2626 ηλι-

331 2631 438 2693 ιιίας
465 2631 567 2700 τῆς
611 2633 710 2699 σῆς
743 2635 834 2687 καὶ
853 2637 956 2704 τῆς
997 2635 1092 2690 νῦν
1123 2637 1516 2711 βαρυδαίμονος
1559 2645 1762 2716 τύχης;
1811 2649 1878 2701 Τί

333 2723 378 2792 μ’
405 2723 578 2776 ἄλλοτ’
611 2725 836 2779 ἄλλοθεν
891 2727 966 2790 ὡς
1002 2730 1063 2782 ἐκ
1097 2730 1307 2802 λόχμης
1336 2735 1430 2787 καλ¹
1459 2735 1670 2806 δρυμοῦ
1705 2755 1876 2810 προσ-

331 2813 544 2880 ϐάλλων,
575 2817 640 2868 οὐ
669 2817 874 2889 τολμᾷς
909 2821 1050 2874 κατὰ
1083 2823 1338 2890 μέτωπον
1369 2825 1629 2898 ἄντικρυς
1667 2831 1758 2884 τὸν
1786 2835 1878 2888 σὺν

333 2904 387 2976 [ί.
421 2907 516 2962 liis
549 2909 623 2982 r.]
665 2911 954 2982 ἐπιφέρειν
989 2914 1246 2983 πόλεμον,
1300 2916 1418 2968 ἀλλ’
1455 2919 1556 2972 οὐκ
1591 2920 1736 2973 ἔστιν
1763 2923 1875 2976 οὐθ’

331 2995 434 3048 ὅθεν
455 2997 566 3050 οὐθ’
596 2999 686 3052 ὅτε
714 2999 790 3070 μὴ
819 3001 916 3069 τὴν
953 3003 1052 3070 σήν
1079 3019 1169 3072 μοι
1200 3006 1498 3074 προσάγεις
1529 3009 1876 3078 ἀτέκμαρτον

1975 515 2176 582 quibus
2213 514 2694 568 lconomachorum
2729 513 2976 582 impietas
3005 515 3538 584 deprehendebatur,

1977 620 2126 658 nunc
2145 619 2278 658 vero
2299 607 2462 660 etiam
2489 605 2872 660 Palamitarum
2897 606 3196 674 quieodem
3223 617 3541 674 argumento

1976 709 2034 749 se
2065 695 2407 762 fulciebant;
2441 695 2510 752 de
2561 699 2684 751 lucc
2733 705 2921 751 autem
2957 712 3264 752 sermonem
3301 698 3436 752 facio
3488 699 3542 752 in

1977 797 2162 840 monte
2217 787 2488 852 Thabore,
2533 803 2695 857 quam
2745 789 2882 842 infra
2923 804 3258 859 exponemus
3307 789 3542 858 planius.

1977 875 2108 943 Quae
2139 879 2295 934 vero?
2317 881 2494 949 inquit
2523 881 2631 944 ille,
2669 880 2912 936 Ecclesia
2955 882 3103 937 hunc
3127 883 3344 949 agnovit
3371 883 3394 934 ?
3423 882 3546 950 quis

1979 971 2296 1024 memoriam
2370 973 2492 1041 ejus
2569 973 2920 1028 observavit?
2983 975 3075 1028 llis
3149 975 3374 1044 insuper
3441 977 3546 1030 alia

1980 1059 2146 1114 multa
2169 1061 2378 1114 addidit
2405 1071 2459 1117 ct
2487 1065 2940 1134 contumeliarum
2963 1081 3220 1118 acervum
3249 1067 3548 1134 complevit

1977 1167 2101 1205 cum
2145 1152 2314 1206 libros
2351 1164 2622 1224 quotquot
2673 1158 2896 1211 omnino
2945 1159 3238 1226 conscripti
3271 1159 3546 1213 ferrentur

1977 1253 2167 1298 contra
2219 1246 2625 1311 lconomachos,
2685 1249 2848 1318 382
2918 1251 3082 1304 nimis
3125 1251 3356 1306 refertos
3425 1267 3546 1306 esse

1977 1337 2160 1404 pravis
2187 1338 2540 1405 opinionibus
2563 1339 2794 1408 diceret,
2817 1353 2872 1395 et
2897 1343 3000 1396 nisi
3049 1343 3118 1396 ab
3145 1344 3266 1396 aliis
3313 1345 3543 1413 quibus-

1977 1427 2104 1482 dam
2135 1428 2624 1499 interpolatoribus
2655 1449 2856 1488 nomen
2881 1437 3002 1505 ejus
3037 1437 3359 1505 inscriptum
3399 1451 3545 1492 esset

1977 1521 2152 1588 libris,
2177 1523 2424 1592 ignotum
2453 1525 2590 1578 illud
2617 1541 2933 1580 mansurum
2971 1527 3174 1588 fuisse;
3215 1545 3318 1580 non
3367 1539 3544 1582 tamen

1979 1611 2105 1665 libri
2149 1612 2248 1680 ipsi
2281 1633 2294 1678 ;
2325 1615 2416 1682 qui
2447 1631 2634 1670 revera
2693 1617 2914 1685 quidem
2956 1629 3256 1681 exstarent.
3295 1620 3388 1674 sed
3443 1637 3544 1674 una

1980 1713 2103 1753 eum
2139 1702 2224 1755 his
2257 1719 2456 1758 nomen
2495 1707 2616 1774 ejus
2651 1709 3020 1775 ahjicicndum
3048 1725 3165 1764 csse
3197 1721 3252 1764 et
3285 1709 3549 1764 adnume-

1981 1795 2208 1849 randum
2237 1797 2461 1866 reliquis
2491 1799 2784 1855 hzeretieis.

2047 1884 2111 1938 ν.
2147 1885 2276 1950 Quae
2301 1889 2467 1943 verba
2509 1900 2670 1944 tanta:
2723 1893 2879 1961 plena
2933 1893 3228 1963 impietatis
3255 1911 3378 1950 cum
3413 1899 3548 1952 Gre-

1977 1990 2135 2043 goras
2167 1977 2426 2046 audisset,
2467 1982 2825 2038 vehementer
2855 1984 3038 2038 animo
3077 1988 3358 2055 perculsus
3390 2001 3548 2044 estet

1977 2069 2254 2124 obmutuit
2289 2087 2384 2140 per
2411 2073 2630 2143 longum
2659 2075 2809 2131 liora:
2835 2076 3206 2131 intervallum.
3241 2079 3312 2132 At
3345 2079 3544 2134 deinde

1976 2159 2159 2215 animo
2181 2171 2236 2216 et
2263 2163 2443 2218 divina
2497 2165 2918 2234 eondignatione
2961 2167 3215 2236 impletus
3265 2171 3428 2224 vertit
3488 2187 3546 2226 se

1977 2250 2032 2303 in
2071 2249 2510 2308 Cantaeuzeuum
2541 2257 2724 2310 verbis
2763 2257 2952 2312 hisce:
2995 2259 3106 2312 Cur
3133 2275 3240 2313 non
3266 2271 3542 2315 senectam

1979 2341 2114 2396 mihi
2197 2345 2334 2399 sinis
2415 2347 2821 2417 tranquillam?
2879 2348 2992 2403 Cur
3059 2365 3276 2418 semper
3350 2352 3544 2406 ha-rcsi

1977 2441 2070 2487 tua
2105 2434 2374 2504 inquietas
2397 2453 2482 2493 me
2513 2455 2688 2508 neque
2737 2443 3014 2496 succurris
3057 2443 3190 2496 mihi
3250 2444 3342 2512 qni
3387 2455 3545 2500 aetate

1970 2525 2080 2596 jam
2117 2528 2404 2585 conlectus
2433 2545 2552 2586 sum
2581 2541 2788 2587 etcum
2839 2544 2984 2588 tanta
3025 2551 3170 2589 nunc
3215 2536 3542 2606 ingravescit

1977 2617 2194 2672 miseria
2219 2619 2369 2675 ?Cur
2400 2621 2561 2674 modo
2593 2621 2718 2676 hinc
2749 2623 2912 2676 modo
2965 2623 3112 2678 illinc
3144 2635 3402 2694 tanquam
3457 2629 3542 2680 in-

1975 2709 2132 2763 sidiis
2180 2719 2234 2764 et
2275 2711 2500 2767 latebris
2553 2729 2936 2782 prorumpens,
2973 2715 3109 2768 mihi
3143 2731 3252 2770 non
3313 2719 3540 2772 advena

1977 2801 2156 2857 fronte
2181 2803 2392 2874 justum
2441 2805 2645 2860 bellum
2681 2806 2898 2862 infers?
2941 2807 3128 2876 Neque
3163 2809 3318 2864 locus
3365 2827 3542 2878 neque

1979 2905 2194 2965 tempus
2225 2905 2307 2950 est
2339 2912 2447 2966 quo
2475 2913 2584 2952 non
2617 2899 3073 2955 insolentissimas
3105 2911 3226 2956 tuas
3281 2905 3542 2956 tentatio-

1977 3003 2075 3041 nes
2097 2989 2150 3042 in
2176 3005 2261 3045 me
2293 2998 2495 3048 vertas.
2520 2991 2630 3046 Cur
2664 2993 2716 3046 in
2746 2993 2930 3050 divina
2980 2995 3228 3064 dogmata
3259 2999 3416 3052 modo
3445 2999 3542 3052 hos

333 3091 538 3157 adiuv;
569 3091 634 3144 Τί
665 3093 808 3146 κατὰ
839 3093 948 3146 τῶν
981 3095 1140 3148 θείων
1171 3097 1454 3167 δογμάτων
1482 3101 1656 3156 ἄλλοτ’
1681 3103 1872 3170 ἄλλους

1979 3081 2145 3135 modo
2175 3083 2298 3137 illos
2335 3085 2574 3139 exstruis
2603 3085 2862 3156 Olympos
2915 3097 2972 3142 et
3017 3089 3311 3143 Parnassos
3351 3102 3542 3144 contu-

333 3179 544 3249 έγείρεις
621 3183 934 3254 Ὀλύμπους
995 3189 1090 3240 καὶ
1147 3189 1468 3258 Παρνασούς
1525 3195 1876 3268 βλασφημίας

332 3275 656 3344 αὐτομαθοῦς
689 3277 782 3330 καὶ
807 3277 1148 3346 ὄψιμαθυῦς;
1185 3283 1250 3334 Τί
1283 3285 1422 3337 κατὰ
1451 3286 1556 3340 τῶν
1586 3287 1742 3341 θείων
1767 3292 1878 3342 Πα-

333 3367 484 3436 τέρων
534 3369 820 3440 χαράδρας
883 3372 1201 3441 ἀνορύττεις
1261 3375 1348 3426 ἀεὶ
1409 3380 1730 3448 καινοτέρας
1779 3385 1876 3436 καὶ

335 3459 453 3530 μόνῃ
475 3463 538 3530 τῇ
578 3463 642 3530 σῇ
674 3462 1102 3531 παρευρημένας
1135 3464 1416 3520 αὐτοθελεῖ
1445 3469 1658 3540 ἐπινοίᾳ
1687 3487 1702 3536 ;
1741 3473 1874 3526 Τίνα

331 3553 498 3606 τοῦτον
531 3553 590 3617 ἐξ
639 3554 988 3622 αὐτοσχεδίου
1041 3557 1120 3626 τῷ
1159 3556 1286 3628 θείῳ
1321 3559 1516 3630 ἐκείνῳ
1557 3563 1729 3634 Πατρὶ
1779 3565 1874 3619 καὶ

330 3645 462 3712 σοφῷ
492 3645 798 3714 διδασκάλῳ
827 3647 924 3724 τῇς
959 3649 1286 3718 Ἐκκλησίας
1315 3651 1432 3704 νέον
1455 3653 1698 3718 ὀπλίζεις
1750 3658 1873 3728 ’Δρο

327 3735 588 3808 χίλοχονῆ
637 3740 838 3809 μᾶλλον
904 3741 1218 3812 Ἀρχιλόχου
1272 3745 1528 3816 πίθηκον,
1563 3747 1621 3811 ὃς
1675 3751 1870 3824 πρὶνῆ

327 3824 504 3888 μαθεῖν
531 3827 730 3880 ἄπονον
757 3829 928 3880 οἴεται
958 3829 1240 3898 εἰληφέναι
1290 3834 1496 3900 ταμίαν
1549 3835 1741 3904 σοφίας
1773 3838 1872 3910 τὴν

336 3911 564 3967 Ἠσιόδου
603 3916 830 3986 δάφνην,
867 3919 963 3971 καὶ
1001 3920 1136 3992 μόνῃ
1178 3921 1394 3993 Θελήσει
1421 3925 1482 3977 τὸ
1517 3925 1868 3997 δογματίζειν

321 4001 610 4072 directum;
647 4007 716 4058 'll
749 4009 846 4061 οὐκ
873 4009 1117 4074 ἀκούεις,
1151 4013 1202 4064 τί
1227 4013 1384 4067 ταῦτ’
1415 4015 1507 4068 ἐπὶ
1532 4015 1625 4071 σοῦ
1655 4020 1717 4072 τὸ
1745 4039 1870 4092 σχε-

319 4089 599 4146 τλιώτατον
637 4093 795 4148 τοῦτο
855 4097 948 4150 καὶ
981 4099 1226 4169 μεμηνὸς
1285 4093 1576 4175 ἇνδράριον
1639 4089 1869 4182 ἐξηρενύο

319 4180 469 4250 Euro;
500 4181 629 4254 Ἆρ’
662 4187 866 4242 ἀνεκτὰ
917 4190 1073 4242 ταῦτ’
1118 4193 1308 4254 ἀκοαῖς
1351 4193 1495 4266 λόγῳ
1527 4199 1621 4252 καὶ
1659 4180 1868 4276 διανοίᾳ

315 4275 744 4346 διοικουμέναις;
780 4279 1016 4348 Φθέγξαι
1037 4299 1088 4335 τι
1115 4285 1251 4354 πρὸς
1281 4285 1456 4342 ταῦτα
1476 4332 1490 4356 ,
1527 4291 1614 4344 ἵνα
1649 4275 1867 4366 γνῶμεν

316 4369 361 4418 ει
389 4369 458 4438 μὴ
485 4369 796 4440 ὀμότροπον
823 4373 1046 4443 τρέφεις
1074 4373 1205 4442 γοῦν
1237 4378 1294 4430 ἐν
1325 4379 1537 4443 τούτοις
1569 4387 1662 4436 καὶ
1705 4387 1867 4452 αὐτὸς

315 4459 370 4510 τὸ
395 4459 489 4528 τῆς
513 4459 738 4530 γνώμης
760 4440 1102 4533 βουλόμενονξ
1150 4465 1216 4518 Ἦ
1254 4467 1362 4536 γὰρ
1399 4467 1466 4538 σὴ
1516 4440 1694 4544 σιωπὴ
1727 4440 1866 4544 aea:
1895 4440 1946 4498 Β

317 4549 466 4622 λεροῦ
491 4555 790 4620 συνειδότος
817 4556 1054 4625 ὑποψίαν
1077 4555 1404 4628 ἀκλειληφυῖα
1432 4563 1658 4630 πολλὰς,
1688 4560 1864 4634 οῐμαι,

317 4645 484 4718 ἐγερεῖ
513 4649 657 4702 κατά
695 4649 784 4703 σοῦ
811 4651 908 4712 τὰς
958 4651 1066 4702 τῶν
1105 4651 1381 4720 λοιδοριῶν
1431 4657 1751 4726 τρικυμίας.
1786 4654 1862 4712 Ἦ

317 4739 417 4811 γὰρ
442 4741 539 4794 οὐκ
574 4741 736 4802 αὐτὸς
772 4742 966 4793 ἑαυτοῦ
1005 4757 1061 4792 τε
1103 4741 1194 4792 καὶ
1245 4743 1338 4794 τοῦ
1377 4748 1640 4816 σφετέρου
1675 4749 1864 4806 θιάσου

317 4833 505 4892 παντὸς
548 4833 810 4900 ἄντικρυς
855 4836 1270 4904 καταμαρτυρεῖ
1321 4835 1416 4887 καὶ
1451 4837 1560 4889 τῶν
1598 4839 1866 4894 ἀσεϐειῶν

317 4924 698 4994 ἐπιψηφίζεται
724 4925 820 4994 τὴν
849 4927 1112 4996 μεγίστην
1139 4944 1152 4991 ;
1178 4929 1274 4979 Ὃν
1304 4929 1414 4998 γὰρ
1443 4933 1614 4985 πᾶσαι
1641 4934 1864 5005 διαρρή-

315 5016 404 5086 δην
436 5019 668 5088 τιμῶσιν
723 5019 960 5072 εὐσεϐῶν
1018 5021 1330 5088 ἐκκλησίαι,
1395 5027 1486 5076 καὶ
1542 5025 1599 5078 ὃν
1631 5027 1864 5095 ὑμνοῦσι

313 5109 659 5184 λογογράφων
703 5114 788 5164 καὶ
823 5115 1176 5182 μουσουργῶν
1212 5115 1372 5169 ὁσίων
1403 5119 1554 5187 χοροὶ
1585 5121 1726 5172 κατὰ
1758 5125 1864 5176 πᾶ-

317 5215 406 5252 σαν
439 5203 628 5272 χρόνου
683 5199 950 5268 περίοδον,
1003 5203 1096 5252 καὶ
1143 5195 1204 5252 οὐ
1265 5203 1391 5266 τοὺς
1447 5203 1643 5267 ἄθλους
1675 5209 1866 5264 καὶτὰ

316 5293 444 5360 σοφὰ
475 5294 828 5360 παλαίσματα
858 5293 942 5346 διὰ
966 5293 1145 5362 πάσης
1180 5293 1383 5363 ὴχῆσαι
1429 5295 1532 5364 γῆς
1561 5297 1862 5368 δια-γέγονε,

312 5385 493 5440 τοῦτον
521 5380 676 5450 οὗτος
723 5387 1054 5456 ἰσχυρίζεται
1116 5387 1192 5457 μὴ
1231 5387 1446 5456 ειδέναι,
1497 5391 1610 5443 ἀλλ’
1637 5393 1718 5454 είς
1756 5395 1862 5448 τόδ’

307 5477 518 5545 ἡλικίας
549 5477 892 5532 παντάπασιν
943 5479 1254 5548 ἀμφότερον
1309 5481 1604 5550 διαμεῖναι,
1652 5487 1746 5538 καί
1767 5505 1861 5539 τυ-

307 5563 440 5634 φλὸς
485 5567 594 5620 τῶν
649 5569 952 5636 γινομένων
984 5569 1077 5620 καὶ
1128 5570 1313 5637 κωφὸς
1365 5571 1476 5626 τῶν
1527 5573 1859 5644 λεγομένων,

305 5657 490 5728 ὅμοιον
521 5655 710 5728 ὥσπερ
740 5657 805 5710 ἂν
837 5659 884 5710 εί
912 5659 1004 5711 καὶ
1039 5659 1168 5727 περὶ
1198 5661 1292 5714 τοῦ
1329 5663 1676 5730 παγκοσμίου
1707 5664 1861 5718 τοῦδε

303 5751 502 5820 φωτὸς,
557 5752 656 5822 τῆς
723 5751 956 5820 ἡλιακῆς
1011 5751 1228 5825 ἐκείνης
1282 5755 1584 5826 λαμπάδος,
1647 5761 1861 5828 ἀγνοεῖν

1979 3175 2270 3231 meliarum
2297 3191 2326 3231 a
2358 3187 2409 3234 te
2441 3178 2798 3234 contictarum
2829 3189 2886 3236 et
2929 3196 3054 3237 sero
3115 3193 3294 3239 tamen
3342 3185 3542 3241 fruszra

1975 3269 2456 3338 excogitatarum?
2507 3272 2640 3340 quid
2697 3273 2752 3326 in
2813 3283 3032 3328 sanctos
3087 3275 3274 3330 Patres
3328 3294 3545 3348 semper

1975 3359 2110 3415 lacis
2148 3363 2330 3417 foveas
2379 3379 2500 3432 qua:
2533 3364 2650 3420 solo
2697 3373 2790 3418 tuo
2820 3367 3048 3421 consilio
3083 3367 3406 3422 fodiuntur?
3431 3369 3544 3425 Cur

1975 3467 2040 3506 ex
2075 3462 2316 3523 tempore
2343 3455 2396 3508 in
2431 3457 2677 3511 divinum
2721 3458 2932 3512 Patrem
2961 3459 3112 3513 illum
3157 3469 3206 3515 ct
3243 3471 3542 3532 praecepto-

1975 3561 2088 3598 rem
2116 3547 2603 3614 sapientissimum,
2645 3565 2848 3603 novmn
2895 3552 3119 3606 exhibes
3149 3553 3540 3608 Archilochum

1973 3635 2059 3688 vel
2089 3637 2270 3704 potius
2294 3637 2606 3692 Archilochi
2636 3640 2847 3694 simiam
2873 3657 2888 3706 ;
2915 3641 3005 3710 qui
3034 3641 3195 3712 383
3217 3644 3538 3713 priusquam

1973 3728 2104 3797 quid
2155 3728 2412 3785 didicerit
2446 3731 2562 3786 sine
2593 3731 2780 3787 labore
2812 3733 3069 3803 opinatur
3109 3736 3432 3804 adepturum
3485 3753 3542 3792 sc
3610 3747 3616 3754 '

1973 3819 2257 3887 sapientiae
2293 3821 2514 3878 llesiodi
2547 3825 2814 3891 lauream,
2837 3836 2893 3881 et
2924 3841 3024 3896 pro
3080 3829 3212 3882 solis
3241 3827 3382 3882 votis
3425 3829 3540 3883 suis

1973 3911 2212 3966 delatum
2263 3914 2328 3967 iri
2369 3918 2686 3972 certaminis
2737 3919 3028 3988 dogmatici
3078 3919 3180 3973 sibi
3235 3922 3538 3990 prmmium.

1972 4003 2170 4057 Annon
2201 4005 2457 4062 audivisti
2485 4023 2606 4078 qua:
2656 4009 2708 4061 in
2742 4019 2791 4062 te
2839 4011 3170 4066 miserabilis
3201 4021 3256 4066 et
3295 4011 3539 4069 furiosus

1973 4095 2339 4151 homunculus
2391 4097 2491 4153 iste
2535 4099 3080 4166 evomuerit?Quid,
3132 4117 3238 4155 non
3279 4102 3544 4158 abhorre-

1971 4187 2103 4244 bant
2137 4189 2252 4244 haec
2281 4197 2349 4244 ab
2374 4191 2600 4246 auribus
2627 4201 2682 4246 et
2717 4191 2898 4247 verbis
2931 4194 3036 4248 tuis
3089 4209 3152 4248 ac
3189 4195 3414 4249 mente?
3441 4195 3539 4250 Lo-

1971 4297 2142 4352 quere
2173 4281 2238 4336 ad
2283 4283 2396 4337 hmo
2457 4291 2516 4336 ut
2565 4299 2960 4354 cognoscamus
3016 4301 3082 4338 an
3136 4287 3378 4341 eamdem
3427 4287 3539 4341 alas

1972 4375 2162 4430 saltem
2183 4375 2237 4428 in
2263 4376 2348 4430 his
2367 4375 2481 4442 ipse
2503 4377 2900 4432 mentem.Nam
2923 4378 3197 4432 silentium
3217 4387 3366 4433 tuum
3387 4381 3540 4434 malm

1975 4464 2326 4519 conscientiae
2381 4467 2752 4535 suspicionem
2789 4475 2972 4519 movet
2995 4476 3052 4519 et
3079 4467 3280 4521 multos
3345 4485 3539 4523 vereor

1977 4568 2044 4607 ne
2069 4553 2124 4606 in
2154 4561 2205 4608 te
2231 4555 2626 4609 maledicentizc
2671 4555 2874 4610 ﬂuctus
2901 4557 3124 4609 excitet.
3147 4556 3314 4621 Quid?
3353 4575 3537 4614 nonne

1977 4644 2152 4714 palam
2207 4645 2308 4698 iste
2365 4647 2538 4716 ipsius
2581 4655 2636 4700 et
2689 4661 2916 4699 suorum
2977 4647 3186 4700 cultum
3239 4649 3532 4704 fanaticum

1976 4735 2242 4790 adversus
2301 4749 2400 4788 nos
2463 4743 2694 4789 testatur
2753 4743 2810 4788 et
2851 4734 3186 4802 impietatem
3237 4739 3534 4792 maximam

1974 4825 2306 4896 proﬁtetur?
2335 4825 2468 4880 Nam
2502 4839 2664 4895 quem
2693 4840 2884 4878 omnes
2917 4825 3058 4878 clara
3090 4841 3222 4880 voce
3269 4829 3532 4883 honorant

1973 4921 2190 4991 piorum
2217 4921 2411 4992 synodi
2453 4929 2509 4974 et
2560 4919 2838 4974 celebrant
2867 4919 3199 4988 scriptorum
3233 4931 3289 4975 et
3319 4925 3535 4992 piorum

1976 5015 2263 5070 doctorum
2292 5014 2444 5068 chori
2499 5029 2596 5083 per
2635 5027 2796 5067 omne
2830 5021 3064 5082 tempus,
3101 5024 3156 5068 et
3199 5015 3358 5083 cujus
3385 5017 3540 5072 labo-

1977 5125 2064 5164 res
2095 5117 2149 5162 et
2174 5109 2432 5178 praeclara
2464 5105 2758 5160 certamina
2790 5121 2888 5174 per
2933 5120 3151 5160 omnem
3199 5115 3402 5163 terram
3451 5111 3536 5164 in-

1974 5203 2326 5267 crebuerunt,
2358 5201 2504 5254 hunc
2559 5199 2658 5254 iste
2691 5207 2966 5253 asseverat
2987 5214 3046 5254 se
3083 5201 3355 5272 ignorare,
3381 5202 3536 5270 quasi

1974 5293 2066 5364 qui
2099 5303 2207 5347 tam
2242 5299 2511 5360 provecta:
2546 5291 2721 5345 {etatis
2753 5289 2921 5345 fuerit
2951 5301 3246 5360 utrumque
3276 5301 3533 5362 expertus

1971 5393 2249 5450 csset..ul
2274 5399 2394 5452 quae
2428 5391 2552 5436 ante
2591 5383 2756 5452 pedes
2786 5391 2948 5437 erant
3001 5399 3176 5438 caicus
3209 5400 3318 5439 non
3371 5385 3534 5438 vidis-

1971 5489 2074 5542 set,
2107 5487 2162 5532 ct
2201 5493 2320 5548 quae
2355 5476 2411 5530 in
2445 5491 2540 5531 ore
2569 5476 2844 5542 omnium,
2879 5477 3080 5533 surdus
3123 5493 3233 5532 non
3267 5479 3527 5533 audisset.

1971 5571 2124 5639 Quod
2159 5569 2385 5640 perinde
2419 5577 2503 5623 est
2538 5583 2600 5622 ac
2631 5569 2676 5623 si
2717 5569 2840 5637 quis
2864 5568 2932 5623 de
2966 5570 3096 5623 solis
3123 5570 3244 5624 luce
3275 5583 3378 5637 qua
3423 5575 3532 5620 ter-

1971 5681 2156 5720 rarum
2183 5673 2378 5717 cuncta
2409 5662 2801 5717 collustrantur
2821 5663 3032 5717 nescire
3053 5677 3111 5718 se
3144 5661 3374 5716 afﬁrmet
3395 5673 3528 5714 num

1970 5757 2092 5829 quis
2134 5773 2164 5812 c
2195 5755 2335 5812 vivis
2366 5769 2432 5810 ea
2467 5753 2762 5811 frueretur.
2795 5753 2902 5812 Sed
2947 5769 2978 5811 e
3023 5753 3238 5809 duobus
3297 5751 3550 5808 alterum.
