3994 6204
422 267 532 328 θδέὶ

1635 267 2042 330 NICEPHORI
2081 268 2460 331 GREGORE

3565 268 3666 328 3H

424 387 572 454 ligno
605 387 1010 455 percussiones,
1042 387 1400 459 bicromysta,
1442 387 1660 442 fortiter
1706 402 1898 456 passus
1937 355 1994 441 .st

2099 387 2208 440 Καὶ
2237 387 2422 447 πάλιν,
2456 403 2475 436 ¢
2528 381 2797 452 ’Υψωθεὶς
2826 381 2917 434 ἐπὶ
2955 378 3190 450 σταυροῦ
3240 378 3408 433 πάλαι
3441 379 3670 449 Χριστλς

417 478 564 534 velut
602 477 722 533 ovis
753 479 969 536 victima
995 489 1282 538 mactatus.
1314 499 1332 532 ι
1378 480 1483 536 Sed
1513 482 1646 534 satis
1685 481 1836 534 haec:
1892 493 1996 550 ego

422 571 734 643 huiusmodi
773 572 878 627 alia
910 572 1078 626 multa
1109 579 1164 624 et
1193 571 1350 641 plura
1404 572 1589 626 dicere
1621 587 1867 641 possum,
1897 570 1992 624 sed

417 662 566 728 nolo,
595 679 661 718 ne
694 662 921 716 auribus
949 661 1085 715 nihil
1133 661 1364 729 amplius
1393 661 1584 716 audire
1649 659 1996 722 cupientibus

415 752 680 806 molestus
706 752 831 805 sim.
857 749 1068 816 Quibus
1123 758 1308 803 autem
1348 749 1463 804 haec
1503 765 1624 819 qua).
1663 749 1794 803 satis
1838 756 1988 812 sunt,

419 855 526 892 non
561 839 858 901 sufﬁciunt.
891 838 977 892 his
1003 838 1139 892 nihil
1175 839 1400 894 omnino
1437 839 1568 893 satis
1601 847 1705 904 est,
1755 839 1918 893 etiam
1949 838 1992 892 si

417 930 542 997 quis
572 930 720 998 quod
750 945 916 1000 supra
945 931 1092 985 vires
1128 931 1393 988 humanas
1438 940 1524 986 est
1565 931 1805 986 tonitrua
1841 932 1989 986 edat.

416 1021 553 1078 Cum
582 1023 728 1076 enim
755 1021 913 1088 cujus
936 1038 1022 1076 res
1051 1031 1212 1076 tantae
1245 1023 1613 1092 praedicantur
1656 1038 1754 1093 per
1821 1033 1987 1078 totam

420 1109 718 1166 Ecclesiam
783 1113 836 1167 in
889 1114 1132 1182 singulos
1163 1129 1338 1170 annos
1392 1124 1447 1170 el
1505 1126 1772 1185 tempora,
1826 1129 1988 1185 quem

418 1203 497 1256 sic
525 1212 710 1270 gentes
741 1214 1075 1258 venerantur
1103 1220 1200 1274 per
1226 1221 1375 1259 mare
1404 1215 1460 1258 et
1494 1209 1892 1268 continentem,
1922 1206 1991 1260 ab

416 1293 552 1347 solis
574 1303 695 1347 ortu
735 1306 786 1348 et
823 1296 1229 1364 occasu,cujus
1261 1307 1484 1366 propter
1541 1297 1823 1352 Christum
1889 1312 1991 1368 pro

416 1381 622 1450 pietate
674 1382 892 1438 dolores
934 1385 1221 1440 cherubim
1286 1387 1556 1440 honorant
1597 1386 1768 1457 magis
1828 1401 1990 1456 quam

419 1472 626 1542 lignum
656 1474 804 1540 vitae,
835 1475 920 1528 cui
959 1476 1107 1530 ensis
1138 1475 1422 1531 ﬂammeus
1455 1491 1562 1530 non
1588 1475 1950 1547 destringitur
1974 1519 1989 1543 ,

421 1581 544 1620 cum
576 1565 722 1620 dicat
763 1567 1106 1622 miserrimus
1142 1568 1243 1624 iste
1274 1585 1332 1623 se
1369 1569 1622 1638 ignorare
1659 1586 1674 1622 :
1715 1584 1835 1638 qua:
1868 1577 1993 1622 tam

421 1657 570 1722 dem,
589 1673 794 1727 quaeso,
814 1674 902 1714 res
925 1669 1030 1713 tam
1054 1661 1234 1730 gravis
1261 1669 1361 1724 est,
1379 1676 1502 1729 quae
1520 1661 1853 1714 immobilem
1875 1661 1993 1731 ejus

418 1755 474 1802 et
500 1749 796 1816 pcrdurum
827 1752 1070 1807 animum
1117 1749 1413 1820 percellere
1453 1753 1653 1820 queat?
1683 1751 1863 1817 Quare
1892 1768 1996 1820 ego

422 1853 614 1906 magna
659 1841 890 1909 quadam
925 1851 979 1894 et
1010 1842 1220 1896 infinita
1259 1841 1425 1912 389
1477 1857 1599 1896 sunt
1664 1842 1718 1895 in
1780 1842 1994 1898 consilii

420 1928 626 2000 inopia,
656 1946 762 1985 non
799 1946 862 1986 ac
891 1933 936 1986 si
976 1948 1124 1988 arma
1176 1949 1264 1988 me
1307 1933 1606 1988 deficiant:
1652 1949 1776 1988 nam
1831 1935 1994 1988 innu-

421 2035 570 2075 mera
601 2022 734 2076 mihi
760 2022 1072 2092 adjumenta
1104 2034 1232 2078 sunt
1257 2023 1459 2094 quibus
1486 2023 1650 2092 hujus
1677 2025 1996 2093 qua-stionis

418 2111 621 2167 nodum
642 2114 858 2169 solvere
870 2116 1105 2184 possim:
1126 2115 1219 2170 sed
1235 2118 1380 2184 quod
1396 2130 1520 2170 cum
1537 2116 1690 2171 bona:
1705 2116 1998 2170 voluntatis

419 2203 492 2258 sit
511 2204 660 2274 leges
697 2203 912 2259 Domini
944 2207 1115 2260 nostri
1144 2221 1463 2275 agnoscere,
1485 2207 1572 2277 cui
1602 2207 1830 2260 omnino
1853 2209 1995 2263 bona

417 2297 672 2352 voluntas
699 2297 852 2354 deest
880 2308 935 2353 et
957 2300 1671 2370 mentisargumentationes
1699 2316 1854 2356 vana:
1885 2302 1995 2356 huc

418 2389 551 2446 illuc
578 2401 866 2461 vagantur,
899 2392 1047 2445 hunc
1079 2393 1167 2446 lex
1193 2392 1343 2447 nulla
1379 2407 1558 2462 neque
1589 2393 1840 2447 doctrina
1888 2393 1994 2447 Do-

421 2480 552 2536 mini
581 2496 819 2551 unquam
844 2483 1099 2537 movebit.
1129 2485 1184 2539 Si
1221 2499 1354 2539 vero
1385 2484 1531 2553 quod
1569 2484 1736 2539 animi
1784 2485 1996 2540 ratione

421 2571 634 2639 praediti
679 2587 891 2637 sumus,
935 2574 1190 2629 homines
1234 2575 1610 2638 nominamur;
1635 2575 1779 2643 qqu
1803 2590 1997 2630 sensus

423 2663 712 2732 habemus,
743 2665 1022 2733 animalia;
1055 2676 1276 2735 propter
1304 2666 1527 2720 vivendi
1561 2668 1850 2730 rationem,
1876 2669 1995 2721 ani-

421 2761 666 2816 mantia:
702 2759 792 2815 cui
823 2761 1123 2816 secundum
1149 2761 1345 2814 mentis
1374 2760 1642 2814 rationem
1689 2776 1752 2815 ac
1795 2776 2000 2830 ιιι-ωοο-

421 2865 511 2922 pta
539 2852 726 2908 vivere
756 2868 867 2906 non
896 2853 1208 2921 contigerit,
1227 2867 1355 2907 eum
1390 2853 1609 2906 cuinam
1647 2851 1804 2907 classi
1829 2853 1999 2907 adnu-

425 2957 628 2996 merem
658 2956 886 3010 prorsus
913 2941 1118 2998 nescio.
1155 2940 1262 2996 Sed
1299 2941 1528 3010 incipiat
1551 2941 1638 2994 cui
1663 2957 1771 2995 non
1822 2942 2000 3010 impu-

2100 478 2364 548 ὲκεντήθη
2393 479 2494 548 τὴν
2521 475 2762 546 πλευράν
2781 491 2796 506 ⁶
2828 475 2893 529 σὺ
2921 475 2976 528 δὲ
3009 475 3182 536 τεθεὶς
3208 476 3264 526 ἐν
3292 473 3432 542 ξύλῳ
3472 489 3668 536 καρτε-

2102 570 2211 638 ρῶς
2242 570 2342 632 τὰς
2376 570 2665 638 κεντήσεις
2695 567 3025 638 ὑπέμεινας,
3073 566 3265 634 ὥσπερ
3297 564 3450 633 κριὶς
3477 565 3667 629 ἐπεσηι

2105 677 2224 726 μος,
2271 658 2614 729 ἱερομύστα,
2674 657 3101 727 σφαγιζόμενος.
3149 677 3166 710 ι
3239 653 3384 722 Ἐγὼ
3429 655 3490 723 δὲ
3525 654 3669 720 παμ-

2100 751 2271 803 πολλα
2301 751 2480 820 λέγειν
2535 752 2674 820 ἔχων
2724 749 2947 803 τοιαῦτα
2997 751 3093 803 καὶ
3137 749 3309 818 μείζω
3339 747 3567 808 τούτων.
3608 746 3668 796 οὺ

2101 842 2363 911 βούλομαι
2402 845 2515 904 τοῖς
2543 842 2766 896 ἀκούειν
2821 845 3023 911 ἥκιστα
3091 841 3438 911 βουλομένοις
3492 838 3668 890 δοκεῖν

2099 933 2382 1004 ὲπαχθήςι
2435 929 2520 996 οἷς
2573 934 2681 1004 γὰρ
2734 934 2794 986 τὸ
2823 935 3030 1002 ἀρκοῦν
3069 933 3171 985 οὐκ
3227 933 3408 999 ἀρκεῖ,
3458 929 3672 987 τούτοις

2097 1025 2328 1095 ἀρκέσει
2358 1023 2468 1077 τῶν
2496 1023 2717 1077 πάντων
2749 1023 2927 1088 οὐδὲν,
2974 1023 3085 1075 οὔδ’
3137 1022 3203 1075 ἂν
3234 1023 3286 1073 εί
3335 1037 3417 1081 τις
3441 1019 3672 1087 νικήσας

2095 1117 2196 1184 τὴν
2225 1116 2578 1186 ἀνθρωπίνην
2617 1116 2780 1184 φύσιν
2809 1114 3083 1186 βροντώδη
3130 1115 3458 1182 φθέγγηται.
3492 1111 3668 1162 Ὅπου

2097 1209 2206 1278 γὰρ
2231 1209 2504 1262 τοσούτων
2545 1209 2686 1277 ὑπὲρ
2721 1211 2884 1263 αὑτοῦ
2923 1207 3174 1278 βοώντων
3215 1207 3304 1259 διὰ
3360 1205 3541 1272 πάσης
3569 1203 3669 1270 τῆς

2095 1301 2424 1371 οἰκουμένης
2455 1303 2560 1354 ἀνά
2613 1303 2721 1355 πᾶν
2773 1301 2894 1364 ἔτος
2924 1301 3018 1351 καὶ
3059 1299 3252 1370 χρόνου
3284 1295 3485 1358 παντὸς
3513 1293 3668 1360 περί-

2093 1383 2233 1454 οδόν,
2265 1394 2361 1444 καὶ
2382 1391 2440 1444 ὃν
2462 1390 2660 1444 οὑτωσί
2685 1407 2802 1452 πως
2824 1388 3084 1456 ὑμνοῦσιν
3125 1385 3408 1452 ἄνθρωποι
3439 1382 3537 1451 μὲν
3560 1380 3672 1434 ἀπὸ

2094 1486 2197 1554 γῆς
2233 1482 2326 1536 καὶ
2366 1482 2644 1551 Θαλάσσης
2674 1483 2770 1534 καὶ
2827 1481 3009 1548 πάσης
3058 1478 3198 1547 ἑῴας
3246 1477 3342 1528 καὶ
3408 1474 3668 1541 ἑσπερίου

2093 1575 2323 1646 λήξεως,
2359 1568 2515 1642 καὶῷ
2543 1575 2610 1625 τά
2639 1572 2728 1625 διὰ
2764 1572 2998 1640 Χριστὸν
3027 1570 3166 1639 ὑπὲρ
3197 1566 3485 1629 εὐσεϐείας
3519 1565 3674 1630 στίγ-

2100 1683 2243 1736 ματα
2278 1669 2338 1718 τὸ
2387 1663 2672 1733 Χερουϐὶμ
2703 1659 2952 1714 αἱδεσθὲν
3011 1658 3106 1712 τοῦ
3160 1657 3319 1722 ξύλου
3349 1656 3674 1724 παραχωρεῖ

2097 1759 2195 1828 τῆς
2219 1757 2385 1827 ζωῆς,
2437 1757 2532 1808 καὶ
2560 1749 2605 1824 ᾧ
2639 1753 2708 1809 τὰ
2743 1754 2890 1807 νῶτα
2913 1751 3133 1806 δίδωσιν
3186 1752 3219 1820 ἡ
3256 1749 3481 1818 φλογίνη
3531 1749 3669 1816 ρομ·

2099 1852 2252 1920 φαία,
2280 1849 2469 1902 τοῦτον
2489 1849 2587 1900 οὒκ
2611 1847 2811 1902 εἰδέναι
2837 1846 3004 1914 φησὶν
3035 1847 3060 1896 ό
3080 1843 3428 1907 ταλαίπωρος
3458 1839 3667 1898 abusi,

2096 1940 2181 2002 τίς
2232 1939 2298 1992 ἂν
2335 1939 2548 2003 γένοιτο
2608 1934 2826 2005 μηχανὴ
2865 1934 2963 2004 τῆς
3006 1932 3291 2001 ἀμηχάνου
3343 1930 3440 1982 καὶ
3461 1927 3672 1991 λιθίνης

2098 2029 2264 2085 αὑτοῦ
2299 2030 2625 2084 καθικέσθαι
2656 2027 2831 2097 ψυχῆς
2869 2027 3187 2095 δυναμένης
3235 2023 3393 2091 Ἐμοὶ
3426 2020 3525 2090 μὲν
3576 2019 3672 2070 οὖν

2098 2123 2268 2192 πολλή
2296 2140 2381 2184 τις
2410 2123 2504 2174 καὶ
2528 2120 2876 2190 ἀτέκμαρτος
2910 2117 3159 2173 ἐνταυθοῖ
3185 2114 3248 2186 [Γ.
3283 2115 3382 2170 159
3406 2112 3482 2184 0.]
3508 2129 3669 2182 περι-

2099 2212 2573 2284 κέχυταιάπορία,
2615 2214 2714 2282 οὐχ
2753 2212 2936 2266 ὅπλων
2970 2207 3377 2281 ἀντιρρητικῶν
3425 2205 3675 2274 ἀπουσίᾳ

2099 2305 2310 2375 (μυρία
2347 2303 2458 2373 γὰρ
2509 2305 2639 2372 ἡμῖν
2694 2304 3009 2375 ἀμυντήρια
3068 2301 3355 2371 πρόκειται
3415 2296 3514 2366 τὴν
3570 2294 3673 2346 τοῦ

2098 2398 2258 2465 λόγου
2309 2396 2610 2450 κατάλυσιν
2655 2394 3148 2464 ὑπισχνούμενα)’
3189 2392 3308 2446 ἀλλ’
3363 2387 3552 2457 ἐπειδὴ
3605 2388 3677 2439 τὸ

2099 2490 2303 2558 γνῶναι
2344 2490 2508 2558 νόμον
2557 2488 2768 2557 Κυρίου
2819 2486 3061 2549 διανοίας
3127 2485 3274 2537 ἐστὶν
3336 2482 3570 2550 ἀγαθῆς,
3623 2471 3675 2543 ᾧ

2100 2584 2322 2646 πάντως
2341 2583 2549 2636 διάνοια
2578 2585 2673 2648 μὲν
2701 2581 2908 2652 ἥκιστα
2939 2581 3232 2650 πρόσεστιν
3256 2576 3457 2646 ἀγαθὴ.
3479 2573 3674 2642 μακρὰ

2099 2676 2146 2728 δ’
2179 2675 2356 2746 ἀωρία
2397 2673 2508 2727 τῶν
2541 2673 2707 2726 αὐτοῦ
2743 2672 3026 2741 λογισμῶν
3080 2671 3456 2740 κατορχεῖται,
3477 2665 3672 2718 τούτου

2099 2763 2267 2832 νόμος
2297 2761 2475 2824 οὐδεὶς
2501 2761 2623 2814 οὐδὲ
2657 2761 2878 2814 παιδεία
2909 2761 3117 2830 Κυρίου
3157 2755 3481 2810 καθικέσθαι
3505 2753 3675 2820 δυνη-

2103 2851 2256 2905 σεταί
2294 2867 2449 2907 ποτε.
2487 2851 2550 2903 Εί
2577 2849 2686 2920 γὰρ
2720 2850 2856 2902 κατά
2884 2850 2984 2918 μὲν
3011 2847 3109 2918 τὴν
3140 2845 3332 2915 νοεράν
3360 2843 3534 2912 ψυχὴν
3579 2840 3674 2891 λεο

2103 2944 2313 3014 γόμεθα
2345 2942 2645 3012 ἄνθρωποι,
2668 2942 2783 3006 ζῶα
2813 2942 2869 2993 δὲ
2905 2943 3045 2993 κατὰ
3067 2941 3164 3008 τὴν
3189 2936 3534 3004 αἰσθητικὴν,
3569 2933 3675 2984 καὶ

423 3032 660 3088 densest
685 3032 867 3099 lingua
915 3041 1128 3097 certare
1173 3033 1242 3086 de
1301 3033 1469 3088 rebus
1521 3043 1601 3089 sat
1653 3035 1994 3090 manifestis:

2106 3038 2244 3108 πρός
2284 3055 2349 3105 γε
2381 3037 2561 3102 ζῶντα
2621 3036 2766 3089 κατὰ
2803 3035 2904 3104 τὴν
2959 3032 3285 3104 θρεπτικὴν,
3343 3021 3386 3094 ᾧ
3421 3027 3492 3096 μὴ
3525 3023 3674 3117 κατά

421 3121 569 3190 quod
629 3136 750 3190 ego,
781 3137 1091 3192 quanquam
1151 3123 1443 3184 molestum
1503 3125 1638 3182 mihi
1678 3126 1896 3180 videtur
1942 3135 1998 3182 et

425 3213 584 3269 valde
607 3214 891 3286 indignum
924 3217 1042 3272 viro
1073 3218 1292 3288 procaci
1319 3229 1374 3272 et
1402 3219 1625 3274 vecordi
1653 3220 1992 3290 impugnare,

425 3317 607 3368 tamen
654 3322 760 3362 non
818 3322 1019 3364 vanum
1083 3311 1363 3374 existimo,
1415 3327 1592 3382 neque
1649 3323 1802 3368 extra
1860 3313 1998 3368 lines

419 3403 598 3472 justos
630 3401 1014 3467 constitutum,
1047 3403 1144 3459 sed
1169 3406 1310 3460 intra
1342 3406 1478 3465 lines
1499 3407 1620 3476 ejus
1657 3406 1805 3476 quod
1833 3406 1996 3464 deco-

423 3507 545 3547 rum
570 3503 674 3549 εει.

2099 3131 2225 3194 τοὺς
2249 3130 2348 3200 τῆς
2383 3132 2576 3200 νοερᾶς
2605 3129 2784 3199 ψυχῆς
2832 3126 3065 3188 κανόνας
3124 3126 3219 3176 καὶ
3257 3122 3455 3190 νόμους
3485 3115 3674 3181 ἒξεγέ-

2099 3241 2220 3277 νετο
2257 3222 2377 3292 ζῇν,
2405 3219 2516 3288 ἐγὼ
2547 3218 2643 3287 μὲν
2671 3217 2771 3271 οὐκ
2792 3218 2858 3271 ἂν
2881 3217 3091 3286 εἴποιμι
3124 3215 3231 3267 τίνι
3261 3212 3447 3266 τοῦτον
3478 3209 3672 3277 κλήρῳ

2100 3310 2550 3382 προσνεμηθῆναι
2586 3308 2784 3379 χρεὼν,
2813 3308 3021 3376 λεγέτω
3054 3307 3097 3358 δ’
3132 3307 3280 3367 ὅστις
3327 3303 3388 3355 ού
3420 3302 3670 3371 ῥᾴθυμον

2097 3409 2212 3477 ἔχει
2243 3408 2494 3476 γλῶτταν
2524 3406 2936 3472 ἀποφαντικοὺς
2977 3405 3101 3473 περὶ
3129 3403 3235 3453 τῶν
3281 3400 3420 3451 πάνυ
3457 3396 3660 3465 προδή-

2096 3501 2205 3558 λων
2230 3498 2611 3553 ἀποδισκεύειν
2633 3498 2846 3565 λόγους.
2875 3495 3030 3548 ⁹Ὠστ’
3060 3496 3110 3549 εί
3137 3496 3301 3563 κάμοὶ
3332 3490 3585 3562 φορτικόν
3613 3504 3674 3538 τι

420 3587 570 3643 δοκεῖ
601 3593 695 3643 καὶ
721 3590 928 3662 σφόδρα
959 3589 1175 3654 ἀνάξιον
1220 3590 1413 3659 θρασεῖ
1451 3592 1544 3643 καί⁸
1603 3591 1796 3660 νωθρῷ
1855 3593 1950 3659 τὴν
2017 3590 2260 3647 διάνοιαν
2299 3592 2600 3660 ἀντιλέγειν
2639 3593 2814 3660 ἀνδρὶ,
2869 3591 3044 3654 οὐδὲν,
3080 3583 3275 3659 οἶμαι,
3330 3586 3514 3638 καινὸν
3555 3583 3673 3637 οὐδ’

423 3682 750 3737 ἐκστατικὸν
777 3683 870 3736 τοῦ
897 3685 1230 3753 καθήκοντος
1260 3683 1346 3752 εἴη
1381 3683 1468 3747 ἂν,
1493 3683 1626 3736 ἀλλά
1659 3687 1753 3736 καὶ
1785 3683 1988 3751 σφόδρα
2030 3686 2134 3736 τῶν
2163 3687 2551 3754 προσηκόντων
2573 3683 2714 3754 ὅρων
2753 3681 2924 3743 ἐντός.

497 3772 634 3828 VIII.
668 3775 936 3842 Gregoras
993 3784 1176 3830 autem
1224 3791 1345 3828 cum
1400 3776 1515 3828 huic
1558 3775 1786 3828 dixisset
1829 3783 1883 3827 et
1917 3775 1996 3829 sic

425 3867 752 3937 prolusisset
774 3868 1200 3939 quodammodo,
1229 3866 1430 3922 deinde
1465 3868 1655 3935 longas
1684 3867 1771 3920 his
1791 3867 1996 3921 oratio-

424 3975 527 4016 nes
557 3960 770 4015 addidit
799 3960 1210 4030 reprehendens
1243 3975 1378 4014 vana
1409 3968 1467 4014 et
1497 3958 1776 4013 incondita
1804 3959 1996 4015 adver-

423 4052 700 4107 sariorum
729 4052 1003 4122 dogmata.
1039 4052 1186 4108 Misit
1215 4063 1398 4112 autem
1423 4061 1746 4121 argumenta
1769 4066 1995 4121 prorsus

424 4142 764 4196 invine-ibilia
801 4143 857 4196 in
884 4158 1110 4213 scopum
1136 4154 1398 4214 tanquam
1421 4144 1490 4198 ab
1524 4160 1653 4198 arcu
1685 4144 1826 4198 bene
1859 4159 1984 4197 cur-

433 4239 554 4285 vato
581 4245 638 4284 et
663 4230 863 4296 solido,
896 4247 1145 4302 pugnans
1170 4249 1271 4302 pro
1299 4234 1461 4302 390
1485 4233 1748 4288 Ecclesia
1779 4243 1992 4286 sancto-

2176 3777 2256 3830 ΗΖ
2302 3777 2362 3829 Ὀ
2397 3778 2494 3846 μὲν
2539 3771 2632 3826 οὖν
2676 3774 2961 3844 Γρηγορᾷς
2997 3771 3220 3825 τοιαῦτα
3252 3767 3424 3825 εἰπὼν
3455 3768 3545 3823 καὶ
3575 3768 3672 3819 οὓς

2101 3871 2236 3923 τωσὶ
2269 3869 2792 3940 προοιμιασάμενος,
2825 3867 3015 3920 ἔπειτα
3048 3868 3293 3936 μακροὺς
3332 3865 3425 3918 ἐπὶ
3457 3862 3673 3924 τούτοις

2099 3961 2342 4030 διεξῆλθε
2387 3960 2602 4028 λόγους,
2652 3959 2890 4029 ἐλέγχων
2943 3959 3045 4026 μὲν
3090 3959 3160 4010 τὰ
3211 3955 3538 4027 φρυγανώδη
3573 3955 3674 4006 καὶ

2102 4055 2198 4108 νέα
2221 4054 2330 4106 τῶν
2361 4051 2654 4106 ἀντιθέτων
2680 4053 2948 4121 δόγματα,
2973 4050 3069 4104 καὶ
3093 4051 3214 4111 ταῖς
3241 4047 3669 4118 ἀναμφιλέκτοις

2100 4143 2408 4207 ἀποδείξεσι
2459 4143 2669 4214 βάλλων
2717 4144 2858 4197 κατά
2914 4144 3116 4196 σκοπὸν
3151 4142 3226 4204 ὡς
3251 4140 3356 4194 ἀπὸ
3399 4138 3670 4193 εὐκύκλου

2097 4236 2254 4300 τόξου
2287 4237 2385 4291 καὶ⁵
2431 4235 2684 4306 στερῥοῦ,
2719 4234 3054 4305 ὑπερμαχῶν
3093 4233 3150 4287 δὲ
3201 4232 3308 4290 fw
3362 4231 3521 4285 θείων
3569 4230 3676 4299 τῆς

426 4338 547 4376 rum
590 4322 832 4376 virorum
863 4323 1136 4394 dogmatis
1161 4335 1216 4378 et
1242 4341 1341 4394 pro
1367 4325 1575 4381 sanctis
1604 4325 1858 4379 Patr-ibus
1887 4326 1982 4393 qui

2109 4326 2439 4396 Ἐκκλησίας
2493 4325 2806 4393 δογμάτων,
2840 4326 2936 4379 καὶ
2977 4325 3090 4376 ὅσοι
3132 4324 3290 4376 ταυτὶ
3325 4321 3509 4382 καλῶς
3545 4337 3677 4381 συν-

423 4431 489 4468 ea
543 4421 969 4486 composuerant
1017 4427 1074 4472 et
1119 4419 1171 4472 in
1230 4419 1424 4488 primis
1475 4435 1576 4488 pro
1632 4430 1822 4473 saneto
1869 4420 1988 4473 viro

426 4510 742 4572 Theodoro,
784 4511 973 4579 Grapti
1027 4511 1270 4578 nomine,
1323 4511 1377 4565 in
1424 4527 1588 4581 quem
1641 4513 1806 4566 homo
1869 4527 1994 4582 pro.-

430 4615 618 4656 tervus
655 4602 745 4656 ille
798 4611 854 4657 et
883 4604 1151 4660 doctrina:
1222 4605 1404 4661 omnis
1440 4605 1677 4658 violator
1727 4607 1994 4660 saevierat.

427 4694 535 4749 Sed
586 4710 710 4750 cum
765 4696 818 4750 in
872 4698 1032 4767 pejus
1065 4697 1206 4751 ver-ti
1248 4698 1692 4766 blasphemorum
1732 4714 1996 4767 arrogan-

429 4790 559 4842 tiam
605 4797 662 4842 et
711 4797 953 4843 mentem
1005 4790 1222 4844 illorum
1263 4801 1317 4844 et
1364 4790 1710 4846 Iuribundam
1755 4791 1994 4861 linguam

427 4895 646 4935 onmem
700 4882 1086 4936 verecundiam
1124 4883 1401 4949 deponere
1447 4883 1697 4946 videret,
1749 4884 1993 4937 surrexit

430 4983 656 5041 repente
679 4983 738 5027 et
768 4972 925 5028 abiit.
993 4973 1183 5027 Maluit
1237 4976 1384 5030 enim
1435 4976 1560 5029 loco
1599 4974 1792 5028 cedere
1833 4991 1995 5043 quam

427 5063 620 5117 audire
653 5078 774 5131 quae
807 5063 980 5132 magis
1014 5064 1180 5118 etiam
1222 5066 1536 5131 insolentia,
1563 5074 1618 5119 et
1652 5066 1760 5134 pati
1791 5065 1997 5135 aliquid

429 5155 498 5208 ab
550 5153 620 5207 iis
669 5155 992 5223 improviso,
1033 5157 1245 5211 retibus
1285 5157 1537 5211 irretitus
1592 5157 1762 5212 instar
1816 5158 1994 5211 avium

430 5247 736 5301 ccelcstium
792 5262 913 5315 qua:
950 5248 1219 5302 libertatis
1273 5249 1328 5302 in
1364 5265 1492 5305 aere
1522 5259 1576 5302 ct
1606 5265 1636 5302 a
1664 5259 1860 5303 natura
1892 5248 1997 5302 sibi

430 5343 570 5391 data:
605 5337 792 5392 oblita:
829 5338 882 5389 in
919 5339 1054 5392 retia
1084 5347 1254 5392 ruunt
1283 5339 1607 5392 voluntaria:
1636 5347 1692 5393 et
1725 5338 1835 5393 huc
1869 5339 1999 5393 illuc

434 5444 637 5484 temere
669 5429 962 5484 volitantes
991 5431 1314 5500 semetipsa:
1343 5431 1602 5487 irretiunt
1631 5445 1788 5486 eatea:
1817 5431 1999 5501 prius-

434 5538 599 5593 quam
633 5523 914 5578 senserint
951 5531 1008 5578 et
1037 5522 1528 5584 animadverterint
1559 5533 1614 5580 et
1655 5525 2001 5584 observarint

435 5635 558 5688 quae
590 5619 725 5689 ipsis
754 5618 1107 5673 imminerent
1141 5619 1408 5688 pericula.

2099 4419 2285 4472 ἑθεντο
2339 4419 2475 4472 θεῖοι
2533 4417 2796 4485 Πατέρες,
2849 4432 2945 4470 και
3002 4414 3238 4485 μάλιστα
3293 4413 3513 4467 πάντων
3570 4411 3670 4464 τοῦ
3762 4461 3773 4479 ,

2099 4511 2244 4563 θείου
2280 4511 2492 4563 ἐκείνου
2522 4508 2738 4580 ἀνδρὸς,
2769 4509 3047 4576 Θεοδώρου
3081 4507 3226 4576 φημὶ
3251 4504 3345 4563 τοῦ
3387 4503 3670 4576 Γραπτοῦ,

2097 4605 2178 4665 εἰς
2198 4603 2257 4654 ὃν
2287 4603 2314 4653 ὁ
2343 4603 2551 4670 θρασὺς
2581 4603 2789 4664 ἐκεῖνος
2816 4601 2911 4652 καὶ
2948 4600 3138 4671 πόρρω
3167 4598 3418 4660 παιδείας
3452 4597 3676 4664 ἀπάσης

2100 4694 2331 4764 βαδίζων
2365 4694 2645 4762 ἐξύϐρισεν
2674 4693 2983 4762 ἄνθρωπος.
3028 4692 3182 4745 Ἐπεὶ
3213 4691 3256 4744 δ’
3283 4691 3375 4743 ἐπὶ
3405 4691 3464 4742 τὸ
3487 4691 3674 4760 χεῖρον

2099 4789 2430 4856 ἐκραγεῖσαν
2481 4787 2580 4855 ἤδη
2630 4785 2730 4855 τὴν
2772 4786 2871 4855 τῆς
2924 4785 3276 4854 βλασφημίας
3329 4780 3468 4835 εἶδεν
3503 4783 3674 4851 ὑπερ-

2098 4878 2281 4948 ϐολὴν,
2325 4878 2417 4930 καὶ
2459 4877 2575 4946 ἃμα
2608 4875 2781 4946 θυμοῦ
2831 4877 2926 4929 καὶ
2975 4875 3274 4944 μανιώδους
3313 4874 3562 4942 γλώττης
3604 4873 3668 4924 οὐ

2103 4972 2291 5042 ττόρρω
2320 4971 2379 5024 τὸ
2412 4967 2541 5042 ἦθος
2570 4970 2814 5033 ἐκείνων,
2843 4969 3043 5039 ἀνέστη
3073 4987 3128 5022 τε
3163 4969 3326 5030 εὐθὺς
3355 4968 3449 5020 καὶ
3479 4965 3665 5034 ἀπῄει,

2101 5066 2316 5134 χαίρειν
2354 5064 2570 5133 φράσας
2615 5063 2802 5124 αὐτοῖς
2847 5064 2978 5132 πρὶν
3007 5065 3100 5115 καὶ
3129 5059 3584 5130 παραϐολώτερόν
3612 5074 3666 5110 τι

2102 5157 2338 5211 ἀκοῦσαι
2369 5157 2466 5209 καὶ
2499 5157 2693 5208 παθεῖν
2719 5155 2824 5207 ύπὺ
2855 5155 3008 5222 σφῶν
3046 5155 3198 5222 παρὰ
3231 5152 3561 5223 προσδοκίαν
3593 5150 3668 5210 ὡς

2101 5253 2158 5302 ἐν
2183 5249 2383 5318 δικτύῳ
2418 5249 2580 5316 μόνος
2612 5249 3036 5315 περικλεισθεκς,
3071 5249 3178 5307 τοῖς
3205 5245 3465 5315 αἰθερίοις
3495 5261 3668 5312 παρα-

2102 5339 2348 5406 πλησίως
2379 5340 2620 5406 πτηνοῖς,
2651 5338 2700 5391 οἳ
2727 5339 2826 5407 τὴν
2856 5339 3096 5406 αἰθέριον
3141 5338 3358 5405 ἐκείνην
3389 5336 3482 5388 καὶ
3511 5352 3668 5401 φυσι-

2105 5433 2201 5498 κὴν
2231 5431 2549 5498 ἐλευθερίαν
2597 5430 2860 5498 ἀφέμενοι
2905 5429 3038 5497 πρὸς
3070 5429 3260 5481 δίκτυα
3297 5427 3391 5478 καὶ
3441 5425 3667 5494 βρόχους

2102 5521 2492 5590 αὐτομολοῦσιν
2547 5521 2845 5580 ἐθελονταὶ,
2909 5520 3102 5589 σχεδίῳ
3155 5520 3248 5570 καὶ
3307 5515 3670 5586 φαντασιώδελ,

2107 5615 2282 5683 πλάνῃ
2331 5615 2558 5676 ἑαυτοὺς
2607 5613 3024 5685 ὲπιρρίπτοντες
3079 5610 3146 5670 δι’
3201 5610 3503 5681 ἁπλότητα,
3539 5605 3669 5680 πρὶν

436 5709 721 5773 αἰσθέσθαι
747 5725 807 5765 τε
839 5709 934 5764 καὶ
961 5708 1284 5780 σκέψασθαι,
1315 5711 1410 5765 καὶ
1447 5711 1574 5782 πρὶν
1608 5709 1798 5780 μαθεῖν
1821 5711 1857 5764 ἀ
1882 5711 1986 5781 χρὴ
2029 5707 2238 5762 παθεῖν.
