3994 6204
393 249 506 316 345

393 455 514 508 ὁδὸν
565 457 844 527 σποράδην
897 457 1073 511 ἄλλοτ’
1131 459 1314 521 ἀλλοις
1361 461 1465 530 τῆς
1507 463 1838 532 Παλαμικῆς
1873 483 1976 533 φα-

393 549 574 614 τρίας,
613 548 707 600 ἐπὶ
751 549 810 600 τὸ
841 548 934 600 τοῦ
977 551 1438 620 Καντακουξηνοῦ
1488 553 1764 620 βαδίζουσι
1813 575 1977 626 φρον-

394 640 704 708 τιστήριον,
729 639 822 692 ὑπ’
859 643 1070 696 ἐκείνου
1121 645 1226 714 πρὸ
1271 646 1380 697 τῶν
1412 647 1654 700 ἐωθινῶν
1695 649 1878 701 αὐτῶν
1907 651 1975 703 δι’

393 731 712 784 ἀποστόλων
775 735 1022 802 κρυφίως
1091 735 1338 806 κληθεῖσι
1410 739 1550 807 πρὸς

399 825 620 878 σύνοδον
679 827 846 880 πάλαι
900 829 1294 904 μελετηθείσαν
1341 833 1483 885 κατά
1543 833 1637 884 τοῦ
1692 835 1970 906 Γρηγορᾶ,

398 917 738 984 ἐπαγγελίας
797 923 1184 990 προειληφόσιν
1234 924 1441 977 ἐκεῖθεν
1492 929 1627 996 παρ’
1681 929 1830 996 αὐτῷ
1873 931 1972 998 τὴν

397 1007 617 1076 ἡμέραν
674 1011 892 1079 ἐκείνην
949 1013 1280 1066 διατελέσειν
1330 1015 1570 1070 ἅπασαν.
1627 1019 1972 1086 Ἐθαύμαζον

395 1091 492 1148 οὖν
523 1098 718 1152 ἐκεῖνοι
755 1101 906 1168 παρὰ
941 1103 1270 1172 προσδοκίαν
1305 1107 1470 1158 αὐτὸν
1523 1109 1752 1161 ἀπιόντα
1802 1112 1972 1179 (ip-Tw-

395 1199 488 1244 τες
521 1184 724 1252 ἀρτίως
761 1191 853 1238 τὴν
885 1188 1199 1258 ρΓρηγορᾶν,
1233 1193 1326 1244 τοῦ
1378 1193 1530 1263 ἡλίου
1579 1195 1676 1257 τὰς
1727 1200 1970 1266 πρωινὰς

395 1275 657 1338 ἀνύοντος
695 1277 776 1330 ἐτι
811 1283 1064 1348 πορείας.
1095 1283 1204 1334 Καὶ
1239 1285 1420 1338 τοίνυν
1449 1285 1580 1340 ἔνιοι
1631 1287 1836 1340 τούτων
1867 1307 1967 1341 κα-

395 1368 555 1420 τόπιν
588 1369 892 1438 δραμόντες
936 1372 1166 1439 ἠρώτων
1201 1377 1298 1444 τῆς
1345 1376 1488 1430 οὕτω
1516 1378 1740 1447 ταχείας
1777 1381 1970 1432 ἐπανό-

393 1457 489 1509 δου
521 1459 618 1528 τὴν
653 1461 850 1516 αἰτίαν.
893 1463 1226 1534 Ἀρξαμένου
1277 1467 1325 1519 δ’
1355 1469 1561 1521 ἐκείνου
1607 1471 1732 1524 καθ’
1761 1471 1968 1524 ἐκαστα

393 1549 724 1618 διηγεῖσθαι,
763 1553 898 1624 ἔρως
945 1557 1206 1624 κατέσχεν
1258 1559 1455 1622 αὐτοὺς
1500 1560 1727 1614 ἕπεσθαί
1771 1580 1830 1614 τε
1871 1565 1968 1616 καὶ

394 1641 700 1710 ἀντιλέγειν
724 1645 821 1698 ὅσα
848 1648 1046 1700 εἰδέναι
1077 1649 1258 1715 σφίσιν
1281 1649 1438 1720 ἐπῄει
1465 1651 1530 1719 τῇ
1561 1652 1836 1722 κοινότητι
1865 1654 1966 1720 τῆς

394 1732 634 1802 φατρίας
655 1735 892 1804 ὁμόλογα
917 1739 1008 1790 καὶ
1038 1741 1348 1810 όμόστοιχα.
1403 1742 1558 1794 Ἐπεὶ
1592 1743 1650 1796 δὲ
1685 1744 1775 1796 καὶ
1815 1744 1965 1811 παρά

391 1829 492 1890 τὴν
537 1827 717 1880 οξκίαν
774 1829 872 1898 ἤδη
943 1829 1020 1898 τῷ
1087 1831 1339 1901 Γρηγορᾴ
1393 1835 1850 1902 συνεληλύθεσαν,
1902 1837 1963 1887 τὸ

396 1917 620 1988 συνεχὲς
669 1919 886 1986 ἐκείνης
918 1921 1016 1990 τῆς
1061 1920 1351 1988 διαλέξεως
1400 1923 1718 1998 πλατυτέρα
1746 1927 1962 1998 γλώττῃ

397 2009 632 2080 διήνυον,
665 2015 759 2066 καὶ
788 2013 885 2082 τὴν
919 2015 1074 2066 νόσον
1095 2015 1194 2082 τῆς
1225 2013 1538 2076 δυσσεϐείας
1561 2017 1640 2076 είς
1679 2015 1962 2084 προῦπτον

397 2100 610 2168 ἐξῆγον.
647 2104 758 2156 Καὶ
811 2099 878 2173 ἦν
923 2103 1050 2156 ἰδεῖν
1090 2103 1190 2171 τῆς
1241 2103 1397 2156 νόσου
1463 2104 1850 2174 χαλεπώτερον
1901 2106 1964 2158 τὸ

401 2195 572 2248 νοσεῖν
601 2195 872 2262 ἐφίεσθαι.
915 2198 984 2248 Ἀ
1024 2195 1132 2265 γὰρ
1162 2196 1382 2265 ᾔδεσαν,
1420 2198 1480 2250 οὐ
1523 2197 1706 2258 καλῶς
1739 2197 1960 2268 ᾔδεσαν,

403 2285 492 2336 καὶ
539 2286 576 2338 ἀ
631 2286 1140 2356 προῦιρερον,άπῆν
1197 2289 1378 2340 αὐτῶν
1441 2289 1474 2357 ἡ
1541 2289 1640 2340 σὺν
1691 2289 1961 2358 εὐκοσμίᾳ

404 2374 642 2442 πρόοδος.
683 2375 804 2427 Τῶν
857 2376 964 2445 γάρ
1017 2376 1237 2444 βιϐλίων
1287 2379 1661 2444 ἀνοιγομένων
1715 2378 1878 2442 εὐθὺς
1925 2376 1962 2431 ἃ

405 2466 564 2516 πάλαι
595 2467 710 2528 τοῖς
742 2465 906 2530 θεῖοις
935 2469 1209 2537 Πατράσιν
1241 2469 1568 2534 ἐκτέθειται,
1599 2469 1959 2539 ἠναγκασμέ-

403 2573 492 2626 νης
523 2557 718 2628 τέχνης
745 2556 950 2610 δεῖσθαι
985 2558 1082 2628 τὴν
1111 2559 1370 2627 ἀλήθειαν
1411 2561 1510 2614 οὐκ
1537 2559 1616 2612 ἔτι
1645 2565 1770 2632 ἐνῆν
1797 2580 1813 2595 °
1859 2567 1962 2618 αύ-

403 2649 632 2716 τὸματος
681 2650 792 2718 γὰρ
838 2650 902 2702 ἐκ
947 2648 1044 2701 τοῦ
1077 2650 1272 2718 ῥᾴστου
1325 2651 1463 2720 πρὸς
1521 2651 1634 2720 φῶς
1659 2653 1904 2718 ἐϐάδιζεν
1935 2655 1963 2706 ό

405 2740 488 2791 τοῦ
521 2739 749 2808 ψεύδους
795 2741 1032 2810 ἐλεγχος.
1062 2738 1156 2803 Οἷς
1201 2741 1294 2793 οὖν
1341 2742 1642 2810 ἀνέλεγκτα
1671 2743 1962 2811 ψεύδεσθαι

405 2831 630 2902 ἥδιστον,
687 2831 900 2893 τούτοις
939 2831 1000 2896 Η.
1061 2832 1162 2885 160
1201 2830 1270 2902 η]
1327 2833 1572 2902 ἀψευδῶς
1639 2834 1961 2905 ἐλέγχεσθαι

407 2922 638 2990 ἐχθιστόν
699 2940 757 2974 τε
823 2922 914 2974 καὶ
981 2923 1270 2990 Ὀλύμπιον
1325 2925 1578 2978 ἁπάντων
1635 2927 1957 2995 βαρύτερον.

407 3013 930 3083 Δυσανασχετοῦντες
969 3013 1134 3067 ἐϐόων
1191 3016 1547 3086 παγγλωσσίᾳ
1593 3016 1823 3084 κόρακες
1877 3015 1952 3077 ὣς

407 3107 534 3158 κατὰ
571 3107 852 3176 Πίνδαρον,
879 3106 962 3158 ἵνα
1005 3107 1080 3178 μὴ
1118 3107 1261 3174 λέγω
1290 3108 1448 3175 δίκην
1474 3107 1700 3160 κολοιῶν
1725 3108 1960 3174 ἀσήμοις

407 3197 662 3262 κραυγαῖς
699 3193 1089 3257 παταγούντων
1118 3195 1212 3247 καὶ
1244 3193 1520 3264 ὁμιχλώδη
1549 3197 1670 3246 τινὰ
1701 3195 1792 3246 τὸν
1815 3196 1954 3264 ἀέρα

405 3290 462 3356 τῇ
489 3289 622 3357 ἀκοῇ
661 3289 754 3339 καὶ⁸
789 3287 932 3339 πάνυ
957 3303 1009 3338 τι
1037 3287 1268 3356 δύσηχον
1301 3285 1857 3358 παρασκευαζόντων.
1890 3290 1957 3338 ’Ἀ

405 3385 570 3434 πάντα
597 3379 720 3431 κατ’
749 3379 987 3448 ἐμαυτὸν
1013 3380 1334 3432 ἀνακυκλῶν
1367 3380 1462 3432 καὶ
1499 3380 1796 3432 ἀνελίττων
1823 3378 1955 3448 ἐγὼ,

403 3473 490 3522 καὶ
511 3471 808 3526 διευθύνειν
842 3473 934 3524 καὶ
963 3471 1259 3540 ἀναφέρειν
1282 3470 1486 3524 ἐθέλων
1517 3471 1596 3536 είς
1639 3469 1730 3524 τὸν
1758 3473 1956 3541 εἱρμὸν

402 3563 598 3616 ἐκεῖνον
655 3564 750 3614 καὶ
808 3562 1096 3616 συνάπτειν
1157 3563 1234 3624 εἰς
1285 3561 1342 3614 ἓν
1397 3563 1494 3624 τὰς
1543 3563 1816 3632 ἐκδρομὰς
1865 3562 1960 3614 καὶ

399 3652 730 3721 ἀναστροφὰς
755 3655 970 3717 ἐκείνας
1001 3655 1096 3707 καὶ
1127 3651 1420 3724 ἀναλήψεις
1450 3653 1558 3706 τῶν
1589 3652 1710 3704 καθ’
1747 3653 1958 3706 ἕκαστα

1629 739 1974 804 διαλεκτικὴν

1317 255 1760 318 ΒΥΖΑΝΊἾΝᾸΞ
1803 260 2188 322 ΙῘΙΒΤΟΙῖΗΕ
2225 263 2370 325 LIB.
2407 265 2653 326 XXXII.

465 363 546 418 ϐ’.
591 363 784 428 Ἑξιών
815 379 876 432 γε
913 366 1018 436 μὴν
1049 365 1261 420 ἐκεῖθεν
1296 370 1622 438 ἐνετύγχανε
1674 378 1824 442 παρά
1869 375 1968 442 τὴν
1995 379 2041 435 Δ

3541 266 3646 328 346

2141 378 2231 432 IX.
2259 379 2448 449 ltaque
2482 395 2606 437 eum
2658 380 2906 445 abiisset,
2945 377 3060 448 ipsa
3087 380 3140 434 in
3171 379 3254 434 via
3287 379 3488 448 passim
3520 379 3640 433 sin-

2077 471 2236 538 gulos
2271 471 2420 524 viros
2445 473 2674 527 oﬁendit
2703 489 2733 527 e
2763 473 2966 526 familia
3001 471 3415 542 Palamitarum,
3445 472 3536 538 qui
3571 471 3638 522 ad

2075 561 2438 616 Cantacuzeni
2491 563 2884 616 monasterium
2935 563 3255 632 pergebant,
3293 561 3362 615 ab
3403 561 3496 614 illo
3537 561 3644 626 jam

2075 660 2202 706 ante
2261 653 2494 720 primam
2551 653 2727 707 lucem
2781 669 2878 721 per
2919 669 3200 722 praecones
3231 651 3368 704 clam
3400 650 3646 702 advocati

2073 742 2140 794 ad
2193 743 2466 813 synodum
2529 745 2872 798 dialecticam
2909 761 3030 813 qua:
3071 745 3180 814 jam
3231 743 3402 796 multo
3431 751 3558 794 ante
3595 741 3648 792 in

2073 831 2370 902 Gregoram
2405 833 2624 888 decreta
2655 845 2794 888 erat.
2853 835 2918 888 Hi
2946 837 3083 904 jussi
3111 844 3268 889 erant
3298 843 3469 888 totum
3503 835 3643 886 diem

2073 923 2224 976 illum
2285 924 2338 978 in
2395 925 2527 978 cella
2589 941 2834 980 manere.
2889 927 3072 992 Quare
3129 934 3464 996 stupuerunt
3519 941 3643 978 cum

2073 1023 2276 1080 praeter
2313 1016 2628 1082 opinionem
2663 1019 2814 1072 abire
2863 1019 3116 1073 viderent
3147 1019 3450 1088 Gregomm
3513 1027 3648 1070 ten:-

2073 1120 2206 1172 porc
2237 1121 2348 1172 quo
2401 1107 2480 1158 sol
2522 1107 2678 1176 39]
2716 1110 2922 1176 primas
2973 1111 3126 1164 luces
3174 1111 3466 1178 pandebat.
3525 1109 3644 1160 Jain

2073 1195 2324 1248 nonnulli
2375 1197 2591 1250 obviam
2634 1199 2684 1251 ei
2723 1198 3085 1266 procedentes
3119 1201 3384 1268 rogabant
3413 1215 3514 1252 cur
3538 1207 3644 1252 tam

2071 1295 2294 1353 repente
2324 1285 2572 1340 abiisset.
2631 1287 2728 1342 Hie
2751 1289 2922 1356 igitur
2941 1303 3066 1344 cum
3099 1291 3358 1356 cespisset
3387 1305 3646 1342 enarrare

2069 1375 2306 1442 singula,
2338 1375 2680 1430 desiderium
2729 1392 2828 1432 eos
2883 1379 3086 1432 invasit
3131 1379 3346 1448 longius
3375 1379 3642 1446 sequendi

2065 1480 2190 1518 eum
2237 1475 2292 1518 et
2322 1467 2634 1534 opponendi
2669 1483 3010 1536 qua-cunque
3044 1470 3318 1522 sociorum
3356 1469 3644 1522 sententiis

2067 1558 2452 1612 convenientia
2483 1569 2536 1610 et
2561 1559 2873 1612 communia
2899 1559 3174 1625 sciebant;
3207 1571 3263 1613 et
3293 1575 3414 1613 cum
3447 1569 3643 1628 praeter

2067 1648 2292 1700 domum
2323 1649 2432 1717 jam
2467 1650 2713 1704 comitati
2759 1660 2940 1704 essent
2972 1649 3295 1720 Gregoram,
3329 1664 3639 1702 sermonem

2066 1739 2186 1808 ejus
2215 1753 2376 1806 supra
2412 1747 2634 1792 modum
2672 1741 2958 1794 mutabant
3002 1751 3056 1796 et
3095 1741 3394 1808 impietatis
3431 1751 3639 1809 pestem

2065 1831 2144 1882 sic
2165 1830 2338 1890 palam
2365 1829 2738 1898 proferebant,
2772 1831 2938 1884 etiam
2967 1830 3112 1899 quod
3137 1840 3286 1900 peste
3319 1832 3474 1900 pejus
3505 1845 3638 1882 con-

2065 1923 2319 1989 spicuum
2347 1929 2468 1974 erat
2501 1922 2552 1973 in
2581 1930 2790 1990 pestem
2831 1922 3000 1990 arripi
3047 1923 3288 1976 libenter
3318 1938 3437 1976 sese
3467 1921 3640 1990 patie-

2065 2011 2286 2064 bantur.
2319 2013 2450 2076 Qum
2471 2022 2656 2066 autem
2679 2013 2926 2068 sciebant
2955 2029 3066 2068 non
3101 2016 3242 2068 bene
3261 2013 3508 2067 sciebant
3533 2030 3547 2076 ;
3581 2025 3640 2065 et

2063 2117 2183 2167 quae
2215 2102 2524 2156 atl‘erebant
2547 2103 2616 2156 ab
2641 2104 2788 2156 omni
2815 2105 3010 2158 decore
3035 2105 3212 2158 aliena
3249 2115 3422 2158 erant.
3449 2105 3638 2172 Neque

2065 2190 2478 2260 Scripturarnm
2509 2207 2632 2260 quae
2657 2192 2788 2246 olim
2821 2208 2850 2246 a
2875 2194 3082 2246 sanctis
3111 2193 3366 2246 Patribus
3391 2195 3636 2262 exposita

2065 2292 2194 2337 sunt
2225 2284 2428 2338 veritas
2459 2283 2782 2338 defensione
2811 2300 2918 2338 non
2953 2285 3188 2352 amplius
3219 2285 3452 2353 egebat;
3511 2299 3636 2337 nam

2063 2385 2260 2446 sponte
2309 2377 2568 2432 facillime
2617 2378 2672 2430 in
2723 2376 2904 2432 lucem
2943 2377 3148 2446 prodiit
3193 2377 3403 2430 fraudis
3439 2391 3638 2445 oppro—

2065 2468 2269 2524 brium.
2331 2467 2542 2535 Quibus
2575 2468 2858 2523 vcrissima
2915 2469 2968 2522 in
3019 2468 3266 2524 fraudem
3301 2477 3520 2522 vertere
3547 2470 3638 2538 ju-

2063 2561 2477 2622 cundissimum,
2517 2560 2586 2614 iis
2620 2560 2944 2627 simpliciter
2983 2559 3309 2626 reprehendi
3343 2559 3635 2614 odiosissi-

2063 2665 2210 2704 mum
2243 2658 2298 2704 et
2335 2649 2596 2702 omnibus
2623 2647 2868 2718 Olympis
2897 2647 3184 2700 molestius
3211 2657 3314 2700 est.
3377 2646 3442 2699 Hi
3471 2647 3636 2716 igitur

2062 2740 2300 2794 subirati
2333 2739 2646 2792 clamabant
2697 2748 2756 2791 ut
2787 2737 3006 2791 Pindari
3047 2738 3196 2790 corvi
3235 2738 3632 2806 multilingucs,
3711 2731 3716 2738 ’

2061 2847 2130 2884 ne
2165 2831 2344 2886 dicam
2375 2839 2434 2884 ut
2481 2829 2690 2900 graculi
2721 2830 2812 2898 qui
2853 2828 3094 2882 dissonis
3124 2827 3458 2882 clamoribus
3481 2817 3627 2882 'stre-

2062 2924 2235 2992 pitum
2291 2921 2462 2976 edunt
2509 2933 2564 2977 et
2607 2935 2768 2975 aures
2815 2921 3172 2975 vehementer
3230 2919 3626 2988 perstringunt.

2061 3015 2239 3080 Quare
2273 3013 2316 3068 si
2343 3023 2540 3068 cuncta
2569 3013 2758 3068 animo
2781 3012 3030 3066 volutare
3061 3021 3118 3064 et
3149 3011 3426 3080 explicare
3456 3019 3512 3064 et
3541 3025 3630 3062 or-

2066 3107 2257 3161 dinare
2291 3117 2344 3159 et
2377 3105 2582 3159 referre
2615 3104 2742 3158 volo
2771 3103 2838 3158 ad
2868 3103 3118 3158 ordinem
3177 3109 3228 3155 et
3267 3100 3628 3170 comprehen-

2067 3200 2196 3254 dere
2224 3200 2276 3252 in
2310 3214 2478 3252 unum
2521 3211 2837 3252 sermonum
2887 3195 3216 3249 deverticula
3265 3202 3322 3247 et
3369 3193 3628 3248 ﬂexiones

2061 3291 2184 3344 illas
2243 3303 2300 3344 et
2360 3288 2658 3342 tentamina
2709 3285 3234 3352 observationesque
3289 3285 3355 3338 ad
3409 3283 3622 3352 singula

2059 3379 2342 3433 institutas
2372 3386 2428 3432 et
2451 3393 2572 3447 qua:
2603 3379 2656 3430 in
2679 3374 3180 3430 concertationibus
3213 3375 3266 3428 in
3294 3373 3624 3430 contrariam

2061 3479 2276 3538 partem
2323 3467 2512 3522 allerri
2565 3468 2742 3523 solent
2793 3475 2846 3520 et
2892 3465 3111 3534 exponi,
3168 3465 3218 3518 id
3274 3463 3438 3534 392
3491 3463 3624 3516 mihi

2061 3562 2228 3616 nimis
2259 3559 2480 3614 diilicile
2511 3559 2568 3613 lit
2595 3569 2650 3614 et
2678 3557 2882 3627 recipio
2911 3571 2994 3611 me
3025 3557 3080 3610 in
3107 3556 3314 3611 silentii
3367 3557 3542 3610 otium
3569 3563 3626 3608 et

2063 3655 2538 3724 tranquillitatem.

365 3739 832 3818 ’ἐπιχειρημάτων
893 3766 953 3802 τε
1011 3748 1102 3802 καὶ
1173 3747 1466 3816 ἐργασιῶν,
1501 3746 1594 3798 καὶ
1639 3747 1760 3798 ὅσαι
1804 3746 1924 3799 κατ’
1997 3745 2248 3800 ἔνστασιν
2285 3748 2564 3816 ὑποφοραὶ
2609 3747 2701 3798 καὶ
2755 3745 3132 3816 ἀνθυποφοραὶ
3189 3747 3282 3798 καὶ
3330 3745 3513 3806 λύσεις
3563 3744 3624 3808 ἐξ

396 3839 632 3908 ἀνάγκης
677 3841 902 3892 ἕπονται
940 3839 1197 3904 τουτοισὶ,
1264 3838 1386 3894 λίαν
1435 3839 1674 3908 ἐργῶδες
1721 3839 1830 3906 ὁρῶ
1882 3839 1977 3892 καὶ
2011 3840 2280 3910 ἀναχωρῶ
2309 3844 2444 3910 πρὸς
2513 3841 2850 3909 ἐμαυτὸν,.τ>ι
2880 3841 2976 3908 τῆς
3007 3839 3217 3906 σιωπῆς
3247 3837 3622 3902 ἀσπαζόμενος

395 3932 680 4004 ἄπραγμον
716 3952 772 3986 τε
807 3934 900 3986 καὶ
931 3933 1310 4001 ἀνεπίφθονον.

461 4033 516 4087 l'.
565 4035 658 4102 Μή
719 4049 813 4100 μοι
867 4030 1096 4084 τοιαῦτα
1141 4029 1266 4096 λέγε
1319 4029 1415 4082 καὶ
1463 4029 1741 4098 πρότεινε,
1779 4029 1950 4097 φίλων

393 4125 577 4197 ἄριστε
629 4121 988 4191 Πρωταγόρα.
1032 4121 1178 4174 Μίαν
1221 4119 1332 4191 γὰρ
1379 4120 1638 4190 οὐδεμίαν
1683 4121 1952 4190 οὐδετέρῳ

391 4221 540 4287 φέρει
589 4219 688 4284 τὴν
739 4215 922 4284 δνησιν
970 4213 1038 4266 τὰ
1092 4213 1192 4280 τῆς
1243 4213 1479 4282 σιωπῆς.
1544 4212 1696 4280 Ἐμοί
1739 4229 1797 4264 τε
1841 4215 1950 4281 γὰρ

390 4307 641 4367 ἐπιεικῶς
691 4305 962 4372 ἀφόρητον
1003 4305 1100 4372 τὴν
1151 4302 1354 4370 ζημίαν
1409 4302 1648 4370 κομίζει,
1695 4305 1788 4354 καὶ
1834 4304 1947 4356 ὅσοι

388 4398 560 4466 λίχνον
598 4395 721 4448 κατ’
755 4395 854 4462 ἐμὲ
897 4396 1026 4464 περὶ
1061 4396 1132 4448 τὰ
1167 4394 1364 4464 βελτίω
1389 4395 1488 4464 τὴν
1527 4395 1699 4460 ἀκοὴν
1729 4393 1946 4462 ἐξέθρε-

387 4489 508 4558 ψαν.
545 4491 636 4542 Σοὶ
663 4490 710 4541 δ’
758 4491 882 4541 ὅσον
909 4489 1120 4542 ἀπειλεῖ
1165 4489 1262 4556 τῆς
1287 4487 1466 4556 ψυχῆς
1497 4485 1554 4540 τὸ
1585 4489 1822 4557 πρᾶγμα
1859 4491 1947 4542 τὸν

387 4583 647 4644 κίνδυνον,
677 4581 838 4644 αὐτὸς
870 4579 916 4632 τ’
961 4579 1026 4632 ἀν
1075 4578 1274 4648 εἰδείης
1309 4579 1556 4645 ἐξετάσει
1595 4581 1692 4634 καὶ
1726 4579 1948 4649 βασάνῳ

383 4673 684 4741 τελεωτέρα
711 4672 908 4734 διδοὺς,
945 4673 1040 4724 καὶ
1067 4671 1182 4738 ἅμα
1215 4671 1668 4738 συλλογιζόμενος
1693 4673 1808 4734 πῶς
1843 4671 1946 4738 μὲν

381 4765 484 4818 τῶν
517 4763 816 4816 ἀντιθέτων
871 4765 1144 4830 αἰσχυνείς
1199 4761 1296 4823 τὰς
1365 4762 1612 4826 γλώττας
1662 4763 1820 4827 λέξας
1875 4762 1942 4813 τὰ

385 4858 596 4925 καίρια,
653 4856 768 4918 πῶς
827 4854 882 4906 δὲ
939 4853 1044 4906 τῶν
1101 4853 1389 4924 ἡμετέρων
1447 4853 1780 4923 ἐπιρῤώσεις
1843 4856 1943 4915 τὰς

383 4951 602 5018 φρένας,
639 4945 1008 5014 ἀμεριῤῥεπεῖς
1061 4945 1218 4996 ἐνίων
1263 4946 1477 5014 ἐνιαχοῦ
1532 4945 1822 5012 γινομένας
1873 4943 1942 4996 δι’

379 5037 731 5108 δλιγςμαθίαν
767 5036 900 5096 ἴσως
924 5049 938 5064 ⁸
970 5035 1030 5086 οὐ
1057 5035 1166 5102 γὰρ
1195 5033 1259 5086 ἀν
1285 5051 1412 5085 ποτε
1442 5033 1609 5103 φαίην
1637 5032 1790 5100 κάγὼ
1818 5033 1940 5085 κατ’

383 5128 550 5190 ἐνίους
589 5127 688 5194 τὴν
731 5125 886 5176 νόσον
931 5122 1230 5186 καλοῦντας
1259 5125 1518 5192 ἀγκυρῶν
1547 5125 1788 5192 ὀρφανὴν
1818 5140 1940 5176 τινα

379 5217 572 5286 οἴησιν,
605 5213 846 5282 εὐχερῶς
903 5213 990 5280 ἐφ’
1045 5211 1282 5278 ἐκάτςρα
1323 5211 1822 5280 ταλαντευομένην,
1853 5212 1940 5265 ὁλ-

379 5309 502 5362 κάσι
549 5306 970 5376 παραπλησίως,
1007 5303 1070 5366 ἃς
1101 5303 1436 5374 ταραχώδεις
1465 5305 1702 5371 ἀγκάλαι
1738 5304 1936 5358 θαλάτο

375 5415 470 5468 της
501 5397 882 5452 ἀπολασοῦσαι
928 5397 1120 5458 νυκτὸς
1169 5395 1442 5465 ἀλιμένοις
1471 5397 1666 5458 ἀκταῖς
1697 5397 1792 5448 καὶ
1825 5413 1934 5466 χω-

376 5493 512 5562 ρίοις
565 5489 894 5559 ἐπέρριψαν.
931 5489 1160 5542 Ἔπειτα
1213 5487 1332 5540 οὐδὲ
1383 5487 1640 5556 φορτικός
1687 5505 1772 5550 τις
1821 5486 1932 5552 ἐγώ

377 5599 460 5634 σοι
501 5581 798 5650 φανοῦμαι,
833 5579 1002 5632 πάντα
1033 5579 1152 5630 καθ’
1181 5579 1384 5630 ἕκαστα
1419 5581 1596 5644 λέγειν
1627 5581 1806 5632 ἐκεῖνα
1837 5581 1932 5632 καὶ

377 5675 778 5742 ἀπαράλλακτα
839 5671 1078 5743 τήμερον
1149 5673 1244 5740 τὴν
1308 5670 1610 5740 ἀνάμνησιν
1671 5673 1928 5740 ἐπάγων·

2126 4027 2192 4082 Χ.
2223 4027 2342 4084 Noli
2372 4027 2486 4080 haec
2509 4025 2694 4082 dicere
2723 4027 2858 4080 mihi
2881 4037 2936 4080 et
2963 4025 3278 4090 obtrudere,
3302 4024 3623 4081 charissimc

2048 4119 2366 4186 Protagora.
2429 4116 2568 4170 Nam
2623 4115 2806 4170 neutri
2873 4130 3124 4170 nosmtm
3186 4116 3294 4169 ulla
3351 4115 3622 4172 utilitasc

2055 4207 2280 4263 silentio
2311 4205 2526 4262 evadet.
2567 4206 2696 4260 Mihi
2723 4205 2947 4276 quidem
2985 4207 3328 4262 intolerabile
3359 4207 3620 4260 daninnm

2049 4299 2244 4356 alleret
2276 4315 2490 4368 unaque
2522 4299 2588 4354 iis
2617 4314 2854 4368 quorum
2889 4314 3052 4354 aures
3081 4315 3262 4354 rerum
3291 4301 3619 4370 optimarum

2051 4393 2283 4446 curiosae
2315 4401 2466 4444 sunt.
2527 4391 2648 4444 Tibi
2704 4406 2839 4446 vero
2889 4399 3152 4461 quantum
3189 4407 3276 4445 res
3312 4392 3616 4459 periculum

2051 4480 2398 4534 minitaretur
2432 4478 2648 4534 videres
2693 4479 2856 4534 facile
2901 4482 2945 4532 si
2983 4497 3095 4534 rem
3133 4481 3376 4548 penitius
3405 4490 3462 4533 et
3503 4497 3618 4534 mc-

2049 4567 2158 4622 lius
2205 4567 2516 4636 inquireres
2551 4577 2607 4623 et
2643 4580 2927 4638 reputares
2967 4569 3240 4638 quomodo
3269 4570 3614 4622 adversario-

2051 4677 2171 4715 rum
2205 4661 2450 4728 linguam
2501 4669 2708 4714 mutam
2748 4661 3012 4716 redderes
3057 4663 3396 4729 argumentis
3425 4663 3616 4716 electis

2047 4753 2489 4822 gravioribus,et
2517 4753 2794 4822 quomodo
2828 4753 3042 4807 animos
3077 4761 3294 4806 uestros
3322 4753 3612 4808 conﬁrma-

2047 4855 2208 4900 turus
2244 4861 2398 4900 esses
2451 4860 2606 4898 cum.
2637 4845 2887 4898 nonnulli
2931 4845 3042 4915 jam
3099 4845 3336 4898 titubent
3393 4855 3614 4914 propter

2045 4952 2230 4992 rerum
2265 4937 2666 5006 ignorantiam;
2704 4953 2770 4990 nc
2791 4937 2962 4991 dicam
2985 4945 3044 4991 ut
3077 4939 3326 4992 nonnulli
3361 4941 3610 4994 morbum

2043 5041 2244 5083 vocant
2295 5031 2610 5099 Opinionem
2666 5032 2886 5082 ancoris
2932 5031 3178 5084 orbatam
3222 5039 3278 5084 et
3308 5030 3470 5086 modo
3503 5031 3610 5086 huc

2043 5119 2204 5174 modo
2225 5121 2354 5174 illuc
2381 5119 2735 5174 ﬂuctuantem
2773 5120 3183 5174 instarnavium
3221 5136 3340 5189 quae
3367 5123 3608 5176 remulco

2041 5211 2368 5276 trahuntur;
2427 5227 2564 5279 quas
2624 5211 2790 5264 maris
2842 5211 3046 5266 turbidi
3103 5212 3302 5268 ﬂuctus
3325 5213 3608 5283 abripiunt

2039 5313 2200 5356 noctu
2220 5313 2275 5356 et
2302 5302 2354 5354 in
2383 5303 2794 5370 proximasoras
2823 5311 2878 5354 et
2897 5305 3266 5359 continentem
3287 5305 3600 5374 projiciunt.

2041 5395 2144 5451 Sed
2185 5395 2372 5450 tibine
2399 5395 2666 5450 molestus
2699 5396 2885 5450 videar
2921 5398 3048 5450 nolo
3082 5408 3134 5452 te
3171 5399 3380 5468 singula
3413 5397 3596 5450 omnia

2039 5487 2436 5552 mihinarrare,
2475 5489 2790 5542 continuam
2835 5489 2996 5542 hodie
3041 5506 3222 5544 rerum
3279 5489 3596 5544 memoriam

2040 5581 2502 5636 excitando.Nam
2531 5579 2834 5634 secundum
2865 5581 3170 5646 oraculum,
3206 5581 3428 5634 nimium
3465 5593 3600 5632 nun-

2038 5689 2200 5741 quam
2229 5671 2484 5727 desidero
2515 5683 2566 5726 et
2615 5671 2816 5740 quibus
2865 5687 3084 5742 semper
3119 5674 3380 5728 intersum
3407 5685 3502 5726 eos
3531 5685 3600 5724 ne
