3994 6204
379 232 483 293 347

1563 238 1973 299 NlCEl’llORl
2015 238 2393 300 tiREliOlixE

3503 230 3605 297 348

353 344 584 399 nimium
635 345 1039 415 amplectantur
1099 360 1312 400 moneo.
1375 348 1488 415 Age
1535 346 1724 416 igitur,
1779 349 1976 410 solve;

2080 352 2209 420 πλῆς
2234 349 2347 419 γάρ
2380 365 2524 410 τινος
2558 347 2892 418 ἀφηγήσεως
2914 343 3192 416 ἀκροατὴς
3222 340 3318 398 καὶ
3343 342 3606 413 ἀπεριέρ-

359 438 559 505 linguae
589 437 917 499 retinacula.
960 442 1134 509 passis
1163 442 1300 496 velis
1322 457 1541 496 currunt
1581 444 1833 507 institue,
1872 454 1925 497 tu

361 529 454 596 qui
508 545 673 585 aures
724 530 959 585 oﬂendis
1021 542 1283 597 attentas,
1340 550 1460 602 qua:
1515 535 1931 590 fundamentum

363 620 596 673 solidum
626 622 873 690 praebent
905 638 969 673 eo
1004 622 1165 692 393
1190 625 1334 691 quod
1368 625 1744 679 narrationem
1774 626 1933 680 vehe-

364 723 577 765 menter
608 713 949 767 desiderant.
1014 714 1065 766 ιιι
1100 716 1264 767 etiam
1302 717 1576 784 optimum
1612 717 1942 772 incitamen-

365 811 478 855 lum
512 815 740 872 apparet
765 804 808 857 si
840 805 1097 859 amicitiae
1131 807 1304 874 gratia
1368 809 1550 876 lingua
1597 824 1720 862 cum
1781 809 1938 862 volu-

371 904 522 964 ptate
555 896 671 949 vult
715 895 864 964 loqui
899 906 955 951 et
990 897 1329 952 narrationis
1358 900 1467 951 vim
1504 913 1776 953 summam
1808 916 1938 954 con—

367 1001 546 1053 sequt.

2037 461 2151 510 γως
2176 442 2432 512 γενέσθαι
2458 441 2699 510 ἐφίεμαι,
2728 442 2870 492 κατά
2905 438 2963 491 τὸ
2982 439 3039 489 ὲν
3064 437 3235 490 Πυθοῖ
3272 436 3481 505 λόγιον,
3508 437 3602 490 τοῦ

2038 537 2177 602 ἄγαν
2226 534 2389 597 αὑτός
2421 550 2479 586 τε
2518 533 2608 587 ἀεὶ
2657 530 2996 602 φειδόμενος,
3027 529 3124 582 καὶ
3170 523 3251 592 οἷς
3277 527 3363 582 ἀεὶ
3398 528 3611 598 ξύνειμι

2045 626 2329 695 φείδεσθαι
2362 625 2669 695 παραινῶν.
2702 622 2846 690 Φέρε
2887 639 2971 676 τοι
2998 623 3095 677 νῦν
3128 624 3194 675 τὰ
3222 624 3323 693 τῆς
3368 619 3612 689 γλώττης

2042 720 2365 791 πρυμνήσια
2424 716 2619 784 λύσας,
2668 718 2991 786 εὐρυτέραις
3050 715 3270 778 ὀθόναις
3323 713 3468 767 δίδου
3518 712 3612 765 τὸν

2045 812 2234 875 πλοῦν,
2263 812 2456 873 ἀκοαῖς
2502 808 2825 879 χαιρούσαις
2864 806 3125 878 ἐντυχὼν,
3161 805 3402 877 κρηπῖδα
3453 805 3617 875 στερο

2044 904 2147 973 ρἁ
2177 900 2649 971 ὑποῆαλλομέναις
2682 898 2777 953 τδν
2821 898 2932 953 τῶν
2967 897 3391 969 λεχθησομίνων
3425 894 3614 950 πόθον.

2045 996 2111 1047 Ὃ
2136 995 2202 1063 δὴ
2228 993 2520 1063 κράτιστον
2546 993 2889 1063 ὁρμητήριον
2924 994 3004 1056 είς
3038 991 3264 1062 ἄγαλμα
3298 988 3619 1060 φιλοτιμίας

370 1081 585 1152 γλώττῃ
622 1082 720 1134 σύν
771 1098 835 1151 γε
869 1081 1151 1152 προθυμία
1198 1082 1383 1149 λέγειν
1431 1080 1697 1153 ἐθελούσῃ
1737 1100 1795 1135 τε
1850 1085 1945 1137 καὶ
2019 1086 2156 1155 πρὸς
2221 1087 2288 1140 τὰ
2328 1087 2619 1159 ἐρρωμένοι
2663 1086 2764 1156 τῆς
2803 1087 3109 1158 διηγήσεως
3153 1084 3412 1158 ἀφορώσῃ
3456 1084 3618 1138 καθί-

372 1190 588 1227 σταται.

444 1268 790 1341 XlJamego
812 1270 903 1339 qui
929 1285 1096 1340 sape,
1128 1271 1455 1327 charissima
1486 1270 1807 1338 Cleodeme,
1841 1272 1949 1327 vim

2122 1275 2228 1329 IA'.
2272 1273 2413 1344 Ἐγὼ
2448 1274 2504 1330 δέ
2551 1292 2612 1328 σε
2645 1275 2743 1346 τῆς
2790 1274 2900 1328 τῶν
2944 1274 3119 1344 λόγων
3170 1271 3481 1343 οἰκονομίας
3528 1275 3628 1328 καὶ
3672 1276 3675 1279 ’

376 1364 454 1416 tui
488 1364 760 1418 sermonis
787 1373 843 1416 et
877 1364 1118 1418 rationes
1147 1364 1468 1419 verissimas
1494 1366 1798 1420 admiratus
1831 1379 1952 1420 sum

2080 1367 2155 1438 τῆς
2183 1367 2296 1421 τῶν
2340 1370 2560 1439 τρόπων
2607 1370 2978 1439 χρηστότητος
3021 1366 3286 1430 πολλάκις
3312 1365 3624 1435 θαυμάσας,

378 1470 529 1508 nunc
570 1455 755 1523 potius
784 1470 948 1522 quam
989 1465 1149 1509 antea
1208 1456 1397 1526 paucis
1430 1456 1496 1509 ad
1536 1457 1955 1526 persuasionem

2080 1459 2101 1515 ἱ)
2150 1462 2269 1531 φίλε
2315 1460 2621 1531 Κλεόδημε,
2651 1459 2748 1514 νῦν
2781 1458 2983 1530 μᾶλλον
3021 1458 3056 1530 ἢ
3092 1457 3363 1529 πρότερον
3410 1457 3509 1527 τήν
3542 1457 3627 1518 εἰς

378 1558 471 1596 res
518 1544 618 1597 tibi
654 1559 945 1611 exponam.
1004 1543 1141 1598 Nolo
1170 1545 1316 1597 enim
1362 1545 1607 1600 dolorem
1651 1546 1831 1600 facere
1866 1546 1955 1601 cui

2080 1551 2235 1621 ιραχὺ
2272 1547 2693 1617 συνωθουμένην
2724 1564 2808 1599 σοι
2840 1547 2950 1600 τῶν
2978 1546 3154 1615 λόγων
3182 1546 3394 1614 ἄγαμαι
3426 1544 3623 1598 πειθώ.

381 1635 593 1688 servire
619 1650 705 1690 me
732 1645 968 1704 opmtet.
1006 1636 1283 1689 Proferam
1307 1646 1489 1691 autem
1516 1653 1547 1691 e
1570 1638 1756 1691 multis
1785 1653 1956 1706 pauca

2080 1640 2226 1693 Γαῦτ’
2283 1639 2393 1709 ἄρα
2436 1639 2531 1693 καὶ
2590 1637 2665 1708 μὴ
2695 1638 2886 1690 λυπεῖν
2931 1637 3133 1690 ἐθέλων
3178 1637 3240 1691 δν
3298 1635 3627 1708 θεραπεύειν

380 1735 584 1794 etquae
611 1726 921 1779 necesSaria
952 1735 1079 1780 sunt
1109 1729 1231 1781 usui
1261 1738 1316 1780 ct
1345 1728 1470 1782 huic
1502 1731 1753 1797 tempori.
1790 1729 1958 1797 quue

2080 1731 2287 1802 ιίλόμην
2316 1731 2395 1795 σε,
2431 1731 2541 1802 ἐρῶ
2578 1729 2697 1800 μὲν,
2731 1731 2930 1800 μέτρια
2956 1729 3002 1781 δ’
3037 1730 3102 1782 ἐκ
3133 1728 3363 1795 πολλῶν,
3394 1729 3489 1782 καὶ
3526 1729 3632 1782 ὅσα

383 1816 452 1868 ad
495 1817 786 1871 utilitatem
818 1828 963 1871 tuam
1002 1818 1143 1871 facio
1187 1829 1244 1871 et
1278 1834 1471 1872 eorum
1506 1822 1599 1884 qui
1634 1835 1739 1872 una
1777 1831 1956 1872 tecum

2080 1825 2338 1892 ιναγκαῖα
2372 1825 2438 1892 τῇ
2480 1822 2641 1894 χρείᾳ
2668 1823 2765 1875 καὶ
2789 1821 2866 1891 τῷ
2907 1821 3107 1892 καιρῷ,
3136 1823 3236 1892 σῆς
3269 1837 3328 1874 τε
3358 1820 3633 1887 ὠφελείας

383 1908 578 1963 audire
629 1909 743 1964 lia'c
792 1910 1042 1979 cupiant.
1118 1912 1224 1965 Sed
1267 1912 1310 1966 si
1348 1928 1412 1966 ex
1459 1923 1547 1965 tua
1586 1927 1642 1966 et
1683 1914 1959 1965 sociorum

2080 1917 2224 1970 ἑνεκα
2255 1916 2349 1969 καὶ
2379 1915 2496 1985 ἀξια
2533 1915 2646 1967 τῶν
2700 1930 2782 1966 σοι
2832 1912 3234 1983 παραπλησίως
3286 1911 3637 1983 αἱρουμένων

386 2011 607 2055 tuorum
656 2003 942 2057 toluntate
972 2004 1282 2057 oratiooem
1321 2006 1471 2058 omni
1510 2013 1706 2058 ornatu
1741 2003 1962 2058 denudo

2080 2008 2282 2061 ἱκούειν
2310 2007 2487 2060 ταυτί.
2515 2007 2575 2060 El
2613 2007 2669 2059 δὲ
2700 2006 2929 2071 κάλλους
2963 2006 3175 2058 ἐκείνου
3201 2004 3499 2073 γυμνώσας
3533 2003 3637 2074 τὴν

384 2106 443 2148 et
475 2096 781 2164 simplicem
821 2097 1028 2153 reddo:
1070 2112 1184 2166 quo
1215 2113 1347 2151 sane
1375 2097 1630 2166 Gregorii:
1664 2098 1963 2151 auctoritas

2080 2096 2266 2167 ρράσιν
2295 2094 2493 2157 παντὸς
2519 2094 2610 2147 διόι
2649 2111 2710 2146 τε
2747 2094 2805 2146 σὲ
2842 2094 2938 2146 καὶ
2971 2093 3085 2146 ὅσοι
3114 2092 3257 2146 κατά
3288 2093 3372 2160 σὲ,
3400 2093 3639 2145 ἐστενω-

387 2188 698 2241 elevabitur
744 2199 799 2241 et
836 2204 953 2242 mea
986 2189 1385 2258 qualiscunque
1424 2199 1509 2242 est
1548 2198 1775 2259 Cognata
1820 2189 1961 2241 ratio

2080 2190 2235 2256 ιένην
2258 2187 2351 2240 καὶ
2374 2185 2756 2256 ἁπλουστέραν
2786 2184 3051 2255 προθείην
3084 2201 3168 2237 σοι
3192 2183 3292 2255 τὴν
3323 2184 3641 2253 ἀφήγησιν,

388 2286 447 2331 et
476 2277 802 2346 disciplina;
828 2278 955 2331 hinc
981 2279 1317 2332 concludere
1351 2278 1450 2332 tibi
1483 2278 1638 2338 licet.
1666 2278 1883 2347 qualem
1914 2285 1970 2330 et

2080 2278 2294 2343 ἱιναξίως
2341 2278 2439 2348 μὲν
2480 2278 2580 2348 τῆς
2629 2277 2707 2349 τῷ
2757 2278 3017 2350 Γρηγορᾷ
3073 2275 3428 2346 καθηκούσης
3477 2274 3643 2345 δόξης

392 2376 657 2437 quantam
701 2370 895 2423 intimo
936 2370 990 2423 in
1023 2371 1207 2424 animo
1237 2384 1361 2423 meo
1414 2369 1711 2423 amicitiam
1759 2383 1888 2436 erga
1919 2380 1970 2423 te

2080 2371 2384 2426 παντάπασι
2436 2370 2601 2442 δρῶν,
2632 2368 2867 2437 ἀναξίως
2897 2371 2943 2422 δ’
2986 2370 3043 2422 et
3071 2388 3154 2434 τις
3184 2369 3270 2441 εἴη
3303 2370 3473 2440 κάμοὶ
3505 2368 3641 2424 σύν-

394 2460 653 2514 ltabeam.
708 2460 764 2515 Si
820 2475 952 2514 vero
982 2461 1228 2517 narratio
1258 2462 1525 2515 voluntati
1553 2474 1661 2515 non
1697 2476 1970 2515 convene-

2080 2481 2265 2536 ιροφος
2292 2462 2486 2534 γνώμη
2522 2470 2584 2515 τε
2619 2465 2714 2516 καὶ
2748 2463 2991 2525 παιδεία,
3013 2461 3133 2534 ὥρα
3161 2480 3242 2517 σοι
3271 2464 3474 2516 ἐννοεῖν
3512 2456 3643 2514 τίνα.

398 2552 495 2613 rit,
529 2552 640 2605 noli
679 2552 811 2605 mihi
843 2552 1026 2607 irasci.
1060 2552 1193 2607 Nam
1237 2553 1289 2606 in
1329 2552 1414 2607 bis
1446 2562 1506 2607 ut
1543 2554 1597 2607 in
1628 2554 1752 2609 aliis
1783 2554 1973 2608 multis

2080 2557 2208 2612 ποτὲ
2236 2556 2331 2609 καῖ⁵
2377 2556 2509 2627 ὅσην
2540 2554 2637 2624 τὴν
2671 2554 2771 2625 σὴν
2804 2556 2864 2608 ὲν
2908 2556 3024 2619 τοῖς
3068 2555 3173 2625 τῆς
3219 2554 3357 2624 ἐμῆς
3409 2552 3645 2624 καρδίας

398 2643 716 2696 dominatur
748 2643 994 2709 fortuna,
1029 2660 1151 2714 qua:
1204 2661 1288 2700 res
1323 2645 1467 2701 inter
1507 2661 1567 2701 se
1618 2647 1867 2702 diversas
1915 2655 1973 2701 et

2080 2646 2515 2717 τεθησαύρισμαι
2548 2643 2613 2716 [ί.
2647 2645 2749 2702 160
2771 2646 2849 2717 1).]
2889 2646 3112 2707 κόλποις
3140 2646 3344 2715 φιλίαν.
3369 2644 3431 2698 El
3460 2645 3515 2697 δὲ
3544 2644 3646 2698 καὶ

398 2734 730 2788 dissidentes
761 2744 940 2801 tenet;
977 2736 1030 2789 in
1058 2736 1165 2791 illis
1190 2745 1375 2791 autem
1406 2753 1525 2805 qua‘.
1543 2737 1784 2792 animum
1803 2738 1972 2793 bene-

2081 2737 2157 2808 μὴ
2196 2737 2258 2791 οὐ
2299 2736 2443 2791 κατά
2474 2737 2566 2789 τὸν
2615 2736 2708 2790 σδν
2737 2735 3000 2808 ἀπαντῴη
3037 2736 3243 2790 σκοπὸν
3290 2738 3318 2790 ό
3366 2735 3545 2806 λόγος,
3580 2734 3646 2788 at

401 2826 580 2879 volum
637 2827 790 2882 etin
850 2830 1045 2897 coeptis
1102 2836 1379 2883 maturum
1447 2831 1725 2897 reddunt,
1789 2830 1971 2884 omnia

2080 2829 2122 2883 δ’
2165 2830 2501 2901 ἀνεμέσητον
2558 2830 2682 2901 ἐμοὶ
2723 2829 2822 2903 τὴν
2871 2831 3129 2902 πρόθεσιν
3173 2830 3274 2901 τῆς
3315 2829 3495 2901 ψυχῆς
3546 2844 3646 2882 σου

407 2930 669 2989 tanquam
705 2922 910 2975 trutina
968 2931 1117 2976 certa
1168 2933 1223 2975 et
1256 2923 1441 2977 divina
1476 2926 1784 2978 examinata
1821 2934 1969 2978 sunt.

2080 2922 2370 2992 φυλάττειν
2431 2923 2629 2994 χρεών.
2671 2922 2745 2976 Τὸ
2795 2923 2896 2994 μὲν
2943 2925 3052 2995 γὰρ
3102 2923 3205 2977 ὑπὸ
3260 2924 3432 2994 τύχης
3468 2923 3545 2986 ὡς
3574 2920 3649 2973 τὰ

402 3011 571 3065 πολλὰ
603 3013 986 3078 τυραννεῖσθαι
1016 3014 1329 3082 συμϐαίνει,
1360 3014 1537 3067 ἄλλοτ’
1583 3016 1717 3069 ἀλλα
1762 3016 2113 3087 κεκτημένης
2161 3017 2258 3069 καὶ
2305 3013 2613 3086 ἀσύμφωνα
2659 3015 2732 3068 τὰ
2781 3017 3007 3085 ἐφόδια*
3075 3018 3138 3070 τὸ
3202 3016 3282 3082 δὲ,
3352 3015 3489 3069 ἀλλά
3549 3011 3649 3070 καὶ

402 3106 561 3160 τοῦτο
614 3104 781 3173 μόνην
829 3104 925 3175 τήν
979 3105 1322 3174 προθεσμίαν
1368 3108 1462 3159 καὶ
1498 3107 1722 3179 πρώτην
1753 3109 1970 3179 κίνησιν
2009 3108 2109 3177 τῆς
2141 3107 2322 3178 ψυχῆς
2356 3107 2432 3170 ὼς
2462 3108 2553 3161 ἐπὶ
2598 3107 2952 3179 ’πλάστιγγος
3017 3107 3295 3180 agema;
3319 3125 3381 3162 τε
3408 3107 3656 3163 x410»-

404 3195 653 3267 πρεποῦς
685 3196 1117 3249 ταλαντεύεσοαι
1150 3197 1310 3261 ἀξιοῖ.

477 3287 780 3360 394101.
818 3288 891 3343 De
925 3288 1139 3343 ueteris
1178 3290 1346 3361 igitur
1375 3292 1537 3347 rebus
1592 3307 1728 3363 quas
1763 3301 1813 3347 te
1839 3306 1976 3363 opus

2150 3292 2253 3349 IB'.
2287 3294 2426 3364 Hegi.
2455 3294 2554 3362 ph
2582 3288 2677 3350 οὖν
2703 3294 2818 3348 τῶν
2840 3295 3014 3349 ἀλλων
3047 3296 3147 3350 ὅσα
3176 3314 3256 3350 σοι
3287 3295 3456 3367 ἐχρῆν
3485 3295 3653 3351 ἀκοῦ-

406 3392 528 3437 erat
558 3382 748 3436 audire
772 3382 883 3451 jam
917 3381 1175 3435 audivisti
1212 3397 1299 3437 me
1347 3394 1665 3438 narrantem
1714 3384 1782 3438 ab
1813 3384 1976 3438 initio

2081 3399 2195 3447 σαι,
2222 3381 2660 3454 διεξεληλυθότος
2699 3383 2833 3456 ἐμοῦ
2875 3402 2940 3452 γε
2991 3387 3239 3454 ἀκήκοας
3282 3386 3491 3440 ἀνωθεν
3524 3385 3653 3457 ἄχρι

409 3474 696 3540 hucusque
716 3481 980 3541 quantum
1001 3468 1116 3527 ﬁeri
1155 3473 1351 3542 potuit.
1379 3473 1498 3528 Jam
1529 3474 1573 3528 si
1601 3474 1668 3528 de
1701 3474 1976 3529 miraculis

2082 3472 2176 3526 καὶ
2209 3473 2269 3533 ὲς
2312 3471 2472 3541 δεῦρο
2521 3472 2610 3526 τδν
2646 3472 2865 3543 ἐφικτόν
2899 3491 2962 3541 γε
2990 3473 3192 3544 τρόπον
3218 3492 3233 3506 ο
3270 3476 3399 3546 περί
3447 3492 3510 3543 γε
3547 3475 3657 3546 μὴν

410 3566 465 3618 in
497 3563 749 3618 Tltabore
781 3575 964 3619 monte
999 3564 1184 3619 dicere
1214 3579 1402 3627 coner,
1429 3581 1627 3619 vereor
1659 3581 1727 3620 ne
1764 3566 1815 3618 in
1846 3566 1982 3620 alio-

412 3672 533 3711 rum
551 3656 885 3726 argumentis
901 3656 1242 3733 proferenilis
1259 3657 1437 3711 statim
1458 3664 1580 3711 ante
1602 3666 1783 3725 portas
1805 3655 1981 3724 laquei

417 3750 553 3804 mihi
594 3760 874 3817 ponantur
905 3758 958 3802 et
988 3760 1257 3818 quotquot
1299 3760 1427 3804 sunt
1458 3750 1759 3819 impietatis
1794 3751 1987 3818 nequi—

419 3842 529 3897 tiae.
569 3840 694 3896 Scio
725 3840 947 3909 quidem
977 3842 1278 3894 secundum
1310 3856 1467 3896 veras
1493 3841 1570 3895 rei
1596 3852 1800 3895 naturtc
1824 3842 1988 3895 ratio-

419 3949 519 3988 nes
548 3933 755 3987 nullam
786 3933 841 3986 in
867 3947 926 3986 re
950 3933 1216 3988 exsistere
1242 3932 1649 3987 difficultatem:
1679 3947 1803 3986 nam
1828 3932 1988 3986 facile

417 4032 505 4077 est
551 4033 867 4078 sanctorum
902 4023 1234 4078 testimoniis
1270 4038 1390 4091 quae
1427 4025 1711 4076 veritatem
1753 4021 1989 4075 invinci—

420 4116 586 4170 bilem
603 4114 1002 4169 continentniti
1037 4122 1091 4166 et
1123 4114 1204 4167 sic
1222 4128 1251 4166 e
1271 4112 1679 4168 difﬁcultatibus
1709 4127 1808 4165 nos
1828 4127 1992 4181 expe-

420 4206 557 4260 dire.
593 4204 698 4259 Sed
716 4214 774 4257 ut
798 4204 1145 4259 insidiatores
1159 4205 1379 4273 quidam
1405 4204 1516 4258 duo
1535 4206 1587 4258 in
1615 4203 1696 4256 via
1717 4204 1993 4271 utrimque

422 4304 695 4367 proruunt
719 4303 943 4363 repente
972 4304 1097 4349 ante
1123 4296 1290 4365 pedes
1307 4305 1522 4351 nostros
1539 4306 1596 4348 et
1613 4310 1676 4348 ex
1699 4295 1996 4364 improviso

423 4398 479 4442 et
497 4403 561 4441 ex
594 4386 827 4442 latebris
848 4386 1212 4441 tenebricosis
1235 4394 1291 4440 et
1314 4386 1577 4440 continuo
1601 4395 1800 4440 vexant
1820 4400 1919 4439 nos
1941 4394 1997 4440 et

424 4496 492 4533 ex
523 4479 708 4548 quiete
732 4478 922 4532 volunt
951 4476 1212 4531 excitare.
1234 4475 1444 4535 Volunt
1469 4477 1614 4531 enim
1634 4477 1907 4531 disserere
1929 4475 1998 4529 de

426 4571 522 4625 Dei
581 4569 816 4625 essentia
866 4577 921 4624 et
969 4578 1157 4623 natura
1207 4577 1263 4623 et
1308 4568 1652 4636 tinesjustos
1685 4567 1992 4630 transilire,

428 4678 600 4732 quare
628 4678 730 4717 nos
756 4679 786 4716 a
822 4663 1074 4716 Patribus
1104 4661 1383 4716 silentium
1419 4670 1608 4714 tenere
1639 4669 1696 4712 et
1718 4674 1746 4711 a
1779 4658 1996 4712 theolo-

386 4794 391 4801 .
428 4755 565 4823 gicis
594 4754 1065 4825 disputationibus
1113 4753 1396 4808 abstinere
1441 4750 1731 4823 jubcmur;
1792 4757 1849 4804 et
1879 4765 2000 4818 quae

428 4845 663 4900 indoctis
705 4846 932 4900 auribus
988 4844 1218 4897 audiunt
1247 4850 1470 4897 sana-ut
1500 4840 1731 4895 ridicula
1769 4838 1993 4904 habent,

428 4952 609 5005 neque
656 4938 952 5006 quidquam
998 4936 1239 5003 ipsorum
1271 4932 1623 5000 cpinionibus
1670 4930 1865 4983 melius
1901 4931 2002 4982 du-

429 5038 563 5084 cunt
595 5038 649 5081 et
678 5045 745 5082 ex
771 5027 1002 5081 arbitrio
1028 5026 1296 5095 judicium
1325 5026 1534 5078 faciunt
1554 5038 1782 5095 prorsus
1811 5024 2001 5075 insana

2081 3565 2190 3618 τῶν
2222 3566 2281 3618 ἐν
2314 3562 2582 3635 Θαδωρίῳ
2609 3564 2684 3633 τῷ
2705 3565 2821 3635 ὄρει
2854 3564 3023 3618 πάλαι
3055 3565 3658 3638 θαυματουργηθέντων

2085 3658 2134 3709 εί
2187 3656 2370 3724 λέγειν
2430 3657 2795 3726 ἐπιχειροίην,
2849 3656 3020 3727 πολλή
3081 3658 3173 3726 μοί
3217 3676 3302 3723 τις
3358 3659 3657 3730 ξενοδοχεῖν

2086 3748 2304 3802 ἀπειλεῖ
2359 3747 2672 3818 δυσχέρεια,
2704 3748 2867 3811 εὐθὺς
2919 3749 3025 3819 πρὸ
3074 3750 3259 3805 πυλῶν
3312 3751 3412 3815 τὰς
3460 3753 3661 3821 ἑαυτῆς

2088 3837 2411 3907 ὲφαπλοῦσα
2445 3838 2681 3907 παγίδας
2715 3842 2813 3892 καὶ
2841 3839 2940 3892 ὅσα
2990 3841 3163 3911 δήπου
3204 3840 3273 3894 τὰ
3318 3840 3421 3911 τῆς
3461 3843 3659 3906 κακίας

2090 3926 2304 3998 ἐνεδρα.
2343 3927 2453 3996 Οὐχ
2485 3926 2567 3978 ὅτι
2597 3925 2740 3979 κατὰ
2779 3928 2907 3989 τοὺς
2954 3927 3149 4000 ὀρθοὺς
3181 3929 3281 3999 τῆς
3334 3930 3546 3999 φύσεως
3576 3930 3664 3982 λό-

2091 4032 2221 4085 γους
2271 4018 2560 4085 προσεῖναι
2593 4018 2661 4086 τῇ
2704 4016 2963 4071 ὑποθέσει
3011 4019 3318 4088 συμπίπτει
3354 4019 3616 4091 δυσχερές
3643 4035 3659 4051 ·

2094 4109 2187 4160 καὶ
2216 4106 2360 4160 πάνυ
2411 4123 2465 4159 τι
2513 4108 2624 4177 γάρ
2662 4109 2779 4160 ἔστι
2824 4108 3007 4181 ῥᾴδιον
3031 4111 3132 4173 τὰς
3175 4111 3283 4165 τῶν
3315 4111 3488 4179 ἁγίων
3532 4114 3665 4183 ἡμῖν

2096 4199 2468 4268 προκομίσασι
2529 4199 2864 4269 μαρτυρίας,
2916 4201 3379 4255 δυσαντίϐλεπτον
3436 4202 3665 4273 ἐχούσας

2094 4288 2351 4359 τάληθὲς,
2380 4289 2728 4359 ἀπαλλάχθαι
2765 4291 3125 4359 πραγμάτων.
3161 4291 3302 4345 Ἀλλ’
3329 4293 3494 4347 οἱονεί
3523 4310 3669 4357 τινες
3734 4328 3742 4335 ς

2097 4382 2329 4446 ἑαυτοὺς
2382 4381 2804 4452 προλοχίσαντες
2849 4384 2983 4453 ήμῖν
3033 4383 3196 4448 εὐθὺς
3240 4385 3529 4441 όδοστάται
3574 4388 3669 4441 δύο

2064 4497 2071 4504 τ
2100 4476 2245 4539 τινὲς
2293 4475 2401 4545 πρὸ
2440 4474 2619 4528 ποδῶν
2659 4474 2926 4545 ἑτέρωθίν
2952 4460 3135 4542 ποθεν,
3166 4478 3224 4544 ἐξ
3256 4480 3668 4548 ἀπροσδοκήτου

2102 4568 2245 4629 τινὸς
2275 4568 2370 4619 καὶ
2395 4565 2671 4635 ζοφώδους
2696 4568 2999 4638 χαράδρας,
3031 4568 3292 4640 ἐξαίφνης
3336 4571 3672 4642 ὲπιδραμόν-
3716 4572 3737 4621 ε

2104 4674 2193 4720 τες
2244 4658 2306 4711 τό
2354 4675 2413 4710 τε
2472 4660 2737 4728 ἀνήνυτον
2778 4660 3079 4714 ἐπισείουσι
3126 4662 3222 4715 καὶ
3268 4663 3331 4716 τὸ
3375 4664 3672 4734 ἄπραγμον
3735 4663 3754 4686 ⁸

2110 4751 2345 4819 ἰσχυρῶς
2388 4752 2645 4818 ἀφαιρεῖν
2696 4750 3142 4818 ἐπαγγέλλονται.
3177 4752 3250 4805 Τό
3300 4769 3362 4806 τε
3406 4756 3515 4823 γὰρ
3543 4758 3675 4825 περὶ

2107 4839 2241 4893 Θεοῦ
2271 4842 2449 4908 λέγειν
2479 4841 2672 4902 οὐσίας
2706 4844 2799 4895 καὶ
2827 4842 3063 4910 φύσεως,
3096 4844 3190 4897 καὶ
3231 4846 3357 4914 ὅρια
3391 4849 3563 4899 κινεῖν
3584 4848 3674 4900 διά

2107 4933 2264 4986 τοῦτο
2295 4935 2556 5001 Πατέρων
2585 4934 2743 5003 σιγῆς
2790 4936 2891 5004 μὲν
2928 4933 3149 5005 ἔχεσθαι
3189 4939 3672 5008 προτρεπομένων,

2110 5023 2346 5076 ἐνταῦθα
2401 5021 2686 5090 θεολογίας
2735 5022 2782 5075 δ’
2824 5024 3150 5095 ἀπέχεσθαι,
3197 5028 3292 5080 καὶ
3336 5026 3396 5079 τό
3438 5043 3502 5095 γε
3538 5028 3675 5097 πρὸς

431 5128 614 5176 mente
640 5130 694 5174 et
722 5121 926 5190 lingua.
960 5118 1091 5184 Quae
1128 5118 1311 5171 outuia
1353 5118 1482 5170 mihi
1509 5129 1763 5187 magnum
1796 5115 1976 5169 faciun

2112 5114 2378 5174 ίδιώτιδας
2405 5113 2625 5184 ἐξάγειν
2651 5114 2822 5177 ἀκοὰς
2870 5116 2939 5167 τὰ
2961 5118 3159 5182 τοιάδε,
3190 5117 3404 5183 γέλωτα
3435 5118 3675 5187 ήγουμέ·

435 5213 740 5281 periculum
764 5249 780 5271 .
830 5225 943 5266 non
992 5210 1165 5264 solum
1197 5210 1392 5263 anima:
1430 5223 1562 5262 mea:
1587 5208 1743 5278 cujus
1772 5205 1976 5275 pretim

2109 5223 2207 5267 νας
2231 5207 2298 5258 τὰ
2336 5207 2490 5274 τίμια
2543 5205 2635 5258 καὶ
2687 5207 2855 5275 μηδὲν
2899 5207 2993 5259 τνιῦ
3026 5209 3326 5275 κενοδοξεῖν
3373 5210 3679 5279 ὑπέρτερον

433 5302 575 5357 nihil
635 5310 749 5358 toto
805 5301 1013 5356 mundo
1076 5298 1348 5370 exaequai,
1406 5311 1468 5355 ut
1514 5316 1668 5354 sacra
1722 5297 1976 5367 Scriptor

2112 5295 2404 5365 τιθεμένας
2459 5295 2594 5365 μηδὲ
2646 5295 2740 5348 τοῦ
2778 5296 2848 5351 τὰ
2884 5298 3207 5361 ἐκ’κοιλίας
3255 5299 3449 5370 ἀνέδην
3474 5299 3678 5364 λαλεῖν,

437 5392 593 5453 dicit.
648 5390 742 5445 sed
780 5392 944 5445 etiam
1001 5392 1265 5445 doctrime
1318 5400 1522 5445 nostras
1575 5398 1632 5443 et
1666 5388 1910 5443 cautioni
1952 5388 1976 5442 ἰ]

2115 5384 2213 5436 καὶ
2261 5383 2546 5451 κριτήριον
2591 5381 2825 5445 αὔθαδες
2868 5385 3142 5438 ποιεῖσθαι
3186 5386 3248 5437 τὸ
3295 5387 3395 5454 τῆς
3430 5384 3682 5454 ἀμαθοῦς

440 5480 755 5552 bujusmodi
800 5482 965 5535 rebus
999 5481 1343 5536 IlCCBSSJH‘liU.
1380 5481 1642 5535 Neutrum
1671 5477 1816 5533 enim
1849 5476 1976 5546 39:

2115 5476 2354 5535 διανοίας
2385 5473 2478 5526 καὶ
2505 5473 2752 5543 γλώττης
2791 5475 2931 5528 πάνυ
2963 5491 3017 5527 τι
3043 5474 3392 5544 ἀταμίευτον,
3423 5475 3597 5529 ταῦτα
3634 5474 3682 5528 δ’

436 5573 575 5627 viris
633 5572 725 5642 qui
788 5573 886 5626 tuti
931 5583 987 5627 et
1041 5573 1202 5627 otiosi
1256 5572 1439 5626 vivere
1493 5571 1684 5624 volunt
1731 5567 1976 5622 convenit

2119 5567 2310 5635 ἔμοιγε
2356 5564 2526 5618 πολὺν
2577 5564 2920 5634 ὑπισχνεῖται
2969 5563 3061 5616 τὸν
3092 5563 3360 5632 κίνδυνον,
3395 5564 3471 5635 μή
3500 5564 3583 5617 δτι
3614 5578 3683 5631 γε

440 5662 625 5727 Quare
649 5678 1011 5735 nequaquam,
1049 5668 1222 5721 amice
1255 5664 1569 5724 Clcodcmc.
1597 5664 1652 5717 in
1685 5660 1870 5715 animo
1902 5661 1976 5714 vol

2119 5659 2215 5727 τῆς
2247 5658 2446 5727 ψυχῆς,
2477 5651 2544 5728 ἦς
2588 5656 2757 5726 μηδὲν
2804 5655 2895 5708 τὸν
2939 5657 3117 5713 πάντα
3171 5655 3376 5726 κόσμον
3428 5654 3684 5719 ἀντάξιον
