3994 6204
438 268 539 334 351

443 394 611 461 γίαις,
665 392 1119 465 ἀλληλογαμίαις,

1602 282 2018 342 ΝΙιᾷΕΡΙιΟΙὶΙ
2057 279 2435 340 ΟΒΕΟΟΒλῗ

1209 398 1303 450 καὶ
1384 398 1719 464 ἁπαξαπλῶς
1768 401 1826 451 ὲν
1880 399 2081 463 πάσαις
2116 400 2380 461 ἀσωτίαις
2438 396 2942 466 ἔγκυλινδούμενοι,
3004 396 3073 449 τά
3130 382 3356 450 τοιαῦτα
3411 396 3674 463 πράττειν

3565 273 3673 339 352

444 483 672 548 ἀπαθῶς
722 488 1126 555 τερατεύονται,
1207 490 1546 559 ἀναισθήτως
1609 492 1890 555 νοσοῦντες
1940 491 2039 559 τὴν
2078 491 2404 558 ὲμπάθειαν,
2445 491 2537 546 καὶ
2592 490 2912 560 ἀναλγήτως
2958 488 3051 557 ὑφ’
3118 489 3330 543 ἑαυτῶν
3374 488 3672 558 πάσχοντες

446 582 541 633 καὶ
580 584 688 635 τῶν
731 584 790 635 ἐν
822 585 1004 648 αὐτοῖς
1047 586 1340 640 οἰκούντων
1386 589 1675 659 δαιμόνων,
1707 590 1896 658 ῶσπερ
1946 588 1995 639 οί
2036 590 2299 656 φρενίτιδι
2332 590 2689 660 κατεχόμενοι
2718 590 2878 656 νόσῳ.

518 671 659 726 XI“.
718 673 967 728 inveniet
1005 686 1189 729 autem
1215 677 1529 748 quicunque
1558 680 1848 734 consulere
1879 678 2006 731 velit

2180 680 2278 733 ll".
2292 679 2435 750 Εὑρή
2446 697 2524 733 σει
2545 679 2589 731 δ’
2606 681 2634 732 ὁ
2653 680 2974 751 βουλόμενος
2991 679 3335 750 περὶτούτων
3355 678 3457 730 κάν
3472 675 3548 746 τῷ
3562 678 3671 748 ὅρῳ

448 763 505 818 in
553 764 841 833 disciplina
891 766 960 820 de
1012 767 1267 835 practicis
1315 780 1516 824 sanctae
1558 781 1613 825 et
1650 770 2005 826 meumenieae

2114 771 2218 825 τῶν
2255 771 2577 841 Πρακτικῶν
2605 773 2702 841 τῆς
2735 774 2897 840 ἁγίας
2931 773 3024 825 καὶ
3054 771 3445 841 οἰκουμενικῆς
3474 770 3668 839 τρίτης

449 857 625 909 tertia:
654 856 873 925 synodi,
906 859 1070 912 etiam
1118 864 1382 929 septimm,
1419 863 1694 930 quomodo
1725 862 2009 917 dill‘antent

447 957 503 1001 et
535 948 908 1004 condemnem
936 954 1113 1020 turpia
1163 953 1359 1008 horum
1386 955 1626 1010 facinora
1649 965 1704 1009 et.
1730 954 2009 1024 quomodo

447 1037 805 1094 Massaliauos
842 1041 976 1097 istos
1007 1044 1281 1112 appellent
1308 1054 1364 1098 et
1393 1045 1792 1101 Marcionistas.
1843 1044 2011 1099 Satis-

446 1128 649 1185 faeient
672 1143 857 1186 autem
888 1151 1035 1189 nunc
1063 1137 1127 1190 ad
1154 1122 1483 1192 evidentiam
1515 1139 1622 1193 alia
1652 1139 1883 1208 plurima
1928 1149 2007 1192 te~

444 1219 703 1275 ssimonia
745 1222 1024 1278 luculenta
1075 1236 1131 1280 et
1178 1243 1285 1294 prae
1335 1228 1455 1282 aliis
1502 1230 1758 1283 omnibus
1797 1244 1917 1297 quae
1943 1230 2011 1283 ab

445 1310 590 1363 Atlio
618 1323 801 1368 monte
830 1316 913 1369 bis
937 1326 992 1370 et
1021 1327 1102 1370 ter
1126 1329 1180 1373 et
1208 1321 1406 1389 saepius
1428 1320 1495 1375 ad
1522 1336 1623 1374 nos
1642 1330 2012 1389 pervenerunt

443 1403 698 1471 evulgata
719 1412 774 1458 et
796 1405 967 1461 libere
985 1409 1159 1476 palam
1179 1412 1425 1479 exposita
1441 1412 1790 1477 documenta,
1813 1413 2011 1481 quibus

446 1493 669 1549 illorum
705 1498 918 1567 singula
965 1499 1167 1569 ﬂagitia
1216 1503 1551 1557 indicantur.
1608 1502 1680 1557 At
1722 1506 1769 1559 si
1796 1504 2012 1572 pietatis

446 1595 645 1640 nostrm
668 1599 721 1642 et
746 1602 948 1644 sancta:
970 1591 1235 1649 doctrina:
1252 1594 1514 1650 intererat
1536 1595 1840 1664 intelligere
1873 1610 2012 1662 quo-

446 1678 610 1730 modo
653 1678 876 1734 Tliabor
917 1690 973 1735 et
1019 1681 1256 1738 Hertuon
1302 1684 1355 1739 in
1385 1685 1606 1740 nomine
1632 1685 2009 1741 Doininicele-

444 1771 584 1826 brati
611 1785 818 1839 essent,
853 1785 909 1830 et
956 1780 998 1831 si
1040 1778 1142 1832 hac
1175 1779 1242 1833 de
1278 1794 1336 1831 re
1374 1780 1748 1834 necessarium
1787 1779 2010 1833 omnino

445 1875 564 1921 erat
586 1882 706 1934 quae
729 1883 853 1921 cum
881 1868 1161 1923 miraculis
1188 1870 1263 1922 ibi
1284 1869 1447 1923 editis
1472 1870 1761 1939 conjuncta
1787 1870 2014 1924 fuissent

446 1956 749 2027 inquirere,
782 1959 959 2029 iisque
982 1962 1393 2015 venerationem
1419 1977 1686 2015 summam
1728 1963 1971 2016 tribuere
1996 1979 2009 2014 :

445 2050 684 2119 primum
707 2066 846 2119 opus
871 2061 989 2107 erat
1016 2062 1074 2106 ut
1113 2069 1144 2107 a
1172 2055 1305 2107 viris
1330 2054 1505 2108 doctis
1545 2069 1664 2122 quae
1711 2063 1855 2108 certa
1904 2054 2011 2108 sint

444 2156 700 2201 accurate
733 2147 1165 2216 inquirerentur,
1195 2149 1359 2219 398
1384 2164 1561 2218 neque
1601 2148 1897 2219 quidquam
1930 2149 2013 2201 in-

441 2238 643 2306 iustius
700 2248 813 2290 erat
871 2253 1033 2305 quam
1088 2239 1154 2293 de
1187 2253 1254 2293 co
1288 2240 1381 2309 qui
1415 2239 1482 2292 de
1530 2250 1713 2293 nostra
1766 2239 2013 2293 doctrina

447 2327 774 2393 loquebatur
797 2326 841 2381 si
873 2342 1063 2381 revera
1103 2328 1205 2382 viri
1231 2328 1380 2383 docti
1422 2328 1716 2398 plurimum
1764 2328 2014 2381 valebant

444 2435 758 2489 quanquam
819 2436 925 2473 non
974 2420 1165 2475 eadem
1217 2421 1448 2475 facultas
1492 2420 1703 2475 caeteris
1759 2420 2014 2474 omnibus

448 2511 625 2565 inerat
656 2514 746 2579 qui
781 2512 1063 2566 nobiscum
1089 2513 1294 2567 faciunt
1327 2512 1684 2581 eamdemque
1709 2512 2012 2568 doctrinam

450 2602 681 2668 habent,
720 2618 988 2672 quaerere,
1018 2619 1149 2658 num
1180 2619 1211 2658 e
1244 2619 1473 2659 numero
1506 2614 1751 2660 sutorum
1775 2614 1869 2659 aut
1909 2604 2015 2657 fuso

447 2709 632 2751 eorum
667 2703 761 2748 aut
789 2695 1159 2773 soiibistarum
1190 2705 1356 2751 esset.
1398 2695 1603 2750 Deinde
1632 2704 1812 2751 autem
1843 2700 2016 2751 fateor

449 2788 494 2842 si
556 2788 706 2842 nullo
768 2786 931 2841 ntodo
971 2789 1226 2844 evitabile
1278 2797 1337 2843 et
1389 2802 1614 2858 prorsus
1646 2789 2013 2843 necessarium

446 2876 660 2940 fuisset,
714 2894 801 2933 me
856 2894 1198 2947 nequaquam
1274 2878 1347 2933 ibi
1425 2879 1758 2934 omissurum
1846 2879 2015 2931 luisse

445 2971 613 3025 verba
647 2972 846 3033 facere,
873 2986 940 3026 eo
971 2980 1031 3024 ut
1058 2986 1306 3025 caverem
1340 2972 1475 3025 mibi
1506 2986 1572 3026 ne
1605 2970 1859 3025 ludibriis
1878 2970 2011 3025 mibi

447 3063 822 3116 obtrectarent
844 3077 1059 3130 unaque
1088 3062 1211 3116 aliis
1233 3064 1326 3132 qui
1359 3061 1565 3118 indocti
1595 3070 1723 3116 sunt
1753 3077 1821 3116 ne
1856 3061 2015 3117 facile

449 3169 480 3207 a
554 3153 801 3208 scelestis
879 3153 1172 3222 impietatis
1226 3154 1552 3224 praesidibus
1605 3155 2012 3223 deciperentur.

2112 865 2355 932 συνόδου,
2386 865 2479 917 καὶ
2510 865 2710 933 ὁμοίως
2743 866 2839 934 τῆς
2883 864 3138 935 ἑϐδόμης.
3174 863 3322 926 ὅπως
3369 880 3427 916 τε
3458 864 3668 929 ἐκπομ-

2114 959 2340 1012 πεύουσι
2396 960 2487 1011 καὶ
2543 957 3002 1028 ἀναθεματίζουσι
3050 957 3149 1019 τὰς
3186 954 3435 1025 μυσαρὰς
3488 952 3669 1009 αὐτῶν

2111 1050 2398 1117 ἐργασίας,
2452 1050 2545 1102 καὶ
2582 1050 2728 1112 ὅπως
2776 1050 2903 1107 τοὺς
2942 1048 3137 1111 αὐτοὺς
3180 1045 3565 1106 Μασαλιανούς
3607 1059 3669 1096 τε

2113 1141 2337 1195 καλοῦσι
2386 1143 2477 1196 καὶ
2517 1143 2962 1209 Μαρκιωνιστάς.
3003 1140 3319 1210 ⁹Λρκέσουσι
3372 1138 3418 1191 δ’
3450 1138 3527 1190 ἔτι
3578 1136 3673 1189 καὶ

2111 1234 2206 1288 νῦν
2235 1235 2289 1291 ὲς
2319 1234 2551 1303 δήλωσιν
2577 1234 2711 1287 ἄλλα
2735 1252 2794 1287 τε
2816 1235 3040 1287 πλεῖστα
3075 1232 3354 1302 μαρτύρια
3381 1232 3475 1284 καὶ
3500 1231 3667 1298 σαφῆ,

2110 1328 2204 1381 καὶ
2228 1327 2335 1394 πρό
2363 1345 2424 1395 γε
2460 1330 2675 1381 πάντων
2706 1330 2753 1380 οί
2782 1329 2843 1379 ἐκ
2874 1327 2967 1380 τοῦ
2996 1327 3145 1381 ’Ᾱθω
3175 1326 3266 1381 τοῦ
3290 1326 3446 1395 ὅρους
3471 1324 3563 1377 καὶ
3591 1323 3672 1386 δὶς

2113 1420 2209 1472 καὶ
2241 1418 2360 1485 τρὶς
2390 1419 2485 1471 καὶ
2528 1418 2791 1481 πολλάκις
2822 1418 3141 1489 ἐληλυθότες
3176 1414 3674 1487 πεπαρῤησιασμὲ-

2110 1530 2193 1564 νοι
2236 1512 2332 1565 καὶ
2370 1510 2625 1580 ὕπαιθροι
2657 1512 2832 1579 τόμοι,
2873 1510 2942 1565 τά
2991 1511 3193 1565 τούτων
3222 1509 3420 1579 αἰσχρά
3464 1507 3585 1560 καθ’
3614 1507 3675 1558 ἕο

2114 1619 2294 1656 καστα
2332 1604 2727 1672 παριστῶντες.
2760 1603 2903 1657 Ἀλλ’
2935 1604 2983 1658 εί
3017 1603 3116 1673 μὲν
3160 1601 3305 1655 τοῦτ’
3334 1597 3399 1670 ἦν
3423 1602 3451 1654 ό
3479 1600 3576 1667 τῆς
3607 1600 3664 1667 ἡ-

2118 1691 2237 1761 μῶν
2283 1691 2570 1756 εὐσεϐείας
2601 1695 2696 1747 καὶ
2733 1694 2969 1756 πίστεως
3002 1694 3148 1762 ὅρος,
3185 1693 3382 1746 ειδέναι
3413 1691 3531 1752 πῶς
3565 1690 3675 1743 Θα-

2114 1781 2233 1852 ϐὼρ
2281 1782 2374 1836 καὶ
2420 1784 2642 1853 Ἐρμὼν
2686 1787 2744 1838 ὲν
2776 1784 2853 1853 τῷ
2891 1786 3114 1855 ὀνόματι
3164 1785 3368 1851 Κυρίου
3414 1783 3674 1852 ἠγαλλιά-

2115 1891 2300 1942 σαντο,
2335 1877 2429 1929 καὶ
2468 1876 2548 1939 είς
2574 1876 2721 1929 τοῦτ’
2765 1876 3010 1945 ἀνάγκης
3059 1871 3129 1947 ἦν
3167 1876 3226 1929 τδ
3254 1876 3676 1944 περιιστάμενον

2115 1962 2215 2026 τὰς
2265 1966 2380 2017 ἐκεῖ
2425 1964 2862 2034 θαυματοποιίας
2897 1965 3095 2019 εἰδέναι
3148 1966 3246 2020 καὶ
3289 1964 3515 2026 ταύταις
3569 1965 3671 2031 τῆς

2116 2052 2543 2122 προσκυνήσεως
2568 2054 2754 2122 νέμειν
2776 2054 2835 2107 τὸ
2863 2053 2926 2125 [ί.
2957 2054 3049 2108 l6l
3086 2054 3162 2126 ιλ]
3191 2054 3505 2124 κράτιστον,
3528 2053 3675 2120 πρῶο

2114 2159 2206 2194 τον
2237 2142 2335 2212 μὲν
2367 2144 2544 2208 σοφῶν
2588 2144 2800 2213 ἀνδρῶν
2830 2145 2998 2198 ὲδείτο
3040 2145 3175 2214 πρὸς
3202 2146 3425 2215 ἔρευναν
3465 2146 3677 2212 τάσφα-

2112 2235 2238 2297 λοῦς
2264 2235 2490 2305 ἀκριϐῆ.
2529 2238 2626 2291 καὶ
2664 2237 2816 2291 οὐδὲν
2864 2238 2930 2291 ἂν
2954 2234 3022 2309 ἦν
3053 2239 3380 2306 ἀδικώτερον
3412 2239 3550 2292 κατά
3580 2240 3674 2291 τὸν

2116 2328 2339 2380 εἰπόντα
2362 2328 2461 2397 τῆς
2489 2329 2769 2398 ἡμετέρας
2797 2329 3053 2393 πίστεως,
3086 2332 3133 2383 εί
3162 2330 3220 2383 τὸ
3256 2330 3417 2382 πλέον
3454 2324 3598 2399 εἶχον
3624 2330 3674 2381 οί

2115 2422 2288 2486 σοφοὶ,
2342 2420 2433 2471 καὶ
2478 2419 2578 2472 οὐκ
2617 2419 2706 2474 ἐπ’
2733 2419 2856 2491 ῐσ-ης
2896 2420 2988 2474 τοῦ
3024 2422 3292 2484 σώζεσθαι
3334 2425 3466 2475 πᾶσι
3503 2420 3674 2490 μετῖψ

2113 2509 2412 2578 ὁμοφύλοις
2443 2511 2536 2564 καὶ
2569 2511 2918 2582 ὁμογνώμοσι
2953 2515 3050 2581 τὴν
3090 2513 3394 2578 εὐσέϐειαν,
3425 2514 3536 2567 εἴτε
3562 2513 3674 2566 τῶν

2116 2606 2361 2655 σκυτέων
2408 2620 2492 2666 τις
2527 2605 2613 2673 εῑη
2639 2607 2735 2658 καὶ
2766 2606 3089 2659 σκαπανέων
3120 2609 3214 2661 καὶ
3260 2605 3415 2668 εἴτις
3447 2606 3555 2657 τῶν
3583 2622 3671 2657 σου

2115 2694 2344 2762 φιστῶν.
2376 2696 2641 2767 Δεύτερον
2678 2697 2725 2750 δ’
2745 2699 2955 2767 εἴποιμι
2981 2697 3047 2751 ἀν
3078 2696 3151 2759 ὡς
3178 2699 3256 2760 είς
3284 2697 3455 2765 βίαιόν
3482 2715 3533 2749 τι
3577 2698 3671 2750 καὶ

2115 2788 2522 2859 ἀναπόδραστον
2553 2788 2612 2842 τὸ
2648 2790 2745 2857 τῆς
2777 2789 3021 2860 ἀνάγκης
3063 2790 3311 2843 ἐνταυθοί
3356 2789 3671 2858 περιίστατο

2112 2879 2397 2945 τρόπαιον,
2432 2880 2559 2948 περὶ
2590 2878 2785 2932 πολλοῦ
2836 2879 2987 2948 μέντ’
3022 2881 3089 2933 ἀν
3117 2884 3213 2933 καὶ
3243 2879 3423 2946 αὐτὸς,
3469 2880 3669 2949 μᾶλλον

2112 2970 2168 3023 δὲ
2194 2970 2291 3023 τοῦ
2310 2971 2534 3033 ,παντὸς
2563 2970 2864 3041 ἐποιούμην
2892 2971 2954 3024 τὸ
2998 2973 3179 3041 λέγειν
3208 2971 3461 3036 ἐνταῦθα,
3505 2973 3673 3038 ἐμαυ-

2111 3062 2208 3116 τοῦ
2243 3080 2302 3116 τε
2340 3062 2817 3134 προμηθούμενος,
2871 3063 2946 3126 ὡς
2998 3046 3076 3133 μὴ
3128 3063 3515 3133 διαϐαλλοίμην
3560 3065 3672 3125 τοῖς

2114 3156 2555 3224 φιλοσκώμμοσι,
2601 3156 2695 3208 καὶ
2725 3156 2842 3223 ἀμα
2883 3157 2992 3208 τῶν
3036 3155 3431 3225 ἀφελεστέρων,
3479 3155 3555 3218 ὡς
3596 3156 3671 3224 μὴ

445 3244 605 3299 Nunc
644 3259 778 3298 vero
833 3259 957 3299 cum
1016 3259 1210 3299 vanam
1257 3261 1449 3300 eorum
1495 3245 2011 3300 demonstrationem

2115 3247 2313 3320 ῥᾳδίως
2345 3246 2694 3317 ἐξαπατῷντο
2724 3246 2859 3316 πρὸς
2881 3248 2989 3300 τῶν
3019 3247 3250 3300 ἀνοσίων
3283 3247 3377 3312 τῆς
3414 3247 3672 3307 ἀσεϐείας

445 3356 568 3397 esse
593 3340 752 3395 nobis
775 3337 910 3394 satis
921 3339 1158 3406 eluceat,
1175 3349 1230 3395 et
1258 3339 1463 3395 frustra
1480 3354 1577 3395 eos
1594 3348 1646 3393 et
1666 3337 1783 3393 sine
1808 3345 2008 3393 eventu

2115 3342 2414 3412 προέδρων.
2446 3341 2560 3393 Νὗν
2593 3339 2639 3393 δ’
2661 3340 2851 3407 ἐπειδὴ
2885 3338 3122 3407 ματαίαν
3144 3338 3402 3404 ἐπίδειξιν
3436 3334 3576 3391 εἶναι
3608 3338 3671 3390 τδ

445 3435 875 3491 concertationis
901 3436 1131 3489 multum
1155 3434 1331 3488 lutum
1362 3431 1696 3495 concitasse,
1719 3440 1922 3497 tacere,
1948 3438 2007 3484 ut

2114 3433 2349 3499 πρᾶγμα
2408 3432 2698 3484 κατανοεῖν
2747 3432 2878 3499 ἡμῖν
2936 3431 3321 3499 παραγίνεται,
3357 3430 3448 3481 καὶ
3503 3429 3672 3480 πολὺν

444 3525 579 3591 dixi,
613 3524 877 3579 malebam
907 3538 1070 3593 quam
1102 3522 1304 3585 dicere,
1345 3535 1448 3575 nec
1490 3535 1623 3575 vero
1647 3535 1713 3574 ea
1743 3521 1812 3575 de
1839 3534 2002 3574 causa

2116 3526 2235 3595 μὲν,
2283 3523 2541 3593 ἀνόνητον
2569 3522 2623 3575 δὲ
2654 3522 2749 3577 καὶ
2794 3522 2915 3590 είκῇ
2963 3522 3054 3573 τὴν
3083 3521 3181 3590 τῆς
3220 3520 3394 3588 ἔριδος
3422 3519 3672 3571 ἐντεῦθεν

446 3632 510 3672 ac
537 3617 581 3670 si
613 3616 797 3670 dicere
823 3615 1048 3670 omnino
1080 3628 1178 3684 per
1209 3629 1269 3669 se
1299 3613 1494 3668 inutile
1538 3622 1705 3677 esset,
1735 3612 1830 3667 sed
1876 3612 2007 3682 quia

2114 3616 2385 3687 κονιορτὸν
2419 3613 2792 3682 ἐγειρόμενον,
2840 3613 3020 3682 σιγᾷν,
3053 3612 3130 3674 ὡς
3171 3613 3408 3681 εἴρηται,
3455 3611 3669 3664 ἐϐουλό-

442 3708 605 3766 nobis
629 3709 747 3779 ipso
770 3723 838 3763 eo
866 3718 1111 3776 tempore
1141 3706 1335 3761 inutile
1368 3706 1484 3762 fore
1510 3705 1819 3760 videbatur.
1853 3703 2008 3770 Quod

2116 3725 2224 3777 μην
2256 3705 2321 3759 ἂν
2353 3704 2609 3774 μᾶλλονῆ
2645 3704 2847 3773 λέγειν,
2883 3705 2942 3758 ού
2987 3705 3049 3756 τὸ
3091 3703 3271 3770 λέγειν
3307 3703 3382 3766 ὡς
3414 3702 3673 3773 ἀνόνητον

443 3801 875 3871 inepportunum
904 3814 1027 3854 esse
1056 3806 1110 3853 et
1143 3798 1302 3852 nobis
1353 3805 1611 3866 tanquam
1644 3795 1847 3864 probro
1893 3794 2010 3849 fore

2114 3800 2255 3853 κατά
2302 3803 2466 3866 φύσιν
2508 3798 2752 3868 ὑπάρχον
2797 3797 3207 3865 ἀποσειόμενος,
3262 3797 3376 3850 ἀλλ’
3415 3797 3489 3857 ὡς
3535 3799 3672 3866 ἡμῖν

444 3895 624 3965 ipsum
657 3891 791 3947 illud
826 3901 1044 3959 tempus
1079 3889 1212 3944 satis
1235 3888 1510 3943 monebat.
1534 3887 1609 3941 De
1635 3886 1837 3955 quibus
1858 3885 2007 3940 enim

2114 3892 2358 3962 ὑπάρχον
2399 3892 2657 3961 ἀνόνητον
2689 3891 2835 3959 ἄρτι,
2879 3890 2979 3959 τὴν
3013 3889 3219 3959 ἀωρίαν
3252 3892 3389 3950 τέως
3424 3890 3515 3943 τοῦ
3547 3891 3678 3957 χρό-

443 3985 803 4057 qumstionem
836 3991 1152 4053 proponunt
1181 3996 1293 4035 non
1338 3979 1736 4041 necessariam,
1766 3978 1884 4034 haec
1916 3993 2005 4032 re-

2114 4003 2204 4038 νου
2239 3983 2488 4051 καθάπερ
2509 3982 2632 4035 τινὰ
2654 3982 2846 4049 κηλῖδα
2867 3982 3331 4049 συμπεπτωκυῖαν
3345 3980 3673 4048 ὁθενδηποτ-

442 4077 792 4146 sponsionem
812 4073 1180 4133 necessariam
1202 4087 1309 4126 non
1341 4071 1639 4141 postulant.
1658 4068 1836 4125 Audio
1856 4071 2004 4126 enim

2114 4076 2205 4131 οὖν
2247 4073 2402 4143 παρά
2441 4074 2501 4126 τὸ
2528 4072 2673 4135 είκδς
2712 4071 3116 4140 ἀναδεξαμένου
3139 4088 3152 4103 ⁸
3188 4072 3224 4126 ἀ
3254 4074 3358 4140 γὰρ
3387 4073 3676 4141 ἐνδεχομέ-

447 4182 704 4236 magnum
753 4165 1015 4220 Basilium
1057 4163 1277 4233 quando
1339 4162 1409 4216 ab
1460 4162 1677 4216 Arianis
1727 4171 2011 4231 rogaretur

445 4270 506 4316 ιιι
532 4261 877 4316 enuntiatum
936 4258 1113 4310 «Deus
1162 4254 1371 4309 creavit
1424 4268 1541 4307 mei
1606 4253 1902 4322 explicaret
1951 4252 2007 4307 id

447 4351 769 4423 repudiasse
800 4357 857 4402 et
885 4346 1087 4401 silentii
1124 4359 1346 4400 causam
1372 4358 1491 4397 eam
1525 4343 1829 4412 professum
1859 4357 2007 4409 esse,

2112 4186 2210 4236 νην
2233 4167 2332 4219 οὐκ
2365 4164 2673 4232 ἀναγκαίαν
2709 4163 2765 4216 δὲ
2787 4162 3187 4231 προϐάλλωθται
3220 4163 3469 4232 ζήτησιν,
3500 4163 3678 4215 ταῦτα

2113 4257 2333 4318 πάντως
2358 4254 2469 4307 οὐδ’
2500 4251 2805 4320 ἀναγκαίαν
2845 4251 2967 4304 τινὰ
2992 4251 3089 4320 τὴν
3121 4252 3411 4319 ἀπόκρισιν
3453 4253 3682 4305 ἀπαιτεῖ

2115 4346 2415 4417 πανταχοῦ.
2453 4346 2660 4409 Ἀκούω
2687 4344 2796 4413 γάρ
2827 4344 2919 4397 καὶ
2970 4343 3065 4397 τοῦ
3107 4344 3347 4412 μεγάλου
3393 4344 3678 4397 Βασιλείου

446 4444 595 4517 quod
627 4444 777 4498 nulla
794 4441 897 4496 sibi
928 4439 997 4494 de
1026 4436 1294 4508 ejusmodi
1319 4437 1589 4490 sententia
1618 4435 1833 4489 dicendi
1862 4444 2012 4491 esset

2114 4438 2592 4511 περιφρονοῦντος,
2621 4436 2783 4490 ὁπότε
2825 4436 2960 4505 πρὸς
3003 4435 3112 4488 τῶν
3163 4435 3461 4505 Ἀρειανῶν
3504 4437 3683 4491 ἀπαι-

446 4537 766 4600 neeessitas,
790 4532 1091 4604 prtesertim
1111 4546 1235 4585 eum
1258 4544 1356 4598 per
1380 4528 2008 4598 parabolametobscura

2114 4534 2256 4587 τοῖτο
2284 4530 2383 4601 τὴν
2400 4526 2518 4593 τοῦ,
2558 4547 2577 4580 ι
2609 4528 2817 4596 Κύριος
2845 4527 3028 4581 ἐκτισέ
3061 4544 3153 4596 με,
3196 4547 3214 4579 ο
3254 4528 3439 4596 φωνὴν
3462 4527 3685 4596 ἐξηγεῖσ-

446 4628 613 4682 verba
645 4633 699 4680 et
730 4626 1013 4694 aenigmata
1045 4622 1254 4691 prolata
1294 4627 1499 4684 essent,
1559 4634 1628 4673 ne
1676 4618 1770 4687 qui
1796 4618 2012 4672 audiret

2114 4623 2263 4680 σθαι,
2296 4621 2391 4673 καὶ
2420 4619 2520 4688 τῆς
2544 4619 2707 4689 σιγῆς
2734 4618 2833 4687 τὴν
2856 4618 3034 4672 αἰτίαν
3065 4619 3385 4686 φάσκοντος,
3419 4620 3492 4688 μὴ
3530 4614 3680 4673 εἶναι

445 4719 609 4790 399
638 4718 878 4787 ambigui
894 4716 1169 4785 quiddam
1193 4714 1319 4769 inde
1341 4710 2009 4781 coneiperet.lEadeitique

2114 4711 2312 4781 δηλαδὴ
2366 4710 2636 4779 μηδεμίαν
2692 4710 2940 4777 ἀνάγκην
2997 4709 3126 4778 περὶ
3187 4708 3442 4778 τοιαύτης
3495 4708 3680 4777 λέγειν

446 4815 516 4868 de
543 4829 707 4868 causa
750 4827 853 4882 ego
896 4825 1112 4881 quoque
1168 4819 1348 4864 tacere
1398 4807 1470 4860 ibi
1529 4805 1817 4869 malebam,
1847 4804 2010 4893 idque

2114 4803 2322 4873 φωνῆς,
2352 4803 2444 4855 καὶ
2472 4799 2645 4854 ταῦτα
2667 4800 2754 4853 διά
2778 4799 3103 4869 παραϐολῶν
3141 4801 3237 4852 καὶ
3265 4800 3558 4862 σκοτεινῶν
3585 4800 3678 4853 λό-

445 4919 555 4959 non
584 4904 758 4956 solum
785 4911 1009 4971 propter
1037 4914 1100 4953 ea
1123 4913 1244 4966 quae
1265 4911 1427 4966 supra
1450 4896 1698 4965 exposui,
1726 4893 1822 4951 sed
1843 4890 2009 4948 etiam

2114 4913 2226 4965 γων
2248 4895 2343 4948 καὶ
2365 4893 2706 4962 αἰνιγμάτων
2751 4890 3246 4961 προενηνεγμένης,
3270 4890 3344 4953 ὡς
3372 4890 3544 4960 μηδὲν
3571 4893 3674 4945 ἀν·

447 5006 672 5067 proptcr
705 4994 937 5063 plurima
977 4992 1103 5046 alia.
1155 4990 1293 5045 Sunt
1316 4990 1460 5043 enim
1488 4989 1580 5059 qui
1607 5002 1861 5042 sermone
1889 5003 2012 5057 per-

446 5091 639 5160 spicuo
676 5099 922 5154 utantur,
975 5087 1065 5143 alii
1118 5087 1207 5155 qui
1234 5099 1463 5154 prorsus
1516 5097 1624 5136 non
1674 5080 2008 5153 perspicuo;

448 5184 541 5251 qui
576 5183 680 5235 etsi
732 5180 1067 5251 argumentis
1120 5193 1229 5232 non
1264 5176 1525 5231 differunt
1553 5192 1581 5229 a
1618 5175 1797 5241 nobis,
1827 5182 2006 5227 tamen

449 5274 635 5328 verbis
666 5284 721 5327 et
752 5271 977 5326 vocibus
1011 5269 1124 5324 suis
1156 5267 1532 5339 peculiaribus
1562 5267 1785 5322 differre
1811 5264 2007 5318 viden.

452 5375 542 5420 tur
573 5364 639 5419 iis
667 5365 759 5433 qui
787 5363 992 5418 indocti
1024 5371 1153 5417 sunt
1178 5370 1236 5415 et
1267 5361 1466 5430 quibus
1492 5373 1675 5415 sacras
1699 5357 2015 5426 Scripturas

455 5456 511 5510 in
539 5452 969 5509 controversiam
1003 5450 1206 5506 ducere
1237 5451 1433 5519 placet.
1498 5448 1615 5502 Alio
1644 5456 1826 5502 autem
1856 5443 2018 5498 modo

456 5544 769 5615 intelligunt
798 5543 892 5612 qui
927 5543 982 5597 in
1016 5539 1329 5612 huiusmodi
1359 5539 1523 5593 rebus
1551 5537 1780 5591 nimium
1803 5547 2019 5602 semper

454 5634 751 5706 exquirere
805 5641 862 5687 et
912 5648 1010 5702 per
1058 5631 1346 5702 allegorias
1394 5629 1581 5684 dicere
1622 5626 1855 5691 volunt;
1910 5621 2019 5678 alio

461 5729 627 5782 modo
652 5725 745 5794 qui
780 5723 1103 5794 simpliciter
1130 5721 1479 5793 interpretari
1506 5726 1562 5775 ct
1595 5719 1868 5775 illustrare
1899 5723 2018 5770 stu-

2111 4987 2526 5056 αμφισϐήτητον
2548 4980 2693 5037 εἶναι
2722 4983 2910 5037 λαϐεῖν
2940 4982 3000 5048 ἐξ
3049 4983 3225 5052 αὐτῆς
3257 4984 3349 5036 τδν
3381 4985 3672 5040 ἀκούοντα.

2115 5079 2216 5132 Διά
2239 5077 2372 5145 γοῦν
2399 5074 2573 5129 ταῦτα
2615 5072 2772 5140 κάγὼ
2808 5076 3022 5143 σιωπᾷν
3064 5074 3368 5143 ἐϐουλόμην
3396 5074 3558 5136 αὐτὸς
3586 5075 3679 5128 ὲν-

2114 5169 2327 5223 ταυθοῐ.
2355 5168 2462 5219 Καὶ
2496 5166 2570 5236 μὴ
2602 5166 2764 5234 μόνον
2788 5165 2855 5217 δι’
2883 5165 2919 5219 ἃ
2950 5166 3560 5235 προαπηριθμησάμην,
3591 5168 3680 5220 ὅτι

2119 5259 2195 5331 μὴ
2217 5259 2313 5313 καὶ
2346 5257 2522 5311 ἀλλων
2548 5258 2720 5326 δήπου
2747 5257 3015 5309 πλείστων
3040 5256 3228 5309 ἕνεκα.
3260 5258 3371 5310 Καὶ
3407 5258 3514 5326 γὰρ
3545 5256 3679 5311 ἔνιοι

2118 5348 2219 5418 μὲν
2249 5344 2520 5415 σαφηνείᾳ
2561 5344 2830 5415 γλώττης,
2867 5344 2999 5397 ἔνιοι
3051 5344 3095 5397 δ’
3132 5345 3334 5413 ἥκιστα
3358 5344 3675 5414 κέχρηνται,

2116 5440 2214 5493 καὶ
2240 5441 2289 5492 εί
2320 5440 2396 5507 μὴ
2424 5438 2546 5499 ταῖς
2570 5437 2824 5501 ἐννοίαις,
2848 5436 2964 5489 ἀλλ’
2987 5435 3080 5489 οὖν
3117 5439 3183 5505 τῇ
3218 5452 3281 5504 γε
3315 5435 3459 5501 λέξει
3486 5437 3579 5490 καὶ
3598 5433 3680 5503 τῷ

2114 5532 2215 5599 τῆς
2246 5530 2502 5600 φράσεως
2539 5528 2781 5598 σχήματι
2813 5528 3152 5598 διενηνέχθαι
3185 5527 3433 5581 δοκοῦσιν
3458 5525 3678 5595 ἐνιαχοῦ

2115 5623 2228 5681 τοῖς
2251 5617 2482 5687 ἀμαθῶς
2502 5635 2561 5670 τε
2586 5617 2683 5670 καὶ
2715 5616 3004 5684 ἐριστικῶς
3036 5617 3158 5678 ταῖς
3187 5615 3431 5686 Γραφαῐς
3460 5611 3681 5684 ὁμιλοῦ-

2119 5730 2223 5767 σιν.
2258 5712 2367 5767 Καὶ
2403 5711 2579 5775 ἄλλως
2631 5711 2730 5789 μὲν
2767 5704 2850 5773 οἷς
2902 5710 2970 5765 τά
3031 5708 3160 5779 περὶ
3210 5707 3402 5779 τούτου
3432 5706 3546 5770 πῶς
3576 5705 3688 5781 μιν
