3994 6204
341 257 458 319 353

1287 261 1728 323 BYZANTlN/E
1769 261 2152 320 lllS’l‘tL)Rl.‘E
2197 261 2346 320 LIB.
2389 261 2632 322 XXXII.

3484 268 3590 332 εει

345 371 746 443 ἐγκωμιάζειν,
768 375 884 438 πῶς
906 375 952 430 δ’
971 378 1314 446 άναγωγικόν
1343 397 1464 434 τινα
1488 379 1668 449 λέγειν
1709 381 1912 450 τρόπον

2029 377 2160 432 deut
2213 377 2326 446 ipsa
2385 389 2590 432 tantum
2625 377 2767 432 nuda
2801 379 3078 449 Evangelii
3121 380 3285 435 verba
3319 383 3434 438 sine
3477 387 3586 439 ulla

347 465 446 517 καὶ
477 465 918 536 ἀλληγοροῦντας
943 469 1199 534 διεξιέναι
1231 471 1466 536 ἔπεισιν,
1501 472 1676 534 ἄλλως
1724 473 1780 524 δὲ
1807 473 1917 532 τοῖς

349 554 542 616 ἁπλῶς
569 557 897 628 ἑρμηνεύειν
931 560 1024 612 καὶ
1060 561 1370 628 ἐξηγεῖσθαι
1403 561 1798 631 προελομένοις
1824 561 1920 629 μύ-

347 661 452 708 νας
500 649 672 710 αὐτάς
729 650 822 702 τοῦ
859 651 1202 719 Εὐαγγελίου
1237 652 1336 712 τάς
1372 654 1558 722 ῥήσεις
1607 652 1922 722 φιλοτιμίας

347 737 573 806 ἀπάσης
597 741 774 802 ἐκτὸς,
807 743 902 794 καὶ
928 741 1354 805 ἀνακαλύπτειν,
1392 744 1514 794 ὅσον
1547 741 1790 810 ἐφικτὸν,
1829 740 1922 792 τὸν

345 829 674 897 ἐγκείμενον
700 835 822 895 ταῖς
858 832 1036 894 λέξεσι
1069 833 1196 887 νοῦν
1226 833 1490 904 ἀκριϐῶς,
1521 835 1616 888 καὶ
1647 833 1810 886 πλέον
1835 833 1924 886 οὐ-

345 921 442 973 δὲν
486 925 798 993 περαιτέρω
827 925 1010 992 ζητεῖν
1033 938 1048 953 '
1094 924 1270 987 άλλως
1299 925 1356 978 δὲ
1387 927 1501 988 τοῖς
1531 925 1626 978 νῦν
1663 925 1754 977 ἐπὶ
1789 941 1922 992 συγ-

347 1013 510 1082 χύσει
533 1015 628 1082 τῆς
646 1015 928 1080 εὐσεϐείας
951 1019 1262 1084 ἑπιιρυεῖσιν
1287 1016 1566 1080 ἀσεϐέσιν,
1595 1016 1644 1070 οἳ
1667 1017 1765 1087 τὴν
1797 1015 1926 1086 μίαν

347 1105 610 1160 ἄκτιστον
637 1108 868 1176 θεότητα
913 1111 1050 1178 πρὸς
1079 1109 1341 1178 ἀπείρους
1396 1111 1490 1162 καὶ
1517 1109 1803 1178 διαφόρους
1836 1109 1924 1160 τέ·

351 1209 573 1261 μνουσι,
605 1197 697 1248 καὶ
723 1197 841 1264 ἅμα
893 1199 1025 1268 δρᾷν
1055 1199 1332 1268 αίσθητοῖς
1390 1199 1688 1268 ὀφθαλμοῖς
1723 1199 1923 1266 ἐγκαυ-

345 1279 558 1348 χῶνται
583 1282 678 1334 καὶ
705 1284 914 1352 ὁμιλεῖν
942 1286 1000 1349 ἐξ
1034 1287 1174 1338 οῖνου
1207 1288 1304 1340 καὶ
1337 1287 1549 1356 τρυφῆς
1579 1286 1919 1353 Παλαμικῆς.

341 1372 412 1424 ὃν
430 1373 695 1427 ἀδύνατον
725 1375 854 1428 ίδεῖν
879 1378 1284 1448 μεμαθήκαμεν
1311 1379 1438 1449 μήτ’
1465 1379 1768 1446 ἀνθρώπων
1799 1377 1924 1449 μήτ’

343 1463 601 1531 ἀγγέλων
627 1465 814 1516 οὐδένα
833 1481 847 1495 ·
879 1467 1056 1531 ἄλλως
1086 1469 1130 1520 δ’
1165 1464 1320 1532 αὖθις
1356 1472 1466 1532 τοῖς
1489 1469 1778 1537 ἑπομένοις
1829 1468 1926 1536 βα-

347 1553 581 1618 ναύσοις
612 1557 708 1609 καὶ
738 1559 1180 1628 τριωεολιμαίοις
1211 1563 1587 1629 γυναικαρίοις
1614 1561 1706 1613 καὶ
1729 1561 1924 1629 ἀνδρα-

347 1646 515 1717 ρίοις.
557 1647 648 1712 Ὠς
703 1645 842 1703 εἶναι
905 1651 1248 1716 πολλαπλοῦς
1299 1654 1408 1716 καί,
1443 1653 1740 1714 πολυειδεῖς
1793 1654 1924 1714 τοὺς

2025 470 2386 524 aestimatione
2417 479 2472 522 et
2513 471 2761 539 detegere
2793 483 3058 540 quantum
3094 473 3209 527 ﬁeri
3241 475 3410 542 possit
3437 492 3590 530 aecu-

2038 569 2154 612 rate
2183 574 2304 627 qua:
2337 559 2520 612 verbis
2550 559 2737 615 subest
2771 562 3124 626 sententiam,
3156 579 3335 634 neque
3369 566 3461 634 qui
3511 567 3593 618 ul—

2025 650 2198 703 terius
2233 649 2531 719 quidquam
2563 649 2929 718 indagandum
2962 667 3082 706 esse
3114 663 3330 721 putant.
3378 655 3592 709 Rursus

2023 741 2130 794 alio
2169 742 2330 794 modo
2357 739 2578 794 differre
2601 739 2856 795 videntur
2887 743 2974 808 iis,
3011 745 3102 814 qui
3131 745 3293 801 hodie
3327 748 3446 816 pios
3477 750 3594 802 ani-

2025 845 2142 883 mos
2181 831 2503 898 perturbare
2545 831 2765 885 student
2813 833 3017 902 impiis,
3055 837 3259 905 quique
3293 854 3454 891 unatn
3510 841 3593 892 in-

2025 929 2259 973 creatam
2319 917 2575 972 deitatem
2627 919 2682 972 in
2719 919 2962 972 inﬁnitas
3013 931 3066 973 et
3125 924 3477 978 multimodas
3509 927 3593 978 di-

2025 1009 2305 1072 scindunt,
2341 1009 2613 1077 simulque
2648 1009 2834 1065 videre
2868 1027 2984 1064 eam
3019 1013 3179 1067 claris
3211 1015 3384 1068 oculis
3407 1031 3465 1069 se
3507 1017 3591 1085 ja-

2026 1106 2178 1152 Ctant
2217 1107 2272 1150 et
2295 1099 2619 1166 conjunctos
2649 1115 2706 1153 se
2737 1115 2856 1154 esse
2889 1111 3010 1169 post
3062 1104 3250 1157 vinum
3285 1113 3340 1158 et
3371 1121 3587 1158 comes-

2028 1189 2295 1241 sationem
2327 1187 2652 1242 Palamicam
2683 1205 2805 1243 cum
2837 1205 2899 1244 ea
2927 1208 3086 1254 quam
3116 1209 3215 1248 nos
3246 1210 3589 1263 nequaquam

2027 1279 2180 1332 cerni
2209 1294 2372 1348 posse
2409 1280 2704 1335 didicimus
2731 1297 2908 1350 neque
2939 1283 3005 1337 ab
3029 1285 3248 1339 homine
3274 1288 3381 1340 ullo
3413 1301 3590 1355 neque

2027 1371 2092 1423 ab
2131 1371 2360 1439 angelis.
2401 1372 2647 1442 Denique
2683 1374 2788 1426 alio
2819 1375 2978 1428 modo
3013 1377 3345 1445 intelligunt,
3376 1393 3495 1446 quae
3535 1379 3589 1431 in

2026 1462 2286 1517 comitatu
2357 1477 2579 1532 semper
2626 1473 2713 1518 est
2743 1465 2895 1533 plebs
2930 1480 2958 1519 e
3007 1467 3247 1521 talrernis
3277 1477 3333 1522 et
3368 1469 3591 1536 perdita:

2025 1553 2270 1623 vilesque
2345 1555 2606 1609 mulieres
2671 1565 2726 1610 et
2781 1556 3120 1612 homunculi.
3180 1559 3366 1627 Itaque
3417 1559 3474 1612 ﬁt
3531 1567 3592 1612 ut

2030 1646 2358 1714 multiplices
2407 1646 2533 1699 inde
2568 1655 2623 1700 et
2671 1649 2834 1702 varia:
2869 1647 3056 1703 l'ormte
3103 1650 3592 1704 sanctaadoetrinte

345 1738 608 1792 ἐντεῦθεν
651 1741 1057 1807 ἀποϐλύζοντας
1099 1747 1200 1815 τῆς
1231 1747 1529 1816 θρησκείας
1563 1745 1792 1815 ῥύακας,
1829 1745 1923 1797 καὶ

2029 1745 2282 1806 tanquam
2348 1737 2508 1790 rivnli
2573 1738 2882 1806 prolluant;
2945 1749 3000 1794 et
3060 1741 3308 1809 profecto
3352 1742 3591 1810 cogitare

349 1831 624 1900 Πρωτέως
637 1835 876 1904 τήμερον
891 1835 1098 1890 δεῖσθαί
1114 1853 1275 1900 τινος,
1291 1836 1632 1888 ἀλλοιοῦσθαι
1650 1834 1711 1906 [Γ.
1732 1835 1832 1888 16⁵2
1849 1833 1922 1906 r.]

349 1923 660 1992 δυναμένου
704 1929 873 1996 συχνά
899 1929 1036 1998 πρὸς
1066 1930 1136 1982 τὰ
1168 1928 1398 1999 διάφορα
1443 1929 1554 1982 τῶν
1586 1929 1922 1998 ὁμιλούντων

345 2015 460 2084 {iis
485 2018 579 2068 καὶ
607 2015 722 2086 ἅμα
747 2019 843 2080 τάς
870 2035 930 2072 τε
963 2021 1194 2088 γνώσεις
1219 2022 1313 2074 καὶ
1343 2021 1764 2090 διχοστατούσας
1786 2019 1925 2088 γνὼ-

353 2125 390 2174 μ
405 2124 492 2169 ας.
1021 2163 1024 2166 «

431 2197 526 2252 ω’.
557 2201 654 2253 Διά
683 2201 952 2273 δίκε-ταῦτα
997 2207 1094 2256 καὶ
1123 2205 1192 2256 rit
1241 2203 1470 2258 τοιαῦτα
1507 2203 1729 2274 βαθείας
1767 2203 1926 2271 σιγῆς

349 2289 638 2344 ἀνθεῖλκον
675 2291 876 2362 ἔρωτες
921 2295 984 2347 τὸ
1027 2298 1125 2365 τῆς
1155 2297 1297 2366 ἐμῆς
1334 2296 1512 2367 ψυχῆς
1552 2294 1924 2364 λογιζόμενον,

353 2381 458 2432 καὶ
491 2381 764 2446 τοιούτους
809 2385 872 2454 δή
905 2403 1055 2448 τινας
1087 2389 1143 2438 ἐν
1186 2388 1416 2457 ἐμαυτῷ
1441 2382 1588 2449 ’τοὺς
1630 2387 1927 2455 λογισμοὺς

349 2469 624 2539 ἑξήσκουν
657 2474 788 2541 ἐγὼ,
841 2476 1030 2538 δεδιὼς
1089 2479 1162 2548 μὴ
1219 2479 1398 2548 μάτην
1442 2479 1676 2548 ἀορίστῳ
1721 2494 1781 2529 τε
1831 2476 1927 2530 καὶ

351 2561 578 2632 ἀστάτῳ
608 2566 854 2638 στοιχείῳ
882 2567 960 2637 τῷ
983 2569 1104 2640 άὲρι
1137 2569 1274 2634 δόξω
1302 2569 1570 2634 δανείζειν
1601 2571 1796 2638 λόγους
1829 2571 1928 2622 αὐ-

351 2654 486 2706 τίκα
523 2655 670 2722 μάλα
699 2659 1122 2729 λυθησομένους.
1141 2662 1292 2715 Ἐπεὶ
1323 2662 1378 2715 δὲ
1408 2662 1745 2732 πανταχόθεν
1778 2661 1926 2731 ἡμᾶς

351 2748 706 2819 περιθέοντες
759 2751 854 2803 νῦν
887 2753 934 2804 οί
987 2753 1086 2822 τῆς
1142 2754 1423 2818 εὐσεϐείας
1475 2755 1775 2824 ἀγωνισταὶ
1829 2755 1926 2808 καὶ

349 2841 568 2910 σιρὸὂρα
599 2841 694 2910 τῆς
718 2842 956 2906 πίστεως
989 2845 1342 2916 ἀντεχόμενοι
1370 2846 1762 2916 πιθανωτέροις
1792 2864 1927 2917 χρη-

351 2931 588 2999 σάμενοι
622 2933 802 3002 λόγοις
839 2935 1092 3006 ἐκθύμως
1119 2955 1180 2990 τε
1205 2937 1418 3002 ἀξιοῦσι
1455 2941 1548 2991 καὶ
1583 2939 1834 3006 ἀνάγκην
1859 2939 1924 3006 τῇ

349 3023 582 3084 ἀξιώσει
635 3023 902 3089 ἐπάγουσι
943 3027 1294 3096 παντοδαπὴν
1347 3043 1472 3080 τινα
1527 3028 1620 3080 καὶ
1681 3027 1813 3078 πολὺ
1863 3026 1994 3110 τδρ

347 3114 616 3181 διάπυρον
650 3115 1018 3184 κεκτημένην,
1049 3119 1144 3169 καὶ
1175 3117 1311 3184 ἀράς
1341 3117 1919 3188 προσεπιδαψιλεύουσι

347 3207 424 3276 τῇ
451 3207 662 3278 ἀνάγκῃ
701 3209 774 3278 μὴ
809 3211 1068 3279 περιιδεῖν
1098 3211 1610 3280 ἀναμοχλευομένην
1655 3211 1754 3279 τὴν
1783 3209 1918 3277 ἀλή-

352 3299 534 3363 θειαν,
564 3300 972 3362 κινδυνεύοντας
1005 3301 1062 3354 δὲ
1092 3303 1220 3363 τοὺς
1267 3302 1518 3364 πολλοὺς,
1553 3302 1678 3362 τοὺς
1715 3303 1812 3369 μὲν
1841 3301 1920 3362 εἰς

348 3391 428 3444 τά
459 3391 660 3462 ἔσχατα
701 3393 800 3462 τῆς
847 3395 1115 3460 κακίστης
1161 3395 1268 3446 τῶν
1295 3393 1662 3447 Μασαλιανῶν
1702 3391 1922 3461 περιπί-

351 3497 518 3534 πτειν
547 3483 834 3552 αἱρέσεως,
862 3485 988 3546 τοὺς
1015 3485 1062 3536 δ’
1096 3483 1175 3546 ε’ίς
1217 3485 1286 3537 τὰ
1325 3485 1434 3536 τῶν
1475 3484 1824 3537 Ἀκτιστιτῶν
1859 3499 1918 3536 τε

349 3572 453 3626 καὶ
486 3573 1050 3644 Ἀνθρωπομορφιτῶν
1091 3575 1362 3645 βάραθρα,
1397 3579 1522 3639 τοὺς
1555 3575 1598 3630 δ’
1645 3578 1723 3638 εἰς
1761 3575 1920 3628 ἁλλο-

349 3669 554 3726 κότους
589 3669 679 3719 καὶ
723 3667 1048 3736 τερατώδεις
1079 3669 1270 3732 ἄλλους
1307 3669 1606 3738 κρημνοὺς,
1649 3669 1740 3720 καὶ
1771 3667 1920 3722 ἄκων

349 3757 626 3827 ἐξάγομαι
659 3759 838 3827 λέγειν
866 3759 900 3812 ἃ.
935 3759 1009 3829 μὴ
1037 3761 1380 3832 προῄρημαι,
1412 3761 1512 3831 τὴν
1544 3759 1640 3812 τοῦ
1676 3758 1918 3829 κρύψαν-

347 3865 450 3910 to;
484 3849 545 3902 τὸ
577 3851 746 3918 δῶρον
781 3850 903 3904 καθ’
937 3851 1125 3921 ἕτερον
1154 3853 1354 3922 τρόπον
1399 3849 1584 3912 δεδιὼς
1619 3851 1918 3917 καταδίκην

347 3937 592 3998 ἐκείνου,
633 3937 728 3990 ἆτε
769 3939 1244 4009 στενοχωρῶν,καὶ
1289 3939 1492 3992 ἀδικῶν
1525 3940 1583 3990 τὸ
1613 3939 1719 3990 τῶν
1747 3937 1920 4006 λόγων

349 4029 596 4098 χρηστὸν
646 4029 708 4080 οὐ
740 4029 887 4098 μάλα
926 4031 1097 4094 ἄκων,
1135 4031 1348 4083 πλείοσι
1368 4030 1656 4099 φαίνεσθαι
1686 4028 1920 4100 χρηστὸν

349 4109 766 4188 ἀφαιρούμενος
812 4121 900 4174 διὰ
963 4123 1060 4190 τῆς
1120 4121 1301 4191 σιγῆς.
1335 4123 1605 4190 Τρέποιτο
1634 4121 1680 4174 δ’
1713 4123 1794 4184 είς
1823 4121 1921 4184 τὰς

345 4208 470 4260 τῶν
497 4211 685 4264 αίτίων
713 4211 956 4278 κεφαλὰς
989 4212 1058 4264 τὰ
1095 4213 1192 4282 τῆς
1230 4211 1510 4281 μέμψεως,
1543 4214 1599 4264 ὲν
1639 4211 1701 4264 οὐ
1742 4211 1920 4279 καιρῷ

349 4296 710 4368 βιασαμένων
752 4298 930 4366 λέγειν
975 4299 1042 4351 τὰ
1087 4301 1154 4370 τῇ
1189 4299 1350 4368 φύσει
1397 4299 1494 4368 μὲν
1525 4299 1738 4368 καίρια,
1766 4296 1921 4350 οὔπω

2025 1827 2188 1898 400
2235 1827 2398 1881 liceat
2449 1827 2612 1880 hodie
2672 1828 2740 1881 de
2775 1829 2972 1884 Proteo
3018 1831 3112 1899 qui
3152 1832 3344 1885 crebro
3391 1831 3590 1884 mutari

2027 1927 2206 1988 potest
2265 1918 2322 1971 in
2378 1921 2560 1972 varios
2620 1933 2682 1972 ac
2743 1918 2988 1974 diversos
3063 1922 3344 1975 hominum
3410 1937 3592 1976 mores

2024 2024 2324 2080 eorumque
2353 2009 2694 2080 cognitiones
2745 2020 2797 2065 et
2833 2011 3163 2068 dissidentes
3209 2013 3351 2067 inter
3383 2029 3441 2067 se
3470 2028 3594 2067 seu-

2036 2103 2260 2158 tentias.

2097 2206 2238 2263 XIV.
2302 2208 2534 2278 Propter
2563 2207 2682 2262 haec
2735 2218 2790 2262 et
2835 2209 3035 2263 similia
3081 2209 3173 2262 alti
3205 2207 3408 2264 silentii
3439 2225 3593 2264 amor

2027 2299 2270 2354 animum
2323 2313 2502 2352 meum
2535 2299 2830 2354 tenebatet
2862 2300 2995 2353 tales
3023 2299 3140 2354 fere
3173 2303 3316 2368 apud
3354 2316 3439 2354 me
3469 2318 3594 2356 sen-

2030 2389 2226 2444 tentias
2257 2389 2615 2442 conformavi.
2679 2389 2958 2442 Timebam
3001 2389 3148 2444 enim
3200 2406 3266 2446 ne
3298 2400 3504 2446 temere
3537 2393 3594 2446 in

2027 2495 2209 2534 aerem
2237 2479 2567 2532 elementum
2625 2477 2918 2554 inﬁnitum.
2953 2489 3009 2532 et
3056 2479 3217 2531 inane
3269 2480 3592 2548 projicerem

2025 2573 2299 2628 orationes
2321 2571 2501 2624 statim
2523 2571 2574 2622 in
2599 2571 2829 2622 nihilum
2853 2571 3116 2624 abituras.
3138 2571 3591 2640 Quandoquidem

2027 2671 2208 2716 autem
2253 2661 2492 2728 nudique
2545 2675 2643 2714 nos
2693 2662 3114 2716 circumstantes
3171 2678 3318 2716 nunc
3377 2663 3596 2731 pietatis

2027 2753 2272 2806 vindices
2316 2759 2371 2804 et
2415 2750 2758 2804 tenacissime
2787 2750 2944 2803 [idem
2971 2753 3362 2819 amplectentes
3389 2753 3593 2806 ﬁrmio-

2029 2844 2180 2898 ribus
2213 2843 2286 2895 uti
2317 2841 2656 2910 argumentis
2689 2856 2786 2908 par
2829 2856 2950 2894 esse
2982 2849 3174 2909 putant
3204 2850 3259 2894 et
3295 2843 3594 2896 necessita-

2026 2942 2135 2990 tem
2187 2931 2648 3003 argumentatioui
2709 2931 2991 2984 adducunt
3046 2931 3288 3000 undique
3336 2932 3591 2985 collatam

2025 3037 2081 3081 et
2119 3025 2350 3079 multum
2399 3023 2613 3080 roboris
2679 3023 2972 3078 habentem
3024 3032 3076 3077 et
3123 3033 3248 3079 vota
3275 3025 3591 3078 necessitati

2029 3115 2288 3184 adjiciunt
2317 3112 2734 3182 nenegligamus
2762 3113 3010 3166 veritatis
3034 3113 3322 3168 comendae
3348 3113 3591 3168 studium

2029 3215 2085 3259 et
2131 3203 2437 3274 periculum
2484 3219 2512 3256 a
2549 3203 2827 3272 plerisque
2874 3203 3233 3258 defendamus
3283 3219 3348 3258 ne
3401 3205 3496 3258 alii
3537 3206 3591 3260 in

2027 3311 2292 3350 summam
2318 3294 2877 3364 nequitiamﬁincidant
2898 3293 3322 3350 Masaliauorum
3345 3297 3592 3364 haeresis,

2028 3387 2114 3440 alii
2137 3388 2189 3440 in
2211 3387 2393 3442 foveas
2413 3385 2780 3440 Actistitarum
2805 3396 2861 3440 et
2885 3386 3591 3457 Anthropomorphitarum,

2028 3479 2119 3533 alii
2151 3479 2206 3532 in
2235 3479 2340 3532 alia
2375 3479 2646 3548 pestiferae
2682 3487 2738 3531 et
2765 3487 3090 3532 monstrosa:
3140 3478 3364 3534 haeresis
3393 3481 3589 3548 ρι’ωοί-

2025 3569 2200 3638 pitia,
2244 3568 2306 3621 ﬁt
2356 3577 2416 3622 ut
2465 3568 2551 3622 vel
2608 3567 2812 3622 invitus
2859 3581 3022 3636 cogar
3067 3566 3250 3622 dicere
3281 3585 3400 3637 quae
3432 3579 3592 3624 antea

2027 3659 2160 3712 mihi
2193 3673 2300 3713 non
2332 3659 2610 3730 preposui,
2646 3659 2854 3712 veritus
2884 3660 2991 3712 alio
3015 3660 3174 3712 modo
3203 3675 3416 3728 poenam
3450 3663 3591 3727 ejus,

2027 3751 2119 3818 qui
2157 3749 2360 3802 donum
2399 3749 2616 3812 celavit,
2647 3755 2834 3816 utpote
2868 3755 3154 3802 coarctans
3192 3757 3354 3816 atque
3391 3749 3590 3819 injuria

2027 3837 2266 3892 alliciens
2314 3837 2487 3892 bonas
2542 3837 2782 3891 rationes
2837 3852 2944 3890 non
3008 3836 3232 3900 invitus,
3285 3837 3592 3904 impediens

2027 3929 2245 3985 silentio
2276 3943 2417 3993 meo,
2456 3945 2526 3984 ne
2554 3928 2804 3997 pluribus
2832 3936 3123 3997 appareret
3151 3928 3380 3982 bonum.
3437 3929 3592 3984 Vitii-

2029 4022 2238 4091 perium
2271 4027 2452 4075 autem
2506 4035 2564 4074 se
2591 4027 2770 4072 vertat
2815 4019 2870 4073 in
2916 4020 3096 4088 capita
3138 4031 3463 4085 auctorum,
3497 4023 3589 4092 qui

2026 4113 2182 4184 ἀοι
2212 4127 2298 4166 me
2337 4117 2634 4180 coegerunt
2659 4111 2838 4165 alieno
2883 4117 3128 4180 tempore
3153 4111 3338 4166 dicere
3371 4129 3433 4167 ea
3473 4129 3593 4182 quae

2029 4219 2128 4272 per
2173 4217 2232 4256 se
2281 4209 2592 4270 Opportuna
2630 4207 2780 4265 sunt,
2831 4200 2927 4255 sed
2969 4200 3213 4255 nondum
3259 4219 3438 4272 neque
3493 4219 3590 4272 pro

2031 4294 2286 4364 praesenti
2332 4306 2514 4346 rerum
2562 4291 2878 4346 conditione
2911 4308 3085 4361 neque
3117 4308 3218 4361 pro
3249 4294 3591 4348 auditoribus

349 4387 404 4441 δ’
425 4387 551 4441 οὔτε
579 4393 692 4452 τοῖς
722 4389 1092 4460 καθεστηκόσι
1126 4393 1450 4460 πράγμασιν
1488 4391 1618 4444 ὄντα
1653 4390 1774 4442 οὔτε
1808 4393 1919 4453 τοῖς

2030 4394 2354 4454 opportuna.
2387 4383 2518 4436 Nam
2557 4383 2612 4436 in
2641 4383 2955 4437 auditorum
2989 4385 3248 4452 opinione
3280 4386 3588 4438 vincentem

351 4481 618 4534 ἀκούουσι
653 4483 865 4552 καίρια.
909 4483 995 4535 Ἐν
1025 4486 1132 4553 γάρ
1165 4487 1228 4554 τῇ
1261 4485 1369 4535 τῶν
1395 4483 1700 4536 ἀκουόντων
1725 4481 1921 4552 γνώμῃ

349 4577 456 4644 τὴν
489 4575 727 4628 νικῶσαν
767 4575 910 4645 ἔχειν
943 4577 1286 4645 πεπείσμεθα
1317 4577 1498 4646 ψῆφον
1528 4575 1600 4638 ὡς
1636 4577 1704 4628 τά
1753 4575 1923 4628 πολλά

352 4669 624 4738 κειμένην
647 4668 745 4738 τὴν
774 4669 880 4721 τῶν
909 4669 1177 4736 λεγόντων
1201 4669 1479 4738 ἀλήθειαν.

431 4759 528 4810 ΙΕ’.
553 4758 771 4810 Βέλτιον
805 4757 901 4826 μὲν
931 4757 1022 4809 οὖν
1043 4753 1111 4828 ἦν
1138 4757 1201 4810 ἂν
1231 4761 1286 4810 ἐν
1317 4760 1429 4818 τοῖς
1453 4757 1710 4818 τοιούτοις
1739 4757 1922 4828 σιγᾷν,

351 4851 433 4911 ὡς
466 4851 808 4918 διείληπταιο
838 4849 953 4903 ἀλλ’
987 4853 1074 4902 ετε
1115 4850 1180 4920 δὴ
1209 4852 1306 4904 και
1329 4851 1426 4918 τῆς
1461 4835 1618 4919 σιγῆξ
1649 4851 1696 4902 oi
1744 4853 1924 4921 καιροὶ

351 4947 458 5012 τὴν
491 4943 598 4994 τῶν
650 4943 956 5012 λεγομένων
1009 4941 1412 5010 ξενοδοκοῦντες
1467 4937 1611 5012 ἦσαν
1665 4942 1922 5009 ἁσμένως

357 5039 559 5106 φεράν,
595 5035 689 5086 καὶ
721 5034 780 5085 οὐ
808 5034 906 5102 τὴν
932 5031 1236 5100 ἀναγκαίαν
1265 5033 1358 5085 τοῦ
1381 5033 1558 5100 λέγειν
1588 5031 1923 5101 προύϐαλλον

357 5131 665 5196 πρόφασιν.
699 5123 852 5174 Ἐστι
909 5121 1006 5190 μὲν
1053 5121 1164 5191 γάρ
1200 5121 1294 5174 καὶ
1348 5121 1505 5188 σιγῆς
1551 5121 1766 5190 καιρὸς,
1807 5120 1924 5172 ἀλλ’

354 5219 448 5270 ὅτε
493 5215 558 5282 δὴ
595 5212 756 5283 σιγῆς
794 5211 1065 5282 δεομένοις
1113 5211 1410 5280 ἀκροαταῖς
1453 5211 1804 5276 ἐντυγχάνοι·
1837 5210 1924 5260 ὅτε

354 5307 402 5362 δ’
435 5306 607 5372 ἀξίοις
643 5306 736 5356 καὶ
767 5305 906 5358 πάνυ
938 5319 990 5355 τι
1036 5301 1318 5372 χρῄζουσι.
1358 5301 1490 5352 Τότε
1524 5301 1568 5352 δ’
1615 5297 1711 5352 οὖν
1749 5301 1839 5352 καὶ
1864 5299 1922 5352 τὸ

357 5401 710 5470 ἐνδεχόμενον
762 5401 838 5460 si;
883 5398 982 5467 τὴν
1027 5397 1118 5448 νοῦ
1163 5395 1464 5461 ἀναγκαίου
1515 5395 1706 5463 μοῖραν
1739 5391 1924 5460 σαφῶς

357 5493 820 5561 ἀποκεκριμένον,
851 5489 1041 5560 λέληθε
1073 5490 1168 5557 τὴν
1199 5485 1290 5540 τοῦ
1321 5486 1668 5554 ἐνδεχομένου
1695 5484 1924 5551 δύναμιν

357 5584 728 5648 ἀπολωλεκὸς,
761 5583 862 5635 ὐπὸ
889 5583 981 5650 τῆς
1014 5581 1256 5650 ἀνάγκης
1291 5577 1597 5632 καταποθὲν
1623 5575 1697 5640 ὡς
1725 5577 1920 5630 εἰπεῖν.

371 5679 670 5732 Ἀθανάτου
697 5677 800 5745 γὰρ
837 5675 932 5744 τῆς
963 5675 1235 5744 ἡμετέρας
1263 5671 1426 5740 obs-qq
1449 5669 1628 5742 ψυχῆς
1665 5667 1758 5722 καὶ
1790 5669 1924 5722 ἀθα-

2027 4486 2227 4529 sortem
2258 4475 2490 4544 positam
2522 4489 2644 4528 esse
2676 4474 3030 4539 arbitramur,
3060 4477 3130 4528 ita
3161 4489 3216 4528 ut
3251 4489 3390 4542 swpe
3412 4475 3591 4542 jaceat

2026 4565 2324 4619 dicentium
2359 4565 2583 4619 veritas.

2096 4755 2211 4810 XV.
2237 4754 2292 4808 ln
2325 4753 2412 4806 his
2435 4753 2600 4822 igitur
2628 4755 2822 4808 melius
2850 4765 2984 4822 erat,
3013 4763 3072 4811 ut
3111 4773 3480 4823 senseramus,
3516 4759 3590 4814 si-

2027 4847 2254 4903 lentium
2315 4855 2522 4908 tenere,
2585 4850 2802 4913 quando
2847 4849 3057 4904 scilicet
3097 4850 3299 4904 silentii
3343 4861 3586 4921 tempora

2029 4939 2296 4994 dii-torum
2335 4938 2440 4989 vim
2472 4937 2709 4990 libenter
2741 4939 2791 4991 in
2826 4955 2882 4992 se
2916 4942 3244 5009 reciperent,
3291 4959 3465 5011 neque
3506 4945 3591 4999 di-

2027 5031 2184 5085 cendi
2215 5029 2575 5084 necessariam
2604 5045 2822 5086 causam
2873 5031 3262 5088 obtenderent.
3315 5033 3412 5090 Est
3438 5039 3586 5092 enim

2027 5123 2227 5176 silentii
2253 5131 2466 5190 tempus
2487 5132 2880 5190 opportunum,
2925 5124 3014 5176 ubi
3045 5125 3326 5180 auditores
3367 5131 3587 5186 silentio

2027 5225 2214 5282 egeant
2249 5212 2414 5281 hique
2445 5227 2511 5265 eo
2541 5211 2686 5281 digni
2717 5215 2826 5266 sint
2855 5223 2910 5267 et
2935 5214 3092 5270 valde
3117 5217 3168 5270 id
3197 5219 3441 5289 cupiant.
3468 5219 3588 5287 Quo

2028 5313 2182 5372 pacto
2205 5304 2258 5357 id
2289 5303 2433 5372 quod
2463 5303 2672 5356 licitum
2711 5314 2812 5368 est,
2851 5310 2902 5358 in
2934 5309 3276 5364 necessitatis
3299 5311 3405 5364 vim
3429 5313 3588 5380 plane

2027 5397 2328 5467 sejunctam
2358 5396 2575 5458 transit,
2612 5397 2662 5449 vi
2700 5399 2829 5451 liciti
2865 5401 3077 5469 abjecla
3111 5411 3366 5470 tanquam
3407 5421 3434 5456 a
3493 5417 3588 5455 He-

2028 5487 2278 5540 cessitate
2307 5484 2581 5538 devorata.
2639 5485 2771 5541 Cum
2833 5489 2978 5542 enim
3030 5491 3208 5546 anima
3261 5504 3438 5547 nuslra
3489 5491 3588 5544 im-

2029 5579 2272 5632 mortalis
2305 5577 2375 5631 sit
2397 5585 2449 5632 et
2484 5579 2817 5636 immortales
2835 5599 3026 5636 eorum
3057 5599 3176 5654 quae
3203 5593 3435 5654 aguntur
3456 5599 3587 5637 con-

2030 5666 2197 5722 tineat
2227 5665 2598 5734 necessitates,
2630 5669 2720 5722 uni
2777 5686 2902 5728 vero
2943 5672 3135 5727 animae
3185 5679 3358 5742 ipsum
3415 5681 3588 5726 totum
