3994 6204
425 274 535 338 355
1592 267 2013 331 NICEI‘HORI
2055 266 2435 329 GREGOIHZ
3564 270 3672 329 3C6

423 381 690 437 mundum
724 399 830 439 non
860 379 1305 453 mquiparandum
1332 394 1460 436 esse
1513 395 1671 434 sacra
1703 378 1993 434 conﬁrmet

2103 381 2289 443 νάτους
2322 377 2682 448 ἐκδεχομένης
2722 376 2824 442 τάς
2856 378 2967 431 τῶν
3017 379 3425 448 πεπραγμένων
3481 384 3671 446 σαφῶς

424 476 729 546 Scriptura.
770 492 867 530 cur
904 492 1014 530 non
1066 474 1437 530 necessarium
1486 472 1576 527 ﬁat
1620 473 1671 527 id
1706 473 1847 541 quod
1887 471 1996 525 lici-

2103 470 2336 540 ἀμοιϐάς
2360 469 2418 533 ἐξ
2458 468 2726 538 ἀνάγκης,
2766 470 2863 523 καὶ
2898 469 3015 536 ἅμα
3050 470 3181 536 μιᾶς
3216 468 3394 540 ψυχῆς
3427 472 3503 540 μὴ
3528 466 3670 527 εῖναι

425 574 537 619 tum
570 565 702 620 est?
730 565 944 620 Etenim
998 563 1043 618 si
1076 563 1237 618 nobis
1275 562 1330 617 id
1371 562 1550 618 facere
1582 564 1731 624 licet,
1764 572 1823 615 ut
1875 576 1994 616 eam

2103 561 2192 613 τδν
2223 563 2398 613 πάντα
2427 560 2629 629 κόσμον
2656 559 2913 623 ἀντάξιον
2934 558 3036 622 τῆς
3060 559 3213 621 θείας
3239 560 3504 628 λεγούσης
3530 563 3671 631 Γρα-

428 671 713 712 servemus
749 666 804 709 et
834 665 1055 710 :eternze
1107 654 1291 724 gloria:
1328 662 1537 709 tutores
1563 654 1612 709 ei
1645 654 1836 719 simus,
1862 662 1916 707 et
1952 652 1995 706 si

2103 649 2230 718 φῆς,
2257 649 2372 711 πῶς
2402 648 2502 701 οἰκ
2532 650 2835 715 ἀναγκαῖον
2863 647 3099 701 ἐνταῦθα
3130 648 3359 715 γίγνοιτ’
3391 650 3458 703 ἂν
3485 652 3580 704 καὶ
3606 652 3671 704 τὸ

423 747 623 802 horum
675 746 1010 800 contrarium
1064 753 1150 799 est
1195 744 1426 815 perdere
1456 754 1512 799 et
1550 754 1767 799 :eterme
1822 760 1997 814 poena:

2103 741 2488 810 Exosxdueuov;
2523 741 2584 793 Ei
2633 741 2740 810 γὰρ
2778 741 2866 808 ἐφ’
2913 742 3045 810 ἡμῖν
3091 741 3187 793 καὶ
3242 741 3587 811 ἐνδεχόμενον
3609 745 3673 797 τδ

425 837 823 901 transmittere,
867 851 998 891 sane
1032 835 1137 891 hoc
1166 837 1534 891 necessarium
1592 835 1755 908 402
1786 846 1890 901 est,
1934 852 2001 891 ne

2103 831 2300 896 σώζειν
2331 834 2481 885 ἐστὶν
2516 832 2689 903 αὐτὴν
2719 832 2815 884 καὶ
2847 832 3006 902 δόξης
3042 834 3212 886 ἀϊδίου
3245 834 3539 904 προξένονς
3571 838 3675 888 αὐ-

423 929 759 997 ncgligamus
793 927 843 981 id
893 926 1041 997 quod
1097 927 1399 983 secundum
1450 935 1702 982 naturam
1753 942 2002 983 necessa-

425 1021 568 1075 rium
594 1038 719 1079 esse
748 1020 1004 1077 dicimus.
1038 1020 1313 1088 Quantum
1368 1022 1514 1078 enim
1546 1023 1775 1092 perdere
1804 1023 2004 1092 turpis-

423 1115 622 1168 simum
654 1122 820 1169 estet
849 1126 1039 1169 contra
1076 1115 1377 1189 rationem,
1420 1122 1630 1169 tantum
1665 1130 1885 1170 servare
1906 1131 2003 1169 ne-

422 1203 741 1258 cessarium.
765 1204 893 1267 Qua:
916 1218 1048 1270 ergo
1075 1219 1221 1295 saepe
1248 1202 1562 1273 accepimus
1584 1217 1640 1258 et
1669 1202 1769 1272 ipsi
1790 1205 1999 1275 experti

423 1308 616 1348 sumus
661 1302 721 1348 ut
770 1293 936 1358 bona,
968 1310 1031 1349 ea
1082 1293 1339 1350 exercere
1373 1294 1684 1365 iudicamus
1737 1309 1859 1350 esse
1910 1311 2006 1350 ne-

424 1386 752 1441 cessarium.
780 1386 982 1440 Verum
1007 1384 1075 1440 a1)
1105 1385 1173 1441 iis
1198 1401 1319 1455 quae
1346 1400 1601 1440 exercere
1624 1388 1998 1442 necessarium

425 1491 547 1531 esse
573 1477 887 1547 iudicamus
918 1475 1204 1539 recedere.
1241 1478 1517 1546 quomodo
1548 1486 1808 1533 extrema:
1843 1478 1998 1550 igna-

427 1566 530 1619 via:
561 1564 914 1636 opprobrium
944 1564 1205 1637 effugiat?
1232 1567 1335 1633 Qui
1361 1568 1528 1638 igitur
1557 1568 1704 1623 vitiis
1738 1568 2001 1624 virtutem

427 1662 775 1725 antéponere
835 1656 1151 1712 didicerunt
1204 1658 1375 1728 magis
1424 1660 1705 1728 magisque
1761 1660 1829 1713 ad
1877 1676 2003 1729 per-

2099 927 2165 994 τῇ
2221 923 2603 989 καθίστασθαι,
2641 924 2735 977 καὶ
2795 921 2863 977 αὖ
2908 926 3222 978 τούναντίον
3282 926 3530 996 φθείρειν
3580 928 3677 980 κιὶ

2103 1016 2324 1069 κολάσει
2370 1016 2773 1085 παραπέμπειν
2808 1016 3031 1085 αἰωνίῳ,
3072 1017 3189 1070 ἀλλ’
3239 1013 3334 1070 οὖν
3364 1019 3470 1071 τῶν
3499 1022 3672 1085 ἀναγ-

2102 1107 2272 1161 καίων
2304 1112 2399 1160 καὶ
2440 1106 2586 1159 τοῦτ’
2621 1108 2687 1160 ἂν
2718 1109 2804 1176 εἴη
2841 1108 3078 1177 μάλιστα
3129 1108 3333 1178 μεταξὺ
3375 1110 3448 1179 μὴ
3494 1128 3674 1181 παραυ

2102 1198 2321 1267 τρέχειν
2353 1199 2608 1266 κείμενον
2656 1198 2716 1250 τὸ
2749 1198 2889 1250 κατά
2922 1198 3084 1264 φύσιν
3130 1201 3303 1251 εἰπεῖν
3350 1200 3673 1266 ἀναγκαῖον.

2102 1286 2270 1339 Ὅσον
2301 1288 2411 1356 γάρ
2470 1286 2532 1338 τὸ
2562 1285 2809 1356 φθείρειν
2859 1288 2966 1340 τῶν
3014 1288 3381 1342 ἀτοπωτάτων
3414 1290 3529 1341 ἐστὶ
3579 1292 3674 1341 καὶ

2102 1378 2451 1448 παραλόγων,
2485 1377 2716 1431 τοσοῦτο
2745 1378 2854 1432 τῶν
2900 1380 3220 1451 ἀναγκαίων
3252 1382 3312 1433 τδ
3357 1360 3571 1445 cem}.
3603 1384 3675 1435 Ἀ

2102 1469 2232 1536 γοῦν
2265 1469 2599 1531 ἀκούσαντες
2632 1469 2895 1532 πολλάκις
2928 1472 3017 1523 καὶ
3045 1464 3120 1523 ὧν
3148 1472 3507 1540 πειραθέντες
3532 1473 3674 1542 ἐμά-

2103 1564 2268 1627 θομεν
2313 1556 2591 1614 εἶναιτῶν
2623 1561 2868 1630 ἀγαθῶν,
2904 1562 3083 1617 ταῦτα
3135 1566 3307 1616 ποιεῖν
3338 1565 3447 1618 τῶν
3502 1567 3675 1635 ἀναγ-

2102 1654 2271 1705 καίων
2304 1653 2366 1724 [ﬁ
2403 1653 2506 1706 162
2556 1653 2618 1725 v}
2663 1654 2921 1719 καθάπαξ
2975 1655 3238 1724 κρίνομεν
3294 1650 3456 1710 εἶναι.
3495 1660 3563 1709 Ἀ
3614 1658 3674 1712 δὲ

428 1747 748 1815 factionem,
790 1760 845 1803 rt
878 1748 1005 1803 inde
1045 1751 1111 1802 ad
1143 1748 1626 1814 immortalitatem,
1658 1765 1742 1803 me
1791 1750 2000 1820 judice,

2104 1751 2279 1801 ποιεῖν
2318 1749 2427 1798 τῶν
2459 1747 2771 1814 ἀναγκαίων
2818 1749 3079 1817 κρίνομεν
3108 1744 3271 1811 εἶναι,
3308 1748 3515 1801 τούτων
3539 1749 3673 1817 ἀφί-

427 1839 759 1908 procedunt.
792 1837 910 1893 [Iac
945 1840 1158 1895 ratione
1209 1840 1353 1909 apud
1396 1856 1494 1893 nos
1541 1856 1760 1910 quoque
1810 1856 1997 1895 rerum

429 1932 783 1987 honestarum
816 1931 1143 1988 exercitatio
1180 1932 1422 1986 veritatis
1451 1935 1594 1986 viam
1636 1932 1797 1989 nobis
1827 1932 2002 1988 reclu-

431 2022 538 2076 dit.
570 2023 796 2078 Etcum
829 2024 989 2079 hodie
1024 2024 1186 2078 nobis
1210 2025 1511 2078 necessitas
1549 2023 1805 2091 imposita
1830 2035 1907 2080 cst
1933 2024 1999 2080 de

431 2113 519 2168 his
559 2114 733 2186 loqui,
775 2116 1130 2185 quarrendum
1163 2126 1245 2169 est
1289 2104 1399 2184 (μή)
1430 2113 1623 2169 ordine
1651 2126 1705 2170 et
1736 2132 1842 2185 qua
1881 2132 2001 2172 suc-

425 2208 676 2261 ccssione
706 2205 856 2277 loqui
904 2221 1128 2263 necesse
1171 2206 1264 2262 sit.

2109 1839 2366 1902 στασθαι,
2402 1839 2564 1891 ποίαν
2598 1839 2697 1891 οὐκ
2720 1839 2947 1902 ἀτοπίας
2977 1839 3285 1909 ὑπερϐολὴν
3318 1839 3670 1910 παρελαύνοι;

2108 1932 2268 1985 Ὥστε
2298 1932 2407 1985 τῶν
2432 1931 2694 2002 χειρόνων
2724 1930 3104 2002 ἀνθαιρεῖσθαι
3130 1934 3197 1985 τὰ
3247 1932 3440 2001 βελτίω
3473 1932 3679 2001 μαθου-

2110 2042 2194 2077 σιν
2227 2022 2371 2076 εἶναι
2404 2023 2614 2093 βέλτιον
2652 2023 2711 2088 ὲξ
2735 2023 3007 2091 ἀνάγκης,
3041 2022 3285 2093 βελτίους
3324 2025 3419 2076 καὶ
3465 2024 3677 2077 ἑαυτῶν

2107 2117 2589 2186 ἀναγκαζομένους
2617 2114 2867 2184 γίνεσθαι
2911 2116 3126 2180 ἕπεται,
3157 2118 3251 2168 καὶ
3297 2115 3391 2166 τοῦ
3440 2114 3672 2175 δέοετος,

2066 2249 2087 2257 ,-
2106 2210 2229 2262 δσον
2262 2208 2504 2279 ἐφικτὸν,
2526 2208 2806 2275 ἐγγύτατα
2827 2206 2939 2259 θεῖν
2964 2208 3073 2269 ἀεὶ.
3091 2206 3189 2278 τὴν
3218 2207 3677 2275 ἀθάνατον,δντως

435 2300 529 2351 καὶ
563 2297 867 2367 ἀναγκαίαν
919 2297 1059 2364 ὁδὸν,
1090 2298 1164 2362 ὡς
1228 2298 1330 2367 ἐμέ
1390 2316 1454 2367 γε
1519 2297 1747 2353 οἴεσθαι.
1786 2299 1898 2353 Καὶ
1925 2297 2079 2372 οἶμαί
2125 2318 2189 2369 γε
2237 2301 2538 2378 ὀρθοτέραν
2571 2301 2714 2354 πάνυ
2744 2316 2799 2353 τι
2836 2299 3066 2354 οἴεσθαι.
3120 2300 3227 2354 Καὶ
3253 2299 3424 2363 οὕτως
3462 2300 3681 2370 ἐνδεχο-

430 2395 603 2465 μένης
666 2395 759 2447 καὶ
821 2394 906 2463 ἐφ’
959 2396 1091 2465 ημῖν
1122 2395 1223 2464 τῆς
1264 2393 1372 2447 τῶν
1415 2394 1635 2462 ἀγαθῶν
1661 2394 2032 2468 προαιρέσεως
2072 2396 2238 2467 οὔσης
2280 2398 2576 2466 ἀναγκαῖον
2618 2396 2828 2464 γίνεται
2884 2395 2944 2446 τὸ
2997 2395 3409 2463 συμπέρασμα,
3461 2392 3599 2462 πρὸς
3642 2382 3678 2437 δ

428 2487 674 2554 πέφυκεν
737 2488 1034 2559 ἀνατρέχον
1064 2488 1210 2558 μάλα
1239 2505 1289 2541 τι
1322 2489 1736 2560 προσηκόντως,
1766 2489 1863 2543 καὶ
1887 2488 1947 2541 τὸ
1971 2491 2027 2543 ἐν
2064 2492 2180 2552 τοῖς
2228 2468 2493 2553 τοιούτοις
2526 2489 2740 2560 καίριον
2768 2491 2847 2552 είς
2880 2488 2940 2550 τὸ
2980 2489 3080 2559 τῆς
3111 2487 3370 2557 ἀληθείας
3416 2489 3673 2557 μουσεῖον

433 2580 961 2651 παιδαγωγούμενον
1030 2580 1377 2653 ἀνευρίσκον.
1421 2582 1584 2636 Ἀλλά
1652 2582 1758 2654 γάρ
1798 2583 1878 2645 είς
1911 2582 2071 2636 τοῦτο
2109 2582 2277 2654 τύχης
2335 2584 2483 2654 ἡμᾶς
2535 2582 2633 2653 τῆς
2673 2581 2767 2636 τοῦ
2811 2581 2996 2651 λέγειν
3048 2583 3289 2651 τήμερον
3342 2580 3672 2648 ὲλαυνούσης

430 2675 695 2743 ἀνάγκης,
746 2677 1012 2731 σκεπτέον
1049 2678 1195 2746 ⁴,τίνα
1234 2677 1317 2739 δεῖ
1375 2678 1589 2749 πρῶτον
1630 2676 1724 2730 καὶ
1756 2675 1877 2730 τίνα
1924 2676 2179 2750 δεύτερον
2212 2679 2410 2743 εἰπεῖν,
2465 2677 2562 2734 καὶ
2616 2677 2739 2731 τίνα
2768 2677 2921 2744 τάξιν
2975 2675 3258 2746 εἰληφέναι
3299 2674 3416 2728 δέον
3460 2675 3667 2727 ἕκαστα

428 2766 537 2820 τῶν
574 2767 720 2839 ἑξῆς.

1020 3095 1368 3229 ΤΟΥ
1443 3073 2018 3230 ΑΥΤΟΥ
2108 3092 3108 3227 ΝΙΚΗΦΟΡΟΥ

1488 3322 1791 3438 ΤΟΥ
1885 3320 2586 3437 ΓΡΗΓΟΡΑ

1376 3548 1743 3636 ΛΟΓΟΣ
1818 3546 2541 3639 ΔΟΓΜΑΤΙΚΟΣ
2615 3545 2735 3634 Δ’.

1042 3794 1083 3865 ⁵
1186 3831 2043 3961 NICEPHORI
2137 3836 2929 3965 GREGOIUE

1083 4083 1438 4172 LIBER
1549 4081 2312 4176 DOGMATICUS
2413 4088 3009 4191 QUARTUS.

503 4401 663 4476 5.03
700 4402 743 4460 l.
779 4402 1017 4459 Primum
1052 4403 1299 4459 omnium
1328 4404 1505 4473 inquit
1540 4404 1839 4476 Gregoras,
1872 4422 1904 4462 e
1937 4422 1997 4463 re
2024 4419 2070 4477 α

433 4504 520 4550 est
593 4511 859 4566 quzerere,
912 4504 1093 4551 utrum
1151 4496 1369 4551 statutis
1428 4496 1682 4553 Ecclesia.
1730 4498 2002 4569 dogmatis

434 4602 605 4641 unum
656 4588 826 4642 Deum
880 4586 1110 4643 adorare
1160 4587 1331 4657 magis
1380 4587 1672 4643 conveniat
1702 4589 1787 4645 vel
1834 4603 2002 4643 unam

434 4677 490 4732 in
521 4677 787 4734 Trinitate
816 4678 1109 4734 increatam
1144 4678 1436 4744 Deitatem,
1472 4687 1532 4732 ut
1560 4677 1854 4750 Gregorius
1884 4695 2000 4734 ma-

433 4785 575 4840 gnus
601 4769 690 4825 ille
720 4769 1010 4841 theologus
1032 4769 1187 4837 dicit,
1221 4769 1411 4834 Deum,
1438 4769 1614 4824 lucem
1642 4786 1827 4835 unam,
1852 4771 2000 4826 inac-

432 4862 740 4917 cessibilem
768 4871 823 4917 et
862 4861 1250 4931 sempiternam
1286 4870 1340 4915 et
1381 4875 1597 4929 semper
1636 4861 1689 4915 in
1733 4861 2000 4918 Trinitate

432 4950 742 5007 lucentem:
774 4968 841 5006 an
873 4953 1056 5021 plures
1098 4953 1331 5008 deitates
1368 4964 1420 5009 et
1462 4955 1614 5023 plura
1674 4954 1906 5019 lumina,
1940 4966 2001 5012 ut

324 5060 327 5063 ·
437 5042 629 5098 volunt
656 5052 857 5099 sanctae
882 5044 1148 5098 doctrinm
1164 5055 1365 5099 nostrm
1381 5045 1704 5099 adversarii.
1733 5044 1997 5115 Equidem

435 5138 712 5190 neminem
742 5144 874 5204 puto
894 5149 1086 5189 eorum
1105 5135 1199 5204 qui
1227 5135 1281 5190 in
1306 5146 1487 5192 sancta
1512 5137 1759 5193 doctrina
1780 5138 1997 5194 educati

430 5226 543 5279 sint
578 5225 632 5279 in
666 5234 868 5281 tantam
899 5234 1090 5296 sponte
1125 5227 1368 5283 incidere
1413 5243 1573 5298 posse
1614 5230 1907 5285 amentiam
1940 5242 2000 5285 ut

431 5316 618 5387 plures
652 5333 812 5387 quam
847 5334 1009 5373 unam
1045 5319 1303 5375 deitatem
1346 5321 1508 5390 ilngat
1538 5322 1641 5377 sibi
1681 5330 1738 5377 et
1771 5324 1995 5388 credat;

428 5422 556 5460 cum
583 5408 808 5464 Patrum
836 5421 1037 5465 sancta:
1063 5411 1317 5466 Ecclesia:
1335 5410 1584 5483 dogmata
1614 5429 1719 5467 una
1756 5429 1817 5467 ac
1850 5414 1997 5468 clara

429 5514 564 5554 voce
598 5498 899 5555 acclament
948 5500 995 5555 ei
1024 5540 1039 5566 ,
1077 5501 1253 5556 lucem
1300 5516 1462 5555 unam
1516 5503 1903 5572 sempiternam
1942 5512 1999 5557 et

430 5589 861 5649 inaccesdbilem
889 5608 1007 5649 esse
1041 5594 1237 5660 Deum,
1270 5607 1371 5648 nec
1416 5609 1548 5648 vero
1576 5594 1781 5647 lumina
1834 5592 1999 5666 404

432 5682 585 5750 plura
611 5700 709 5741 nec
753 5695 945 5756 praeter
981 5685 1340 5753 Trinitatem;
1378 5684 1573 5741 deinde
1618 5686 1794 5741 lucem
1842 5703 1994 5743 reve-

2170 4406 2328 4482 [ϐοὰ.
2363 4408 2497 4480 Reg.
2538 4407 2700 4474 1276,
2734 4407 2772 4463 ι’.
2802 4405 2904 4462 162
2931 4409 3002 4482 υ.]
3033 4411 3109 4463 Αο.
3163 4409 3388 4478 Πρῶτον
3432 4412 3531 4481 μὲν
3569 4407 3674 4468 οὖν

2107 4501 2172 4555 ἂν
2201 4501 2285 4572 εἴη
2319 4500 2621 4571 σκέψασθαι
2656 4500 2827 4566 ἄξιον,
2861 4502 3063 4572 ἔφησεν
3101 4505 3132 4558 ό
3172 4487 3485 4573 Γρηγορᾶς,
3509 4505 3679 4559 πότε-

2104 4609 2197 4664 ρον
2218 4595 2339 4656 ταῖς
2369 4595 2575 4656 κοιναῖς
2609 4593 2807 4663 μᾶλλον
2838 4595 3070 4660 ἐννοίαις
3099 4595 3539 4665 τῆςἙκκλησίας
3567 4596 3679 4666 ἀρ-

2106 4687 2290 4757 μόττει
2327 4686 2508 4739 σέϐειν
2531 4685 2631 4739 ἕνα
2656 4685 2813 4752 Θεὸν,
2846 4688 3024 4740 εῖτουν
3050 4687 3183 4758 μίαν
3217 4688 3275 4739 έν
3311 4689 3491 4756 τρισὶν
3512 4689 3677 4743 ἀκτι-

2103 4794 2227 4830 στον
2259 4777 2507 4848 θεότητα,
2536 4778 2630 4831 καὶ
2656 4779 2684 4831 ὅ
2713 4795 2881 4847 φησιν
2901 4779 2929 4830 ό
2966 4779 3139 4848 μέγας
3162 4780 3499 4850 ἐν’θεολογίᾳ
3524 4779 3676 4849 Γρη-

2101 4871 2307 4940 γόριος,
2361 4871 2475 4941 φῶς
2506 4871 2566 4925 ἓν
2596 4866 2895 4939 ἀπρόσιτον
2931 4873 3024 4925 καί⁵
3063 4870 3343 4941 ἀδιάδοχον
3388 4872 3480 4925 τὸν
3510 4871 3671 4939 Θεῖιν,

2100 4962 2426 5032 ἀειλαμπὲς,
2473 4959 2803 5035 τριλαμπὲς,
2856 4961 2888 5031 ἢ
2940 4960 3197 5026 πλείστας
3239 4958 3339 5032 μὲν
3382 4960 3672 5031 θεότηταε,

2102 5054 2274 5107 πλείω
2299 5052 2357 5106 δὲ
2401 5052 2577 5120 φῶτα,
2627 5052 2767 5105 κατά
2797 5067 2949 5114 τινας
2982 5051 3078 5120 τῆς
3108 5050 3387 5107 ἀντιθέτου
3413 5056 3477 5123 τῇ
3510 5052 3674 5105 εὐσε-

2100 5145 2223 5210 ϐείᾳ
2256 5144 2555 5213 φάλαγγος.
2592 5143 2732 5211 Ἐγὼ
2769 5143 2870 5212 μὲν
2925 5138 3081 5215 οίμαι
3127 5144 3335 5217 μηδένα
3364 5146 3471 5198 τῶν
3507 5145 3671 5197 abas--

2100 5234 2219 5287 ϐέσι
2248 5234 2529 5304 λογισμοῖς
2586 5232 3088 5303 συντεθραμμένων
3145 5233 3282 5303 πρὸς
3310 5231 3577 5301 τοσαύτην
3603 5233 3667 5285 έ-

2099 5325 2265 5379 κόντα
2290 5325 2624 5377 καταπεσεῖν
2651 5325 2935 5388 ἀπόνοιαν,
2967 5323 3105 5377 ὥστε
3132 5323 3349 5386 πλείους
3379 5326 3508 5392 μιᾶς
3544 5324 3670 5377 έλέ-

2101 5418 2228 5471 σθαι
2276 5414 2599 5486 νομίζεσθαι
2628 5415 2876 5469 δικαιοῦν
2920 5417 3203 5487 θεότητας,
3241 5421 3395 5488 κοινῇ
3426 5419 3535 5470 τῶν
3566 5419 3670 5486 τῆς

2099 5504 2354 5566 εὐσεϐοῦς
2392 5504 2718 5575 Ἐκκλησίας
2758 5506 3005 5574 πατρίων
3056 5506 3342 5577 δογμάτων
3396 5508 3671 5563 ἀκούοντα.

2098 5597 2398 5671 διαρρήδην
2419 5595 2687 5667 βοώντων,
2724 5597 2840 5664 φῶς
2868 5597 2924 5650 ἒν
2946 5599 3225 5669 ἀδιάδοχον
3250 5600 3345 5652 καὶ
3374 5601 3668 5670 ἀπρόσιτον

2101 5684 2239 5741 εἶναι
2263 5690 2351 5739 τὶν
2376 5685 2529 5751 Θεὸν,
2561 5686 2657 5739 καὶ
2693 5685 2769 5754 μὴ
2797 5685 2963 5739 πολλα
2998 5687 3131 5753 μηδὲ
3180 5688 3326 5752 πέρα
3356 5689 3455 5753 τῆς
3490 5690 3665 5749 Τριάο
