3994 6204
359 230 470 290 3.37

1317 229 1753 290 Bl’ZANTleE
1799 229 2177 289 ΙΙΙΞΤΟΠΙᾸΞ
2215 231 2360 302 ΜΒ.
2414 231 2664 294 XXXIII

3507 239 3612 302 338

357 337 470 404 δος,
492 335 746 406 δεύτερον
771 336 828 390 δὲ
853 337 968 406 φῶς
993 337 1222 408 ἄγγελον
1254 343 1480 410 μηδενὸς
1514 341 1702 409 ἐτέρου
1735 341 1938 408 μεταξῦ

2051 343 2244 396 lantem
2299 344 2446 398 ιιιιΙΙο
2481 346 2589 400 alio
2645 351 3046 414 Intercedente;
3091 361 3141 404 et
3195 366 3384 404 rursus
3441 367 3614 404 unum

361 427 766 494 μεσιτεύοντος,
801 427 899 480 καὶ
945 429 1105 482 πάλιν
1149 431 1245 482 ἕνα
1290 431 1422 483 θεὸν
1453 427 1619 494 εἶναι,
1665 432 1804 484 διότι
1839 431 1940 500 μία

358 517 576 590 θεότης.
614 523 921 586 ἀναγκαῐαν
969 524 1150 576 αἰτίαν
1187 525 1281 575 τοῦ
1339 523 1518 577 σέϐειν
1543 525 1638 576 ἓνα
1679 525 1812 576 θεὸν
1840 525 1939 594 τὴν

357 609 462 678 τῆς
498 611 630 680 μιᾶς
681 611 936 680 θεότητος
983 612 1208 682 πρώτην
1251 612 1546 682 ὁμολογίαν
1580 613 1858 676 τιθέντων,
1888 615 1939 666 εἰ

363 699 440 768 μή
475 715 556 761 τις
588 699 646 751 ὲν
674 699 992 770 ἀθύρματος
1031 705 1194 775 μοίρᾳ
1233 705 1330 757 καὶ
1361 704 1597 772 γέλωτος
1643 701 1786 756 ἑκὼν
1814 703 1940 756 ἐαυ-

363 775 460 846 ιῖοὖ
501 795 768 864 προδότης
799 801 911 860 τοῖς
944 800 1000 850 ἐν
1029 801 1253 868 ἀγοραῖς
1294 797 1738 868 καλινδουμένοις
1775 813 1939 866 παιγ-

367 887 502 949 νίοις
535 887 853 940 καθίσταιτο
877 889 1256 958 ἑθελ.οκω;,ςιῖ›ν.

437 983 512 1034 ιν.
549 983 756 1034 Τούτου
789 1001 849 1051 γε
887 985 995 1054 μὴν
1037 986 1488 1056 ὁμολογηθέντοξ,
1530 987 1786 1056 δεύτερόν
1823 989 1938 1040 ἐστι

363 1074 638 1128 πυθέσθαι
689 1075 842 1140 ἄξιον
879 1079 928 1128 ει
971 1078 1083 1130 δέοι
1113 1079 1577 1150 παραδραμόντας
1615 1079 1714 1150 τὴν
1746 1079 1935 1150 κοινὴν

361 1165 526 1232 αὖθις
555 1171 655 1237 τῆς
685 1170 780 1224 τοῦ
809 1169 944 1224 Θεοῦ
987 1171 1310 1240 Ἐκκλησίας
1352 1171 1564 1225 ἔννοιαν
1602 1173 1804 1240 μεταξὺ
1838 1188 1940 1224 κα-

365 1259 548 1330 θάπερ
594 1260 784 1330 λύχνον
819 1261 906 1314 ἐπ’
959 1261 1118 1331 ὅρους
1155 1263 1445 1334 κειμένην,
1493 1263 1684 1316 ἔπειτα
1739 1263 1938 1334 ὀρατὴν

365 1350 516 1408 εἶναι
565 1355 746 1422 λέγειν
797 1357 895 1424 τὴν
929 1353 1058 1424 μίαν
1103 1354 1310 1422 ταύτην
1341 1354 1434 1408 καὶ
1471 1354 1641 1424 μόνην
1683 1353 1938 1406 ἄκτιστον

373 1445 644 1514 Θεότητα,
675 1447 850 1500 εττουν
881 1449 942 1498 τὸ
973 1445 1031 1498 ἓν
1062 1445 1138 1516 (1)
1168 1445 1282 1514 φῶς
1314 1445 1490 1498 έκεῖνο
1522 1448 1582 1498 τὺ
1630 1444 1939 1512 ἀειλαμπὲς

363 1539 466 1590 καὶ
497 1539 790 1607 ἀπρόσιτον
811 1540 906 1590 καὶ
932 1537 1210 1606 ἀδιάδοχον
1231 1550 1246 1564 ·
1269 1539 1446 1590 κοινὸν
1469 1536 1578 1606 γὰρ
1597 1533 1739 1590 εἶναι
1761 1536 1938 1604 δόγμα

357 1631 468 1700 τῆς
513 1631 836 1699 Ἐκκλησὶας
889 1633 979 1684 καὶ
1014 1631 1160 1684 τοῦτ’
1205 1631 1524 1700 εἰλήφειμεν
1569 1632 1704 1700 πρός
1741 1647 1800 1682 τε
1842 1629 1936 1682 τοῦ

363 1721 511 1774 Θεοῦ
565 1723 656 1775 καὶ
697 1721 948 1791 Σωτῆρος
998 1722 1156 1792 ἡμῶν
1195 1721 1376 1791 Ἰησοῦ
1412 1721 1650 1792 Χρ·στοῦ
1687 1721 1782 1774 καὶ
1827 1721 1938 1774 τῶν

361 1813 536 1866 αὐτοῦ
575 1813 868 1882 φοιτητῶν,
893 1815 1200 1884 ἑωρακέναι
1232 1815 1364 1868 Θεὸν
1388 1813 1654 1883 ὑπάρχειν
1677 1811 1940 1866 ἀδύνατον

361 1907 568 1971 ἇπασι,
597 1906 740 1974 πλὴν
781 1905 868 1958 διὰ
913 1905 1200 1976 συμϐόλων
1229 1911 1321 1959 καὶ
1359 1905 1548 1960 τύπων
1585 1905 1938 1974 σωματικῶν.

369 2017 394 2050 ε
427 1997 568 2052 Οὔτε
593 1998 722 2068 γὰρ,
756 2017 774 2050 ι
803 2005 1001 2066 φησζν,
1046 2018 1064 2050 ι
1106 1995 1214 2051 εἶδε
1250 1997 1382 2050 Θεὸν
1408 1997 1520 2051 οὔτ’
1553 1997 1680 2052 ἰδεῖν
1711 1997 1936 2052 δύναται

359 2089 478 2141 τῶν
512 2089 766 2142 ἁπάντων
803 2089 1000 2152 οὐδείς.
1057 2109 1074 2141 ι
1124 2091 1302 2160 Ἀπερ
1336 2091 1364 2144 δ
1400 2088 1572 2142 εἰπὼν
1609 2089 1768 2150 αὐτὸς
1818 2089 1943 2140 ἑπι-

363 2181 690 2252 σφραγιζων
711 2182 866 2244 αὖθις
897 2181 1038 2245 θεῖος
1065 2181 1296 2246 Παῦλος,
1335 2199 1354 2232 ι
1389 2181 1456 2236 ει
1481 2199 1564 2244 τις
1591 2178 1942 2248 εὐαγγελίζε-

369 2293 494 2338 ται,
533 2293 551 2326 ι
588 2274 744 2343 φησι,
789 2291 806 2324 ι
849 2273 978 2342 παρ’
1018 2272 1046 2326 δ
1087 2271 1450 2344 παρελάϐετε,
1487 2271 1550 2342 ιι.
1581 2271 1681 2326 165
1707 2270 1780 2344 r.]
1813 2271 1944 2324 ἀνά-

367 2363 520 2433 θεμα
543 2363 704 2428 έστω,
745 2381 764 2412 ι
802 2361 976 2416 ταῦτα
1007 2363 1072 2434 δὴ
1100 2363 1274 2430 λέγων
1305 2363 1374 2416 τὰ
1405 2362 1698 2432 εἰρημένα,
1725 2364 1784 2414 τὸ
1813 2363 1944 2432 μίαν

365 2469 434 2508 τε
469 2452 650 2506 σέϐειν
681 2453 938 2506 ἄκτιστον
977 2453 1220 2522 θεότητα
1269 2454 1363 2508 καὶ
1413 2453 1529 2522 φῶς
1569 2452 1628 2505 ἓν
1675 2457 1736 2506 ἐν
1767 2455 1944 2524 τρισὶν

369 2545 735 2612 ὑποστάσεσι,
769 2547 862 2599 καὶ
893 2546 1012 2616 ἅμα
1051 2547 1260 2618 ταύτην
1287 2547 1521 2617 ἀόρατον
1558 2541 1699 2598 εἶναι
1743 2545 1944 2616 ὁμολο-

369 2639 516 2704 γεῖν,
547 2637 622 2708 μὴ
647 2639 730 2692 ὅτι
758 2637 1094 2708 ἀνθρώποις,
1142 2638 1280 2692 ἀλλά
1312 2639 1406 2692 καὶ
1451 2639 1704 2706 ἀγγέλοις
1737 2639 1942 2701 αὐτοῖς.

373 2729 470 2792 Τίς
503 2729 612 2796 γὰρ
661 2727 832 2791 οὕτως
865 2729 1074 2797 ἠλίθιος
1119 2729 1216 2782 καὶ
1267 2727 1438 2800 μανίᾳ
1475 2728 1724 2790 σύνοικος
1759 2729 1946 2796 μακρᾷ

369 2819 522 2870 ὥστε
555 2819 868 2888 κτισμάτων
897 2819 1146 2890 ἀοράτων
1166 2819 1356 2886 ὄντων,
1388 2821 1640 2888 ἀγγέλων
1675 2819 1818 2890 φημὶ
1853 2819 1948 2872 καὶ

373 2911 570 2982 ψυχῶν
601 2913 693 2964 καὶ
730 2912 1024 2982 δαιμόνων,
1054 2913 1234 2982 λέγειν
1267 2913 1442 2967 ἔπειτ’
1475 2912 1785 2984 ἀνθρώποις
1825 2912 1948 2965 τολ-

2041 435 2210 488 Deum
2246 451 2392 502 esse,
2423 439 2626 507 quippe
2665 437 2826 494 unum
2879 433 3156 508 deitatem,
3187 454 3613 497 consentaneum

2041 537 2222 580 autem
2249 541 2370 581 esse
2397 545 2562 582 unum
2603 531 2834 586 adorare
2859 532 3048 597 Deum,
3081 535 3172 586 ubi
3217 535 3448 602 primmn
3487 550 3617 588 cou-

2043 617 2254 672 venerit
2278 635 2440 673 unam
2469 636 2588 676 esse
2614 621 2899 686 deitatem,
2941 625 3044 680 nisi
3090 626 3236 694 quis,
3273 643 3396 680 cum
3433 626 3616 682 surdis

2045 707 2276 762 auribus
2303 711 2372 762 sit
2405 710 2542 776 ipse,
2577 720 2636 764 ιιι
2667 712 2964 768 ludibrium
2990 725 3044 770 et
3073 715 3365 770 ridiculum
3405 731 3464 770 se
3505 727 3616 769 tra-

2042 797 2172 854 dere
2207 799 2338 854 velit
2372 801 2542 856 totius
2573 801 2678 858 lori
2715 804 2982 860 irrisioni.

2111 986 2178 1040 ll.
2237 985 2370 1051 Quae
2439 987 2485 1042 si
2555 1001 2816 1042 concessa
2892 999 3094 1054 erunt.
3165 989 3410 1045 secundo
3497 991 3617 1046 loco

2039 1093 2366 1146 quaeramus.
2415 1092 2546 1132 num
2603 1078 2802 1132 divina!
2853 1080 3108 1136 Ecclesia:
3165 1081 3358 1150 dogma
3429 1081 3617 1148 vulga-

2041 1175 2156 1220 tum
2202 1177 2580 1221 transcurrere
2633 1179 2890 1238 tanquam
2939 1170 2994 1222 in
3033 1179 3216 1226 monte
3263 1171 3492 1240 positam
3527 1171 3616 1224 lu-

2041 1272 2286 1322 cernam,
2311 1269 2368 1312 et
2403 1257 2599 1314 deinde
2625 1259 2810 1316 dicere
2844 1261 3008 1314 liceat
3055 1262 3206 1316 cerni
3239 1275 3401 1329 posse
3451 1275 3613 1314 unam

2039 1351 2182 1406 hanc
2215 1359 2269 1404 et
2299 1350 2468 1406 solam
2509 1353 2806 1406 increatam
2843 1351 3128 1408 Deitalem.
3159 1349 3214 1407 Si
3247 1353 3362 1407 haec
3388 1367 3494 1407 una
3519 1352 3614 1406 lux

2039 1445 2132 1500 illa
2157 1459 2374 1514 semper
2397 1447 2612 1508 lucens,
2647 1447 3070 1512 inaccessibilis,
3119 1446 3456 1514 sempiterna
3491 1453 3610 1508 est,

2040 1537 2236 1606 dOgma
2270 1538 2372 1592 hoc
2407 1537 2664 1592 Ecclesia:
2697 1541 2972 1609 vulgatum
3017 1547 3102 1594 est
3153 1537 3410 1608 idemque
3439 1554 3468 1590 a
3504 1537 3614 1590 Deo

2041 1639 2232 1684 nostro
2255 1639 2308 1684 et
2341 1629 2626 1685 Salvatore
2655 1630 2784 1684 Jesu
2813 1629 3040 1686 Christo
3069 1632 3300 1700 ejusque
3329 1627 3616 1696 discipulis

2041 1723 2202 1777 nobis
2221 1723 2502 1788 traditum,
2529 1722 2696 1778 Deum
2737 1737 2964 1778 cernere
2987 1737 3148 1792 posse
3179 1723 3456 1777 neminem
3505 1719 3611 1774 nisi

2041 1829 2141 1882 per
2162 1813 2414 1883 symbola
2426 1821 2480 1866 et
2503 1821 2658 1883 typos
2676 1828 3022 1882 corpoream
3038 1815 3202 1870 Nemo
3224 1815 3394 1880 enim,
3413 1813 3616 1882 inquit,

2041 1907 2210 1960 Deum
2242 1904 2400 1970 vidit,
2437 1921 2616 1974 neque
2651 1913 2830 1974 potest
2857 1907 3148 1976 quisquam
3177 1922 3301 1961 eum
3339 1905 3548 1959 videre.
3587 1924 3605 1956 ι

2038 1997 2194 2066 Quod
2217 1999 2482 2054 Dominus
2505 1998 2618 2066 ipse
2643 1999 3001 2068 proclamavit
3029 2009 3084 2054 ct
3107 2001 3396 2054 conﬁrmat
3427 2013 3615 2052 rursus

2041 2099 2266 2146 sanctus
2292 2089 2488 2142 Paulus
2515 2090 2609 2160 qui
2655 2090 2828 2144 dicit:
2873 2109 2892 2140 ι
2938 2091 2992 2144 Si
3019 2092 3144 2158 quis
3185 2091 3340 2144 vobis
3382 2103 3617 2158 evange-

2041 2182 2290 2237 lizavcrit
2319 2189 2518 2252 praeter
2541 2181 2592 2234 id
2625 2180 2772 2250 quod
2799 2179 3114 2250 accepistis,
3149 2182 3434 2234 anathema
3462 2180 3550 2234 sit.
3589 2197 3612 2230 ι

2043 2275 2186 2330 Dicit
2227 2285 2412 2328 autem
2456 2272 2546 2328 ille
2587 2272 2722 2342 ipsis
2777 2271 2866 2327 bis
2895 2272 3080 2326 verbis
3113 2270 3444 2324 adorandam
3495 2284 3618 2324 esse

2047 2367 2350 2422 increatam
2385 2364 2656 2418 Deitatem
2689 2365 2950 2420 et‘lucem
2997 2378 3162 2418 unam
3205 2363 3258 2417 in
3293 2363 3455 2417 trinis
3489 2362 3622 2417 sub—

2045 2456 2479 2528 stantiisJAOS
2504 2471 2737 2526 eamque
2771 2456 3110 2512 invisibilem
3155 2471 3279 2512 esse
3307 2471 3412 2510 non
3443 2457 3620 2510 solum

2045 2549 2391 2616 hominibus,
2423 2549 2518 2604 sed
2543 2551 2708 2604 etiam
2739 2551 2874 2619 ipsis
2895 2549 3286 2620 angelis.Quis
3311 2549 3478 2619 igitur
3513 2561 3622 2604 tam

2050 2644 2378 2700 temerarius
2415 2644 2524 2698 erit
2560 2651 2818 2711 tantaque
2861 2643 3100 2698 amentia
3147 2652 3366 2712 captus,
3404 2654 3462 2696 ut
3495 2658 3622 2696 cum

2049 2745 2314 2790 creatura:
2349 2733 2653 2788 invisibiles
2707 2733 2856 2797 sint,
2907 2733 3032 2788 dico
3080 2735 3340 2800 angelos,
3373 2733 3622 2794 animas.

2051 2827 2348 2890 datmones,
2381 2823 2698 2880 hominibus
2729 2823 2918 2880 dicere
2947 2823 3148 2878 audeat
3175 2824 3448 2878 visibilem
3499 2839 3621 2878 esse

2049 2928 2304 2976 naturam
2335 2917 2430 2973 Dei
2457 2917 2552 2987 qui
2583 2929 2782 2972 cuncta
2811 2917 3124 2986 procreavit
3151 2915 3175 2968 ?
3201 2917 3390 2986 Neque
3441 2917 3620 2972 solum

379 3008 494 3076 μᾷν
543 3005 743 3076 ὀρατὴν
775 3002 916 3060 εἶναι
943 3005 1042 3076 τὴν
1071 3007 1236 3074 φύσιν
1282 3023 1377 3058 του
1410 3007 1520 3060 τῶν
1565 3007 1822 3061 ἁπάντων
1849 3006 1946 3074 δη-

2053 3015 2110 3070 in
2133 3011 2514 3070 misericordia
2537 3023 2724 3068 nostra
2759 3020 2816 3066 et
2849 3009 3035 3066 multis
3069 3011 3325 3082 lacrymis
3357 3020 3478 3064 sunt
3527 3010 3622 3078 qui

381 3097 652 3167 μιουργοῦ
685 3098 859 3162 (tle-.06;
905 3099 996 3168 Μὴ
1037 3095 1132 3152 οὖν
1170 3101 1252 3152 ὅτι
1297 3098 1517 3168 θρήνων
1551 3097 1646 3150 καὶ
1693 3097 1948 3167 δακρύων

375 3191 538 3254 ἄξιον
585 3189 920 3258 παμπόλλων
977 3190 1208 3259 πάτριον
1245 3190 1426 3260 δόγμα
1480 3190 1577 3258 τῆς
1618 3187 1949 3258 Ἐκκλησιας

377 3277 668 3340 κινοῦντας
729 3281 843 3340 τοῖς
897 3279 1282 3340 ἀποστολικοῖς
1335 3277 1552 3348 ἐκείνης
1607 3277 1950 3348 ἀναθέμασιν

373 3371 612 3433 ἑαυτοὺς
641 3371 818 3424 ἑκοντὶ
848 3369 1132 3440 παρέχειν,
1168 3369 1303 3424 ἀλλά
1333 3371 1428 3424 καὶ
1461 3370 1658 3438 μανίας
1687 3369 1822 3437 ὁμοῦ
1853 3371 1950 3422 καὶ

377 3463 729 3532 ἠλιθιότητος
784 3463 948 3531 γέμει
999 3461 1229 3516 τοιαῦτα
1277 3461 1616 3530 λογίζεσθαι.
1665 3461 1790 3514 Ἐπὶ
1843 3463 1950 3532 γέιρ

379 3557 568 3608 πᾶσαν
589 3555 940 3606 διδασκαλίαν
969 3556 1064 3606 καλΙ
1095 3556 1278 3608 πᾶσαν
1309 3557 1548 3624 μάθησιν
1571 3557 1634 3608 ὲκ
1667 3558 1953 3624 προϋπαρ-

375 3645 589 3716 χούσης
613 3645 864 3712 γίνεσθαι
887 3645 1160 3713 φάσκουσι
1185 3646 1458 3714 γνώσεως.
1486 3649 1573 3698 Δεῖ
1603 3647 1712 3716 γὰρ
1746 3664 1956 3718 μαρτυ-

377 3743 510 3810 ρίας
543 3742 598 3792 ὲν
623 3745 734 3800 τοῖς
769 3739 1028 3803 τοιούτοις
1062 3741 1276 3804 ὲκείνας
1307 3741 1636 3810 προϐάλλειν
1669 3745 1750 3806 εις
1781 3743 1952 3812 προῦ-

379 3849 526 3885 πτον
556 3833 644 3884 καὶ
676 3830 1020 3899 σαφεστέραν
1053 3831 1289 3899 δήλωσιν
1322 3831 1431 3884 τῶν
1459 3831 1852 3902 ἀτελεστέρων,
1897 3831 1955 3886 αἳ

373 3925 452 3991 τῇ
481 3921 588 3976 τῶν
611 3923 974 3994 ἀνθρωπίνων
1001 3921 1311 3992 αἰσθήσεων
1341 3923 1406 3975 ὲκ
1441 3921 1662 3992 πρώτης
1689 3923 1958 3990 γενέσεως

383 4013 652 4084 συνηθείᾳ
691 4014 915 4066 κανόσιν
955 4011 1254 4074 ἀθανάτοις
1301 4013 1566 4082 μαθήσεις
1619 4011 1958 4082 ἡλικιώτιδ;ς

383 4109 656 4174 γίνονται,
691 4105 988 4158 κάντεῦθεν
1015 4105 1320 4174 ἀμοιὸαἱοις
1349 4105 1550 4174 τχνεσιν
1585 4105 1958 4175 ἀναγομένους

379 4197 668 4270 βαθμίδων
697 4198 854 4267 δίκην
886 4199 1006 4261 ταῖς
1052 4197 1194 4272 κο.τά
1241 4199 1443 4268 μικρὸν
1481 4197 1821 4266 ὑπαλλαγαϊς
1850 4197 1959 4250 τῶν

377 4291 670 4360 ἀναλόγων
708 4290 1056 4362 προσθέσεών
1085 4306 1144 4342 τε
1181 4290 1272 4342 καὶ
1311 4289 1654 4360 ὑφαιρέσεων
1690 4289 1960 4356 συμϐιδά-

381 4384 506 4448 ζειν
540 4381 632 4434 καὶ
663 4381 741 4448 τῷ
785 4379 883 4450 τῆς
913 4381 1227 4450 ἐπιστήμης
1259 4378 1390 4448 ἡλίῳ
1434 4379 1820 4451 καθαρώτερον
1857 4381 1957 4450 ᾔδη

381 4476 716 4544 προσάγειν,
765 4473 943 4546 χρεὼν
987 4472 1244 4540 διδακτῆς
1289 4469 1456 4538 οὔσης
1499 4473 1596 4540 τῆς
1648 4472 1958 4540 ἐπιστήμης

385 4571 866 4638 προῡπάρχουσαν
911 4561 1054 4620 εἶναι
1099 4565 1414 4633 λογίζεσθαι
1457 4565 1660 4633 γνῶσιν
1709 4566 1806 4634 τὴν
1848 4563 1958 4618 τῶν

387 4660 702 4731 αἰσθήσεων
741 4659 1122 4712 αὐτοδίδακτον
1152 4657 1376 4728 πρώτην
1411 4656 1738 4726 κατάληψιν,
1771 4654 1864 4724 ἀφ’
1891 4651 1960 4728 ἦς

389 4755 470 4818 ὡς
499 4756 564 4806 ἐκ
599 4753 826 4820 πρώτης
867 4751 1042 4820 ἀρχῆς
1075 4751 1172 4803 καὶ
1210 4753 1394 4821 πηγῆς
1425 4749 1474 4802 οἱ
1517 4750 1702 4818 πάσης
1733 4749 1960 4817 ἐπιστήι

391 4865 504 4919 μης
551 4845 920 4908 ἀποδλύζουσι
955 4843 1157 4914 ρύακες
1189 4843 1295 4896 τῶν
1329 4861 1386 4896 τε
1420 4845 1532 4906 τοῖς
1558 4843 1836 4911 αἰσθητοῖς
1869 4841 1962 4894 καὶ

385 4941 690 5006 διανοητοίς
745 4937 838 4990 καὶ
883 4939 1092 5006 νοητοῖς
1122 4935 1541 5005 ἐνυπαρχόντων
1581 4936 1724 5005 ὅρων
1753 4933 1846 4988 καὶ
1873 4933 1962 4986 λό-

383 5049 526 5098 γων.
560 5031 634 5082 Τὸ
667 5027 776 5098 γὰρ
803 5029 1016 5098 βλέπειν
1051 5029 1196 5096 ἡμᾶς
1233 5029 1324 5080 καὶ
1353 5025 1592 5090 ἀκούειν,
1617 5025 1710 5078 καὶ
1736 5023 1830 5077 νῦν
1863 5023 1962 5091 μὲν

383 5123 640 5192 γλυκέσιν
671 5122 764 5174 καὶ
795 5119 1007 5190 πικρῶν
1045 5119 1401 5174 αἰσθάνεσθαι
1435 5118 1524 5172 διὰ
1564 5117 1663 5186 τῆς
1695 5117 1964 5186 γεύσεως,

333 5253 340 5256 -
387 5215 490 5266 νῦν
517 5214 574 5265 δὲ
601 5214 848 5282 τραχέων
873 5229 932 5263 τε
985 5195 1078 5264 καλ
1105 5211 1262 5264 λείων
1291 5209 1378 5262 διὰ
1428 5209 1524 5278 τῆς
1553 5209 1718 5278 ἁφῆς,
1759 5209 1854 5260 καὶ
1882 5208 1964 5261 ὅτι

389 5304 600 5371 θερμὸν
631 5301 726 5354 καὶ
767 5301 1064 5354 καυστικδν
1098 5301 1156 5352 τὸ
1187 5299 1300 5368 πῦρ
1353 5303 1444 5352 καὶ
1477 5297 1686 5368 ψυχρὸν
1738 5301 1772 5368 ἡ
1806 5297 1961 5368 χιὼν,

387 5395 574 5449 κοιναί
601 5395 746 5446 εἰσιν
773 5392 974 5445 ἔννοιαι
1000 5397 1178 5446 πάντα
1199 5392 1300 5446 καὶ
1333 5391 1690 5444 αὐτοδίδακτα
1729 5393 1842 5452 τοῖς
1873 5391 1958 5442 αι-

389 5487 739 5556 σθητηρέοις.
777 5485 851 5536 Οὐ
887 5489 994 5553 γὰρ
1027 5479 1398 5553 διδασκόμεθα
1435 5481 1569 5550 παρ’
1603 5481 1814 5546 οὐδενὸς
1843 5481 1962 5552 βλέ-

467 5651 546 5718 (1)
579 5647 638 5699 ΕΞ
663 5644 823 5698 τιζτο
861 5641 915 5696 ἓν
949 5643 1085 5698 Cod.

2051 3109 2228 3178 patrio
2259 3105 2512 3175 dogmate
2541 3103 2794 3160 Ecclesia:
2827 3105 2952 3158 laeso
2994 3103 3354 3172 apostolicum
3393 3103 3623 3156 anathe-

2051 3211 2136 3250 ma
2171 3194 2390 3250 sibimet
2419 3193 2520 3262 ipsi
2543 3192 2938 3258 contraxerint;
2962 3193 3056 3248 sed
3089 3203 3238 3262 patet
3267 3194 3428 3248 etiam
3455 3193 3622 3246 multa

2049 3301 2148 3342 eos
2191 3287 2246 3340 in
2281 3286 2590 3340 temeritate
2639 3295 2696 3340 et
2727 3287 2970 3340 amentia
3005 3287 3234 3351 versari,
3287 3287 3488 3354 quippe
3529 3285 3624 3354 qui

2051 3389 2268 3430 omnem
2301 3374 2486 3429 dicant
2533 3373 2842 3430 doctrinam
2891 3384 2950 3430 et
2979 3390 3196 3430 omnem
3251 3375 3624 3444 cognitionum

2051 3467 2172 3522 ﬁeri
2226 3482 2294 3520 ex
2329 3476 2514 3522 nostra
2555 3467 2788 3534 ratione.
2831 3465 2966 3520 Nam
3014 3466 3068 3520 iu
3105 3466 3422 3534 huiusmodi
3463 3466 3626 3520 rebus

2055 3557 2126 3612 iis
2161 3558 2424 3612 utendum
2461 3569 2546 3612 est
2581 3556 2916 3612 tcStimoniis
2948 3555 3016 3610 ad
3045 3557 3392 3624 conspicuam
3419 3565 3476 3612 et
3517 3557 3626 3624 pla-

2055 3651 2264 3706 niorem
2297 3649 2638 3704 intinitorum
2669 3649 3084 3713 revelationem,
3111 3663 3232 3718 qum
3261 3664 3326 3701 ex
3357 3648 3626 3700 humano-

2057 3759 2176 3798 rum
2209 3757 2470 3798 sensuum
2519 3741 2647 3796 inde
2697 3758 2726 3796 a
2787 3741 2981 3807 primis
3033 3757 3062 3794 a
3115 3723 3348 3808 pueritia
3391 3724 3628 3792 motibus

2057 3836 2455 3890 consuetudine
2489 3835 2836 3903 cognitiones
2865 3833 3098 3888 evadant
3123 3831 3521 3888 immortalibus
3547 3848 3628 3884 re-

2057 3927 2198 3997 gulis
2224 3927 2486 3996 aequales.
2519 3925 2728 3980 Deinde
2761 3925 3226 3994 progrediendum
3283 3935 3366 3977 est
3417 3925 3628 3976 alterno

2059 4019 2290 4087 vestigio
2319 4017 2588 4088 gradatim
2631 4029 2688 4072 et
2740 4017 2794 4069 in
2835 4017 3079 4084 analogis
3121 4017 3384 4070 addendis
3429 4025 3484 4067 et
3535 4016 3624 4068 ιιι·-

2061 4111 2274 4164 mendis
2313 4107 2754 4164 concludendum
2787 4123 2855 4160 ex
2895 4107 3108 4178 exiguis
3135 4123 3254 4176 qua:
3285 4109 3580 4161 interceda:
3609 4115 3629 4159 t

2060 4199 2408 4264 dili‘erentiis,
2441 4209 2494 4254 et
2531 4209 2590 4254 ut
2622 4200 2868 4254 scientia:
2891 4200 2972 4254 Sol
2999 4201 3200 4256 clarior
3224 4199 3335 4266 ﬁat,
3367 4201 3628 4268 quoniam

2063 4291 2292 4349 scientia
2325 4291 2510 4348 doceri
2543 4302 2745 4362 potest,
2785 4293 3166 4348 demonstrare
3193 4309 3334 4362 epos
3384 4301 3466 4348 cst
3499 4294 3632 4346 sub-

1991 4364 2182 4438 Desse
2215 4383 2506 4448 rationem,
2559 4397 2821 4438 sensuum
2871 4387 3148 4454 propriam
3199 4398 3262 4436 ac
3301 4381 3632 4448 primitivam

2065 4475 2498 4544 perceptionem.
2533 4474 2576 4528 E
2601 4491 2710 4544 qua
2759 4485 3018 4542 tanquam
3065 4491 3096 4528 e
3128 4475 3301 4543 prima
3331 4472 3538 4540 origine
3571 4485 3633 4524 ac

2065 4567 2216 4620 fonte
2247 4565 2492 4619 scientiae
2539 4565 2718 4619 oumis
2773 4566 3066 4632 prosiliunt
3113 4565 3272 4616 rivuli
3302 4573 3356 4618 et
3397 4564 3468 4616 iis
3513 4577 3634 4630 qua:

2068 4655 2447 4725 percipiuntur
2473 4695 2489 4718 ,
2537 4655 2851 4724 cOgitantur
2876 4695 2890 4718 ,
2928 4664 3358 4724 cognoscuntur,
3403 4656 3486 4708 sul
3509 4664 3631 4710 sunt

2067 4748 2256 4816 prium
2283 4746 2446 4818 406
2471 4747 2719 4802 notiones
2735 4757 2791 4800 et
2815 4746 3040 4800 notitiai.
3065 4745 3200 4799 Nam
3224 4745 3366 4814 quod
3390 4745 3635 4799 ridemus

2067 4853 2168 4890 nos
2191 4845 2248 4892 et
2277 4839 2552 4904 audimus,
2591 4838 2752 4892 modo
2781 4838 2962 4906 palato
2987 4837 3166 4892 dulcia
3211 4847 3264 4891 et
3293 4853 3476 4892 alliara
3513 4853 3638 4903 per-

2065 4931 2320 4998 cipimus,
2347 4932 2510 4986 modo
2534 4945 2727 4999 aspera
2753 4941 2809 4985 et
2837 4931 2976 4985 levia
3001 4939 3166 4994 tactu,
3187 4931 3406 5000 etquod
3427 4931 3640 4986 calidus

2065 5031 2121 5078 et
2149 5024 2350 5078 ardens
2385 5024 2524 5093 ignis
2547 5034 2651 5085 est.
2691 5023 2780 5078 nix
2809 5023 3026 5114 frigida,
3077 5025 3458 5094 perceptiones
3489 5043 3636 5080 com-

2069 5131 2264 5170 munes
2295 5125 2422 5170 sunt
2453 5127 2506 5170 et
2567 5117 2800 5186 propriae
2849 5134 3132 5172 sensuum.
3175 5119 3364 5187 Neque
3412 5117 3560 5172 enim
3605 5133 3638 5170 ει

2065 5220 2340 5274 quoquam
2373 5205 2670 5260 edocemur
2717 5207 2906 5262 videre
2961 5217 3016 5262 et
3070 5208 3260 5263 audire
3305 5219 3398 5264 aut
3459 5211 3636 5277 ignem

2065 5297 2284 5360 ardere,
2313 5295 2512 5365 frigere
2535 5299 2740 5358 nivem.
2775 5301 2878 5354 mel
2915 5300 3076 5354 dulce
3107 5315 3250 5356 esse.
3293 5301 3399 5354 Sua
3443 5311 3638 5370 speme

2063 5389 2212 5445 enim
2247 5403 2442 5444 sensus
2465 5389 2530 5444 ad
2553 5391 2658 5445 alia
2685 5390 2933 5454 inclinat,
2964 5393 3066 5446 alia
3103 5393 3262 5463 fugit,
3295 5393 3440 5447 nulla
3465 5391 3634 5446 ascita

2064 5481 2392 5552 geometrica
2426 5482 2758 5538 necessitate
2790 5484 2871 5538 vel
2923 5485 3030 5540 alia
3057 5486 3302 5556 qualibet
3346 5497 3635 5554 argumen-
