3994 6204
384 270 495 336 359

1580 255 1997 323 NICEPHORI
2035 253 2418 321 σιιΕσοιιίΕ

3522 238 3629 309 360

390 386 623 442 talione.
656 379 748 439 Sic
782 379 927 436 enim
982 380 1127 435 Deus
1149 375 1387 459 universi
1426 381 1748 446 procreator
1800 355 1958 428 initio

2082 389 2189 428 πτειν
2211 372 2243 442 ἢ
2264 368 2540 436 ἁκούειν,ἢ
2563 367 2644 421 ὅτι
2666 365 2812 419 καίει
2843 362 2904 418 τὸ
2927 359 3041 433 πῦρ
3069 358 3163 414 καὶ
3184 357 3390 429 ψυκτδν
3415 357 3449 429 ἠ
3473 360 3628 429 χιὼν,

391 474 676 532 distribuit
732 481 790 529 et
840 471 1028 542 injecit
1086 479 1294 523 naturae
1349 466 1557 521 semina
1596 466 1698 520 has
1749 463 1960 519 radices

391 565 725 637 primitivas,
756 564 1104 617 fundamenta
1139 559 1443 615 certissima
1479 559 1532 612 in
1570 558 1799 612 scientia
1824 571 1961 625 qua-

329 664 335 671 '
391 669 610 724 cunque
666 651 1176 724 comprehendenda
1206 660 1262 706 et
1310 649 1758 705 demonstranda.
1802 645 1960 703 Unde

393 742 598 800 invicta
632 753 689 800 et
712 744 798 797 vel
835 742 1067 796 maxime
1094 741 1311 796 stabilia
1348 741 1592 795 veritatis
1642 746 1960 810 argumenta

394 844 678 904 petuntur.
705 833 837 887 Nam
871 840 1318 902 argumentorum
1354 829 1546 885 dicunt
1578 829 1847 899 principia
1865 843 1962 900 per

393 941 453 979 se
482 924 683 979 debere
712 938 832 978 esse
858 922 1004 987 data,
1046 930 1100 976 et
1138 937 1261 992 qua:
1306 937 1402 990 per
1429 937 1487 976 se
1518 920 1679 975 ﬁdem
1727 919 1964 975 habeant

392 1025 449 1071 et
481 1016 703 1070 omnino
728 1014 882 1069 ﬁrma
908 1016 1021 1069 sint
1066 1020 1121 1067 et
1148 1013 1474 1082 quibuscum
1508 1012 1723 1083 singula
1776 1011 1962 1065 omnia

389 1108 783 1170 consentiant,
840 1107 994 1176 quasi
1044 1121 1167 1159 cum
1219 1105 1305 1159 his
1360 1105 1540 1159 omnia
1598 1102 1962 1167 consentiant;

391 1199 546 1267 quasi
594 1198 805 1252 ratione
857 1197 1196 1268 instigatrice
1246 1197 1482 1265 quadam
1532 1195 1685 1247 ﬁrma
1714 1208 1776 1247 ac
1812 1199 1961 1247 certa

393 1287 566 1340 innixi
598 1286 908 1356 philosophi
938 1297 1196 1356 tanquam
1231 1286 1334 1340 sub
1366 1286 1480 1339 sole
1511 1286 1578 1338 ab
1605 1285 1725 1337 luce
1766 1282 1822 1336 iu
1871 1298 1964 1336 ar-

391 1376 763 1444 gumentando
813 1375 1130 1443 protrahere
1186 1375 1397 1443 possint
1453 1373 1520 1426 ad
1575 1373 1839 1444 cujusque
1882 1371 1959 1427 rei

392 1481 576 1519 veram
612 1465 1017 1531 necessitatem,
1038 1466 1148 1519 vim
1173 1465 1441 1519 veritatis.

2066 466 2161 519 καὶ
2187 465 2247 517 τὸ
2291 464 2413 534 μέλι
2438 458 2635 531 γλυκύ.
2682 458 2915 513 Αὑτόθεν
2945 455 3052 525 γὰρ
3082 454 3116 524 ἠ
3143 450 3399 519 αἴσθησις
3434 449 3503 503 τὰ
3530 451 3632 520 μὲν

2066 556 2372 628 προσίεται,
2398 554 2469 607 τὰ
2500 553 2544 606 δ’
2572 551 2891 606 ἀποσείεται
2937 548 3060 614 δίχα
3108 543 3255 607 τινὸς
3305 542 3629 599 ἐπεισάκτου

2065 647 2452 718 γεωμετρικῆς
2497 645 2744 714 ἀνάγκης
2777 641 2873 695 καὶ
2900 639 3028 709 δίχα
3058 633 3474 702 συλλογιστικῆς
3500 636 3632 687 ἀπο-

2064 736 2287 801 δείξεως
2322 731 2738 804 οίασδηποτοῦν,
2777 726 2872 782 τοῦ
2922 720 3260 795 δημιουργοῦ
3314 720 3450 774 Θεοῦ
3502 735 3636 774 παν-

2064 823 2244 891 σόφως
2282 815 2850 890 προοικονομήσαντός
2890 829 2950 867 τε
2994 809 3087 864 καὶ
3116 807 3517 881 προῦποθὲντος
3565 810 3631 876 τῇ

2064 914 2227 984 φύσει
2252 910 2645 982 σπερματικῶς
2675 907 2877 963 οὑτωσὶ
2897 905 2996 966 τὰς
3024 903 3281 961 τοιαύτας
3305 899 3635 968 ἀρχεγόνους

2068 1006 2248 1078 ῥίζας,
2275 1006 2488 1076 ἐφόδιον
2537 1001 2830 1073 κράτιστον
2859 1001 2978 1061 ταῖς
3012 995 3467 1064 ὲπιστημονικαῖς
3503 989 3633 1060 ἑξῆς

2076 1100 2316 1158 ἀπάσαις
2364 1096 2606 1166 μεθόδοις
2668 1095 2760 1147 καὶ
2819 1088 3179 1153 ἀποδείξεσιν,
3211 1087 3268 1149 ἐξ
3303 1079 3377 1137 ῶν
3403 1084 3452 1139 οἱ
3493 1083 3632 1133 ἀκα-

2066 1187 2375 1256 ταμάχητοι
2403 1182 2498 1237 καὶ
2518 1179 2966 1235 δυσαντίϐλεπτοι
2995 1174 3229 1242 μάλιστα
3255 1171 3357 1240 τῆς
3377 1168 3635 1239 ἀληθείας

2070 1276 2431 1348 περατοῦνται
2463 1270 2835 1340 συλλογισμοί.
2867 1271 2989 1321 Δεῖν
3015 1266 3123 1335 γὰρ
3158 1260 3302 1317 εἶναι
3329 1262 3426 1322 τὰς
3457 1259 3634 1327 ἀρχὰς

2074 1372 2184 1423 τῶν
2214 1368 2593 1435 συλλογισμῶν
2626 1362 3039 1422 αὑτοδιδάκτους
3079 1357 3175 1410 καὶ
3216 1356 3445 1409 αὐτόθεν
3482 1350 3636 1421 Exci-

2071 1478 2169 1524 σας
2200 1461 2261 1513 τὸ
2291 1459 2481 1512 πιστὸν
2510 1458 2615 1510 xal'
2634 1454 3026 1524 ἀναντίρρητον
3058 1444 3334 1515 πανταχοῦ
3383 1443 3477 1495 καὶ
3509 1440 3638 1501 διί-

394 1552 552 1625 λοτον
583 1558 643 1623 ἐξ
667 1557 921 1611 ἀπάντων
954 1556 1484 1627 τδσυγκεχωρηκδςο
1513 1554 1590 1618 ὥς
1648 1555 1714 1610 ἂν
1777 1555 1836 1621 ἐξ
1896 1553 2239 1626 ὁρμητηρίου
2273 1551 2495 1624 βεϐαίου
2526 1551 2621 1604 καὶ
2676 1544 2951 1617 ἀσφαλοῦς
3000 1545 3119 1604 ταῖς
3146 1540 3254 1593 τῶν
3299 1538 3480 1606 σοφῶν
3510 1535 3641 1586 ἁπαι-

394 1649 698 1710 δεικτικαῖς
728 1650 939 1715 φωναῖς
983 1663 1045 1700 τε
1111 1649 1208 1700 καὶ
1246 1646 1519 1714 γλώτταις
1589 1648 1941 1717 κινουμέναις
2007 1648 2295 1716 ἀγώγιμον
2346 1646 2420 1709 ῶς
2490 1643 2582 1713 ὑφ’
2634 1641 2770 1712 ἡλίῳ
2809 1641 2904 1694 καὶ
2938 1636 3076 1704 qui-tl
3119 1634 3280 1703 μέχρι
3320 1629 3413 1682 τοῦ
3440 1628 3640 1697 πρςσή·
3744 1673 3755 1681 .

398 1755 587 1802 κοντος
614 1738 832 1808 ἑκάστῳ
878 1736 1305 1807 συμεράσματος
1344 1739 1405 1790 τδ
1451 1739 1551 1809 τῆς
1583 1738 1842 1807 ἀληθείας
1885 1737 1969 1809 εἴη
2007 1737 2375 1809 πορευόμενον
2396 1734 2634 1803 ευγενές.

468 1831 556 1886 ill.
619 1831 727 1887 Sed
785 1838 847 1885 ut
904 1830 1168 1899 exemplis
1202 1830 1385 1915 tribus
1434 1832 1523 1886 vel
1574 1840 1808 1900 quatuor
1852 1831 1971 1884 illu-

2151 1832 2225 1886 Γ¹.
2263 1831 2370 1884 Καὶ
2400 1830 2466 1883 ἵν’
2495 1827 2851 1896 ὑποδείγμασι
2877 1821 3024 1895 τρισὶ
3051 1819 3144 1873 καὶ
3174 1816 3398 1885 τέτρασι
3428 1810 3642 1865 διαλευ-

397 1933 644 1981 strcntur
663 1939 785 1993 quae
816 1923 961 1978 dicta
986 1930 1138 1987 sunt,
1162 1921 1308 1977 dicat
1331 1939 1476 1977 nunc
1505 1924 1760 1993 magister
1783 1933 1972 1978 noster

399 2031 629 2086 magnus
689 2014 781 2069 ille
841 2013 1096 2069 Ecclesiae
1150 2012 1357 2084 pharus
1410 2013 1702 2085 Dionysius
1752 2014 1845 2084 qui
1904 2029 1974 2068 ex

400 2110 467 2162 iis
498 2122 618 2176 quae
641 2106 1023 2177 percipiuntur
1045 2105 1299 2159 sensibus
1321 2113 1376 2159 et
1393 2120 1489 2174 per
1513 2120 1573 2160 se
1593 2105 1751 2159 fidem
1774 2105 1979 2159 habent

398 2210 455 2255 et
509 2215 632 2254 cum
676 2197 837 2267 407
895 2196 1151 2251 omnibus
1208 2197 1603 2259 consentiunt,
1653 2203 1976 2265 argumenta

399 2291 559 2344 nobis
584 2288 807 2357 praebet.
834 2284 937 2351 Qui
961 2286 1091 2339 dum
1117 2285 1314 2340 docere
1348 2285 1467 2338 vult
1500 2284 1665 2339 Deum
1699 2300 1821 2340 esse
1846 2283 1976 2337 ubi-

401 2397 507 2451 que
536 2382 779 2435 locorum
811 2388 867 2433 et
917 2378 970 2430 in
1002 2377 1168 2432 rebus
1213 2376 1493 2440 omnibus,
1526 2385 1582 2429 ut
1609 2376 1771 2430 etiam
1812 2376 1978 2430 dece-

401 2474 514 2537 bat,
547 2472 849 2527 rationibus
868 2468 1253 2525 communibus
1275 2478 1468 2539 etquaa
1492 2468 1748 2524 omnibus
1775 2478 1979 2538 aperta:

402 2575 535 2622 sunt
570 2565 743 2618 utitur
792 2563 858 2617 ad
914 2561 1238 2616 illustranda
1293 2575 1358 2616 ea
1407 2575 1531 2630 quae
1565 2574 1731 2630 supra
1783 2574 1980 2615 sensus

404 2659 581 2730 posita
611 2664 760 2711 sunt.
795 2673 815 2707 ι
853 2651 1320 2720 Quemadmodum
1344 2652 1512 2716 enim,
1536 2650 1735 2721 inqiiit,
1771 2651 1822 2704 in
1849 2665 1981 2706 cen-

407 2758 492 2803 tro
516 2760 708 2802 omnes
737 2744 928 2801 circuli
958 2742 1094 2797 radii
1124 2742 1180 2796 in
1202 2756 1369 2795 unum
1396 2751 1619 2820 coeunt,
1642 2751 1697 2796 et
1729 2750 1978 2796 centrum

404 2851 598 2892 omnes
637 2834 692 2889 in
716 2849 775 2889 se
825 2832 1011 2888 radios
1040 2831 1165 2886 illos
1208 2831 1532 2902 conjunctos
1589 2840 1738 2885 tenet
1769 2832 1982 2885 ratione

409 2929 637 2984 unitatis
668 2943 780 2982 non
816 2926 1001 2980 minus
1030 2924 1176 2978 inter
1203 2938 1263 2978 se
1304 2937 1467 2992 quam
1513 2922 1579 2976 ad
1633 2937 1801 2975 unum
1837 2923 1984 2976 unde

408 3028 784 3092 provenerunt
814 3015 1172 3087 principium,
1199 3015 1268 3069 ita
1293 3030 1325 3070 e
1352 3015 1463 3068 Deo
1491 3022 1546 3067 et
1574 3013 1628 3067 in
1666 3014 1775 3069 Deo
1801 3014 1981 3068 omnia

408 3114 635 3169 omnino
684 3110 980 3179 conjuncta
1037 3116 1089 3163 et
1128 3107 1183 3162 in
1236 3108 1447 3161 unitate
1484 3106 1878 3176 comprehensa
1929 3115 1984 3161 et

2077 1922 2304 1992 κανθείη
2362 1922 2428 1973 τὰ
2481 1917 2771 1989 εἰρημένα,
2821 1911 3130 1985 προκείσθω
3187 1908 3279 1961 νῦν
3324 1902 3643 1964 διδάσκαλος

2080 2015 2212 2084 ἡμῖν
2236 2014 2262 2062 ὁ
2301 2013 2473 2082 μέγας
2499 2014 2598 2080 τῆς
2642 2007 2970 2078 Ἐκκλησίας
3002 2000 3227 2072 φωστὴρ
3257 1995 3643 2060 Διονύσιος,ίὲκ

2079 2104 2188 2158 τῶν
2226 2106 2294 2173 τῇ
2337 2101 2588 2170 αἰσθήσει
2630 2096 2924 2168 γνωρίμων
2969 2095 3060 2148 καὶ
3097 2090 3323 2144 αὐτόθεν
3349 2087 3410 2140 τὸ
3454 2085 3644 2137 πιστὸν

2083 2196 2320 2264 ἐχόντων
2347 2194 2440 2244 καὶ
2475 2192 2679 2245 ἅπασιν
2711 2185 3152 2257 ὡμολογημένων
3199 2182 3259 2235 τὸ
3287 2192 3644 2247 συγκεχωρη·

2082 2286 2178 2348 ab;
2227 2285 2511 2355 παριστῶν
2560 2282 2623 2336 τὺ
2675 2282 3031 2353 ζητούμενον.
3065 2275 3248 2329 Θέλων
3289 2271 3400 2341 γὰρ
3434 2267 3646 2330 διδάξαι

2084 2377 2359 2449 πανταχοῦ
2388 2378 2478 2429 τὸν
2500 2374 2631 2427 Θεὸν
2658 2367 2802 2427 εἶναί
2836 2388 2897 2424 τε
2922 2369 3017 2423 καὶ
3042 2368 3107 2440 [ί.
3138 2365 3237 2420 165
3272 2362 3346 2435 ii.)
3377 2363 3512 2415 πᾶσι
3551 2375 3647 2449 p.5-

2084 2447 2300 2527 θεκτὸν,
2325 2464 2399 2527 ὡς
2434 2463 2628 2530 ἐκείνῳ
2674 2459 2958 2530 προσήκει,
2994 2457 3113 2518 ταῖς
3141 2452 3347 2514 κοιναῖς
3382 2450 3477 2502 καὶ
3510 2447 3646 2500 πᾶσι

2088 2556 2378 2627 προδήλοις
2406 2553 2639 2616 ἐννοίαις
2667 2552 2800 2622 πρὸς
2834 2548 2932 2621 τὴν
2956 2546 3064 2602 τῶν
3091 2545 3231 2617 ὑπὲρ
3255 2541 3510 2611 αἴσθησιν
3554 2537 3645 2590 κέ-

2085 2666 2286 2722 χρηται
2326 2648 2578 2720 δήλωσιν.
2635 2665 2654 2699 ι
2688 2646 2901 2715 Ὥσπερ
2929 2642 3037 2712 γὰρ
3084 2643 3142 2694 ὲν
3168 2639 3398 2707 κέντρῳ,
3433 2653 3451 2687 ι
3484 2632 3645 2702 φησι,

2092 2756 2112 2790 ι
2166 2739 2338 2790 πᾶσαι
2375 2738 2432 2788 αί
2463 2735 2557 2788 τοῦ
2589 2733 2791 2787 κύκλου
2823 2728 3084 2800 γραμμαὶ
3118 2727 3259 2778 κατὰ
3288 2724 3417 2793 μίαν
3451 2722 3646 2773 ἕνωσιν

2087 2830 2547 2900 συνυφεστήκασι,
2578 2826 2670 2879 καὶ
2686 2826 2865 2885 πάσας
2892 2823 3003 2891 ἔχει
3026 2820 3088 2872 τὸ
3112 2819 3338 2886 κέντρον
3372 2815 3429 2865 ὲν
3466 2807 3648 2878 ἑαυτῷ

2090 2918 2189 2982 τὰς
2214 2899 2430 2978 εὐθείας
2459 2912 2707 2974 ἑνοειδῶς
2737 2911 3025 2983 ἡνωμένας
3050 2906 3187 2976 πρός
3212 2920 3273 2955 τε
3295 2899 3531 2971 ἀλλήλας
3555 2900 3650 2950 καὶ

2091 3010 2233 3079 πρὸς
2262 3007 2360 3076 τὴν
2411 3007 2547 3076 μίαν,
2569 3004 2744 3072 ἀρχὴν
2778 3001 2873 3069 ἀφ’
2917 2995 2987 3070 ἧς
3020 2995 3314 3069 προῆλθον,
3366 2992 3540 3054 οὕτως
3582 2991 3650 3042 ὲκ

2090 3098 2227 3151 Θεοῦ
2258 3098 2351 3151 καὶ
2378 3099 2435 3149 ὲν
2469 3095 2588 3164 Θεῷ
2610 3094 2681 3147 τὰ
2707 3093 2837 3146 ὄντα
2870 3091 3047 3144 πάντα
3079 3086 3522 3155 συνειλημμένως
3551 3082 3649 3134 καὶ

409 3204 640 3258 invicem
677 3176 805 3256 sibi
838 3199 1086 3270 opposita
1118 3207 1265 3254 sunt.
1299 3216 1318 3249 ι
1352 3197 1604 3252 Rursus:
1644 3215 1663 3249 ι
1707 3196 1978 3264 Quemad-

2083 3190 2301 3253 ὲνιαίως
2327 3188 2452 3252 εἰσὶ,
2487 3187 2579 3240 καὶ
2607 3186 2676 3238 τὰ
2703 3184 2953 3255 ἀλλήλοις
2978 3181 3220 3235 ἐναντία.
3258 3196 3276 3230 ι
3308 3178 3419 3231 Καὶ
3457 3176 3647 3238 πάλιν,

410 3296 635 3350 modum
669 3309 773 3348 vox
799 3309 905 3347 una
937 3292 1243 3362 eademque
1292 3291 1361 3345 ab
1404 3291 1628 3346 auribus
1680 3291 1978 3345 multorum

2089 3302 2108 3335 ι
2123 3282 2337 3352 Ὠσπερ
2359 3280 2509 3351 φωνὴ
2534 3278 2631 3349 μία
2650 3277 2803 3347 καὶ-η
2827 3275 2968 3347 αὑτὴ
2985 3275 3121 3346 πρὸς
3146 3270 3355 3325 πολλῶν
3369 3267 3547 3322 ἀκοῶν
3572 3266 3652 3330 ῶς

412 3396 474 3443 ιιι
503 3402 610 3441 una
642 3385 966 3456 percipitur,
1010 3384 1086 3437 ita
1125 3383 1263 3437 Deus
1292 3397 1434 3437 unus
1470 3391 1526 3437 et
1559 3383 1878 3436 individuus
1928 3382 1978 3436 in

2088 3376 2189 3446 μία
2224 3375 2540 3444 μετέχεται,
2573 3369 2717 3424 οὕτω
2743 3369 2838 3422 καὶ
2864 3371 2892 3419 ὁ
2916 3367 3051 3429 Θεὸς
3080 3360 3161 3426 εἷς
3190 3361 3266 3416 ῶν
3305 3363 3399 3415 καὶ
3437 3362 3656 3429 ἀμερὴς

413 3480 479 3533 iis
507 3453 777 3547 qum—per
822 3491 881 3530 se
911 3476 1086 3529 divisa
1132 3483 1301 3538 sunt,
1335 3483 1396 3527 ut
1446 3472 1766 3527 individuus
1810 3481 1913 3527 est.
1956 3491 1974 3524 ι

2084 3468 2189 3520 ὑπὸ
2211 3468 2319 3518 τῶν
2337 3463 2611 3535 μεριστῶν
2635 3462 2946 3534 ἀμερίστως
2975 3458 3318 3529 μετέχεται.ι
3333 3455 3439 3507 Καὶ
3460 3453 3650 3516 πάλιν,

412 3543 713 3625 Rursuszl
743 3567 1217 3634 Quemadmodum
1240 3565 1404 3635 sigilli
1436 3565 1600 3619 unius
1632 3564 1784 3633 signa
1826 3564 1978 3634 plura

2089 3559 2337 3627 «Ὥσπερ
2369 3556 2663 3628 σφραγῖδος
2694 3556 2821 3624 μιᾶς
2843 3549 3212 3620 ἐκτυπὼματι
3233 3545 3403 3601 πολλά
3431 3543 3656 3616 μετέχει

412 3661 716 3731 respiciunt
749 3660 816 3714 ad
861 3658 1100 3729 sigillum
1158 3659 1511 3728 archetypum
1563 3656 1725 3724 idque
1780 3655 1835 3708 in
1869 3656 1985 3709 sin-

413 3754 556 3822 gulis
581 3752 753 3822 signis
774 3750 1046 3817 expressi,
1082 3758 1257 3803 totum
1284 3756 1510 3818 apparet
1538 3757 1594 3802 et
1618 3746 1782 3810 idem,
1806 3761 1985 3815 neque

415 3844 524 3897 ulla
550 3843 603 3895 in
628 3851 783 3911 parte
814 3850 873 3895 ut
900 3839 1207 3904 dividuum,
1250 3839 1325 3893 ita
1355 3839 1423 3893 ad
1461 3840 1628 3893 Deum
1660 3840 1842 3893 omnia
1901 3854 1988 3893 re-

412 3934 708 4004 spiciunt.)
742 3933 1023 3987 Rursusu
1055 3930 1527 3997 Quemadmodum
1559 3931 1612 3984 in
1644 3933 1824 3985 anima
1850 3946 1984 3985 cou-

409 4028 613 4096 jnncta:
644 4035 775 4079 sunt
834 4024 978 4078 inter
1011 4039 1068 4079 se
1106 4039 1228 4093 qua:
1259 4037 1326 4077 ex
1380 4033 1532 4091 parte
1564 4024 1617 4075 in
1673 4021 1849 4076 lucem
1898 4036 1989 4076 ve-

416 4118 578 4172 niunt
604 4117 771 4170 totius
803 4116 1056 4185 corporis
1090 4116 1396 4177 iacultates,
1424 4115 1496 4168 ita
1521 4115 1574 4167 in
1603 4115 1711 4169 Deo
1744 4129 1984 4183 quoque.

416 4208 779 4283 Neque‘enim
814 4206 1112 4260 absurdum
1147 4221 1269 4260 esse
1297 4206 1430 4259 dicit
1466 4219 1532 4258 ex
1562 4205 1809 4258 obscuris
1855 4204 1991 4258 ima-

418 4298 638 4365 ginibus
668 4297 733 4348 ad
769 4295 1011 4349 universi
1037 4293 1367 4363 principium
1398 4295 1695 4361 procedere
1730 4303 1785 4346 et
1812 4294 1990 4348 oculis

415 4387 624 4443 divinis
679 4386 892 4454 singula
931 4400 1159 4454 quaeque
1213 4384 1570 4452 contemplari
1633 4384 1688 4437 in
1746 4384 1989 4438 universi

417 4480 591 4551 prima
610 4493 772 4532 causa
801 4479 1091 4548 conjuncta
1112 4486 1166 4529 et
1187 4478 1239 4529 in
1276 4476 1486 4529 unitate
1515 4475 1931 4544 comprehensa.
1961 4492 1979 4524 ι

2085 3652 2183 3720 τῆς
2214 3651 2521 3720 ἀρχετύπου
2568 3649 2864 3718 σφραγῖδος
2913 3646 2972 3698 ὲν
3002 3643 3216 3711 ἑκάστῳ
3254 3640 3362 3692 τῶν
3392 3640 3650 3691 ἑκτυπω-

2089 3744 2272 3812 μάτων
2297 3743 2426 3813 ὅλης
2456 3742 2547 3795 καὶ
2576 3742 2676 3810 τῆς
2699 3738 2867 3807 αὐτῆς
2904 3734 3072 3806 οὔσης
3097 3737 3192 3788 καὶ
3232 3735 3292 3787 ιν
3321 3731 3495 3784 οὐδενὶ
3528 3730 3655 3783 κατ’

2084 3836 2237 3889 οὐδὲν
2268 3835 2450 3907 μέρος,
2482 3833 2626 3887 οὕτω
2660 3833 2755 3886 καὶ
2781 3832 2876 3885 τοῦ
2901 3831 3036 3884 Θεοῦ
3061 3830 3132 3884 τὰ
3162 3831 3339 3884 πάντα
3371 3826 3647 3896 μετέχει.ε

2088 3928 2197 3980 Καὶ
2216 3926 2657 3996 πάλιν,ι”Ωσπερ
2678 3928 2734 3977 ἐν
2752 3927 2819 3993 τῇ
2839 3924 2986 3994 ψυχῇ
3011 3922 3298 3992 μονοειδῶς
3313 3920 3492 3973 αἰτῶν
3508 3919 3655 3971 κατὰ

2089 4019 2253 4089 μέρος
2279 4019 2497 4072 πάντων
2532 4017 2885 4086 προνοητικαὶ
2929 4015 3021 4068 τοῦ
3048 4016 3170 4067 ὅλου
3205 4013 3453 4082 σώματος
3489 4012 3656 4063 δυνα-

2091 4128 2232 4181 μεις,
2262 4110 2405 4163 οὕτω
2431 4112 2534 4164 κάν
2555 4110 2634 4180 τῷ
2656 4110 2795 4179 Θεῷ.
2839 4108 3007 4162 Οὐδὲν
3035 4108 3142 4176 γὰρ
3183 4105 3405 4168 ἄτοπον,
3441 4122 3459 4154 ι
3496 4102 3652 4171 φηιὶ,

2094 4218 2113 4251 ι
2147 4201 2206 4265 ἐξ
2258 4199 2518 4270 ἀμυδρῶν
2566 4201 2791 4253 εἰκόνων
2819 4201 2911 4258 ἐπ).
2949 4198 3015 4251 τὸ
3058 4198 3278 4249 πάντων
3320 4195 3493 4247 αἴτεον
3520 4194 3657 4245 ἁνα-

2089 4293 2291 4353 6άντας
2326 4292 2721 4362 ὑπερκοσμίοις
2747 4290 3044 4359 ὀφθαλμοῖς
3071 4288 3347 4359 θεωρῆσαι
3381 4289 3560 4340 πάντα
3591 4292 3656 4337 ὲν

2090 4383 2167 4454 τῷ
2200 4386 2419 4437 πάντων
2449 4383 2607 4454 αίτίῳ
2635 4380 2921 4452 μονοειδῶς
2947 4382 3042 4433 καὶ
3073 4380 3388 4449 ἡνωμένως.
3433 4396 3451 4428 ι

487 4573 578 4629 ιν.
616 4572 830 4639 Quibus
865 4536 1049 4634 dictis,
1076 4569 1294 4632 Videte,
1319 4536 1811 4636 inquitGreéoras,
1843 4582 1978 4635 quo-

2166 4568 2217 4616 Δ⁹
2273 4562 2457 4617 Ταῦτα
2497 4560 2688 4626 εἰπὼν,
2730 4559 2946 4630 Ὁρᾶτε,
2967 4561 3133 4629 φησὶν
3161 4560 3188 4609 ὀ
3211 4557 3468 4626 Γρηγορᾶ
3503 4598 3516 4619 ,
3537 4558 3660 4619 πῶς

418 4667 582 4721 modo
617 4666 771 4720 exiis
793 4680 916 4735 quae
945 4663 1202 4719 sensibus
1225 4661 1391 4732 408
1412 4668 1667 4729 percepta
1700 4672 1764 4712 ac
1795 4669 1984 4727 aperta

415 4767 549 4815 sunt
605 4773 760 4813 mens
816 4756 1111 4810 invisibilis
1176 4754 1402 4822 arripiat
1472 4767 1593 4820 quae
1658 4751 1809 4802 lirma
1857 4758 1987 4802 sunt

419 4860 478 4903 et
500 4849 567 4902 ad
604 4864 783 4903 rerum
814 4848 1123 4901 divinarum
1161 4856 1218 4898 et
1255 4858 1415 4909 supra
1445 4857 1641 4896 sensus
1685 4841 1982 4910 positarum

417 4940 783 5010 cognitionem
811 4938 967 4991 facile
992 4934 1275 4999 ascendat,
1304 4944 1360 4987 et
1384 4933 1658 5001 quomodo
1681 4948 1747 4987 ex
1777 4934 1845 4986 iis
1866 4947 1987 5002 qua

421 5045 615 5087 natura
645 5046 742 5084 sua
774 5039 901 5083 sunt
932 5028 1214 5101 individua
1239 5027 1303 5080 ad
1323 5043 1387 5079 ea
1418 5040 1539 5095 quae
1574 5029 1627 5079 in
1665 5036 1846 5093 partes
1870 5024 1985 5078 dis-

415 5132 568 5177 creta
612 5128 917 5173 cernuntur
961 5115 1278 5178 descendat,
1310 5115 1508 5168 deinde
1567 5127 1756 5167 rursus
1803 5125 1870 5166 ex
1902 5110 1990 5164 his

418 5213 488 5266 ad
523 5209 802 5263 individua
839 5206 1047 5264 redeat.
1099 5220 1277 5273 neque
1329 5213 1509 5257 tamen
1558 5211 1765 5256 natura:
1817 5201 1990 5270 ipsius

425 5299 703 5370 mysteriis
730 5295 957 5351 excedat
988 5310 1045 5348 et
1099 5295 1262 5348 simul
1298 5293 1538 5348 materia:
1577 5303 1829 5346 naturam
1865 5307 1989 5345 cum

421 5393 598 5448 soleat
628 5389 857 5443 induere
878 5398 933 5441 et
963 5402 1065 5457 pio
1098 5387 1257 5441 modo
1287 5386 1537 5456 implere,
1559 5385 1786 5439 alternis
1814 5402 1879 5438 ac
1902 5400 1988 5438 re-

418 5483 682 5547 conditis,
710 5490 769 5536 ut
792 5479 1006 5546 dicunt,
1032 5478 1543 5548 complicationibus
1566 5477 1989 5549 etconl'usioni-

494 5664 570 5739 (ι)
603 5664 1039 5738 Παλινδρομειῶν
1072 5664 1206 5723 Cod.

2090 4659 2152 4711 ὲκ
2174 4659 2282 4710 τῶν
2318 4659 2385 4726 τῇ
2426 4653 2677 4724 αίσθήσει
2722 4654 3014 4724 γνωρίμων
3044 4651 3141 4704 καὶ
3188 4650 3441 4719 φανερῶν
3466 4651 3495 4703 ὁ
3526 4648 3659 4715 νοῦς

2090 4752 2299 4818 ἀφανὴς
2327 4749 2404 4801 ὢν
2436 4748 2699 4818 ἁρπάζων
2724 4746 2784 4798 τὸ
2813 4744 3053 4814 βέὃαιον,
3076 4743 3274 4814 ῥᾳδίως
3305 4747 3368 4794 ἐκ
3391 4743 3489 4811 τῆς
3518 4743 3661 4811 πρὸς

2091 4843 2189 4912 τὴν
2215 4842 2323 4893 τῶν
2358 4839 2519 4891 θείων
2551 4839 2643 4890 καὶ
2679 4834 2818 4906 ὑπὲρ
2861 4836 3114 4905 αἴσθησιν
3169 4834 3389 4904 εὕρεσιν
3423 4833 3662 4902 ἀνατρέ-

2093 4948 2203 5002 χει,
2232 4936 2342 4983 xix
2369 4929 2464 4982 τοῦ
2490 4929 2651 4995 φύσει
2683 4926 2924 4997 ἀμεροῦς
2961 4926 3106 4989 ὲς¹τδ
3145 4927 3401 4996 μεριστὸν
3452 4924 3661 4978 κατιὼν

2092 5022 2318 5094 ἀμερῶς
2342 5021 2496 5082 αῦοις
2530 5021 2665 5089 πρὸς
2688 5019 2747 5072 τὸ
2788 5019 3087 5089 ἀμέριστον
3130 5020 3195 5070 ἐκ
3230 5016 3340 5069 τῶν
3381 5016 3659 5086 μεριστῶν

2091 5116 2457 5186 παλινδρομεῖ
2486 5113 2589 5186 (1),
2626 5114 2763 5183 μήτε
2792 5112 2897 5164 τῶν
2924 5112 3021 5178 τῆς
3067 5109 3264 5161 ἑαυτοῦ
3297 5107 3509 5177 causam;
3542 5106 3654 5168 ὲξι-

2092 5206 2364 5273 στὰμενος
2389 5202 2729 5270 μυστηρίων,
2768 5198 2863 5252 καὶ
2889 5198 3005 5266 ἅμα
3036 5198 3135 5259 τὰς
3160 5197 3346 5257 ὑλικὰς
3373 5195 3657 5265 ἐνεργείας

2092 5296 2300 5358 εἰωθὼς
2364 5293 2740 5363 περιτίθεσθαι
2793 5307 2852 5344 τε
2911 5291 3007 5343 καὶ
3044 5287 3400 5357 οἰκονομικῶς
3451 5286 3659 5351 ἐκπλη-

2098 5386 2248 5455 ροῦν,
2282 5385 2601 5454 ἁμοιὸαίαις
2663 5383 2757 5435 καὶ
2807 5381 3116 5449 λεληθυίαις
3159 5380 3327 5448 φάναι
3367 5375 3656 5446 παρατιλο-

2093 5479 2215 5541 mi;
2239 5495 2299 5530 τε
2333 5481 2426 5530 καὶ
2464 5476 2763 5546 συμφυῖαις
2815 5474 3069 5542 συνάγων
3127 5473 3262 5545 πρὸς
3312 5470 3526 5533 ἑαυτὸν,
3558 5466 3654 5520 καὶ
