4060 6204
455 233 560 295 375

1608 244 2035 307 NICEPHORI
2071 247 2454 315 GREGORE

3586 245 3685 308 376

456 356 593 416 lecta
625 356 679 402 et
711 357 985 419 percepta,
1024 358 1082 405 ut
1114 369 1305 409 omnes
1328 362 1383 408 et
1412 371 1508 410 vos
1541 355 1811 426 imprimis
1850 365 2017 413 testa-

2135 363 2352 433 σώματα
2387 380 2675 435 ποιοτητες
2723 364 2817 418 καὶ
2862 363 3168 431 ἀσώματοι,
3200 356 3455 428 αἰσθηταὶ
3492 355 3537 408 δ’
3575 356 3685 413 οὖν.

457 442 633 497 mini?
663 442 766 498 Sed
788 445 942 500 vobis
964 456 1188 516 propter
1218 448 1490 503 inscitiam
1518 450 1825 504 tacentibus
1855 451 2022 506 inter-

458 542 710 600 pretatur
746 535 860 589 hare
893 547 1116 591 sanctus
1149 537 1391 592 Joannes
1426 537 1590 610 424
1627 539 2016 595 Damascenus.

462 643 480 676 ι
502 625 559 678 ln
592 624 843 681 Tltaborc
875 638 1082 700 monte,
1102 627 1300 698 inquit.
1320 630 1453 685 solis
1480 630 1845 686 instarlucem
1875 630 2023 686 circa

463 714 669 770 vultum
697 715 801 771 sibi
839 714 1095 781 Christus
1124 717 1392 783 incendit,
1432 729 1493 776 ut
1525 721 1669 776 sicut
1715 720 1859 777 Deus
1887 722 2022 776 sub—

468 807 848 863 manifestaret
894 808 1184 879 discipulis
1226 810 1451 866 deitatis
1496 827 1608 867 sua}
1660 813 2021 883 majestatem.

458 898 649 971 itaque
682 899 885 955 factum
919 910 1002 965 ut,
1036 917 1161 958 eum
1190 906 1355 958 etiam
1388 904 1551 960 Musis
1580 905 1706 959 olim
1730 905 1911 960 vultus
1936 906 2022 959 ef-

458 987 1433 1058 fulserit,ealumniatoremlatuerit,
1467 995 1820 1065 splendorem
1874 996 2023 1051 hunc
2094 990 2119 997 ”

457 1079 711 1132 sensibus
732 1081 1142 1150 perceptibilem
1171 1083 1392 1139 fuisse.»
1422 1084 1585 1140 Vides
1613 1084 1780 1155 igitur
1800 1096 1853 1140 et
1878 1085 2024 1140 hunc

460 1166 655 1222 dicere
675 1184 877 1240 corpus
902 1182 957 1227 et
989 1176 1241 1230 sensibus
1270 1176 1578 1247 subjectum
1613 1184 1668 1231 et
1700 1185 2020 1248 perceptum

459 1258 631 1314 fuisse
654 1260 1025 1319 illuminatum
1047 1265 1252 1321 Cbristi
1275 1267 1509 1322 vultum.
1529 1268 1646 1323 Non
1674 1267 1821 1323 enim
1850 1270 2027 1340 imago

464 1350 788 1419 mysterium
819 1354 1116 1410 lncarnatae
1142 1366 1354 1411 natura:
1376 1369 1536 1426 erat;
1568 1360 1615 1414 si
1643 1375 1774 1416 vero
1802 1375 2024 1429 corpus.

458 1456 591 1509 ergo
623 1446 863 1500 essentia
888 1448 1115 1503 omnino
1160 1459 1365 1515 creata.
1400 1451 1848 1549 lmreatistarttm
1878 1453 2025 1507 enim

465 1533 700 1592 haeresis
748 1537 968 1593 Domini
1023 1556 1244 1596 carnem
1303 1542 1639 1598 existimavit
1670 1533 2023 1598 ‘increatam.

458 1621 616 1679 Unde
670 1626 839 1696 igitur
890 1627 1171 1684 increatus
1217 1633 1480 1700 splendor
1543 1633 1631 1688 ille
1688 1634 2023 1688 sensualitcr

459 1717 804 1784 conceptus?
833 1716 1097 1783 Quisrest
1141 1723 1234 1791 qui
1281 1723 1397 1778 lucc
1442 1724 1690 1797 proferre
1734 1739 1901 1778 ausus
1954 1724 2028 1781 sit

461 1805 569 1859 nisi
636 1806 980 1865 Icunomaclti
1039 1822 1261 1881 postea,
1295 1815 1583 1870 Manichaei
1622 1825 1678 1870 et
1720 1814 2027 1870 lliassaliani

461 1909 646 1964 antea,
680 1896 827 1956 nuu'e
857 1911 1038 1959 autem
1073 1905 1395 1962 Palamitae?
1416 1908 1607 1963 Nonne
1638 1908 1838 1963 auditis
1866 1924 2029 1978 quam

464 1992 915 2051 manifestissime
945 2005 1167 2052 sanctos
1188 1997 1479 2068 loquentes
1494 2017 1512 2054 -;
1542 1999 1687 2069 quod
1710 1998 1778 2055 ad
1805 2012 2029 2053 sensum

462 2083 624 2139 cadat
667 2101 790 2141 esse
835 2087 1093 2154 visibile;
1124 2089 1450 2145 'increatum
1490 2101 1675 2145 autem
1726 2105 1836 2145 non
1868 2091 2033 2145 inodo

463 2191 573 2230 non
596 2177 1040 2242 visibile,verum
1074 2180 1241 2236 etiam
1271 2191 1511 2238 mentem
1543 2198 1608 2238 ac
1637 2182 1904 2236 rationem
1936 2162 2031 2237 su-

466 2271 798 2337 perans?At
829 2286 956 2326 vero
986 2271 1117 2342 quid
1151 2272 1372 2327 tandem
1403 2274 1510 2329 erit
1540 2288 1608 2328 ex
1634 2274 1894 2329 omnibus
1938 2275 2033 2327 al-

388 2388 405 2395 η
469 2371 650 2416 ternm
685 2362 1001 2432 quoddam,
1038 2363 1143 2418 nisi
1179 2363 1325 2434 quod
1359 2365 1451 2420 lux
1491 2381 1598 2420 una
1634 2366 2034 2421 iuaccessibilis

464 2460 549 2506 est
579 2460 635 2506 et
662 2468 768 2506 una
803 2461 1012 2508 tantum
1045 2455 1265 2524 proprie
1296 2455 1480 2511 Deus?
1506 2456 1824 2525 Quanquam
1846 2497 1862 2519 ,
1907 2472 2033 2511 cum

468 2544 657 2613 regula
691 2545 931 2614 quadam
962 2561 1025 2602 ac
1053 2554 1258 2601 statera
1289 2562 1611 2603 communes
1639 2548 1759 2603 illas
1803 2557 1856 2603 et
1903 2564 2030 2618 pro-

466 2632 625 2689 batas
665 2634 925 2689 omnibus
964 2635 1273 2705 opiniones
1306 2637 1842 2703 examinaverimus,
1874 2649 1935 2692 ut
1964 2636 2032 2692 ad

468 2723 652 2794 priora
692 2725 782 2780 illa
828 2726 1185 2795 respicientes
1226 2724 1691 2799 hzsrrationum
1722 2744 1842 2798 qua:
1892 2729 2021 2785 inde

465 2826 775 2886 sequuntur
798 2818 1148 2888 opet‘atioues
1167 2829 1219 2872 et
1240 2818 1621 2874 conclusiones
1640 2819 2033 2889 gubernemus,

463 2910 627 2967 nobis
669 2910 1025 2980 quaerendum
1079 2919 1164 2965 est
1209 2908 1485 2979 quomodo
1520 2925 1583 2964 ea
1627 2925 1758 2978 quas
1791 2925 2036 2965 commu-

2125 457 2219 507 καὶ
2246 457 2374 526 περὶ
2418 457 2483 510 τὰ
2517 460 2583 528 τῇ
2613 457 2863 525 αἰσθήσει
2916 452 3256 521 ὑποκείμενα
3307 449 3542 518 σώματα
3593 448 3687 518 τὴν

2127 547 2424 600 ὑπόστασιν
2454 565 2511 600 τε
2560 548 2657 601 καὶ
2706 546 2968 601 σύστασιν
3017 545 3263 614 ἔχουσαι·
3302 542 3411 594 πᾶν
3441 540 3498 594 δὲ
3532 540 3595 593 τὸ
3622 543 3685 610 τῇ

2127 637 2378 707 αἰσθήσει
2422 639 2862 710 ὑποϐαλλόμενον
2887 640 2937 694 λὸ
2969 636 3112 698 θεῖος
3153 636 3352 705 φάσκει
3387 634 3690 703 Χρυσόστο-

2129 747 2230 800 μος
2261 730 2336 801 (1)
2367 732 2491 801 μηδ’
2529 732 2718 786 οὐσίαν
2760 727 2902 785 εἶναι
2932 728 3168 799 ἀγγέλου
3203 726 3467 781 δῦνασθαι
3492 725 3690 791 λέγειν,

2127 824 2287 889 ἀλλὰ,
2321 824 2479 891 σῶμα
2528 826 2702 894 πάχος
2733 824 2854 893 ἔχον
2908 822 3004 876 καὶ
3034 821 3199 891 τριχῆ
3223 818 3535 871 διαστατόν.
3573 816 3692 877 Πῶς

2126 917 2219 972 οὖν
2248 918 2315 971 ἂν
2347 917 2433 988 εἴη
2463 917 2654 985 θεότης
2676 916 2937 977 ἄκτιστος
2973 914 3150 979 ἐκεῖνο
3182 911 3243 987 τὸ
3272 911 3410 978 φῶς,
3442 909 3694 979 αἰσθήσει

2134 1009 2579 1077 ὑποϐαλλόμενον
2610 1010 2704 1062 καὶ
2739 1007 3039 1077 ὁρώμενον,
3079 1005 3154 1067 ὡς
3184 1004 3423 1062 ἅπαντες
3460 1000 3558 1068 μὲν
3600 998 3694 1052 καὶ
3753 992 3768 1006 ⁸

2129 1104 2235 1174 πρό
2272 1120 2337 1172 γε
2382 1103 2600 1156 πάντων
2631 1102 2788 1172 ὑμεῖς
2824 1101 3203 1173 μαρτυρείτε;
3240 1098 3312 1149 Ἢ
3344 1096 3567 1149 πάντως
3598 1092 3692 1145 καὶ

2130 1196 2286 1266 ὑμῶν
2334 1195 2670 1249 σιωπώντων
2718 1194 2778 1261 ἐξ
2836 1193 3073 1261 ἀπορίας
3114 1192 3143 1244 6
3188 1190 3330 1252 θεῖος
3390 1182 3690 1256 ἑρμηνευει

2129 1273 2501 1355 Δαμασκηνὸς
2523 1286 2804 1355 Ἰωάννης,
2835 1301 2854 1336 ι
2899 1284 2989 1338 Ἐν
3016 1283 3094 1352 τῷ
3128 1279 3350 1348 Θαὸὼρ,
3377 1278 3554 1344 λέγων
3589 1275 3691 1344 (‘2),

2127 1377 2204 1447 τῷ
2236 1377 2351 1446 ὄρει
2384 1377 2699 1446 ὲλάμπρυνε
2726 1376 2841 1443 ’μὶν
2885 1375 3041 1442 ἡλίου
3091 1374 3250 1443 δίκην
3292 1370 3353 1424 τὸ
3398 1368 3696 1439 πρόσωπον

2128 1465 2322 1519 ἑαυτοῦ
2355 1467 2385 1518 6
2409 1463 2663 1533 Χριστὸς,
2696 1463 2765 1517 ἵν’
2809 1463 2884 1525 ὡς
2919 1463 3053 1524 Θεὸς
3086 1460 3393 1531 παραδείξῃ
3441 1459 3563 1519 τοῖς
3593 1472 3697 1525 μα-

2129 1555 2321 1625 θηταῖς
2358 1554 2455 1622 τὴν
2507 1556 2606 1622 τῆς
2661 1555 2869 1617 οἰκείας
2934 1552 3191 1620 θεότητος
3252 1550 3523 1620 δύναμιν·
3581 1547 3698 1602 ἀλλ’

2132 1646 2317 1716 ἐπειδὴ
2352 1646 2449 1698 καὶ
2479 1643 2718 1707 Μωσέως
2747 1645 3068 1713 ἐλάμπρυνε
3108 1643 3280 1696 παλαι
3307 1644 3369 1695 τὸ
3399 1641 3696 1708 πρόσωπον

2133 1736 2352 1805 ἔξωθεν,
2404 1736 2563 1790 ἔλαθε
2610 1737 2706 1789 νῦν
2738 1737 2828 1789 τὸν
2864 1737 3110 1790 διάϐολον
3156 1734 3246 1788 διὰ
3287 1737 3386 1802 τῆς
3417 1732 3697 1801 αἰσθητῶς

2126 1828 2328 1898 δηλαδὴ
2358 1825 2638 1881 κάνταῦθα
2672 1828 2934 1896 φανείσης
2964 1824 3403 1895 λαμπρότητος.)
3426 1823 3557 1876 ’ἰδοὺ
3598 1821 3700 1874 καὶ

2127 1913 2282 1985 οὗτος
2316 1920 2475 1990 σῶμα
2520 1921 2617 1973 καὶ
2647 1920 2899 1989 αἰσθήσει
2926 1916 3231 1986 ὑποϐληθὲν
3262 1917 3358 1969 καὶ
3403 1914 3604 1982 ὁραθὲν
3635 1912 3699 1966 τὸ

2128 2010 2482 2081 λαμπρυνθὲν
2502 2010 2598 2063 τοῦ
2624 2009 2865 2079 Χριστοῦ
2896 2026 3028 2078 φησι
3054 2005 3362 2077 τηνικαῦτα
3380 2005 3697 2076 πρῦσωπον.

2129 2103 2204 2155 Οὐ
2237 2102 2346 2171 γὰρ
2378 2094 2653 2170 φαντασία
2680 2101 2742 2154 τὸ
2766 2102 2868 2171 τῆς
2903 2100 3172 2170 ὲνσάρκου
3209 2097 3516 2168 μυστήριον
3539 2097 3697 2148 οἱκο·
3748 2097 3763 2113 ⁸

2127 2192 2325 2262 νομίας
2360 2187 2450 2264 ἦν’
2486 2192 2534 2246 εί
2574 2192 2631 2246 δὲ
2680 2193 2862 2261 σῶμα,
2899 2193 2995 2245 καὶ
3024 2191 3186 2245 οὐσία
3220 2190 3435 2251 πάντως
3468 2188 3696 2251 κτιστὴ·

2127 2287 2194 2355 τῇ
2238 2286 2346 2358 γὰρ
2375 2285 2485 2339 τῶν
2509 2281 2868 2340 ’Λκτιστιτῶν
2917 2284 3131 2354 αἱρέσει
3187 2279 3506 2351 περιφανῶς
3540 2280 3703 2350 ἔρρι-

2136 2393 2278 2431 πται
2313 2379 2414 2444 τὴν
2435 2376 2529 2431 τοῦ
2560 2377 2767 2446 Κυρίου
2797 2374 2977 2447 σάρκα
3003 2371 3249 2441 δοξάζειν
3271 2374 3547 2427 ἄκτιστονο
3580 2370 3706 2433 πῶς

2131 2468 2224 2522 οὖν
2258 2469 2514 2531 ἄκτιστος
2548 2469 2580 2537 ἡ
2610 2466 2885 2539 αἰσθητῶς
2935 2467 3170 2535 φανεῖσα
3213 2478 3520 2535 τηνικαυτα
3553 2463 3702 2529 λαμ-

2138 2560 2383 2631 πρότηςς
2414 2558 2527 2613 Καὶ
2572 2557 2656 2622 τίς
2701 2562 2729 2612 ὁ
2760 2557 2933 2611 ταῦτα
2979 2553 3520 2626 τολμῶνικηρὺττειν
3554 2552 3703 2622 πλὴν
3796 2572 3801 2575 λ
3878 2576 3890 2591 ~

2131 2652 2240 2705 τῶν
2270 2640 2668 2720 Είκονομάχων
2714 2650 2813 2719 μὲν
2843 2647 3093 2720 ὕστερον,
3125 2646 3449 2716 Μανιχαίων
3499 2644 3555 2697 δὲ
3598 2646 3703 2697 καὶ

2131 2742 2532 2798 Μασσαλιανῶν
2565 2742 2854 2814 πρότερον,
2905 2740 3002 2795 νῦν
3052 2740 3110 2794 δὲ
3166 2738 3275 2792 τῶν
3323 2735 3698 2805 Παλαμιτῶνς

2130 2828 2207 2888 Ἦ
2238 2832 2347 2903 γὰρ
2373 2831 2473 2886 οὐκ
2502 2831 2730 2885 ἀκούετε
2761 2830 3074 2899 σαφέστατα
3102 2830 3210 2881 τῶν
3230 2826 3403 2896 ἁγίων
3424 2824 3704 2891 λεγόντων

2132 2925 2195 2978 τὸ
2246 2926 2313 2994 τῇ
2364 2923 2618 2989 αἰσθήσει
2670 2921 2770 2991 μὲν
2831 2919 3271 2987 ὑποϐαλλόμενον
3323 2915 3540 2988 ὁρατὸν,
3592 2912 3705 2967 ὅδ’

464 3002 630 3058 nibus
660 3002 770 3057 illis
799 3016 862 3057 ac
896 3001 1142 3071 probatis
1175 3001 1465 3057 sententiis
1492 3001 1740 3070 opposita
1773 3012 1922 3068 sunt,
1957 3003 2027 3057 li-

2135 3016 2412 3080 ἄκτιστον,
2450 3012 2527 3083 μὴ
2556 3013 2638 3066 ὅτι
2677 3010 2776 3081 οὐχ
2828 3010 3050 3081 ὁρατὸν,
3104 3007 3242 3061 ἀλλὰ
3281 3010 3379 3060 καὶ
3437 3004 3560 3058 νοῦν
3603 3002 3703 3056 καὶ

466 3103 589 3148 eeat
637 3091 878 3146 dilucide
926 3092 1205 3162 persequi.
1255 3092 1599 3147 Universitas
1646 3094 1795 3148 enim
1845 3110 2031 3149 rerum

465 3200 591 3242 cum
628 3190 686 3239 et
717 3185 788 3239 sit
818 3192 874 3238 et
906 3194 1132 3239 vocetur
1164 3182 1377 3248 deitas,
1417 3196 1647 3239 vocatur
1680 3186 1851 3241 etiam
1893 3188 2031 3253 lux;

466 3281 634 3351 igitur
662 3280 708 3336 si
741 3280 835 3335 lux
865 3295 971 3334 una
1005 3279 1401 3335 iuaccessibilis
1431 3288 1486 3335 et
1518 3281 1857 3352 sempiterna
1888 3282 2034 3339 Deus

441 3380 554 3429 “est
576 3382 632 3427 et
658 3372 881 3443 proprie
904 3388 1077 3427 unum
1103 3381 1158 3427 et
1186 3371 1360 3427 solum
1389 3371 1693 3428 iucreatum
1717 3414 1730 3438 ,
1757 3374 2035 3444 quomodo

465 3474 524 3520 et
558 3466 702 3520 unde
735 3465 956 3520 inventa
994 3475 1083 3519 est
1114 3465 1226 3535 jam
1262 3481 1292 3520 a
1333 3465 1570 3521 Palatina:
1606 3465 1813 3521 familia
1853 3467 2033 3535 altera

466 3558 714 3613 increata
741 3557 836 3611 lux
864 3572 895 3611 a
920 3556 1197 3612 Tbaboria
1228 3557 1320 3612 illa
1352 3557 1569 3614 diversa
1602 3559 1803 3614 divina:
1837 3574 2031 3615 essen-

473 3650 582 3711 tiae,
649 3664 773 3720 qua;
807 3665 874 3703 ex
907 3649 1211 3705 luminibus
1246 3650 1354 3706 illis
1392 3667 1420 3706 a
1455 3650 1720 3728 Gregorio
1756 3652 2039 3725 Tbeologo

465 3743 711 3799 collectis
744 3744 932 3799 multis
961 3745 1034 3800 sit
1067 3745 1214 3799 una?
1257 3745 1390 3812 Quae
1422 3746 1568 3801 enim
1611 3762 1716 3801 una
1754 3763 1821 3802 ex
1847 3748 2035 3802 multis

465 3843 551 3891 est
585 3850 694 3889 non
733 3816 959 3905 proprie
996 3851 1103 3889 una
1139 3847 1265 3899 est;
1295 3852 1419 3907 quae
1451 3848 1636 3892 autem
1673 3837 1895 3909 proprie
1925 3853 2034 3893 una

465 3937 569 3993 est,
601 3941 666 3981 ea
688 3926 855 3981 etiam
890 3926 1247 3997 sempiterna,
1274 3944 1451 4000 neque
1475 3946 1542 3984 ex
1569 3930 1756 3986 multis
1787 3945 1893 3984 una
1916 3945 2037 3986 esse

465 4027 666 4088 potest.
692 4017 976 4084 Quomodo
998 4019 1144 4074 enim
1173 4019 1411 4076 incurata
1439 4023 1672 4093 amplius
1697 4038 1820 4078 esse
1868 4023 2040 4093 possit

467 4110 523 4162 in
552 4109 782 4164 aliarum
811 4118 868 4164 et
892 4109 1233 4167 diversarum
1283 4126 1656 4170 creaturarum
1691 4130 1923 4170 numero
1949 4131 2038 4168 re-

465 4195 616 4252 lata?
646 4197 742 4286 An;
769 4198 1043 4286 quomodo
1083 4200 1134 4255 id
1175 4202 1320 4272 quod
1360 4212 1626 4286 non‘est,
1697 4203 1840 4263 idem
1875 4212 2040 4273 atque

2135 3104 2294 3175 λόγον
2323 3103 2651 3174 ὑπερὸαϊνον
2679 3119 2692 3166 ;
2739 3099 2918 3154 Τοῦτο
2949 3099 3007 3153 δὲ
3035 3099 3088 3152 τί
3122 3098 3188 3153 ἂν
3219 3097 3302 3166 είη
3337 3096 3448 3148 τῶν
3478 3095 3703 3147 πάντων

2133 3202 2321 3272 ἕτερον
2351 3199 2384 3269 ἢ
2413 3196 2441 3251 6
2476 3197 2593 3264 φῶς
2637 3196 2699 3249 ἓν
2747 3191 3046 3263 ἁπρόσιτόν
3095 3193 3212 3244 ἐστι
3274 3191 3370 3242 καὶ
3423 3187 3585 3258 μόνον
3636 3183 3701 3236 ἓν

2134 3294 2337 3364 κυρίως
2367 3293 2395 3345 6
2418 3290 2551 3353 Θεός
2577 3307 2601 3356 ει
2629 3288 2843 3365 Ὅμως,
2874 3284 3065 3354 ἐπειδὴ
3098 3284 3287 3337 κανόνι
3317 3297 3375 3333 τε
3404 3279 3511 3332 καὶ
3532 3275 3703 3329 σταθδ

2139 3384 2224 3453 μῷ
2247 3384 2358 3438 ἄνω
2385 3381 2486 3445 τὰς
2514 3380 2701 3442 κοινὰς
2736 3377 2959 3440 ὲκείνας
2989 3376 3084 3431 καὶ
3126 3371 3553 3443 ὡμολογημένας
3584 3368 3705 3429 τοῖς

2135 3475 2303 3529 πᾶσιν
2340 3472 2548 3535 ἐννοίας
2575 3468 3024 3540 προεσαλόμεθα.
3054 3466 3129 3531 ὡς
3152 3465 3218 3519 ἂν
3255 3463 3318 3536 [ί.
3343 3462 3449 3518 250
3478 3460 3534 3533 α]
3561 3460 3705 3529 πρὸς

2135 3568 2321 3620 ἐκεῖνα
2346 3563 2632 3634 βλέποντες
2664 3563 2763 3624 τὰς
2808 3559 2936 3629 ἑξῆς
2980 3558 3088 3612 τῶν
3125 3557 3302 3625 λόγων
3328 3552 3704 3620 διευθύνωμεν

2137 3658 2403 3730 ἐργασίας
2437 3656 2533 3709 καὶ
2574 3654 2643 3707 τὰ
2691 3651 3097 3724 ἐπιχειρήματα
3121 3689 3138 3717 ,
3185 3645 3527 3717 ἀναληπτέον
3564 3645 3704 3714 ἡμῖν

2136 3750 2388 3807 ἐστικαὶ
2441 3747 2704 3819 ζητητέον
2755 3744 2876 3809 πῶς
2919 3744 3140 3796 ἐναντία
3184 3743 3303 3805 ταῖς
3351 3739 3562 3797 κοιναῖς
3606 3736 3704 3787 καὶ

2133 3843 2596 3923 ᾡμολογημέναις
2627 3837 3129 3913 ὲκείναιςιὲννοίαις
3170 3835 3348 3886 ἔνεστι
3386 3826 3705 3923 περιφανῶς

2141 3916 2558 4004 συμπεραίνειν.
2610 3930 2798 3983 Πάντα
2839 3927 2947 3997 γὰρ
2988 3925 3126 3979 οὖσα
3176 3923 3275 3977 καὶ
3322 3917 3633 3988 καλουμένη
3666 3916 3705 3985 ἠ

2141 4028 2334 4096 θεότης
2363 4026 2612 4079 καλεῖται
2648 4023 2744 4075 καὶ
2773 4019 2887 4089 φῶς
2909 4036 2924 4052 ⁸
2966 4020 3017 4071 εἰ
3043 4017 3137 4071 οὖν
3168 4016 3283 4085 φῶς
3312 4014 3370 4067 ἒν
3404 4011 3706 4081 ἀπρόσιτον

2142 4120 2235 4174 καὶ
2266 4118 2546 4187 ἀδιάδοχον
2575 4116 2602 4166 6
2634 4112 2766 4174 Θεὸς
2789 4113 2882 4165 καὶ
2907 4111 3113 4181 κυρίως
3139 4108 3198 4161 ἓν
3231 4107 3327 4160 καὶ
3358 4107 3520 4176 μόνον
3550 4104 3708 4157 ἄκτι-

2144 4228 2289 4275 στον,
2335 4208 2453 4270 πῶς
2512 4206 2608 4260 καὶ
2662 4202 2826 4256 πόθεν
2882 4201 3113 4270 εὓρηται
3157 4197 3251 4251 νῦν
3292 4200 3359 4267 τῇ
3409 4196 3703 4263 Παλαμικῇ

467 4284 749 4340 essentia?
781 4285 839 4341 Si
871 4287 1018 4341 enim
1055 4288 1199 4343 idem
1221 4328 1236 4355 ,
1268 4304 1381 4345 non
1417 4283 1732 4356 diversum;
1787 4292 1872 4347 sin
1904 4306 2034 4346 vero

2145 4300 2356 4371 φατρία
2387 4296 2642 4364 δεύτερον
2672 4292 2930 4346 ἄκτιστον
2978 4289 3093 4358 φῶς
3135 4284 3403 4355 Θαὸωρίῳ
3445 4283 3709 4387 θιάφορον

468 4377 781 4443 diversum,
840 4394 948 4433 non
982 4378 1165 4435 idem:
1198 4379 1418 4435 misceri
1452 4382 1595 4436 enim
1644 4397 1742 4452 per
1786 4394 2035 4437 naturam

469 4470 698 4527 omnino
736 4486 842 4534 non
872 4479 1102 4540 possunt
1128 4486 1306 4541 neque
1335 4488 1571 4543 unquam
1603 4473 1657 4528 in
1695 4489 1862 4528 unum
1904 4489 2040 4529 con-

469 4558 668 4618 ciliari.
704 4559 898 4614 Praeter
931 4560 1046 4615 ltzec
1106 4560 1338 4615 alterum
1369 4561 1640 4631 quoddam
1671 4572 2043 4633 opposuerunt

470 4668 596 4707 eum
620 4667 712 4721 ‘re
757 4666 865 4706 non
906 4666 1067 4723 posse
1096 4651 1316 4707 liberari
1345 4652 1691 4709 damnatione
1723 4655 1811 4709 illa
1843 4656 1909 4710 ab
1954 4670 2042 4725 sy-

473 4742 620 4798 nodo
655 4750 806 4797 sexta
845 4742 1184 4798 mcumeniea
1234 4742 1342 4798 sibi
1403 4742 1549 4797 illata
1588 4745 1873 4799 sentirent.
1896 4735 2043 4799 ’llmc

475 4833 748 4904 oppositio
771 4832 846 4889 ita
868 4848 925 4889 se
953 4832 1188 4889 babebat
1211 4851 1225 4888 :
1245 4833 1449 4889 Deinde
1465 4850 1567 4889 nec
1594 4850 1847 4905 magnum
1873 4835 2040 4905 capis,

478 4925 757 4996 inquiunt,
778 4925 1097 5001 Dionysium
1130 4925 1221 4980 ubi
1252 4924 1427 4980 dicit:
1458 4942 1476 4977 ι
1507 4914 1738 4992 Quando
1763 4927 2046 4982 immorta-

478 5018 695 5074 litatem
727 5016 916 5087 adepti
964 5016 1177 5071 erimus
1221 5025 1277 5071 et
1331 5016 1399 5071 ad
1445 5015 1652 5072 Christi
1702 5017 1935 5073 similem
1986 5026 2043 5072 et

474 5110 692 5167 beatam
718 5122 902 5178 pacem
926 5105 1360 5178 pervenerimus,
1386 5120 1603 5177 semper
1628 5122 1755 5162 cum
1784 5108 2036 5174 Domino,

482 5210 543 5254 ut
581 5199 787 5255 dictum
824 5206 929 5260 est,
961 5198 1169 5253 erimus
1208 5199 1771 5268 contemplationibus
1806 5199 2047 5262 visibilis

480 5289 605 5360 ejus
639 5286 1101 5342 manifestationis
1132 5286 1389 5357 completi
1413 5329 1427 5351 ,
1464 5304 1588 5356 qua:
1626 5304 1727 5343 nos
1758 5289 2044 5358 magnifico

481 5379 773 5460 splendore
797 5378 1181 5444 circumdabit,
1205 5379 1349 5435 sicut
1368 5378 1534 5451 [‘26
1554 5379 1855 5450 discipulos
1882 5381 1935 5435 in
1962 5381 2046 5436 di-

479 5476 607 5534 vina
638 5473 726 5528 illa
751 5472 1257 5545 transﬁguratione,
1280 5482 1336 5529 et
1369 5473 1671 5545 spiritualis
1708 5473 1854 5529 illius
1881 5474 2045 5531 clari-

450 5741 460 5751 υ
552 5660 629 5735 (l)
660 5662 816 5721 Κατᾶ
844 5661 951 5717 ‘Iw.
980 5661 1170 5735 ὁμιλία
1200 5658 1307 5734 κη’.

2144 4369 2243 4459 τῆς
2281 4369 2429 4449 θείας
2453 4384 2665 4445 οὐσίας,
2695 4381 2805 4434 τῶν
2852 4378 2929 4448 τῷ
2962 4376 3210 4444 Θεολόγῳ
3231 4371 3516 4445 Γρηγορίῳ
3546 4369 3710 4437 ἀριθ⁴

2147 4478 2425 4550 μηθέντων
2459 4474 2685 4527 ἐκείνων
2717 4470 2912 4540 φώτων
2938 4467 3150 4543 πολλῶν
3179 4466 3238 4527 ἐν
3270 4465 3330 4518 δν
3357 4480 3372 4529 ;
3406 4463 3437 4517 6
3464 4463 3574 4531 γὰρ
3595 4460 3711 4514 τῶν

2143 4568 2353 4622 πολλῶν
2387 4565 2445 4618 ἒν
2471 4562 2553 4629 ὃν,
2584 4564 2683 4633 οὐχ
2718 4563 2776 4617 ἒν
2805 4564 3011 4634 κυρίως
3035 4578 3051 4594 ο
3089 4561 3117 4615 ὃ
3164 4559 3222 4613 δὲ
3251 4556 3457 4627 κυρίως
3507 4555 3566 4607 ἓν
3613 4554 3713 4606 καὶ

2144 4658 2445 4725 ἀδιάὃοχον,
2474 4655 2582 4708 τῶν
2616 4654 2829 4707 πολλῶν
2876 4652 2935 4706 ἓν
2991 4648 3130 4705 εἶναι
3180 4651 3242 4704 οὐ
3293 4649 3535 4703 δύναται.
3583 4645 3711 4707 Πῶς

2143 4747 2252 4816 γὰρ
2280 4744 2346 4799 ἂν
2374 4741 2631 4798 ἄκτιστον
2684 4743 2761 4796 ἐτ’
2798 4737 2938 4795 εἶναι
2976 4740 3225 4806 δύναιτο,
3257 4739 3371 4801 τοῖς
3404 4736 3588 4798 ἄλλοις
3616 4735 3713 4788 καὶ

2144 4837 2423 4906 διαφόροις
2475 4833 2641 4889 αὐτοῦ
2693 4838 2966 4904 ποιήμασι
3027 4829 3572 4901 συναριθμούμενον;
3638 4826 3711 4879 Ἦ

2146 4927 2264 4988 πῶς
2288 4926 2349 4979 τὸ
2378 4924 2627 4978 ἁνούσιον
2657 4924 2723 4995 τῇ
2749 4925 2912 4995 οῠσέᾳ
2943 4922 3142 4976 ταυτόν
3170 4939 3185 4988 ;
3224 4921 3289 4974 Εί
3326 4920 3435 4988 γὰρ
3484 4917 3710 4980 ταυτὸν,

2145 5019 2208 5072 οὐ
2230 5017 2513 5088 διάφορον,
2541 5016 2590 5069 εί
2619 5016 2675 5070 δὲ
2704 5015 2988 5088 διάφορον,
3021 5015 3082 5069 οὐ
3113 5012 3330 5067 ταυτόνυ
3362 5011 3572 5080 ἄμικτα
3604 5011 3713 5079 γὰρ

2146 5111 2310 5179 φύσει
2356 5109 2672 5161 παντάπασι
2723 5107 2921 5172 ταῦτα,
2968 5106 3066 5158 καὶ
3114 5105 3235 5157 λίαν
3279 5100 3575 5171 ἀσύμϐατα
3618 5099 3711 5153 καὶ

2146 5200 2401 5254 οὐδέποτε
2439 5196 2726 5266 σύμφωνα.
2771 5195 2893 5248 Ἐπὶ
2934 5195 2999 5265 δὴ
3051 5194 3264 5256 τούτοις
3316 5191 3474 5253 αὖθις
3521 5189 3711 5257 ἑτέραν

2147 5289 2462 5358 ἀντεπῆγον
2495 5288 2790 5354 ἀντίθεσιν,
2820 5289 2883 5342 οὐ
2923 5285 3257 5363 δυνηθέντας
3307 5282 3535 5344 ἑαυτοὺς
3579 5282 3714 5334 ἀπο·
3788 5280 3805 5359 ’μ

2148 5381 2411 5449 νίψασθαι
2443 5379 2536 5433 τὸν
2590 5381 2775 5448 σφίσιν
2827 5377 3263 5449 ἑπενηνεγμένον
3300 5372 3405 5429 ὑπὸ
3433 5374 3529 5443 τῆς
3563 5372 3713 5434 θείας

2153 5475 2250 5527 καὶ
2302 5472 2694 5541 οἰκουμενικῆς
2749 5471 2916 5540 ἕκτης
2991 5470 3211 5551 συνόδου
3263 5465 3712 5536 ἀναθεματισμὸν

2230 5656 2303 5727 ('2)
2336 5659 2434 5712 Ἐκ
2475 5656 2564 5711 τοῦ
2594 5659 2669 5722 εἰς
2700 5657 2796 5729 τὴν
2828 5659 3269 5730 Μεταμύρφωσιν
3297 5660 3478 5727 λόγου.
3620 5656 3645 5687 ⁸
