4060 6204
469 268 580 327 3‘35

1684 264 2113 325 NlCEPHOlll
2160 266 2549 330 GBEGORE

3617 287 3721 350 36

484 388 612 432 tuus
644 393 766 445 ego.
809 376 958 430 «Non
992 378 1138 431 enim
1169 376 1306 431 sicut
1328 374 1462 429 alias
1495 373 1671 441 addit,
1707 374 1864 431 «Haec
1896 374 2046 429 locu-

2154 380 2279 432 ποτὲ
2307 377 2354 433 6'
2383 379 2444 446 ἐξ
2477 382 2688 436 ἑαυτῶν
2738 385 2947 450 ἁπλῶς.
2999 390 3112 444 Καὶ
3172 392 3362 446 καινὸν
3397 395 3551 450 οὐδὲν
3594 399 3721 453 οὐδὲ

470 478 558 522 tus
588 472 669 521 est
699 463 990 530 Dominus;
1018 483 1036 515 ι
1066 478 1167 518 nec
1184 461 1350 519 dicit:
1385 463 1526 516 Deus
1547 459 1663 516 haec
1678 472 1732 517 et
1756 462 1849 517 illa
1867 461 2041 529 dixit;

470 556 696 626 angelus
730 570 862 609 vero
912 571 978 610 ex
1014 556 1152 609 rubo
1187 572 1201 608 :
1243 572 1262 605 ι
1301 554 1410 622 Ego
1438 567 1560 607 sum
1594 553 1740 608 Deus
1767 553 2042 608 Abraham

468 658 525 705 et
564 650 707 703 Deus
739 648 882 702 Isaac
912 656 968 701 et
1000 646 1142 701 Deus
1164 645 1350 700 Iacob.
1380 662 1398 695 ι
1454 644 1631 715 Supra
1660 649 1805 700 enim
1834 645 2041 701 dictum

474 748 558 793 est
593 756 606 792 :
655 759 671 790 ι
699 740 937 807 Angelus
966 736 1178 792 Domini
1207 736 1259 791 ei
1289 737 1544 807 apparuit
1579 756 1598 788 ι

2153 467 2344 540 πόρρω
2374 469 2661 541 Γραφικῆς
2717 476 3035 547 συνηθείας·
3063 479 3158 533 καὶ
3187 481 3298 551 γὰρ
3332 486 3428 536 καὶ
3471 487 3543 541 τὰ
3566 488 3722 556 βασι-

2151 559 2280 612 λικά
2305 563 2702 633 προστάγματα
2729 567 2840 621 τῶν
2870 568 3143 640 ὁημοσίων
3176 572 3233 625 ὲν
3256 576 3378 637 ταῖς
3412 577 3597 631 πόλεσι
3625 597 3726 648 κη-

2155 650 2335 719 ρύκων
2382 652 2634 722 βοώντων
2689 657 2765 722 ὡς
2793 659 2853 724 ἐξ
2881 661 3049 716 αὑτοῦ
3078 662 3144 734 δὴ
3184 664 3279 718 τοῦ
3317 665 3603 737 βασιλικοῦ
3636 671 3695 724 λε

2150 741 2363 813 γόμενα
2391 746 2661 814 στόματος
2691 751 2851 821 ἡμεῖς
2874 755 3233 826 ὲκδεχόμεθα.
3272 761 3383 814 Καὶ
3409 763 3437 814 ὁ
3461 762 3560 832 μὲν
3586 781 3727 834 προ·

466 834 665 901 φήτης,
699 831 984 900 ἅνθρωπος
1015 828 1113 896 ὢν,
1143 829 1217 893 ὡς
1246 829 1305 894 ἐξ
1333 829 1527 883 ἑαυτοῦ
1571 848 1758 902 φησιν,
1792 850 1810 883 ι
1841 833 2128 899 Ἄκουσον,
2171 838 2300 901 λαός
2365 857 2494 908 μου,
2522 844 2617 897 καὶ
2677 845 2896 916 λαλήσω
2929 864 3047 904 σοι’
3096 852 3337 925 Ἰσραὴλ,
3374 828 3474 912 καί
3493 828 3729 928 διαμαρ-

464 923 700 992 τύρομαί
741 938 863 976 σοι·
897 924 925 975 ὁ
955 922 1136 986 Θεὸςό
1164 922 1293 987 Θεός
1326 924 1418 976 σού
1479 924 1593 993 είμι
1622 923 1754 992 ἐγώ.
1784 942 1801 975 ι
1859 925 1938 978 Οὐ
1996 926 2106 997 γὰρ
2149 931 2495 1002 προσέθηκεν
2553 936 2630 1000 ὠς
2685 938 2744 991 έν
2796 938 3002 1007 ἄλλοις,
3058 960 3078 996 ι
3111 922 3432 1016 Τάδε-λέγει
3469 922 3722 1021 Kay—mg.

468 1014 531 1087 [Γ.
566 1015 667 1069 257
698 1014 750 1086 ὁ]
781 1015 901 1083 καὶ,
940 1034 959 1067 ι
999 1010 1168 1069 Εἶπεν
1215 1017 1241 1068 6
1278 1016 1409 1078 Θεὸς
1438 1016 1506 1069 τὰ
1542 1016 1636 1070 καὶ
1659 1016 1756 1070 τά·
1787 1036 1805 1070 ι
1841 1018 1869 1070 6
1900 1018 1956 1071 δὲ
1987 1019 2219 1088 ἄγγελος
2246 1024 2310 1076 ἐκ
2350 1025 2446 1093 τῆς
2477 1026 2666 1096 βάτου,
2710 1048 2730 1082 ι
2774 1030 2916 1100 Ἐγώ
2948 1034 3066 1106 εἰμι
3097 1038 3126 1090 6
3154 1035 3286 1101 Θεὸς
3324 1010 3578 1110 ’Ᾰὸραάμ
3632 1010 3728 1097 διαὶ

541 1199 625 1255 Vl.
653 1200 708 1255 Si
738 1202 925 1271 igitur,
948 1210 1006 1255 ut
1033 1217 1158 1257 cum
1189 1212 1381 1258 sancto
1404 1203 1799 1275 Chrysostomo
1828 1207 2043 1276 loquar,

468 1301 733 1362 quantum
776 1295 1006 1348 interest
1045 1295 1190 1348 inter
1220 1310 1422 1351 caecum
1450 1305 1504 1351 et
1555 1297 1836 1353 videntem
1862 1307 2045 1363 ,tanta

467 1392 552 1438 est
583 1383 724 1437 inter
762 1385 983 1455 angelos
1009 1394 1065 1440 et
1110 1385 1361 1442 homines
1391 1387 1718 1453 differentia,
1772 1389 2046 1459 quomodo

472 1476 711 1541 tandem,
759 1475 803 1529 si
836 1476 1014 1545 angeli
1074 1492 1185 1532 non
1232 1488 1464 1547 possunt
1510 1478 1693 1534 videre
1747 1480 2046 1536 essentiam

473 1564 567 1619 Dei
597 1574 691 1618 aut
718 1580 1075 1634 cognoscere,
1146 1566 1401 1623 homines
1441 1577 1721 1639 poterunt,
1752 1570 1845 1641 qui
1872 1586 2044 1641 ange-

364 1134 367 1135 ν
465 1109 492 1158 ὁ
517 1108 646 1171 Θεὸς
680 1108 870 1162 Ίσαάκ
898 1110 1044 1167 καὶ.κὸ
1072 1110 1203 1173 Θεὸς
1229 1110 1426 1163 Ἰακώϐ
1452 1125 1469 1141 ⁸
1504 1129 1524 1164 ι
1557 1112 1893 1185 Προείρηται
1914 1114 2045 1182 γὰρ,
2086 1134 2106 1168 ι
2140 1117 2321 1187 Ὤφθη
2349 1121 2498 1191 αὐτῷ
2530 1124 2760 1193 ἄγγελος
2780 1128 3013 1200 Κυρίου.
3041 1148 3062 1181 ι

2225 1214 2318 1278 ς’.
2350 1214 2414 1267 Et
2471 1217 2564 1271 οῦν
2605 1220 2747 1275 κατά
2801 1222 2894 1277 τὸν
2931 1223 3075 1277 θεῖον
3125 1225 3555 1296 Χρυσόστομον,
3599 1230 3727 1285 ὅσον

2151 1306 2356 1373 τυφλοῦ
2387 1311 2480 1363 καὶ
2511 1309 2804 1378 βλέποντος
2835 1316 2899 1368 τὸ
2927 1317 3111 1385 μέσον,
3148 1317 3403 1372 τοσοῦτόν
3434 1323 3583 1375 ἐστιν
3624 1325 3726 1392 ἀγ-

2150 1395 2328 1463 γέλων
2360 1401 2454 1452 καὶ
2483 1402 2788 1473 ἀνθρώπων
2807 1405 2868 1459 τὸ
2887 1407 3172 1478 διάφορον,
3193 1409 3310 1474 πῶς
3339 1410 3449 1465 τῶν
3476 1414 3730 1481 ἀγγέλων

2156 1487 2231 1560 μὴ
2257 1488 2572 1562 δυναμένων
2602 1494 2721 1547 οὔθ’
2751 1497 2888 1568 ὁρᾷν
2938 1498 3038 1569 τὴν
3085 1500 3276 1555 οὐσίαν
3298 1500 3425 1555 οὔτε
3461 1507 3605 1557 νοεῖν
3630 1506 3725 1558 τοῦ

2151 1579 2309 1649 Θεοῦ,
2338 1584 2423 1653 εῐη
2445 1584 2513 1638 ἃν
2541 1586 2767 1642 δυνατὸν
2795 1587 3106 1661 ἀνθρώποις
3131 1594 3288 1647 τουτὶ
3311 1636 3327 1662 ,
3368 1590 3453 1659 οἷς
3485 1598 3611 1667 μηδ’
3627 1600 3731 1667 ἀγο

481 1656 657 1709 lorum
687 1656 981 1710 essentiam
1017 1673 1127 1711 non
1150 1658 1315 1713 modo
1365 1675 1476 1715 non
1528 1674 1777 1724 cernere.
1832 1661 1927 1716 sed
1975 1677 2044 1716 ue

2154 1670 2323 1738 γέλων
2342 1674 2531 1727 οὐσίαν
2555 1676 2630 1747 μὴ
2653 1677 2735 1731 ὅτι
2768 1680 2843 1751 μὴ
2876 1656 3118 1748 βλέπειν,
3159 1683 3275 1737 ἀλλ’
3313 1656 3446 1739 οὐδέ
3461 1656 3604 1740 νοεὶν
3634 1656 3728 1741 si}.

474 1747 714 1815 cogitare
758 1746 979 1815 quidem
1028 1748 1293 1818 possunt?
1320 1749 1375 1804 Si
1412 1751 1663 1818 enim,ut
1714 1767 1837 1807 cum
1875 1752 2045 1824 Chry-

477 1847 719 1891 sostomo
747 1837 964 1907 loquar,
1030 1840 1269 1895 essentia
1322 1843 1616 1896 essentiam
1645 1843 1895 1898 altiorem
1956 1861 2049 1899 co-

488 1944 752 2000 gnoscere
772 1947 880 1983 non
904 1941 1102 1999 potest,
1119 1932 1350 1987 multant
1371 1949 1504 1989 sane
1523 1935 1697 1998 abest,
1719 1944 1780 1989 ut
1798 1937 2046 1992 homines

474 2020 791 2089 angelorum
833 2023 1130 2077 essentiam
1176 2023 1413 2091 videant,
1445 2035 1594 2081 tanto
1642 2027 1751 2083 illis
1803 2032 2047 2098 superio-

474 2130 611 2179 rem,
628 2126 833 2185 quanto
855 2116 1012 2171 caecis
1040 2116 1309 2172 videntes.
1334 2117 1412 2172 Ne
1433 2100 1695 2175 turbetur
1709 2121 1875 2189 igitur
1891 2136 2047 2177 mens

474 2217 654 2262 vestra
687 2217 747 2262 ut
770 2210 1146 2264 communium
1183 2209 1385 2265 divinas
1424 2210 1683 2267 Ecclesiae
1739 2214 2045 2268 sententia-

475 2314 598 2351 rum
633 2298 1057 2364 obliviscamini,
1084 2314 1204 2363 quae
1221 2300 1287 2354 ad
1321 2299 1603 2357 Hebraica‘.
1632 2302 1852 2357 dialecti
1879 2302 2043 2374 447

474 2391 865 2458 proprietatem
900 2390 1047 2447 dicta
1078 2399 1228 2459 sunt,
1270 2393 1451 2464 qualia
1503 2410 1534 2449 a
1594 2395 1751 2450 nobis
1799 2396 1890 2451 illa
1931 2398 2043 2468 jam

475 2481 682 2548 prolata
706 2491 857 2547 sunt,
890 2493 946 2536 et
968 2497 1313 2553 quacunque
1371 2493 1501 2540 sunt
1529 2485 1752 2552 similia,
1797 2486 1919 2543 dico
1943 2504 2044 2543 au-

476 2585 584 2629 tem
614 2574 749 2629 illud
793 2589 806 2625 :
850 2593 867 2626 ι
908 2574 1149 2631 Locutus
1204 2590 1290 2633 est
1324 2578 1588 2635 Dominus
1640 2580 1707 2634 ad
1741 2581 1947 2637 Mosem
1976 2583 2045 2638 de

474 2665 614 2720 facie
638 2664 706 2719 ad
733 2664 951 2733 faciem,
977 2676 1033 2720 ut
1059 2667 1101 2720 si
1131 2667 1258 2737 quis
1295 2682 1418 2723 cum
1449 2670 1625 2724 amico
1657 2669 1727 2724 de
1768 2685 1863 2725 ore
1883 2670 1957 2725 ad
1984 2687 2046 2725 os

473 2758 742 2828 loquitur,
768 2759 823 2812 in
848 2760 1055 2829 specie,
1096 2774 1205 2814 non
1262 2775 1362 2830 per
1400 2762 1715 2831 aenigmata.
1752 2780 1771 2814 ›
1831 2764 1894 2818 Et
1923 2780 2046 2817 rur-

2149 1759 2337 1827 νατόν;
2372 1760 2437 1813 Et
2491 1762 2598 1835 γὰρ
2629 1766 2770 1819 κατὰ
2796 1767 2887 1819 τὸν
2928 1769 3089 1823 αὑτὸν
3129 1771 3518 1843 Χρυσὸστομον
3564 1778 3730 1829 οὐσία

2147 1848 2338 1906 οὐσίαν
2366 1852 2777 1927 ὑπερκειμένην
2804 1863 2948 1915 νοεῖν
2978 1863 3038 1915 οὑ
3061 1863 3308 1931 δύναται,
3344 1868 3541 1922 πολλοῦ
3573 1871 3730 1937 μέντ’

2149 1941 2216 1996 ἂν
2239 1943 2488 2015 δεήσειεν
2547 1948 2875 2018 ἀνθρώπους
2924 1954 3175 2022 ἀγγέλων
3235 1957 3460 2028 βλέπειν
3509 1962 3727 2026 οὐσίαν,

2150 2034 2554 2109 ὑπερκειμένην
2581 2041 2787 2097 τούτων
2808 2045 2947 2099 ὅσων
2965 2048 3012 2100 οἱ
3032 2047 3322 2118 βλέποντες
3344 2052 3456 2106 τῶν
3479 2055 3728 2121 τυφλῶν.

2147 2127 2240 2200 Μὴ
2273 2132 2591 2198 ταραττέτω
2616 2134 2797 2189 τοίνυν
2821 2137 2975 2207 ὑμῶν
3011 2139 3111 2209 τὴν
3139 2139 3404 2204 διάνοιαν,
3434 2143 3576 2197 ὥστε
3613 2145 3731 2198 τῶν

2147 2220 2345 2275 κοινῶν
2402 2222 2500 2292 τῆς
2538 2224 2634 2278 τοῦ
2689 2225 2824 2280 Θεοῦ
2863 2228 3196 2300 Ἐκκλησίας
3229 2233 3450 2287 ἐννοιῶν
3500 2236 3731 2305 έκλεὶῆ-

2151 2311 2298 2378 σθαι,
2325 2313 2426 2367 ὅσα
2455 2316 2599 2369 κατά
2626 2334 2746 2371 τινα
2781 2318 3115 2388 ίδιοτροπίαν
3142 2322 3243 2393 τῆς
3284 2324 3568 2396 Ἐὀραῖδος
3604 2330 3730 2381 ἐστὶ

2147 2405 2418 2475 λεγόμενα
2468 2406 2788 2463 διαλέκτου²
2830 2405 2918 2467 οἶα
2949 2412 3020 2467 τὰ
3051 2414 3144 2483 ὑφ’
3183 2417 3342 2487 ἡμῶν
3388 2421 3573 2473 ἐκεῖνα
3624 2420 3731 2472 νῦν

2149 2496 2528 2567 προὸληθέντα
2583 2502 2675 2555 καὶ
2730 2502 2831 2556 ὅσα
2884 2506 3263 2578 παραπλήσια,
3321 2510 3467 2579 λέγω
3520 2511 3584 2583 δὴ
3634 2513 3720 2576 τὸ,

2155 2601 2174 2635 ι
2224 2584 2488 2655 Ἐλάλησε
2538 2588 2743 2659 Κύριος
2774 2589 2911 2657 πρὸς
2955 2594 3162 2664 Μωσῆν
3210 2595 3444 2662 ἑνώπιος
3474 2600 3727 2671 ὲνωπίῳ,

2148 2673 2223 2737 ὡς
2246 2676 2299 2729 εἰ
2327 2694 2413 2741 τις
2459 2678 2683 2750 λαλήσει
2717 2681 2853 2752 πρὸς
2910 2683 3106 2737 ἑαυτοῦ
3145 2687 3320 2755 φίλον,
3350 2690 3528 2761 στόμα
3577 2696 3727 2763 πρὸς

2152 2768 2327 2836 στόμα
2357 2771 2415 2822 ὲν
2442 2771 2572 2824 εῖδει
2623 2774 2717 2825 καὶ
2746 2775 2807 2827 οὐ
2838 2774 2905 2830 δι’
2938 2776 3313 2848 αίνιγμάτωνυ
3356 2801 3374 2834 ι
3405 2784 3499 2837 καὶ
3530 2785 3720 2853 πάλιν,

476 2863 614 2904 sus:
655 2868 673 2901 ι
712 2849 866 2904 Mons
902 2850 1055 2905 Sinai
1096 2849 1360 2917 fumabat,
1432 2854 1692 2921 quoniam
1744 2853 1890 2909 Deus
1950 2870 2048 2925 per

2156 2875 2177 2909 ι
2213 2858 2286 2911 Τὸ
2317 2859 2373 2912 δὲ
2402 2861 2528 2931 ὄρος
2553 2862 2647 2915 τοῦ
2685 2864 2819 2919 Σινᾶ
2847 2867 3175 2933 έκαπνίζετο
3202 2870 3289 2925 διὰ
3323 2872 3384 2926 τὸ
3411 2849 3731 2948 καταῦεὸηζ

478 2942 663 3012 ignem
691 2941 747 2994 in
781 2956 906 2995 eum
932 2941 1319 2996 descendebat.
1356 2960 1377 2995 ι
1409 2943 1477 2997 Ει
1518 2944 1653 2999 alias
1700 2963 1713 3000 :
1764 2966 1783 2999 ι
1823 2945 2050 3017 Species

2154 2953 2304 3005 κέναι
2330 2954 2415 3005 ἐπ’
2446 2955 2577 3007 αὐτὸ
2605 2955 2695 3009 τὸν
2721 2958 2856 3011 Θεὸν
2888 2961 2945 3014 ὲν
2976 2963 3166 3033 πυρίί
3204 2965 3298 3018 καὶ
3321 2966 3503 3034 πάλιν,
3539 2970 3643 3022 (Τὸ

479 3034 681 3087 divina:
727 3032 914 3102 gloriae
962 3043 1020 3086 ut
1057 3032 1198 3102 ignis
1250 3032 1430 3104 fulgor
1481 3034 1549 3089 de
1604 3037 1809 3093 vertice
1854 3039 2050 3094 montis

2155 3039 2295 3106 εἶδος
2327 3044 2424 3114 τῆς
2445 3045 2603 3118 δόξης
2631 3048 2839 3117 Κυρίου
2868 3050 2945 3114 ὡς
2984 3032 3097 3125 πῦρ
3126 3055 3323 3125 φλέγον
3350 3059 3442 3110 ἐπὶ
3475 3032 3725 3132 διορυφῆς

482 3122 748 3177 adversus
794 3120 934 3175 filios
976 3118 1159 3186 Israel,
1207 3138 1227 3173 ι
1269 3132 1325 3176 οι
1385 3122 1557 3177 multa
1614 3124 1883 3196 ejusmodi
1930 3142 2051 3198 qua

479 3222 665 3268 creata
687 3221 834 3275 sunt,
858 3228 982 3266 cum
1013 3212 1254 3267 increata
1277 3211 1371 3267 Dei
1389 3218 1628 3269 essentia
1647 3218 1928 3272 conciliari
1950 3219 2055 3272 mi-

483 3306 627 3359 nime
648 3306 801 3366 licet,
820 3303 885 3357 ad
904 3304 1296 3374 discipulorum
1319 3313 1503 3359 autem
1526 3307 1924 3362 institutionem
1941 3323 2053 3364 non

483 3398 697 3463 inutile,
732 3398 843 3452 imo
891 3412 1055 3467 quam
1113 3398 1469 3453 utilissimum
1528 3408 1634 3456 est.
1668 3400 1804 3456 Volo
1851 3417 2050 3458 vocare

480 3486 873 3557 prophetarum
936 3487 1101 3541 verba
1128 3488 1184 3540 in
1234 3487 1419 3557 specie
1475 3486 1571 3542 Dei
1630 3498 1682 3543 et
1733 3491 2052 3561 angelorum

482 3594 608 3633 cum
637 3579 1455 3634 hominibus-conversationem
1499 3580 1807 3635 sensualem
1836 3592 1889 3635 et
1918 3583 2059 3652 vigi-

478 3671 724 3726 lantibus
761 3671 868 3725 illis
903 3679 1283 3740 apparentem.
1331 3670 1465 3737 Qua:
1495 3672 1721 3742 quidem
1773 3671 2054 3728 Abraham

482 3762 848 3833 contigit,fqui
905 3762 1083 3832 primo
1112 3761 1282 3816 Deum
1332 3777 1441 3816 non
1482 3772 1541 3818 ut
1569 3763 1739 3817 Deum
1767 3765 1924 3830 vidit,
1961 3767 2055 3821 sed

484 3864 544 3908 ut
568 3854 843 3909 hominem
878 3852 933 3906 in
971 3852 1269 3921 hoSpitium
1295 3854 1521 3923 recepit.
1574 3853 1641 3908 Et
1690 3855 1946 3911 laudatus
1975 3868 2057 3911 est

484 3946 555 4001 ob
587 3947 956 4001 reverentiam
986 3958 1091 4014 qua
1131 3958 1257 3998 eum
1295 3946 1525 4015 recepit.
1573 3944 1638 3999 Et
1668 3957 1867 4016 prater
1932 3964 2053 4019 per~

493 4039 694 4093 multos
713 4037 847 4091 alios
875 4046 1062 4106 postea
1095 4034 1287 4090 Manoe
1315 4051 1374 4091 se
1403 4036 1679 4106 perditum
1718 4038 1881 4105 dixit,
1910 4040 2054 4110 quod

492 4132 658 4183 Deum
691 4129 939 4182 vidisset.
964 4125 1085 4180 Non
1117 4127 1185 4180 ad
1231 4126 1511 4182 hominem
1556 4138 1801 4198 captum,
1845 4130 2047 4200 inquit,

488 4228 612 4287 apta
638 4228 721 4272 est
751 4220 842 4271 Dei
869 4216 1130 4286 cognitio,
1168 4218 1369 4270 nedum
1398 4226 1614 4284 natura,
1651 4219 1747 4274 sed
1783 4237 1879 4290 per
1906 4239 2054 4277 som-

490 4311 706 4363 niorum
734 4308 1042 4377 aenigmata;
1073 4306 1190 4361 haec
1220 4306 1366 4361 enim
1399 4307 1525 4363 luce
1571 4311 1976 4377 quodammodo
1998 4322 2054 4369 et

490 4403 736 4458 claritate
773 4400 1035 4456 destituta
1054 4407 1159 4465 est,
1192 4398 1396 4469 quippe
1425 4415 1546 4470 quae
1598 4400 1761 4454 aliam
1815 4403 1920 4457 alia
1954 4404 2054 4458 im-

490 4496 747 4567 plicatam
778 4492 978 4548 uebula
1028 4492 1388 4547 obscuritatis
1449 4492 1865 4561 explicationem
1922 4512 2057 4563 prae.

492 4590 638 4644 beat.
664 4584 837 4657 448
875 4584 1041 4656 Cujus
1066 4584 1145 4638 rei
1184 4584 1440 4653 permulti
1470 4583 1562 4638 alii
1595 4593 1760 4640 testes
1809 4597 1938 4641 sunt
1974 4589 2059 4642 in-

495 4677 771 4747 tegri,fsed
794 4677 961 4731 etiam
996 4673 1183 4730 Daniel
1210 4685 1267 4729 et
1294 4673 1519 4744 Joseph,
1545 4675 1749 4744 quibus
1778 4687 2059 4733 nocturnae

491 4771 731 4825 visiones
763 4769 816 4822 in
844 4769 1051 4823 somnis
1074 4783 1263 4823 earum
1296 4783 1480 4822 rerum
1539 4783 1661 4837 quae
1708 4768 1863 4824 facta:
1923 4786 2060 4825 non-

490 4861 620 4913 dum
650 4866 831 4925 erant,
853 4874 1039 4914 veram
1068 4858 1551 4929 precognitionem
1601 4860 1938 4929 praebebant.
1977 4862 2051 4917 De

491 4960 727 5019 utroque
750 4950 969 5019 sapiens
996 4949 1090 5005 ille
1134 4950 1423 5019 theologus
1465 4948 1765 5021 Gregorius
1799 4952 2055 5009 dubitans

489 5044 609 5111 ipse
637 5041 939 5112 quidquam
971 5042 1114 5096 scire
1150 5056 1211 5097 se
1236 5050 1421 5110 negat,
1446 5043 1586 5097 scire
1614 5054 1800 5100 autem
1823 5049 2057 5116 prophe-

493 5146 669 5187 tarqu
694 5135 897 5198 Deum,
931 5135 1049 5189 sive
1079 5135 1367 5203 phantasia
1425 5142 1512 5188 est
1546 5135 1747 5191 diurna
1797 5139 1913 5193 sive
1953 5155 2057 5195 no-

492 5235 686 5279 cturna
715 5239 845 5281 vera
883 5225 1043 5286 visio,
1071 5226 1186 5280 sive
1231 5224 1465 5279 rationis
1515 5226 1726 5297 eﬂigies
1745 5244 2057 5300 praecogno-

493 5317 699 5371 scentis
717 5318 900 5371 futura
927 5325 1185 5386 tanquam
1210 5318 1521 5386 praesentia.
1568 5318 1842 5374 Caeterum
1891 5336 2057 5376 nemo

402 5444 407 5449 -
492 5407 586 5463 Dei
613 5415 862 5463 naturam
888 5407 1026 5462 vidit
1061 5416 1154 5462 aut
1187 5409 1466 5477 professus
1489 5419 1597 5465 est.
1646 5408 1860 5476 Quibus
1889 5411 2056 5482 igitur

492 5499 691 5553 divinae
723 5497 975 5554 Ecclesiae
1027 5514 1354 5555 communes
1408 5501 1693 5556 sententia:
1724 5515 1850 5556 cum
1875 5502 2055 5573 {firma

564 5681 642 5753 (1)
681 5680 777 5745 Ἐκ
800 5677 894 5734 τοῦ
929 5680 1056 5749 περὶ
1083 5678 1361 5746 θεολογίας
1400 5681 1652 5751 δευτέρου
1692 5682 1876 5753 λόγου.

2153 3134 2246 3187 τοῦ
2281 3135 2441 3205 ὅρους
2465 3137 2706 3191 ἐναντίον
2729 3141 2836 3193 τῶν
2861 3142 2992 3196 υἱῶν
3035 3146 3270 3218 Ἰσραήλ.
3300 3166 3321 3199 ι
3353 3151 3463 3204 Καὶ
3497 3152 3731 3207 τοιαῦτα,

2158 3226 2346 3294 μυρία,
2392 3226 2567 3280 ὁπόσα
2619 3231 2815 3282 κτιστὰ
2866 3230 2995 3286 ὄντα
3028 3238 3092 3305 τῇ
3144 3236 3244 3304 μὲν
3292 3238 3536 3308 ἅκτίστῳ
3565 3242 3733 3313 οὐσίᾳ

2153 3317 2245 3369 τοῦ
2280 3319 2416 3370 Θεοῦ
2445 3319 2664 3373 πάντων
2686 3321 2888 3391 ἤκιστά
2910 3326 3058 3378 ἐστιν
3081 3328 3378 3396 ἁρμόττειν
3400 3330 3565 3398 ὅσιον,
3592 3335 3727 3403 πρός

2153 3426 2218 3477 γε
2251 3410 2358 3479 μὴν
2394 3411 2749 3483 παιδευτικὴν
2777 3414 2888 3468 τῶν
2940 3420 3242 3487 χρωμένων
3287 3421 3604 3492 οἰκονομίαν
3657 3427 3722 3478 οὐ

2157 3500 2304 3569 μάλα
2356 3501 2646 3571 ἀχρήστως
2690 3504 2826 3573 ἔχει,
2858 3506 2947 3559 ναὶ
2985 3508 3094 3578 μὴν
3121 3510 3232 3563 οὐδ’
3263 3511 3339 3575 ῶς
3380 3517 3726 3585 πορῤωτάτω

2155 3591 2251 3644 τοῦ
2282 3592 2563 3661 ὠφελίμου
2602 3597 2800 3656 κεῖται.
2834 3597 3035 3652 Καλεῖν
3058 3600 3104 3654 δ’
3134 3598 3287 3670 οἶμαι
3332 3605 3401 3659 τὰ
3432 3606 3589 3674 λόγια
3615 3609 3729 3662 τῶν

2161 3680 2455 3751 προφητῶν
2513 3684 2570 3733 ἐν
2611 3681 2744 3735 εἴδει
2775 3684 2876 3753 μὲν
2927 3687 3146 3755 ὁμιλίαν
3172 3690 3308 3744 Θεοῦ
3342 3694 3435 3746 καὶ
3475 3696 3730 3764 ἀγγέλων

2157 3772 2293 3843 πρὸς
2326 3772 2649 3843 ἀνθρώπους
2675 3774 2774 3845 τὴν
2806 3776 3070 3847 αἰσθητὴν
3103 3782 3196 3835 καὶ
3227 3785 3594 3857 ἐγρηγορόσιν
3623 3788 3720 3840 αὐ-

2155 3866 2268 3926 τοῖς
2302 3862 2654 3936 φαινομένην,
2688 3865 2879 3931 ὁποίας
2907 3868 3000 3920 καὶ
3048 3867 3297 3942 ’Δδραάμ
3331 3874 3560 3939 ἠξίωται
3587 3877 3721 3946 πρό-

2154 3971 2314 4026 τερον
2340 3956 2473 4009 Θεὸν
2521 3958 2619 4026 οὐχ
2663 3958 2738 4021 ὡς
2780 3958 2914 4012 Θεὸν
2954 3959 3098 4027 ίδὼν,
3152 3964 3269 4015 ἀλλ’
3319 3965 3395 4026 ὡς
3429 3967 3725 4039 ἄνθρωπον

2157 4047 2393 4116 θρέψας’
2444 4047 2502 4111 ὃς
2541 4050 2635 4102 καὶ
2686 4048 2950 4121 ἐπῃνέθη,
3003 4050 3156 4121 φησὶ,
3211 4053 3494 4121 σεόασθεὶς
3522 4060 3720 4117 ὁπόσον

2156 4138 2445 4193 κατέλαϐε.
2482 4139 2593 4195 Καὶ
2623 4139 2763 4209 μετὰ
2801 4140 3092 4206 πλείστους
3121 4144 3311 4209 ἄλλους
3347 4145 3576 4217 ὕστερον
3604 4153 3725 4205 Μα-

2156 4230 2295 4284 νωέσ
2328 4230 2504 4294 δςκαι
2531 4230 2865 4285 ἀπολωλέναι
2908 4217 3060 4300 sese,
3088 4234 3225 4288 διότι
3268 4236 3405 4290 Θεὸν
3452 4240 3724 4309 ἑώρακεν,

2157 4321 2233 4384 ὡς
2261 4321 2321 4373 οὐ
2352 4321 2606 4391 χωρητῆς
2651 4320 2961 4393 ἀνθρώποις
2989 4322 3157 4395 οὔσης
3175 4365 3191 4391 ,
3221 4327 3410 4397 φησὶν,
3440 4330 3560 4382 οὐδὲ
3583 4348 3723 4399 φαν-

2160 4414 2353 4476 τασίας
2384 4412 2552 4476 θείας,
2583 4414 2660 4482 μὴ
2691 4413 2770 4466 ὅτι
2805 4414 3042 4481 φύσεως.
3075 4415 3155 4469 Δι’
3188 4418 3530 4488 αίνιγμάτων
3562 4422 3608 4475 6’
3632 4422 3729 4476 οῦν

2153 4503 2252 4573 τὴν
2277 4503 2345 4555 δι’
2391 4503 2718 4573 ὀνειράτων⁸
2768 4505 3028 4575 ἀλαμπὴς
3068 4508 3176 4576 γάρ
3205 4523 3288 4572 τις
3339 4509 3502 4581 αὕτη,
3535 4515 3629 4566 καὶ
3660 4518 3724 4568 οὐ

2158 4594 2298 4648 πάνυ
2324 4611 2374 4647 τι
2396 4594 2663 4663 πρόδηλος
2682 4610 2696 4624 ·
2728 4597 2822 4648 καὶ
2869 4596 2977 4666 γὰρ
3006 4595 3074 4648 δι’
3100 4598 3276 4652 ἄλλων
3311 4602 3445 4655 ἄλλα
3474 4608 3727 4673 συμπλέκ-

2156 4703 2328 4741 κουσα
2357 4687 2452 4738 καὶ
2482 4684 2929 4754 συγκρύπτουσα,
2981 4688 3134 4757 νέφει
3168 4693 3275 4744 τινὶ
3305 4696 3729 4770 καλυπτομένην

2157 4777 2426 4845 ἀσαφείας
2459 4776 2687 4847 παρέχει
2716 4777 2816 4847 τὴν
2843 4777 3095 4848 δήλωσιν.
3126 4773 3226 4834 Ὧν
3246 4784 3341 4837 καὶ
3366 4786 3604 4841 πλεῖστοι
3626 4794 3728 4860 μὲν

2160 4869 2337 4938 ἓτεροι
2366 4870 2606 4941 κήρυκες
2632 4869 2903 4940 ἀψευδεῖς,
2938 4871 3075 4925 ἀλλὰ
3128 4877 3225 4929 καὶ
3248 4877 3446 4948 Δανιὴλ
3476 4880 3569 4932 καὶ
3611 4882 3727 4936 ἰω-

2165 4959 2296 5030 σὴφ,
2333 4955 2414 5023 οἷς
2450 4960 2761 5030 νυκτεριναί
2810 4978 2954 5025 τινες
3002 4962 3160 5032 ὁψεις
3188 4965 3509 5022 καθεύδουσι
3557 4970 3728 5039 μήπω

2165 5053 2464 5120 γεγονότων
2496 5051 2672 5122 ἁληθῆ
2705 5055 2965 5123 παρεῖχον
2996 5055 3096 5123 τὴν
3126 5057 3455 5126 πρόγνωσιν.
3492 5060 3628 5129 Περὶ
3652 5056 3731 5116 ὧν

2160 5142 2487 5212 ἀμφοτέρων
2540 5144 2567 5194 ὁ
2600 5144 2913 5211 σοφώτατος
2946 5144 3169 5215 ἀπορῶν
3220 5147 3481 5216 Θεολόγος
3516 5151 3730 5221 Γρηγὸ-

2161 5251 2277 5307 ριος
2303 5234 2378 5304 (1)
2409 5233 2569 5298 αὐτὸς
2612 5234 2715 5304 μὲν
2760 5236 3014 5304 ὁμολογεί
3043 5238 3119 5310 μὴ
3166 5239 3399 5304 εἰδέναι,
3427 5241 3628 5296 εἰδέναι
3669 5243 3729 5297 δὲ

2158 5324 2250 5377 τὸν
2268 5324 2377 5377 τῶν
2399 5323 2695 5394 προφητῶν
2722 5323 2873 5390 Θεὸν,
2905 5327 3016 5379 εἴτε
3036 5330 3305 5396 φαντασία
3334 5347 3416 5394 τις
3433 5325 3502 5404 ἦν
3528 5333 3729 5404 ἡμερι-

2160 5417 2248 5485 νὴ,
2282 5417 2392 5468 εἶτε
2448 5417 2641 5479 νυκτὸς
2673 5415 2910 5487 ἀψευδὴς
2938 5417 3081 5488 ὁψις,
3115 5423 3222 5475 είτε
3275 5422 3368 5475 τοῦ
3394 5424 3728 5494 ἡγεμονικοῦ

2160 5506 2404 5571 τύπωσις
2436 5508 2805 5580 συγγινομένη
2839 5512 2951 5576 τοῖς
3002 5512 3289 5582 μέλλουσιν
3335 5516 3411 5580 ὡς
3448 5515 3689 5589 παροῦσι
3710 5528 3727 5543 ‘
